  <div class='ocr_page' id='page_1' title='image "/cluster/home/n/w/nwhite01/storage/ocr_20150623/80/mdp.39015007044145/459.png"; bbox 0 0 4038 6214; ppageno 0'>
   <div class='ocr_carea' id='block_1_1' title="bbox 349 357 456 420">
    <p class='ocr_par' dir='ltr' id='par_1_1' title="bbox 349 357 456 420">
     <span class='ocr_line' id='line_1_1' title="bbox 349 357 456 420; baseline -0.019 0"><span class='ocrx_word' id='word_1_1' title='bbox 349 357 456 420; x_wconf 78' lang='lat'><strong>863</strong></span> 
     </span>
    </p>
   </div>
   <div class='ocr_carea' id='block_1_2' title="bbox 1332 351 2626 418">
    <p class='ocr_par' dir='ltr' id='par_1_2' title="bbox 1332 351 2626 418">
     <span class='ocr_line' id='line_1_2' title="bbox 1332 351 2626 418; baseline -0.006 0"><span class='ocrx_word' id='word_1_2' title='bbox 1332 355 1820 418; x_wconf 72' lang='lat' dir='ltr'><strong>TIIEODORETI</strong></span> <span class='ocrx_word' id='word_1_3' title='bbox 1864 354 2205 416; x_wconf 76' lang='lat' dir='ltr'><strong>EPISCOPI</strong></span> <span class='ocrx_word' id='word_1_4' title='bbox 2260 351 2626 414; x_wconf 76' lang='lat' dir='ltr'><strong>CYRENSIS</strong></span> 
     </span>
    </p>
   </div>
   <div class='ocr_carea' id='block_1_3' title="bbox 3508 342 3616 410">
    <p class='ocr_par' dir='ltr' id='par_1_3' title="bbox 3508 342 3616 410">
     <span class='ocr_line' id='line_1_3' title="bbox 3508 342 3616 410; baseline -0.019 0"><span class='ocrx_word' id='word_1_5' title='bbox 3508 342 3616 410; x_wconf 57' lang='grc' dir='ltr'>δτι</span> 
     </span>
    </p>
   </div>
   <div class='ocr_carea' id='block_1_4' title="bbox 352 454 1946 540">
    <p class='ocr_par' dir='ltr' id='par_1_4' title="bbox 352 454 1936 540">
     <span class='ocr_line' id='line_1_4' title="bbox 352 454 1936 540; baseline -0.001 -15"><span class='ocrx_word' id='word_1_6' title='bbox 352 472 521 525; x_wconf 82' lang='lat' dir='ltr'><strong>etiam</strong></span> <span class='ocrx_word' id='word_1_7' title='bbox 555 470 622 526; x_wconf 87' lang='lat' dir='ltr'><strong>de</strong></span> <span class='ocrx_word' id='word_1_8' title='bbox 654 470 745 526; x_wconf 78' lang='lat' dir='ltr'><strong>his</strong></span> <span class='ocrx_word' id='word_1_9' title='bbox 777 486 951 540; x_wconf 82' lang='lat' dir='ltr'><strong>pauca</strong></span> <span class='ocrx_word' id='word_1_10' title='bbox 984 454 1275 528; x_wconf 82' lang='lat' dir='ltr'><strong>disserere.</strong></span> <span class='ocrx_word' id='word_1_11' title='bbox 1330 469 1462 524; x_wconf 78' lang='lat' dir='ltr'><strong>Milii</strong></span> <span class='ocrx_word' id='word_1_12' title='bbox 1495 470 1712 539; x_wconf 85' lang='lat' dir='ltr'><strong>quidem</strong></span> <span class='ocrx_word' id='word_1_13' title='bbox 1765 479 1936 524; x_wconf 81' lang='lat' dir='ltr'><strong>teme-</strong></span> 
     </span>
    </p>
   </div>
   <div class='ocr_carea' id='block_1_5' title="bbox 2046 454 3620 540">
    <p class='ocr_par' dir='ltr' id='par_1_5' title="bbox 2046 457 3620 539">
     <span class='ocr_line' id='line_1_5' title="bbox 2046 457 3620 539; baseline -0.006 -16"><span class='ocrx_word' id='word_1_14' title='bbox 2046 468 2230 523; x_wconf 81' lang='grc' dir='ltr'>τούτου</span> <span class='ocrx_word' id='word_1_15' title='bbox 2303 467 2510 539; x_wconf 87' lang='grc' dir='ltr'>βραχέα</span> <span class='ocrx_word' id='word_1_16' title='bbox 2550 464 2862 532; x_wconf 77' lang='grc' dir='ltr'>διεξελθεῖν.</span> <span class='ocrx_word' id='word_1_17' title='bbox 2937 461 3089 533; x_wconf 71' lang='grc' dir='ltr'>Ἐμοὶ</span> <span class='ocrx_word' id='word_1_18' title='bbox 3142 461 3293 517; x_wconf 84' lang='grc' dir='ltr'>δοκεί</span> <span class='ocrx_word' id='word_1_19' title='bbox 3341 457 3620 532; x_wconf 74' lang='grc' dir='ltr'>τολμηρὸν</span> 
     </span>
    </p>
   </div>
   <div class='ocr_carea' id='block_1_6' title="bbox 354 559 1935 630">
    <p class='ocr_par' dir='ltr' id='par_1_6' title="bbox 354 559 1935 630">
     <span class='ocr_line' id='line_1_6' title="bbox 354 559 1935 630; baseline -0.003 -15"><span class='ocrx_word' id='word_1_20' title='bbox 354 563 492 616; x_wconf 88' lang='lat' dir='ltr'><strong>ritas</strong></span> <span class='ocrx_word' id='word_1_21' title='bbox 523 561 739 615; x_wconf 86' lang='lat' dir='ltr'><strong>videtur</strong></span> <span class='ocrx_word' id='word_1_22' title='bbox 777 561 1049 617; x_wconf 90' lang='lat' dir='ltr'><strong>invertere</strong></span> <span class='ocrx_word' id='word_1_23' title='bbox 1076 559 1481 630; x_wconf 82' lang='lat' dir='ltr'><strong>inscriptiones,</strong></span> <span class='ocrx_word' id='word_1_24' title='bbox 1517 573 1638 628; x_wconf 74' lang='lat' dir='ltr'><strong>qua:</strong></span> <span class='ocrx_word' id='word_1_25' title='bbox 1663 559 1773 627; x_wconf 88' lang='lat' dir='ltr'><strong>jam</strong></span> <span class='ocrx_word' id='word_1_26' title='bbox 1803 559 1935 611; x_wconf 90' lang='lat' dir='ltr'><strong>olim</strong></span> 
     </span>
    </p>
   </div>
   <div class='ocr_carea' id='block_1_7' title="bbox 356 648 1936 723">
    <p class='ocr_par' dir='ltr' id='par_1_7' title="bbox 356 648 1936 723">
     <span class='ocr_line' id='line_1_7' title="bbox 356 648 1936 723; baseline -0.001 -20"><span class='ocrx_word' id='word_1_27' title='bbox 356 648 657 718; x_wconf 72' lang='lat' dir='ltr'><strong>Ptolemaei,</strong></span> <span class='ocrx_word' id='word_1_28' title='bbox 699 652 794 722; x_wconf 87' lang='lat' dir='ltr'><strong>qui</strong></span> <span class='ocrx_word' id='word_1_29' title='bbox 834 663 958 723; x_wconf 89' lang='lat' dir='ltr'><strong>post</strong></span> <span class='ocrx_word' id='word_1_30' title='bbox 992 652 1358 707; x_wconf 79' lang='lat' dir='ltr'><strong>Alexandrum</strong></span> <span class='ocrx_word' id='word_1_31' title='bbox 1388 651 1441 705; x_wconf 91' lang='lat' dir='ltr'><strong>in</strong></span> <span class='ocrx_word' id='word_1_32' title='bbox 1472 649 1709 721; x_wconf 64' lang='lat' dir='ltr'><strong>Aigypto</strong></span> <span class='ocrx_word' id='word_1_33' title='bbox 1742 665 1936 719; x_wconf 81' lang='lat' dir='ltr'><strong>regna-</strong></span> 
     </span>
    </p>
   </div>
   <div class='ocr_carea' id='block_1_8' title="bbox 358 738 1938 811">
    <p class='ocr_par' dir='ltr' id='par_1_8' title="bbox 358 738 1938 811">
     <span class='ocr_line' id='line_1_8' title="bbox 358 738 1938 811; baseline -0.001 -19"><span class='ocrx_word' id='word_1_34' title='bbox 358 742 455 805; x_wconf 94' lang='lat' dir='ltr'><strong>vit,</strong></span> <span class='ocrx_word' id='word_1_35' title='bbox 475 741 813 811; x_wconf 81' lang='lat' dir='ltr'><strong>temporibus</strong></span> <span class='ocrx_word' id='word_1_36' title='bbox 839 741 1390 803; x_wconf 77' lang='lat' dir='ltr'><strong>circumferebantur,</strong></span> <span class='ocrx_word' id='word_1_37' title='bbox 1418 755 1668 807; x_wconf 79' lang='lat' dir='ltr'><strong>quasque</strong></span> <span class='ocrx_word' id='word_1_38' title='bbox 1700 738 1938 810; x_wconf 84' lang='lat' dir='ltr'><strong>Septua-</strong></span> 
     </span>
    </p>
   </div>
   <div class='ocr_carea' id='block_1_9' title="bbox 357 829 1936 901">
    <p class='ocr_par' dir='ltr' id='par_1_9' title="bbox 357 829 1936 901">
     <span class='ocr_line' id='line_1_9' title="bbox 357 829 1936 901; baseline -0.001 -17"><span class='ocrx_word' id='word_1_39' title='bbox 357 831 510 901; x_wconf 74' lang='lat' dir='ltr'><strong>ginta</strong></span> <span class='ocrx_word' id='word_1_40' title='bbox 562 845 755 886; x_wconf 89' lang='lat' dir='ltr'><strong>omnes</strong></span> <span class='ocrx_word' id='word_1_41' title='bbox 804 832 1052 887; x_wconf 82' lang='lat' dir='ltr'><strong>seniores</strong></span> <span class='ocrx_word' id='word_1_42' title='bbox 1102 831 1157 884; x_wconf 92' lang='lat' dir='ltr'><strong>in</strong></span> <span class='ocrx_word' id='word_1_43' title='bbox 1211 829 1453 884; x_wconf 75' lang='lat' dir='ltr'><strong>Gnecam</strong></span> <span class='ocrx_word' id='word_1_44' title='bbox 1499 829 1665 900; x_wconf 78' lang='lat'><strong>606</strong></span> <span class='ocrx_word' id='word_1_45' title='bbox 1697 829 1936 899; x_wconf 80' lang='lat' dir='ltr'><strong>linguam</strong></span> 
     </span>
    </p>
   </div>
   <div class='ocr_carea' id='block_1_10' title="bbox 360 922 1941 993">
    <p class='ocr_par' dir='ltr' id='par_1_10' title="bbox 360 922 1941 993">
     <span class='ocr_line' id='line_1_10' title="bbox 360 922 1941 993; baseline -0.001 -17"><span class='ocrx_word' id='word_1_46' title='bbox 360 924 713 988; x_wconf 70' lang='lat' dir='ltr'><strong>transtulere,</strong></span> <span class='ocrx_word' id='word_1_47' title='bbox 743 923 889 978; x_wconf 80' lang='lat' dir='ltr'><strong>sicut</strong></span> <span class='ocrx_word' id='word_1_48' title='bbox 917 924 1180 993; x_wconf 83' lang='lat' dir='ltr'><strong>reliquam</strong></span> <span class='ocrx_word' id='word_1_49' title='bbox 1201 936 1421 976; x_wconf 92' lang='lat' dir='ltr'><strong>omnem</strong></span> <span class='ocrx_word' id='word_1_50' title='bbox 1450 936 1664 977; x_wconf 84' lang='lat' dir='ltr'><strong>sacram</strong></span> <span class='ocrx_word' id='word_1_51' title='bbox 1695 922 1941 991; x_wconf 87' lang='lat' dir='ltr'><strong>Scriptu-</strong></span> 
     </span>
    </p>
   </div>
   <div class='ocr_carea' id='block_1_11' title="bbox 360 1012 1941 1083">
    <p class='ocr_par' dir='ltr' id='par_1_11' title="bbox 360 1012 1941 1083">
     <span class='ocr_line' id='line_1_11' title="bbox 360 1012 1941 1083; baseline 0.001 -16"><span class='ocrx_word' id='word_1_52' title='bbox 360 1030 499 1068; x_wconf 84' lang='lat' dir='ltr'><strong>ram.</strong></span> <span class='ocrx_word' id='word_1_53' title='bbox 530 1014 703 1069; x_wconf 83' lang='lat' dir='ltr'><strong>Annis</strong></span> <span class='ocrx_word' id='word_1_54' title='bbox 732 1025 912 1070; x_wconf 85' lang='lat' dir='ltr'><strong>autem</strong></span> <span class='ocrx_word' id='word_1_55' title='bbox 936 1023 1062 1070; x_wconf 87' lang='lat' dir='ltr'><strong>ante</strong></span> <span class='ocrx_word' id='word_1_56' title='bbox 1083 1012 1590 1083; x_wconf 82' lang='lat' dir='ltr'><strong>interpretationem</strong></span> <span class='ocrx_word' id='word_1_57' title='bbox 1625 1013 1786 1069; x_wconf 89' lang='lat' dir='ltr'><strong>istam</strong></span> <span class='ocrx_word' id='word_1_58' title='bbox 1811 1028 1941 1070; x_wconf 86' lang='lat' dir='ltr'><strong>cen-</strong></span> 
     </span>
    </p>
   </div>
   <div class='ocr_carea' id='block_1_12' title="bbox 367 1103 1939 1175">
    <p class='ocr_par' dir='ltr' id='par_1_12' title="bbox 367 1103 1939 1175">
     <span class='ocr_line' id='line_1_12' title="bbox 367 1103 1939 1175; baseline -0.001 -16"><span class='ocrx_word' id='word_1_59' title='bbox 367 1116 484 1159; x_wconf 91' lang='lat' dir='ltr'><strong>tum</strong></span> <span class='ocrx_word' id='word_1_60' title='bbox 510 1105 998 1175; x_wconf 84' lang='lat' dir='ltr'><strong>etquinquaginta,</strong></span> <span class='ocrx_word' id='word_1_61' title='bbox 1032 1105 1300 1160; x_wconf 84' lang='lat' dir='ltr'><strong>mirabilis</strong></span> <span class='ocrx_word' id='word_1_62' title='bbox 1321 1103 1523 1161; x_wconf 84' lang='lat' dir='ltr'><strong>Esdras</strong></span> <span class='ocrx_word' id='word_1_63' title='bbox 1542 1106 1784 1160; x_wconf 76' lang='lat' dir='ltr'><strong>coelestis</strong></span> <span class='ocrx_word' id='word_1_64' title='bbox 1811 1122 1939 1175; x_wconf 81' lang='lat' dir='ltr'><strong>gra-</strong></span> 
     </span>
    </p>
   </div>
   <div class='ocr_carea' id='block_1_13' title="bbox 361 1197 1939 1268">
    <p class='ocr_par' dir='ltr' id='par_1_13' title="bbox 361 1197 1939 1268">
     <span class='ocr_line' id='line_1_13' title="bbox 361 1197 1939 1268; baseline -0.001 -16"><span class='ocrx_word' id='word_1_65' title='bbox 361 1199 456 1253; x_wconf 72' lang='lat' dir='ltr'><strong>tiae</strong></span> <span class='ocrx_word' id='word_1_66' title='bbox 484 1198 698 1267; x_wconf 90' lang='lat' dir='ltr'><strong>plenus,</strong></span> <span class='ocrx_word' id='word_1_67' title='bbox 732 1213 920 1253; x_wconf 87' lang='lat' dir='ltr'><strong>sacros</strong></span> <span class='ocrx_word' id='word_1_68' title='bbox 950 1197 1120 1253; x_wconf 87' lang='lat' dir='ltr'><strong>libros</strong></span> <span class='ocrx_word' id='word_1_69' title='bbox 1157 1197 1471 1268; x_wconf 83' lang='lat' dir='ltr'><strong>descripsit,</strong></span> <span class='ocrx_word' id='word_1_70' title='bbox 1502 1198 1592 1267; x_wconf 90' lang='lat' dir='ltr'><strong>qui</strong></span> <span class='ocrx_word' id='word_1_71' title='bbox 1624 1198 1817 1267; x_wconf 85' lang='lat' dir='ltr'><strong>partim</strong></span> <span class='ocrx_word' id='word_1_72' title='bbox 1845 1212 1939 1267; x_wconf 89' lang='lat' dir='ltr'><strong>per</strong></span> 
     </span>
    </p>
   </div>
   <div class='ocr_carea' id='block_1_14' title="bbox 359 1288 1937 1359">
    <p class='ocr_par' dir='ltr' id='par_1_14' title="bbox 359 1288 1937 1359">
     <span class='ocr_line' id='line_1_14' title="bbox 359 1288 1937 1359; baseline 0.001 -17"><span class='ocrx_word' id='word_1_73' title='bbox 359 1289 670 1344; x_wconf 63' lang='lat' dir='ltr'><strong>luela-orum</strong></span> <span class='ocrx_word' id='word_1_74' title='bbox 704 1289 997 1354; x_wconf 90' lang='lat' dir='ltr'><strong>incuriam,</strong></span> <span class='ocrx_word' id='word_1_75' title='bbox 1050 1289 1247 1359; x_wconf 87' lang='lat' dir='ltr'><strong>partim</strong></span> <span class='ocrx_word' id='word_1_76' title='bbox 1301 1304 1437 1344; x_wconf 86' lang='lat' dir='ltr'><strong>vero</strong></span> <span class='ocrx_word' id='word_1_77' title='bbox 1463 1304 1558 1359; x_wconf 85' lang='lat' dir='ltr'><strong>per</strong></span> <span class='ocrx_word' id='word_1_78' title='bbox 1605 1288 1937 1359; x_wconf 83' lang='lat' dir='ltr'><strong>impietatem</strong></span> 
     </span>
    </p>
   </div>
   <div class='ocr_carea' id='block_1_15' title="bbox 361 1378 1942 1453">
    <p class='ocr_par' dir='ltr' id='par_1_15' title="bbox 361 1378 1942 1453">
     <span class='ocr_line' id='line_1_15' title="bbox 361 1378 1942 1453; baseline 0.001 -18"><span class='ocrx_word' id='word_1_79' title='bbox 361 1378 812 1453; x_wconf 84' lang='lat' dir='ltr'><strong>Babyloniorum,</strong></span> <span class='ocrx_word' id='word_1_80' title='bbox 856 1380 1063 1435; x_wconf 91' lang='lat' dir='ltr'><strong>dudum</strong></span> <span class='ocrx_word' id='word_1_81' title='bbox 1102 1380 1319 1437; x_wconf 84' lang='lat' dir='ltr'><strong>inerant</strong></span> <span class='ocrx_word' id='word_1_82' title='bbox 1356 1382 1657 1451; x_wconf 85' lang='lat' dir='ltr'><strong>depravati.</strong></span> <span class='ocrx_word' id='word_1_83' title='bbox 1702 1381 1859 1447; x_wconf 82' lang='lat' dir='ltr'><strong>Quod</strong></span> <span class='ocrx_word' id='word_1_84' title='bbox 1893 1381 1942 1436; x_wconf 89' lang='lat' dir='ltr'><strong>si</strong></span> 
     </span>
    </p>
   </div>
   <div class='ocr_carea' id='block_1_16' title="bbox 358 1473 1941 1543">
    <p class='ocr_par' dir='ltr' id='par_1_16' title="bbox 358 1473 1941 1543">
     <span class='ocr_line' id='line_1_16' title="bbox 358 1473 1941 1543; baseline 0.001 -17"><span class='ocrx_word' id='word_1_85' title='bbox 358 1482 414 1526; x_wconf 89' lang='lat' dir='ltr'><strong>et</strong></span> <span class='ocrx_word' id='word_1_86' title='bbox 440 1473 528 1528; x_wconf 86' lang='lat' dir='ltr'><strong>hic</strong></span> <span class='ocrx_word' id='word_1_87' title='bbox 570 1488 601 1528; x_wconf 88' lang='lat' dir='ltr'><strong>a</strong></span> <span class='ocrx_word' id='word_1_88' title='bbox 632 1473 838 1543; x_wconf 84' lang='lat' dir='ltr'><strong>Spiritu</strong></span> <span class='ocrx_word' id='word_1_89' title='bbox 884 1482 1075 1529; x_wconf 89' lang='lat' dir='ltr'><strong>sancto</strong></span> <span class='ocrx_word' id='word_1_90' title='bbox 1112 1473 1327 1531; x_wconf 84' lang='lat' dir='ltr'><strong>aiilatus</strong></span> <span class='ocrx_word' id='word_1_91' title='bbox 1368 1475 1563 1529; x_wconf 89' lang='lat' dir='ltr'><strong>horum</strong></span> <span class='ocrx_word' id='word_1_92' title='bbox 1598 1474 1941 1529; x_wconf 87' lang='lat' dir='ltr'><strong>voluminum</strong></span> 
     </span>
    </p>
   </div>
   <div class='ocr_carea' id='block_1_17' title="bbox 359 1565 1939 1630">
    <p class='ocr_par' dir='ltr' id='par_1_17' title="bbox 359 1565 1939 1630">
     <span class='ocr_line' id='line_1_17' title="bbox 359 1565 1939 1630; baseline 0.001 -11"><span class='ocrx_word' id='word_1_93' title='bbox 359 1565 676 1620; x_wconf 79' lang='lat' dir='ltr'><strong>memoriam</strong></span> <span class='ocrx_word' id='word_1_94' title='bbox 702 1567 1005 1630; x_wconf 79' lang='lat' dir='ltr'><strong>renovavit,</strong></span> <span class='ocrx_word' id='word_1_95' title='bbox 1035 1575 1090 1622; x_wconf 90' lang='lat' dir='ltr'><strong>et</strong></span> <span class='ocrx_word' id='word_1_96' title='bbox 1117 1567 1194 1622; x_wconf 87' lang='lat' dir='ltr'><strong>illi</strong></span> <span class='ocrx_word' id='word_1_97' title='bbox 1225 1583 1333 1623; x_wconf 92' lang='lat' dir='ltr'><strong>non</strong></span> <span class='ocrx_word' id='word_1_98' title='bbox 1367 1568 1485 1623; x_wconf 91' lang='lat' dir='ltr'><strong>sine</strong></span> <span class='ocrx_word' id='word_1_99' title='bbox 1514 1567 1703 1623; x_wconf 86' lang='lat' dir='ltr'><strong>divino</strong></span> <span class='ocrx_word' id='word_1_100' title='bbox 1758 1566 1939 1621; x_wconf 84' lang='lat' dir='ltr'><strong>atllatn</strong></span> 
     </span>
    </p>
   </div>
   <div class='ocr_carea' id='block_1_18' title="bbox 358 1656 1939 1716">
    <p class='ocr_par' dir='ltr' id='par_1_18' title="bbox 358 1656 1939 1716">
     <span class='ocr_line' id='line_1_18' title="bbox 358 1656 1939 1716; baseline 0.003 -5"><span class='ocrx_word' id='word_1_101' title='bbox 358 1657 546 1712; x_wconf 89' lang='lat' dir='ltr'><strong>eadem</strong></span> <span class='ocrx_word' id='word_1_102' title='bbox 585 1658 638 1712; x_wconf 91' lang='lat' dir='ltr'><strong>in</strong></span> <span class='ocrx_word' id='word_1_103' title='bbox 674 1656 923 1714; x_wconf 72' lang='lat' dir='ltr'><strong>Grmcum</strong></span> <span class='ocrx_word' id='word_1_104' title='bbox 956 1673 1267 1714; x_wconf 88' lang='lat' dir='ltr'><strong>sermonem</strong></span> <span class='ocrx_word' id='word_1_105' title='bbox 1297 1660 1670 1716; x_wconf 91' lang='lat' dir='ltr'><strong>consensione</strong></span> <span class='ocrx_word' id='word_1_106' title='bbox 1700 1659 1939 1715; x_wconf 84' lang='lat' dir='ltr'><strong>maxima</strong></span> 
     </span>
    </p>
   </div>
   <div class='ocr_carea' id='block_1_19' title="bbox 361 1752 1941 1823">
    <p class='ocr_par' dir='ltr' id='par_1_19' title="bbox 361 1752 1941 1823">
     <span class='ocr_line' id='line_1_19' title="bbox 361 1752 1941 1823; baseline 0.001 -19"><span class='ocrx_word' id='word_1_107' title='bbox 361 1759 773 1816; x_wconf 87' lang='lat' dir='ltr'><strong>converterunt,</strong></span> <span class='ocrx_word' id='word_1_108' title='bbox 851 1759 1018 1819; x_wconf 88' lang='lat' dir='ltr'><strong>atque</strong></span> <span class='ocrx_word' id='word_1_109' title='bbox 1067 1752 1210 1807; x_wconf 91' lang='lat' dir='ltr'><strong>inter</strong></span> <span class='ocrx_word' id='word_1_110' title='bbox 1250 1761 1444 1807; x_wconf 75' lang='lat' dir='ltr'><strong>caetera</strong></span> <span class='ocrx_word' id='word_1_111' title='bbox 1490 1752 1672 1808; x_wconf 88' lang='lat' dir='ltr'><strong>divina</strong></span> <span class='ocrx_word' id='word_1_112' title='bbox 1735 1752 1941 1823; x_wconf 91' lang='lat' dir='ltr'><strong>scripta</strong></span> 
     </span>
    </p>
   </div>
   <div class='ocr_carea' id='block_1_20' title="bbox 2038 552 3623 627">
    <p class='ocr_par' dir='ltr' id='par_1_20' title="bbox 2038 552 3623 627">
     <span class='ocr_line' id='line_1_20' title="bbox 2038 552 3623 627; baseline -0.004 -13"><span class='ocrx_word' id='word_1_113' title='bbox 2038 555 2178 614; x_wconf 78' lang='grc' dir='ltr'>εἶναι</span> <span class='ocrx_word' id='word_1_114' title='bbox 2219 560 2318 623; x_wconf 75' lang='grc' dir='ltr'>τὰς</span> <span class='ocrx_word' id='word_1_115' title='bbox 2352 559 2615 612; x_wconf 81' lang='grc' dir='ltr'>ἀνέκαθεν</span> <span class='ocrx_word' id='word_1_116' title='bbox 2656 555 3042 627; x_wconf 75' lang='grc' dir='ltr'>ἐμφερομένας</span> <span class='ocrx_word' id='word_1_117' title='bbox 3087 556 3181 608; x_wconf 77' lang='grc' dir='ltr'>ἐπὶ</span> <span class='ocrx_word' id='word_1_118' title='bbox 3234 552 3575 623; x_wconf 85' lang='grc' dir='ltr'>Πτολεμαίου</span> <span class='ocrx_word' id='word_1_119' title='bbox 3602 592 3623 617; x_wconf 84' lang='lat'><strong>,</strong></span> 
     </span>
    </p>
   </div>
   <div class='ocr_carea' id='block_1_21' title="bbox 2037 642 3626 720">
    <p class='ocr_par' dir='ltr' id='par_1_21' title="bbox 2037 642 3626 720">
     <span class='ocr_line' id='line_1_21' title="bbox 2037 642 3626 720; baseline -0.004 -17"><span class='ocrx_word' id='word_1_120' title='bbox 2037 649 2131 703; x_wconf 80' lang='grc' dir='ltr'>τοῦ</span> <span class='ocrx_word' id='word_1_121' title='bbox 2160 649 2256 720; x_wconf 80' lang='grc' dir='ltr'>τῆς</span> <span class='ocrx_word' id='word_1_122' title='bbox 2293 650 2574 716; x_wconf 81' lang='grc' dir='ltr'><strong>Αἰγύπτου</strong></span> <span class='ocrx_word' id='word_1_123' title='bbox 2631 647 2773 717; x_wconf 86' lang='grc' dir='ltr'>μετά</span> <span class='ocrx_word' id='word_1_124' title='bbox 2826 645 2917 699; x_wconf 85' lang='grc' dir='ltr'><strong>τὸν</strong></span> <span class='ocrx_word' id='word_1_125' title='bbox 2966 645 3317 715; x_wconf 77' lang='grc' dir='ltr'>Ἀλέξανδρον</span> <span class='ocrx_word' id='word_1_126' title='bbox 3369 642 3626 713; x_wconf 85' lang='grc' dir='ltr'>βασιλεύ-</span> 
     </span>
    </p>
   </div>
   <div class='ocr_carea' id='block_1_22' title="bbox 2040 735 3626 811">
    <p class='ocr_par' dir='ltr' id='par_1_22' title="bbox 2040 735 3626 811">
     <span class='ocr_line' id='line_1_22' title="bbox 2040 735 3626 811; baseline -0.003 -17"><span class='ocrx_word' id='word_1_127' title='bbox 2040 759 2256 807; x_wconf 84' lang='grc' dir='ltr'>σαντος,</span> <span class='ocrx_word' id='word_1_128' title='bbox 2317 740 2646 811; x_wconf 77' lang='grc' dir='ltr'><strong>ἀνατρέπειν</strong></span> <span class='ocrx_word' id='word_1_129' title='bbox 2684 737 3020 810; x_wconf 76' lang='grc' dir='ltr'>ἐπιγραφὰς,</span> <span class='ocrx_word' id='word_1_130' title='bbox 3052 737 3119 801; x_wconf 76' lang='grc' dir='ltr'>ἃς</span> <span class='ocrx_word' id='word_1_131' title='bbox 3162 738 3214 791; x_wconf 91' lang='grc' dir='ltr'><strong>οί</strong></span> <span class='ocrx_word' id='word_1_132' title='bbox 3246 735 3626 807; x_wconf 76' lang='grc' dir='ltr'>ἐϐδομήκοντα</span> 
     </span>
    </p>
   </div>
   <div class='ocr_carea' id='block_1_23' title="bbox 2040 827 3625 903">
    <p class='ocr_par' dir='ltr' id='par_1_23' title="bbox 2040 827 3625 903">
     <span class='ocr_line' id='line_1_23' title="bbox 2040 827 3625 903; baseline -0.003 -17"><span class='ocrx_word' id='word_1_133' title='bbox 2040 834 2241 896; x_wconf 75' lang='grc' dir='ltr'>πάντες</span> <span class='ocrx_word' id='word_1_134' title='bbox 2278 832 2641 903; x_wconf 82' lang='grc' dir='ltr'>πρεσϐύτεροι</span> <span class='ocrx_word' id='word_1_135' title='bbox 2672 833 2718 864; x_wconf 80' lang='grc'><strong>²⁹</strong></span> <span class='ocrx_word' id='word_1_136' title='bbox 2766 830 3067 902; x_wconf 82' lang='grc' dir='ltr'><strong>μετέθεσαν</strong></span> <span class='ocrx_word' id='word_1_137' title='bbox 3114 829 3196 893; x_wconf 86' lang='grc' dir='ltr'><strong>είς</strong></span> <span class='ocrx_word' id='word_1_138' title='bbox 3234 827 3335 899; x_wconf 80' lang='grc' dir='ltr'>τὴν</span> <span class='ocrx_word' id='word_1_139' title='bbox 3390 827 3625 881; x_wconf 81' lang='grc' dir='ltr'>Ἐλλάδα</span> 
     </span>
    </p>
   </div>
   <div class='ocr_carea' id='block_1_24' title="bbox 2040 919 3623 994">
    <p class='ocr_par' dir='ltr' id='par_1_24' title="bbox 2040 919 3623 994">
     <span class='ocr_line' id='line_1_24' title="bbox 2040 919 3623 994; baseline -0.001 -18"><span class='ocrx_word' id='word_1_140' title='bbox 2040 923 2247 994; x_wconf 78' lang='grc' dir='ltr'>φωνὴν,</span> <span class='ocrx_word' id='word_1_141' title='bbox 2296 923 2373 986; x_wconf 86' lang='grc' dir='ltr'>ὡς</span> <span class='ocrx_word' id='word_1_142' title='bbox 2416 923 2513 977; x_wconf 83' lang='grc' dir='ltr'><strong>καὶ</strong></span> <span class='ocrx_word' id='word_1_143' title='bbox 2555 922 2655 992; x_wconf 81' lang='grc' dir='ltr'><strong>τὴν</strong></span> <span class='ocrx_word' id='word_1_144' title='bbox 2688 922 2857 991; x_wconf 82' lang='grc' dir='ltr'>ἄλλην</span> <span class='ocrx_word' id='word_1_145' title='bbox 2916 921 3138 976; x_wconf 75' lang='grc' dir='ltr'>ἃπασαν</span> <span class='ocrx_word' id='word_1_146' title='bbox 3184 919 3334 973; x_wconf 82' lang='grc' dir='ltr'><strong>θείαν</strong></span> <span class='ocrx_word' id='word_1_147' title='bbox 3372 919 3623 990; x_wconf 76' lang='grc' dir='ltr'>Γραφήν.</span> 
     </span>
    </p>
   </div>
   <div class='ocr_carea' id='block_1_25' title="bbox 2040 1014 3626 1089">
    <p class='ocr_par' dir='ltr' id='par_1_25' title="bbox 2040 1014 3626 1089">
     <span class='ocr_line' id='line_1_25' title="bbox 2040 1014 3626 1089; baseline -0.004 -16"><span class='ocrx_word' id='word_1_148' title='bbox 2040 1019 2154 1089; x_wconf 81' lang='grc' dir='ltr'><strong>Πρὸ</strong></span> <span class='ocrx_word' id='word_1_149' title='bbox 2183 1019 2521 1089; x_wconf 83' lang='grc' dir='ltr'>πεντήκοντα</span> <span class='ocrx_word' id='word_1_150' title='bbox 2558 1017 2616 1071; x_wconf 84' lang='grc' dir='ltr'>δὲ</span> <span class='ocrx_word' id='word_1_151' title='bbox 2652 1020 2745 1071; x_wconf 76' lang='grc' dir='ltr'><strong>καὶ</strong></span> <span class='ocrx_word' id='word_1_152' title='bbox 2765 1016 2960 1071; x_wconf 81' lang='grc' dir='ltr'>ἑκατὸν</span> <span class='ocrx_word' id='word_1_153' title='bbox 2988 1018 3086 1087; x_wconf 82' lang='grc' dir='ltr'>τῆς</span> <span class='ocrx_word' id='word_1_154' title='bbox 3113 1014 3415 1087; x_wconf 79' lang='grc' dir='ltr'><strong>ἑρμηνείας</strong></span> <span class='ocrx_word' id='word_1_155' title='bbox 3437 1017 3626 1068; x_wconf 76' lang='grc' dir='ltr'>ἐνιαυ-</span> 
     </span>
    </p>
   </div>
   <div class='ocr_carea' id='block_1_26' title="bbox 2039 1106 3623 1181">
    <p class='ocr_par' dir='ltr' id='par_1_26' title="bbox 2039 1106 3623 1181">
     <span class='ocr_line' id='line_1_26' title="bbox 2039 1106 3623 1181; baseline -0.004 -18"><span class='ocrx_word' id='word_1_156' title='bbox 2039 1109 2147 1163; x_wconf 81' lang='grc' dir='ltr'>τῶν</span> <span class='ocrx_word' id='word_1_157' title='bbox 2187 1110 2275 1175; x_wconf 78' lang='lat'><strong>”‘,</strong></span> <span class='ocrx_word' id='word_1_158' title='bbox 2344 1109 2499 1174; x_wconf 84' lang='grc' dir='ltr'><strong>θείας</strong></span> <span class='ocrx_word' id='word_1_159' title='bbox 2546 1108 2921 1181; x_wconf 76' lang='grc' dir='ltr'><strong>ἀναπλησθεὶς</strong></span> <span class='ocrx_word' id='word_1_160' title='bbox 2975 1109 3198 1178; x_wconf 86' lang='grc' dir='ltr'>χάριτος</span> <span class='ocrx_word' id='word_1_161' title='bbox 3245 1108 3274 1160; x_wconf 84' lang='grc' dir='ltr'>ὁ</span> <span class='ocrx_word' id='word_1_162' title='bbox 3318 1106 3623 1174; x_wconf 72' lang='grc' dir='ltr'><strong>θαυμάσεις</strong></span> 
     </span>
    </p>
   </div>
   <div class='ocr_carea' id='block_1_27' title="bbox 2047 1195 3623 1273">
    <p class='ocr_par' dir='ltr' id='par_1_27' title="bbox 2047 1195 3623 1273">
     <span class='ocr_line' id='line_1_27' title="bbox 2047 1195 3623 1273; baseline -0.003 -18"><span class='ocrx_word' id='word_1_163' title='bbox 2047 1202 2284 1271; x_wconf 85' lang='grc' dir='ltr'>Ἔσδρας</span> <span class='ocrx_word' id='word_1_164' title='bbox 2320 1200 2421 1265; x_wconf 83' lang='grc' dir='ltr'>τὰς</span> <span class='ocrx_word' id='word_1_165' title='bbox 2452 1201 2603 1273; x_wconf 74' lang='grc' dir='ltr'>ἱερὰς</span> <span class='ocrx_word' id='word_1_166' title='bbox 2654 1200 2930 1272; x_wconf 75' lang='grc' dir='ltr'><strong>ἀνέγραψε</strong></span> <span class='ocrx_word' id='word_1_167' title='bbox 2958 1198 3194 1269; x_wconf 87' lang='grc' dir='ltr'>βίϐλους,</span> <span class='ocrx_word' id='word_1_168' title='bbox 3242 1195 3349 1251; x_wconf 75' lang='grc' dir='ltr'>ὑπὸ</span> <span class='ocrx_word' id='word_1_169' title='bbox 3388 1197 3486 1268; x_wconf 83' lang='grc' dir='ltr'>τῆς</span> <span class='ocrx_word' id='word_1_170' title='bbox 3511 1195 3623 1251; x_wconf 80' lang='grc' dir='ltr'><strong>τῶν</strong></span> 
     </span>
    </p>
   </div>
   <div class='ocr_carea' id='block_1_28' title="bbox 2053 1285 3626 1363">
    <p class='ocr_par' dir='ltr' id='par_1_28' title="bbox 2053 1285 3626 1363">
     <span class='ocr_line' id='line_1_28' title="bbox 2053 1285 3626 1363; baseline -0.006 -16"><span class='ocrx_word' id='word_1_171' title='bbox 2053 1294 2324 1347; x_wconf 86' lang='grc' dir='ltr'>Ἰουδαίων</span> <span class='ocrx_word' id='word_1_172' title='bbox 2353 1293 2634 1363; x_wconf 80' lang='grc' dir='ltr'>ἀμελείας,</span> <span class='ocrx_word' id='word_1_173' title='bbox 2681 1293 2776 1345; x_wconf 76' lang='grc' dir='ltr'>καὶ</span> <span class='ocrx_word' id='word_1_174' title='bbox 2809 1292 2908 1362; x_wconf 83' lang='grc' dir='ltr'>τῆς</span> <span class='ocrx_word' id='word_1_175' title='bbox 2938 1290 3045 1344; x_wconf 89' lang='grc' dir='ltr'>τῶν</span> <span class='ocrx_word' id='word_1_176' title='bbox 3076 1288 3438 1343; x_wconf 84' lang='grc' dir='ltr'>Βαϐυλωνίων</span> <span class='ocrx_word' id='word_1_177' title='bbox 3496 1285 3626 1339; x_wconf 85' lang='grc' dir='ltr'>δυσ-</span> 
     </span>
    </p>
   </div>
   <div class='ocr_carea' id='block_1_29' title="bbox 2044 1378 3623 1456">
    <p class='ocr_par' dir='ltr' id='par_1_29' title="bbox 2044 1378 3623 1456">
     <span class='ocr_line' id='line_1_29' title="bbox 2044 1378 3623 1456; baseline -0.006 -16"><span class='ocrx_word' id='word_1_178' title='bbox 2044 1386 2281 1453; x_wconf 85' lang='grc' dir='ltr'>σεϐείας,</span> <span class='ocrx_word' id='word_1_179' title='bbox 2341 1386 2512 1439; x_wconf 91' lang='grc' dir='ltr'>πάλαι</span> <span class='ocrx_word' id='word_1_180' title='bbox 2558 1384 2971 1456; x_wconf 89' lang='grc' dir='ltr'>διαφθαρείσας.</span> <span class='ocrx_word' id='word_1_181' title='bbox 3025 1383 3089 1436; x_wconf 80' lang='lat' dir='ltr'><strong>Ei</strong></span> <span class='ocrx_word' id='word_1_182' title='bbox 3128 1382 3184 1436; x_wconf 82' lang='grc' dir='ltr'>δὲ</span> <span class='ocrx_word' id='word_1_183' title='bbox 3212 1382 3467 1444; x_wconf 83' lang='grc' dir='ltr'>κάκεῖνος</span> <span class='ocrx_word' id='word_1_184' title='bbox 3517 1378 3623 1432; x_wconf 77' lang='grc' dir='ltr'>ὑπὸ</span> 
     </span>
    </p>
   </div>
   <div class='ocr_carea' id='block_1_30' title="bbox 2043 1469 3622 1547">
    <p class='ocr_par' dir='ltr' id='par_1_30' title="bbox 2043 1469 3622 1547">
     <span class='ocr_line' id='line_1_30' title="bbox 2043 1469 3622 1547; baseline -0.006 -16"><span class='ocrx_word' id='word_1_185' title='bbox 2043 1477 2138 1532; x_wconf 85' lang='grc' dir='ltr'>τοῦ</span> <span class='ocrx_word' id='word_1_186' title='bbox 2168 1476 2438 1547; x_wconf 87' lang='grc' dir='ltr'>παναγίου</span> <span class='ocrx_word' id='word_1_187' title='bbox 2466 1476 2513 1509; x_wconf 79' lang='grc'><strong><em>³⁸</em></strong></span> <span class='ocrx_word' id='word_1_188' title='bbox 2557 1476 2876 1546; x_wconf 86' lang='grc' dir='ltr'>Πνεύματος</span> <span class='ocrx_word' id='word_1_189' title='bbox 2906 1473 3006 1546; x_wconf 80' lang='grc' dir='ltr'><strong>τὴν</strong></span> <span class='ocrx_word' id='word_1_190' title='bbox 3044 1473 3251 1528; x_wconf 89' lang='grc' dir='ltr'>τούτων</span> <span class='ocrx_word' id='word_1_191' title='bbox 3282 1469 3622 1527; x_wconf 80' lang='grc' dir='ltr'>ἀνενεώσατο</span> 
     </span>
    </p>
   </div>
   <div class='ocr_carea' id='block_1_31' title="bbox 2048 1561 3621 1643">
    <p class='ocr_par' dir='ltr' id='par_1_31' title="bbox 2048 1561 3621 1643">
     <span class='ocr_line' id='line_1_31' title="bbox 2048 1561 3621 1643; baseline -0.004 -20"><span class='ocrx_word' id='word_1_192' title='bbox 2048 1569 2295 1643; x_wconf 78' lang='grc' dir='ltr'><strong>μνήμην,</strong></span> <span class='ocrx_word' id='word_1_193' title='bbox 2352 1570 2449 1623; x_wconf 72' lang='grc' dir='ltr'><strong>καὶ</strong></span> <span class='ocrx_word' id='word_1_194' title='bbox 2478 1561 2649 1633; x_wconf 75' lang='grc' dir='ltr'>οὗτοι,</span> <span class='ocrx_word' id='word_1_195' title='bbox 2704 1566 2780 1638; x_wconf 84' lang='grc' dir='ltr'><strong>μὴ</strong></span> <span class='ocrx_word' id='word_1_196' title='bbox 2818 1567 2943 1637; x_wconf 89' lang='grc' dir='ltr'>δίχα</span> <span class='ocrx_word' id='word_1_197' title='bbox 2971 1566 3072 1635; x_wconf 80' lang='grc' dir='ltr'><strong>τῆς</strong></span> <span class='ocrx_word' id='word_1_198' title='bbox 3107 1564 3259 1628; x_wconf 88' lang='grc' dir='ltr'>θείας</span> <span class='ocrx_word' id='word_1_199' title='bbox 3311 1562 3621 1626; x_wconf 80' lang='grc' dir='ltr'>ἐπιπνοίας.</span> 
     </span>
    </p>
   </div>
   <div class='ocr_carea' id='block_1_32' title="bbox 2049 1654 3621 1733">
    <p class='ocr_par' dir='ltr' id='par_1_32' title="bbox 2049 1654 3621 1733">
     <span class='ocr_line' id='line_1_32' title="bbox 2049 1654 3621 1733; baseline -0.005 -19"><span class='ocrx_word' id='word_1_200' title='bbox 2049 1661 2190 1733; x_wconf 81' lang='grc' dir='ltr'>μετὰ</span> <span class='ocrx_word' id='word_1_201' title='bbox 2249 1659 2454 1730; x_wconf 85' lang='grc' dir='ltr'>πολλῆς</span> <span class='ocrx_word' id='word_1_202' title='bbox 2513 1660 2835 1729; x_wconf 75' lang='grc' dir='ltr'><strong>συμφωνίας</strong></span> <span class='ocrx_word' id='word_1_203' title='bbox 2881 1658 3226 1729; x_wconf 81' lang='grc' dir='ltr'><strong>μετήνεγκαν</strong></span> <span class='ocrx_word' id='word_1_204' title='bbox 3278 1654 3483 1717; x_wconf 87' lang='grc' dir='ltr'>ταύτας</span> <span class='ocrx_word' id='word_1_205' title='bbox 3540 1654 3621 1718; x_wconf 87' lang='grc' dir='ltr'><strong>είς</strong></span> 
     </span>
    </p>
   </div>
   <div class='ocr_carea' id='block_1_33' title="bbox 2046 1744 3623 1822">
    <p class='ocr_par' dir='ltr' id='par_1_33' title="bbox 2046 1744 3623 1822">
     <span class='ocr_line' id='line_1_33' title="bbox 2046 1744 3623 1822; baseline -0.004 -18"><span class='ocrx_word' id='word_1_206' title='bbox 2046 1755 2145 1822; x_wconf 74' lang='grc' dir='ltr'>τὴν</span> <span class='ocrx_word' id='word_1_207' title='bbox 2182 1751 2407 1806; x_wconf 82' lang='grc' dir='ltr'>Ἑλλάδα</span> <span class='ocrx_word' id='word_1_208' title='bbox 2464 1751 2684 1822; x_wconf 84' lang='grc' dir='ltr'>φωνὴν,</span> <span class='ocrx_word' id='word_1_209' title='bbox 2734 1749 2871 1820; x_wconf 86' lang='grc' dir='ltr'>πρὸς</span> <span class='ocrx_word' id='word_1_210' title='bbox 2930 1749 2988 1802; x_wconf 74' lang='grc' dir='ltr'>δὲ</span> <span class='ocrx_word' id='word_1_211' title='bbox 3041 1750 3162 1813; x_wconf 84' lang='grc' dir='ltr'>ταῖς</span> <span class='ocrx_word' id='word_1_212' title='bbox 3210 1748 3400 1810; x_wconf 79' lang='grc' dir='ltr'>ἄλλαις</span> <span class='ocrx_word' id='word_1_213' title='bbox 3448 1744 3623 1808; x_wconf 86' lang='grc' dir='ltr'><strong>θείαις</strong></span> 
     </span>
    </p>
   </div>
   <div class='ocr_carea' id='block_1_34' title="bbox 360 1826 1946 1914">
    <p class='ocr_par' dir='ltr' id='par_1_34' title="bbox 360 1840 1946 1914">
     <span class='ocr_line' id='line_1_34' title="bbox 360 1840 1946 1914; baseline 0.002 -19"><span class='ocrx_word' id='word_1_214' title='bbox 360 1840 529 1896; x_wconf 71' lang='lat' dir='ltr'><strong>etiam</strong></span> <span class='ocrx_word' id='word_1_215' title='bbox 559 1841 951 1914; x_wconf 88' lang='lat' dir='ltr'><strong>inscriptiones</strong></span> <span class='ocrx_word' id='word_1_216' title='bbox 975 1843 1309 1912; x_wconf 84' lang='lat' dir='ltr'><strong>interpretati</strong></span> <span class='ocrx_word' id='word_1_217' title='bbox 1342 1855 1470 1898; x_wconf 88' lang='lat' dir='ltr'><strong>sunt</strong></span> <span class='ocrx_word' id='word_1_218' title='bbox 1506 1862 1519 1897; x_wconf 88' lang='lat'><strong>:</strong></span> <span class='ocrx_word' id='word_1_219' title='bbox 1556 1858 1669 1898; x_wconf 88' lang='lat' dir='ltr'><strong>rem</strong></span> <span class='ocrx_word' id='word_1_220' title='bbox 1697 1844 1946 1913; x_wconf 89' lang='lat' dir='ltr'><strong>equidem</strong></span> 
     </span>
    </p>
   </div>
   <div class='ocr_carea' id='block_1_35' title="bbox 2046 1826 3625 1914">
    <p class='ocr_par' dir='ltr' id='par_1_35' title="bbox 2050 1836 3625 1913">
     <span class='ocr_line' id='line_1_35' title="bbox 2050 1836 3625 1913; baseline -0.004 -17"><span class='ocrx_word' id='word_1_221' title='bbox 2050 1844 2297 1913; x_wconf 81' lang='grc' dir='ltr'>Γραφαῖς</span> <span class='ocrx_word' id='word_1_222' title='bbox 2324 1843 2421 1897; x_wconf 80' lang='grc' dir='ltr'>καὶ</span> <span class='ocrx_word' id='word_1_223' title='bbox 2461 1844 2560 1905; x_wconf 78' lang='grc' dir='ltr'><strong>τὰς</strong></span> <span class='ocrx_word' id='word_1_224' title='bbox 2594 1839 2907 1913; x_wconf 69' lang='grc' dir='ltr'>ἐπιγραφὰς</span> <span class='ocrx_word' id='word_1_225' title='bbox 2939 1838 3390 1912; x_wconf 81' lang='grc' dir='ltr'>ἡρμηνεύκασιν·</span> <span class='ocrx_word' id='word_1_226' title='bbox 3422 1836 3625 1906; x_wconf 83' lang='grc' dir='ltr'>τολμη-</span> 
     </span>
    </p>
   </div>
   <div class='ocr_carea' id='block_1_36' title="bbox 362 1933 1945 2004">
    <p class='ocr_par' dir='ltr' id='par_1_36' title="bbox 362 1933 1945 2004">
     <span class='ocr_line' id='line_1_36' title="bbox 362 1933 1945 2004; baseline 0.002 -20"><span class='ocrx_word' id='word_1_227' title='bbox 362 1933 546 1988; x_wconf 65' lang='lat' dir='ltr'><strong>nimia:</strong></span> <span class='ocrx_word' id='word_1_228' title='bbox 581 1934 911 1989; x_wconf 89' lang='lat' dir='ltr'><strong>temeritatis</strong></span> <span class='ocrx_word' id='word_1_229' title='bbox 957 1941 1010 1988; x_wconf 91' lang='lat' dir='ltr'><strong>et</strong></span> <span class='ocrx_word' id='word_1_230' title='bbox 1046 1933 1391 1989; x_wconf 71' lang='lat' dir='ltr'><strong>confidentiae</strong></span> <span class='ocrx_word' id='word_1_231' title='bbox 1437 1934 1651 2004; x_wconf 81' lang='lat' dir='ltr'><strong>plenam</strong></span> <span class='ocrx_word' id='word_1_232' title='bbox 1684 1934 1945 2002; x_wconf 85' lang='lat' dir='ltr'><strong>arbitror,</strong></span> 
     </span>
    </p>
   </div>
   <div class='ocr_carea' id='block_1_37' title="bbox 363 2023 1944 2095">
    <p class='ocr_par' dir='ltr' id='par_1_37' title="bbox 363 2023 1944 2095">
     <span class='ocr_line' id='line_1_37' title="bbox 363 2023 1944 2095; baseline 0.001 -18"><span class='ocrx_word' id='word_1_233' title='bbox 363 2023 530 2078; x_wconf 72' lang='lat' dir='ltr'><strong>falsas</strong></span> <span class='ocrx_word' id='word_1_234' title='bbox 556 2023 679 2078; x_wconf 81' lang='lat' dir='ltr'><strong>illas</strong></span> <span class='ocrx_word' id='word_1_235' title='bbox 708 2023 996 2091; x_wconf 76' lang='lat' dir='ltr'><strong>afﬁrmare,</strong></span> <span class='ocrx_word' id='word_1_236' title='bbox 1041 2033 1096 2079; x_wconf 91' lang='lat' dir='ltr'><strong>et</strong></span> <span class='ocrx_word' id='word_1_237' title='bbox 1126 2025 1487 2095; x_wconf 82' lang='lat' dir='ltr'><strong>cogitationes</strong></span> <span class='ocrx_word' id='word_1_238' title='bbox 1522 2034 1738 2081; x_wconf 89' lang='lat' dir='ltr'><strong>nostras</strong></span> <span class='ocrx_word' id='word_1_239' title='bbox 1769 2025 1944 2081; x_wconf 90' lang='lat' dir='ltr'><strong>sancti</strong></span> 
     </span>
    </p>
   </div>
   <div class='ocr_carea' id='block_1_38' title="bbox 362 2110 1945 2184">
    <p class='ocr_par' dir='ltr' id='par_1_38' title="bbox 362 2110 1945 2184">
     <span class='ocr_line' id='line_1_38' title="bbox 362 2110 1945 2184; baseline 0.001 -19"><span class='ocrx_word' id='word_1_240' title='bbox 362 2110 599 2181; x_wconf 87' lang='lat' dir='ltr'><strong>Spiritus</strong></span> <span class='ocrx_word' id='word_1_241' title='bbox 651 2112 888 2169; x_wconf 82' lang='lat' dir='ltr'><strong>etilcacia</strong></span> <span class='ocrx_word' id='word_1_242' title='bbox 938 2113 1282 2184; x_wconf 85' lang='lat' dir='ltr'><strong>sapientores</strong></span> <span class='ocrx_word' id='word_1_243' title='bbox 1320 2111 1540 2167; x_wconf 88' lang='lat' dir='ltr'><strong>ducere.</strong></span> <span class='ocrx_word' id='word_1_244' title='bbox 1595 2111 1711 2167; x_wconf 86' lang='lat' dir='ltr'><strong>Hoc</strong></span> <span class='ocrx_word' id='word_1_245' title='bbox 1762 2124 1945 2167; x_wconf 89' lang='lat' dir='ltr'><strong>autem</strong></span> 
     </span>
    </p>
   </div>
   <div class='ocr_carea' id='block_1_39' title="bbox 368 2202 1946 2275">
    <p class='ocr_par' dir='ltr' id='par_1_39' title="bbox 368 2202 1946 2275">
     <span class='ocr_line' id='line_1_39' title="bbox 368 2202 1946 2275; baseline 0.003 -21"><span class='ocrx_word' id='word_1_246' title='bbox 368 2204 611 2272; x_wconf 86' lang='lat' dir='ltr'><strong>apertius</strong></span> <span class='ocrx_word' id='word_1_247' title='bbox 643 2203 895 2260; x_wconf 88' lang='lat' dir='ltr'><strong>ostendet</strong></span> <span class='ocrx_word' id='word_1_248' title='bbox 921 2204 1265 2275; x_wconf 80' lang='lat' dir='ltr'><strong>singulorum</strong></span> <span class='ocrx_word' id='word_1_249' title='bbox 1299 2202 1646 2260; x_wconf 87' lang='lat' dir='ltr'><strong>Psalmorum</strong></span> <span class='ocrx_word' id='word_1_250' title='bbox 1681 2203 1946 2274; x_wconf 80' lang='lat' dir='ltr'><strong>explana-</strong></span> 
     </span>
    </p>
   </div>
   <div class='ocr_carea' id='block_1_40' title="bbox 370 2296 467 2352">
    <p class='ocr_par' dir='ltr' id='par_1_40' title="bbox 370 2296 467 2352">
     <span class='ocr_line' id='line_1_40' title="bbox 370 2296 467 2352; baseline 0 -1"><span class='ocrx_word' id='word_1_251' title='bbox 370 2296 467 2352; x_wconf 89' lang='lat' dir='ltr'><strong>tio.</strong></span> 
     </span>
    </p>
   </div>
   <div class='ocr_carea' id='block_1_41' title="bbox 440 2384 1945 2460">
    <p class='ocr_par' dir='ltr' id='par_1_41' title="bbox 440 2384 1945 2460">
     <span class='ocr_line' id='line_1_41' title="bbox 440 2384 1945 2460; baseline -0.001 -19"><span class='ocrx_word' id='word_1_252' title='bbox 440 2388 737 2460; x_wconf 77' lang='grc' dir='ltr'>Διάψαλμα</span> <span class='ocrx_word' id='word_1_253' title='bbox 764 2389 930 2445; x_wconf 87' lang='lat' dir='ltr'><strong>etiam</strong></span> <span class='ocrx_word' id='word_1_254' title='bbox 959 2387 1128 2443; x_wconf 83' lang='lat' dir='ltr'><strong>variis</strong></span> <span class='ocrx_word' id='word_1_255' title='bbox 1162 2387 1338 2444; x_wconf 89' lang='lat' dir='ltr'><strong>modis</strong></span> <span class='ocrx_word' id='word_1_256' title='bbox 1369 2398 1759 2458; x_wconf 77' lang='lat' dir='ltr'><strong>exposuerunt.</strong></span> <span class='ocrx_word' id='word_1_257' title='bbox 1795 2384 1945 2443; x_wconf 85' lang='lat' dir='ltr'><strong>Non-</strong></span> 
     </span>
    </p>
   </div>
   <div class='ocr_carea' id='block_1_42' title="bbox 373 2478 1945 2550">
    <p class='ocr_par' dir='ltr' id='par_1_42' title="bbox 373 2478 1945 2550">
     <span class='ocr_line' id='line_1_42' title="bbox 373 2478 1945 2550; baseline 0.001 -16"><span class='ocrx_word' id='word_1_258' title='bbox 373 2478 512 2534; x_wconf 88' lang='lat' dir='ltr'><strong>nulli</strong></span> <span class='ocrx_word' id='word_1_259' title='bbox 568 2480 715 2535; x_wconf 89' lang='lat' dir='ltr'><strong>enim</strong></span> <span class='ocrx_word' id='word_1_260' title='bbox 772 2478 1240 2535; x_wconf 88' lang='lat' dir='ltr'><strong>intermissionem</strong></span> <span class='ocrx_word' id='word_1_261' title='bbox 1312 2480 1649 2550; x_wconf 87' lang='lat' dir='ltr'><strong>operationis</strong></span> <span class='ocrx_word' id='word_1_262' title='bbox 1709 2478 1945 2549; x_wconf 86' lang='lat' dir='ltr'><strong>Spiritus</strong></span> 
     </span>
    </p>
   </div>
   <div class='ocr_carea' id='block_1_43' title="bbox 367 2570 1945 2641">
    <p class='ocr_par' dir='ltr' id='par_1_43' title="bbox 367 2570 1945 2641">
     <span class='ocr_line' id='line_1_43' title="bbox 367 2570 1945 2641; baseline -0.001 -15"><span class='ocrx_word' id='word_1_263' title='bbox 367 2570 541 2626; x_wconf 85' lang='lat' dir='ltr'><strong>sancti</strong></span> <span class='ocrx_word' id='word_1_264' title='bbox 573 2570 835 2641; x_wconf 82' lang='lat' dir='ltr'><strong>suspicati</strong></span> <span class='ocrx_word' id='word_1_265' title='bbox 865 2579 995 2627; x_wconf 81' lang='lat' dir='ltr'><strong>sunt</strong></span> <span class='ocrx_word' id='word_1_266' title='bbox 1024 2586 1147 2628; x_wconf 84' lang='lat' dir='ltr'><strong>esse</strong></span> <span class='ocrx_word' id='word_1_267' title='bbox 1181 2590 1195 2626; x_wconf 88' lang='lat'><strong>:</strong></span> <span class='ocrx_word' id='word_1_268' title='bbox 1224 2572 1315 2626; x_wconf 92' lang='lat' dir='ltr'><strong>alii</strong></span> <span class='ocrx_word' id='word_1_269' title='bbox 1348 2571 1755 2627; x_wconf 71' lang='lat' dir='ltr'><strong>vaticinatimnis</strong></span> <span class='ocrx_word' id='word_1_270' title='bbox 1790 2586 1945 2626; x_wconf 89' lang='lat' dir='ltr'><strong>com-</strong></span> 
     </span>
    </p>
   </div>
   <div class='ocr_carea' id='block_1_44' title="bbox 367 2662 1943 2735">
    <p class='ocr_par' dir='ltr' id='par_1_44' title="bbox 367 2662 1943 2735">
     <span class='ocr_line' id='line_1_44' title="bbox 367 2662 1943 2735; baseline 0.001 -20"><span class='ocrx_word' id='word_1_271' title='bbox 367 2662 725 2718; x_wconf 82' lang='lat' dir='ltr'><strong>mutationem</strong></span> <span class='ocrx_word' id='word_1_272' title='bbox 761 2680 776 2718; x_wconf 90' lang='lat'><strong>:</strong></span> <span class='ocrx_word' id='word_1_273' title='bbox 812 2664 1035 2735; x_wconf 89' lang='lat' dir='ltr'><strong>quidam</strong></span> <span class='ocrx_word' id='word_1_274' title='bbox 1082 2678 1213 2718; x_wconf 88' lang='lat' dir='ltr'><strong>vero</strong></span> <span class='ocrx_word' id='word_1_275' title='bbox 1256 2672 1453 2719; x_wconf 88' lang='lat' dir='ltr'><strong>cantus</strong></span> <span class='ocrx_word' id='word_1_276' title='bbox 1485 2662 1943 2719; x_wconf 82' lang='lat' dir='ltr'><strong>vicissitudinem.</strong></span> 
     </span>
    </p>
   </div>
   <div class='ocr_carea' id='block_1_45' title="bbox 2053 1927 3623 2004">
    <p class='ocr_par' dir='ltr' id='par_1_45' title="bbox 2053 1927 3623 2004">
     <span class='ocr_line' id='line_1_45' title="bbox 2053 1927 3623 2004; baseline -0.004 -18"><span class='ocrx_word' id='word_1_277' title='bbox 2053 1933 2144 2004; x_wconf 68' lang='grc' dir='ltr'>ρὸν</span> <span class='ocrx_word' id='word_1_278' title='bbox 2189 1928 2344 2001; x_wconf 76' lang='grc' dir='ltr'>οἶμαι</span> <span class='ocrx_word' id='word_1_279' title='bbox 2396 1931 2492 1984; x_wconf 74' lang='grc' dir='ltr'>καὶ</span> <span class='ocrx_word' id='word_1_280' title='bbox 2540 1931 2661 1985; x_wconf 87' lang='grc' dir='ltr'>λίαν</span> <span class='ocrx_word' id='word_1_281' title='bbox 2695 1929 2894 2001; x_wconf 71' lang='grc' dir='ltr'>θρασὺ,</span> <span class='ocrx_word' id='word_1_282' title='bbox 2943 1928 3155 1999; x_wconf 73' lang='grc' dir='ltr'>ψευδεῖς</span> <span class='ocrx_word' id='word_1_283' title='bbox 3190 1927 3393 1991; x_wconf 88' lang='grc' dir='ltr'>ταύτας</span> <span class='ocrx_word' id='word_1_284' title='bbox 3450 1943 3623 1999; x_wconf 90' lang='grc' dir='ltr'>προσ-</span> 
     </span>
    </p>
   </div>
   <div class='ocr_carea' id='block_1_46' title="bbox 2047 2019 3625 2096">
    <p class='ocr_par' dir='ltr' id='par_1_46' title="bbox 2047 2019 3625 2096">
     <span class='ocr_line' id='line_1_46' title="bbox 2047 2019 3625 2096; baseline -0.005 -17"><span class='ocrx_word' id='word_1_285' title='bbox 2047 2024 2357 2096; x_wconf 88' lang='grc' dir='ltr'>αγορεύειν,</span> <span class='ocrx_word' id='word_1_286' title='bbox 2380 2023 2616 2087; x_wconf 75' lang='grc' dir='ltr'>καὶτοὺς</span> <span class='ocrx_word' id='word_1_287' title='bbox 2643 2023 2877 2085; x_wconf 74' lang='grc' dir='ltr'>οἰκείους</span> <span class='ocrx_word' id='word_1_288' title='bbox 2898 2021 3190 2092; x_wconf 83' lang='grc' dir='ltr'>λογισμοὺς</span> <span class='ocrx_word' id='word_1_289' title='bbox 3220 2021 3317 2092; x_wconf 79' lang='grc' dir='ltr'>τῆς</span> <span class='ocrx_word' id='word_1_290' title='bbox 3338 2019 3433 2073; x_wconf 83' lang='grc' dir='ltr'>τοῦ</span> <span class='ocrx_word' id='word_1_291' title='bbox 3454 2019 3625 2078; x_wconf 85' lang='grc' dir='ltr'>Πνεύ-</span> 
     </span>
    </p>
   </div>
   <div class='ocr_carea' id='block_1_47' title="bbox 2050 2111 3626 2188">
    <p class='ocr_par' dir='ltr' id='par_1_47' title="bbox 2050 2111 3626 2188">
     <span class='ocr_line' id='line_1_47' title="bbox 2050 2111 3626 2188; baseline -0.003 -19"><span class='ocrx_word' id='word_1_292' title='bbox 2050 2134 2220 2188; x_wconf 86' lang='grc' dir='ltr'>ματος</span> <span class='ocrx_word' id='word_1_293' title='bbox 2271 2116 2555 2187; x_wconf 76' lang='grc' dir='ltr'>ἐνεργείας</span> <span class='ocrx_word' id='word_1_294' title='bbox 2606 2114 2949 2185; x_wconf 68' lang='grc' dir='ltr'>σοφωτέρους</span> <span class='ocrx_word' id='word_1_295' title='bbox 2986 2113 3415 2185; x_wconf 79' lang='grc' dir='ltr'>ὑπολαμϐάνειν.</span> <span class='ocrx_word' id='word_1_296' title='bbox 3451 2111 3626 2166; x_wconf 83' lang='grc' dir='ltr'>Τοῦτο</span> 
     </span>
    </p>
   </div>
   <div class='ocr_carea' id='block_1_48' title="bbox 2046 2200 3624 2279">
    <p class='ocr_par' dir='ltr' id='par_1_48' title="bbox 2046 2200 3624 2279">
     <span class='ocr_line' id='line_1_48' title="bbox 2046 2200 3624 2279; baseline -0.004 -17"><span class='ocrx_word' id='word_1_297' title='bbox 2046 2209 2103 2262; x_wconf 83' lang='grc' dir='ltr'>δὲ</span> <span class='ocrx_word' id='word_1_298' title='bbox 2128 2207 2293 2273; x_wconf 80' lang='grc' dir='ltr'>δείξει</span> <span class='ocrx_word' id='word_1_299' title='bbox 2325 2207 2660 2279; x_wconf 87' lang='grc' dir='ltr'>σαφέστερον</span> <span class='ocrx_word' id='word_1_300' title='bbox 2691 2205 2787 2259; x_wconf 80' lang='grc' dir='ltr'><strong>καὶ</strong></span> <span class='ocrx_word' id='word_1_301' title='bbox 2815 2206 2849 2277; x_wconf 77' lang='grc' dir='ltr'><strong>ἡ</strong></span> <span class='ocrx_word' id='word_1_302' title='bbox 2878 2203 3023 2259; x_wconf 79' lang='grc' dir='ltr'>κατὰ</span> <span class='ocrx_word' id='word_1_303' title='bbox 3054 2205 3220 2278; x_wconf 85' lang='grc' dir='ltr'>μέρος</span> <span class='ocrx_word' id='word_1_304' title='bbox 3240 2205 3351 2259; x_wconf 84' lang='grc' dir='ltr'><strong>τῶν</strong></span> <span class='ocrx_word' id='word_1_305' title='bbox 3378 2200 3624 2276; x_wconf 81' lang='grc' dir='ltr'>Ψαλμῶν</span> 
     </span>
    </p>
   </div>
   <div class='ocr_carea' id='block_1_49' title="bbox 2047 2299 2335 2373">
    <p class='ocr_par' dir='ltr' id='par_1_49' title="bbox 2047 2299 2335 2373">
     <span class='ocr_line' id='line_1_49' title="bbox 2047 2299 2335 2373; baseline 0 -19"><span class='ocrx_word' id='word_1_306' title='bbox 2047 2299 2335 2373; x_wconf 74' lang='grc' dir='ltr'>ἑρμηνεία.</span> 
     </span>
    </p>
   </div>
   <div class='ocr_carea' id='block_1_50' title="bbox 2116 2389 3625 2466">
    <p class='ocr_par' dir='ltr' id='par_1_50' title="bbox 2116 2389 3625 2466">
     <span class='ocr_line' id='line_1_50' title="bbox 2116 2389 3625 2466; baseline -0.001 -20"><span class='ocrx_word' id='word_1_307' title='bbox 2116 2393 2231 2446; x_wconf 75' lang='grc' dir='ltr'>Καὶ</span> <span class='ocrx_word' id='word_1_308' title='bbox 2276 2392 2339 2447; x_wconf 80' lang='grc' dir='ltr'>τὸ</span> <span class='ocrx_word' id='word_1_309' title='bbox 2384 2392 2699 2463; x_wconf 76' lang='grc' dir='ltr'>ὃιάψαλμα</span> <span class='ocrx_word' id='word_1_310' title='bbox 2734 2394 2792 2448; x_wconf 80' lang='grc' dir='ltr'>δὲ</span> <span class='ocrx_word' id='word_1_311' title='bbox 2843 2394 3117 2466; x_wconf 82' lang='grc' dir='ltr'>διαφόρως</span> <span class='ocrx_word' id='word_1_312' title='bbox 3145 2393 3517 2465; x_wconf 82' lang='grc' dir='ltr'>ήρμήνευσαν.</span> <span class='ocrx_word' id='word_1_313' title='bbox 3559 2389 3625 2444; x_wconf 72' lang='lat' dir='ltr'><strong>Ol</strong></span> 
     </span>
    </p>
   </div>
   <div class='ocr_carea' id='block_1_51' title="bbox 2049 2484 3619 2558">
    <p class='ocr_par' dir='ltr' id='par_1_51' title="bbox 2049 2484 3619 2558">
     <span class='ocr_line' id='line_1_51' title="bbox 2049 2484 3619 2558; baseline -0.003 -19"><span class='ocrx_word' id='word_1_314' title='bbox 2049 2485 2151 2557; x_wconf 81' lang='grc' dir='ltr'>μὲν</span> <span class='ocrx_word' id='word_1_315' title='bbox 2180 2485 2290 2556; x_wconf 80' lang='grc' dir='ltr'>γὰρ</span> <span class='ocrx_word' id='word_1_316' title='bbox 2318 2486 2419 2553; x_wconf 82' lang='grc' dir='ltr'>τῆς</span> <span class='ocrx_word' id='word_1_317' title='bbox 2449 2486 2544 2541; x_wconf 82' lang='grc' dir='ltr'>τοῦ</span> <span class='ocrx_word' id='word_1_318' title='bbox 2576 2486 2894 2557; x_wconf 84' lang='grc' dir='ltr'>Πνεύματος</span> <span class='ocrx_word' id='word_1_319' title='bbox 2928 2487 3209 2558; x_wconf 78' lang='grc' dir='ltr'>ἐνεργείας</span> <span class='ocrx_word' id='word_1_320' title='bbox 3245 2484 3457 2540; x_wconf 82' lang='grc' dir='ltr'>παῦλαν</span> <span class='ocrx_word' id='word_1_321' title='bbox 3508 2485 3619 2537; x_wconf 84' lang='grc' dir='ltr'>ὑπ-</span> 
     </span>
    </p>
   </div>
   <div class='ocr_carea' id='block_1_52' title="bbox 2048 2573 3623 2650">
    <p class='ocr_par' dir='ltr' id='par_1_52' title="bbox 2048 2573 3623 2650">
     <span class='ocr_line' id='line_1_52' title="bbox 2048 2573 3623 2650; baseline -0.003 -17"><span class='ocrx_word' id='word_1_322' title='bbox 2048 2578 2240 2634; x_wconf 82' lang='grc' dir='ltr'>έλαϐον</span> <span class='ocrx_word' id='word_1_323' title='bbox 2266 2574 2425 2644; x_wconf 76' lang='grc' dir='ltr'>εἶναι,</span> <span class='ocrx_word' id='word_1_324' title='bbox 2461 2581 2507 2632; x_wconf 86' lang='lat' dir='ltr'><strong>oi</strong></span> <span class='ocrx_word' id='word_1_325' title='bbox 2545 2580 2603 2633; x_wconf 80' lang='grc' dir='ltr'>δὲ</span> <span class='ocrx_word' id='word_1_326' title='bbox 2630 2579 2967 2649; x_wconf 84' lang='grc' dir='ltr'>προφητείας</span> <span class='ocrx_word' id='word_1_327' title='bbox 2988 2577 3287 2650; x_wconf 78' lang='grc' dir='ltr'>ἐναλλαγὴν</span> <span class='ocrx_word' id='word_1_328' title='bbox 3306 2617 3322 2641; x_wconf 90' lang='grc'><strong>,</strong></span> <span class='ocrx_word' id='word_1_329' title='bbox 3354 2578 3405 2631; x_wconf 90' lang='grc' dir='ltr'><strong>οί</strong></span> <span class='ocrx_word' id='word_1_330' title='bbox 3438 2577 3495 2645; x_wconf 78' lang='grc' dir='ltr'>δὲ</span> <span class='ocrx_word' id='word_1_331' title='bbox 3527 2573 3623 2630; x_wconf 81' lang='grc' dir='ltr'>τοῦ</span> 
     </span>
    </p>
   </div>
   <div class='ocr_carea' id='block_1_53' title="bbox 2050 2662 3627 2742">
    <p class='ocr_par' dir='ltr' id='par_1_53' title="bbox 2050 2662 3627 2742">
     <span class='ocr_line' id='line_1_53' title="bbox 2050 2662 3627 2742; baseline -0.002 -18"><span class='ocrx_word' id='word_1_332' title='bbox 2050 2662 2247 2741; x_wconf 85' lang='grc' dir='ltr'>μέλους</span> <span class='ocrx_word' id='word_1_333' title='bbox 2275 2670 2601 2742; x_wconf 79' lang='grc' dir='ltr'>μεταϐολήν.</span> <span class='ocrx_word' id='word_1_334' title='bbox 2632 2664 2727 2732; x_wconf 76' lang='grc' dir='ltr'><strong>Εἷς</strong></span> <span class='ocrx_word' id='word_1_335' title='bbox 2773 2670 2851 2732; x_wconf 84' lang='grc' dir='ltr'>δὲ,</span> <span class='ocrx_word' id='word_1_336' title='bbox 2886 2672 2953 2742; x_wconf 76' lang='grc' dir='ltr'>τῇ</span> <span class='ocrx_word' id='word_1_337' title='bbox 2985 2669 3081 2724; x_wconf 82' lang='grc' dir='ltr'>τοῦ</span> <span class='ocrx_word' id='word_1_338' title='bbox 3122 2667 3324 2722; x_wconf 83' lang='grc' dir='ltr'>’Δκύλα</span> <span class='ocrx_word' id='word_1_339' title='bbox 3343 2669 3386 2699; x_wconf 81' lang='grc'><strong>³¹</strong></span> <span class='ocrx_word' id='word_1_340' title='bbox 3419 2667 3627 2738; x_wconf 85' lang='grc' dir='ltr'>χρησά-</span> 
     </span>
    </p>
   </div>
   <div class='ocr_carea' id='block_1_54' title="bbox 369 2751 1946 2832">
    <p class='ocr_par' dir='ltr' id='par_1_54' title="bbox 369 2751 1946 2827">
     <span class='ocr_line' id='line_1_54' title="bbox 369 2751 1946 2827; baseline 0.003 -20"><span class='ocrx_word' id='word_1_341' title='bbox 369 2751 525 2810; x_wconf 84' lang='lat' dir='ltr'><strong>Unus</strong></span> <span class='ocrx_word' id='word_1_342' title='bbox 554 2762 760 2821; x_wconf 90' lang='lat' dir='ltr'><strong>autem,</strong></span> <span class='ocrx_word' id='word_1_343' title='bbox 792 2756 1003 2827; x_wconf 64' lang='lat' dir='ltr'><strong>Aquila:</strong></span> <span class='ocrx_word' id='word_1_344' title='bbox 1037 2756 1541 2827; x_wconf 87' lang='lat' dir='ltr'><strong>interpretationem</strong></span> <span class='ocrx_word' id='word_1_345' title='bbox 1575 2761 1817 2822; x_wconf 88' lang='lat' dir='ltr'><strong>secutus,</strong></span> <span class='ocrx_word' id='word_1_346' title='bbox 1851 2771 1946 2826; x_wconf 91' lang='lat' dir='ltr'><strong>pro</strong></span> 
     </span>
    </p>
   </div>
   <div class='ocr_carea' id='block_1_55' title="bbox 2046 2751 3629 2832">
    <p class='ocr_par' dir='ltr' id='par_1_55' title="bbox 2052 2758 3629 2832">
     <span class='ocr_line' id='line_1_55' title="bbox 2052 2758 3629 2832; baseline -0.003 -17"><span class='ocrx_word' id='word_1_347' title='bbox 2052 2777 2212 2832; x_wconf 84' lang='grc' dir='ltr'>μενος</span> <span class='ocrx_word' id='word_1_348' title='bbox 2243 2762 2530 2832; x_wconf 81' lang='grc' dir='ltr'>ἑρμηνείᾳ,</span> <span class='ocrx_word' id='word_1_349' title='bbox 2553 2759 2611 2813; x_wconf 81' lang='grc' dir='ltr'><strong>τὸ</strong></span> <span class='ocrx_word' id='word_1_350' title='bbox 2637 2760 2731 2815; x_wconf 77' lang='grc' dir='ltr'><strong>ἀεὶ</strong></span> <span class='ocrx_word' id='word_1_351' title='bbox 2765 2759 3011 2814; x_wconf 82' lang='grc' dir='ltr'>τέθεικεν</span> <span class='ocrx_word' id='word_1_352' title='bbox 3033 2760 3155 2813; x_wconf 84' lang='grc' dir='ltr'>ἀντὶ</span> <span class='ocrx_word' id='word_1_353' title='bbox 3182 2759 3274 2813; x_wconf 82' lang='grc' dir='ltr'>τοῦ</span> <span class='ocrx_word' id='word_1_354' title='bbox 3296 2758 3629 2828; x_wconf 52' lang='lat' dir='ltr'><strong>Stati-(Una-</strong></span> 
     </span>
    </p>
   </div>
   <div class='ocr_carea' id='block_1_56' title="bbox 366 2845 1946 2925">
    <p class='ocr_par' dir='ltr' id='par_1_56' title="bbox 366 2845 1946 2920">
     <span class='ocr_line' id='line_1_56' title="bbox 366 2845 1946 2920; baseline 0.003 -22"><span class='ocrx_word' id='word_1_355' title='bbox 366 2845 650 2918; x_wconf 79' lang='grc' dir='ltr'>διάψαλμα</span> <span class='ocrx_word' id='word_1_356' title='bbox 683 2848 866 2919; x_wconf 90' lang='lat' dir='ltr'><strong>posuit</strong></span> <span class='ocrx_word' id='word_1_357' title='bbox 903 2865 1124 2919; x_wconf 65' lang='grc' dir='ltr'>διατηρεῖ,</span> <span class='ocrx_word' id='word_1_358' title='bbox 1167 2864 1290 2904; x_wconf 90' lang='lat' dir='ltr'><strong>cum</strong></span> <span class='ocrx_word' id='word_1_359' title='bbox 1327 2849 1666 2920; x_wconf 81' lang='lat' dir='ltr'><strong>praecedente</strong></span> <span class='ocrx_word' id='word_1_360' title='bbox 1699 2864 1859 2904; x_wconf 84' lang='lat' dir='ltr'><strong>versu</strong></span> <span class='ocrx_word' id='word_1_361' title='bbox 1895 2848 1946 2903; x_wconf 90' lang='lat' dir='ltr'><strong>id</strong></span> 
     </span>
    </p>
   </div>
   <div class='ocr_carea' id='block_1_57' title="bbox 2046 2845 3624 2925">
    <p class='ocr_par' dir='ltr' id='par_1_57' title="bbox 2048 2850 3624 2925">
     <span class='ocr_line' id='line_1_57' title="bbox 2048 2850 3624 2925; baseline -0.001 -19"><span class='ocrx_word' id='word_1_362' title='bbox 2048 2869 2172 2920; x_wconf 84' lang='grc' dir='ltr'>τος,</span> <span class='ocrx_word' id='word_1_363' title='bbox 2204 2852 2283 2925; x_wconf 83' lang='grc' dir='ltr'>τῷ</span> <span class='ocrx_word' id='word_1_364' title='bbox 2313 2851 2604 2923; x_wconf 82' lang='grc' dir='ltr'>ἡγουμένῳ</span> <span class='ocrx_word' id='word_1_365' title='bbox 2638 2851 2808 2922; x_wconf 83' lang='grc' dir='ltr'>στίχῳ</span> <span class='ocrx_word' id='word_1_366' title='bbox 2832 2852 2991 2906; x_wconf 83' lang='grc' dir='ltr'>τοῦτο</span> <span class='ocrx_word' id='word_1_367' title='bbox 3024 2850 3391 2906; x_wconf 80' lang='grc' dir='ltr'>συνάπτεσθαι</span> <span class='ocrx_word' id='word_1_368' title='bbox 3421 2850 3624 2920; x_wconf 82' lang='grc' dir='ltr'>φήσας.</span> 
     </span>
    </p>
   </div>
   <div class='ocr_carea' id='block_1_58' title="bbox 369 2939 1946 3021">
    <p class='ocr_par' dir='ltr' id='par_1_58' title="bbox 369 2939 1946 3021">
     <span class='ocr_line' id='line_1_58' title="bbox 369 2939 1946 3021; baseline 0.002 -28"><span class='ocrx_word' id='word_1_369' title='bbox 369 2939 650 2996; x_wconf 70' lang='lat' dir='ltr'><strong>cohaerere</strong></span> <span class='ocrx_word' id='word_1_370' title='bbox 682 2942 1064 3011; x_wconf 86' lang='lat' dir='ltr'><strong>pronuntians.</strong></span> <span class='ocrx_word' id='word_1_371' title='bbox 1101 2940 1264 3021; x_wconf 53' lang='grc' dir='ltr'>ἵει*ὴὶ</span> <span class='ocrx_word' id='word_1_372' title='bbox 1300 2943 1495 3014; x_wconf 80' lang='lat' dir='ltr'><strong>gratia,</strong></span> <span class='ocrx_word' id='word_1_373' title='bbox 1526 2941 1578 2997; x_wconf 93' lang='lat' dir='ltr'><strong>in</strong></span> <span class='ocrx_word' id='word_1_374' title='bbox 1613 2943 1771 2998; x_wconf 86' lang='lat' dir='ltr'><strong>tertio</strong></span> <span class='ocrx_word' id='word_1_375' title='bbox 1807 2943 1946 3012; x_wconf 84' lang='lat' dir='ltr'><strong>psal-</strong></span> 
     </span>
    </p>
   </div>
   <div class='ocr_carea' id='block_1_59' title="bbox 2046 2939 3629 3021">
    <p class='ocr_par' dir='ltr' id='par_1_59' title="bbox 2050 2942 3629 3015">
     <span class='ocr_line' id='line_1_59' title="bbox 2050 2942 3629 3015; baseline -0.003 -15"><span class='ocrx_word' id='word_1_376' title='bbox 2050 2942 2175 3001; x_wconf 80' lang='grc' dir='ltr'>Οίον</span> <span class='ocrx_word' id='word_1_377' title='bbox 2206 2947 2264 2998; x_wconf 83' lang='grc' dir='ltr'>ὲν</span> <span class='ocrx_word' id='word_1_378' title='bbox 2290 2943 2371 3012; x_wconf 81' lang='grc' dir='ltr'>τῷ</span> <span class='ocrx_word' id='word_1_379' title='bbox 2401 2945 2567 3015; x_wconf 80' lang='grc' dir='ltr'>τρίτῳ</span> <span class='ocrx_word' id='word_1_380' title='bbox 2606 2944 2808 3014; x_wconf 72' lang='grc' dir='ltr'>ψαλμῷ</span> <span class='ocrx_word' id='word_1_381' title='bbox 2846 2943 2985 3013; x_wconf 84' lang='grc' dir='ltr'>μετὰ</span> <span class='ocrx_word' id='word_1_382' title='bbox 3004 2944 3085 3008; x_wconf 85' lang='grc' dir='ltr'><strong>τδ,</strong></span> <span class='ocrx_word' id='word_1_383' title='bbox 3111 2962 3130 2996; x_wconf 73' lang='grc' dir='ltr'><strong>ι</strong></span> <span class='ocrx_word' id='word_1_384' title='bbox 3161 2944 3319 3014; x_wconf 79' lang='grc' dir='ltr'>Φωνῇ</span> <span class='ocrx_word' id='word_1_385' title='bbox 3354 2960 3454 3014; x_wconf 83' lang='grc' dir='ltr'><strong>μου</strong></span> <span class='ocrx_word' id='word_1_386' title='bbox 3491 2942 3629 3013; x_wconf 78' lang='grc' dir='ltr'>πρὸς</span> 
     </span>
    </p>
   </div>
   <div class='ocr_carea' id='block_1_60' title="bbox 371 3031 1946 3109">
    <p class='ocr_par' dir='ltr' id='par_1_60' title="bbox 371 3031 1946 3101">
     <span class='ocr_line' id='line_1_60' title="bbox 371 3031 1946 3101; baseline 0.003 -18"><span class='ocrx_word' id='word_1_387' title='bbox 371 3044 483 3096; x_wconf 90' lang='lat' dir='ltr'><strong>mo,</strong></span> <span class='ocrx_word' id='word_1_388' title='bbox 526 3040 652 3101; x_wconf 92' lang='lat' dir='ltr'><strong>post</strong></span> <span class='ocrx_word' id='word_1_389' title='bbox 693 3032 785 3087; x_wconf 90' lang='lat' dir='ltr'><strong>illa</strong></span> <span class='ocrx_word' id='word_1_390' title='bbox 824 3034 988 3088; x_wconf 87' lang='lat' dir='ltr'><strong>verba</strong></span> <span class='ocrx_word' id='word_1_391' title='bbox 1028 3050 1041 3087; x_wconf 90' lang='lat'><strong>:</strong></span> <span class='ocrx_word' id='word_1_392' title='bbox 1082 3051 1101 3085; x_wconf 76' lang='grc' dir='ltr'><strong>ι</strong></span> <span class='ocrx_word' id='word_1_393' title='bbox 1158 3031 1308 3088; x_wconf 79' lang='lat' dir='ltr'><strong>Voce</strong></span> <span class='ocrx_word' id='word_1_394' title='bbox 1355 3049 1476 3088; x_wconf 90' lang='lat' dir='ltr'><strong>mea</strong></span> <span class='ocrx_word' id='word_1_395' title='bbox 1532 3034 1600 3089; x_wconf 87' lang='lat' dir='ltr'><strong>ad</strong></span> <span class='ocrx_word' id='word_1_396' title='bbox 1657 3034 1946 3088; x_wconf 88' lang='lat' dir='ltr'><strong>Dominum</strong></span> 
     </span>
    </p>
   </div>
   <div class='ocr_carea' id='block_1_61' title="bbox 2046 3031 3627 3109">
    <p class='ocr_par' dir='ltr' id='par_1_61' title="bbox 2051 3035 3627 3109">
     <span class='ocr_line' id='line_1_61' title="bbox 2051 3035 3627 3109; baseline -0.003 -18"><span class='ocrx_word' id='word_1_397' title='bbox 2051 3036 2255 3109; x_wconf 81' lang='grc' dir='ltr'>Κύριον</span> <span class='ocrx_word' id='word_1_398' title='bbox 2286 3035 2583 3106; x_wconf 75' lang='grc' dir='ltr'>ἐκέκραξα,</span> <span class='ocrx_word' id='word_1_399' title='bbox 2618 3036 2712 3089; x_wconf 79' lang='grc' dir='ltr'><strong>καὶ</strong></span> <span class='ocrx_word' id='word_1_400' title='bbox 2740 3035 3014 3106; x_wconf 77' lang='grc' dir='ltr'>ἐπήκουσέ</span> <span class='ocrx_word' id='word_1_401' title='bbox 3050 3053 3152 3106; x_wconf 90' lang='grc' dir='ltr'><strong>μου</strong></span> <span class='ocrx_word' id='word_1_402' title='bbox 3185 3035 3244 3100; x_wconf 79' lang='grc' dir='ltr'>ἐξ</span> <span class='ocrx_word' id='word_1_403' title='bbox 3271 3035 3433 3107; x_wconf 84' lang='grc' dir='ltr'>δρους</span> <span class='ocrx_word' id='word_1_404' title='bbox 3468 3035 3627 3103; x_wconf 83' lang='grc' dir='ltr'>ἁγίου</span> 
     </span>
    </p>
   </div>
   <div class='ocr_carea' id='block_1_62' title="bbox 369 3123 1946 3215">
    <p class='ocr_par' dir='ltr' id='par_1_62' title="bbox 369 3123 1942 3190">
     <span class='ocr_line' id='line_1_62' title="bbox 369 3123 1942 3190; baseline 0.001 -14"><span class='ocrx_word' id='word_1_405' title='bbox 369 3123 625 3189; x_wconf 79' lang='lat' dir='ltr'><strong>clamavi,</strong></span> <span class='ocrx_word' id='word_1_406' title='bbox 673 3132 727 3179; x_wconf 88' lang='lat' dir='ltr'><strong>et</strong></span> <span class='ocrx_word' id='word_1_407' title='bbox 752 3125 1027 3180; x_wconf 77' lang='lat' dir='ltr'><strong>exaudivit</strong></span> <span class='ocrx_word' id='word_1_408' title='bbox 1062 3140 1149 3180; x_wconf 90' lang='lat' dir='ltr'><strong>me</strong></span> <span class='ocrx_word' id='word_1_409' title='bbox 1176 3126 1243 3180; x_wconf 89' lang='lat' dir='ltr'><strong>de</strong></span> <span class='ocrx_word' id='word_1_410' title='bbox 1274 3136 1457 3180; x_wconf 86' lang='lat' dir='ltr'><strong>monte</strong></span> <span class='ocrx_word' id='word_1_411' title='bbox 1480 3135 1671 3181; x_wconf 91' lang='lat' dir='ltr'><strong>sancto</strong></span> <span class='ocrx_word' id='word_1_412' title='bbox 1701 3141 1803 3180; x_wconf 92' lang='lat' dir='ltr'><strong>suo</strong></span> <span class='ocrx_word' id='word_1_413' title='bbox 1835 3125 1885 3190; x_wconf 72' lang='grc'><strong>1³,</strong></span> <span class='ocrx_word' id='word_1_414' title='bbox 1923 3144 1942 3178; x_wconf 76' lang='grc' dir='ltr'><strong>ι</strong></span> 
     </span>
    </p>
   </div>
   <div class='ocr_carea' id='block_1_63' title="bbox 2046 3123 3629 3215">
    <p class='ocr_par' dir='ltr' id='par_1_63' title="bbox 2050 3125 3629 3199">
     <span class='ocr_line' id='line_1_63' title="bbox 2050 3125 3629 3199; baseline 0 -18"><span class='ocrx_word' id='word_1_415' title='bbox 2050 3125 2240 3191; x_wconf 78' lang='grc' dir='ltr'>αὑτοῦ,</span> <span class='ocrx_word' id='word_1_416' title='bbox 2281 3145 2302 3181; x_wconf 71' lang='grc' dir='ltr'><strong>ι</strong></span> <span class='ocrx_word' id='word_1_417' title='bbox 2335 3126 2727 3199; x_wconf 81' lang='grc' dir='ltr'>προσκείμενον</span> <span class='ocrx_word' id='word_1_418' title='bbox 2756 3126 3086 3197; x_wconf 83' lang='grc' dir='ltr'>εὑρίσκομεν</span> <span class='ocrx_word' id='word_1_419' title='bbox 3111 3127 3172 3180; x_wconf 83' lang='grc' dir='ltr'>τὸ</span> <span class='ocrx_word' id='word_1_420' title='bbox 3206 3125 3541 3196; x_wconf 68' lang='grc' dir='ltr'>ὃιάψαλμα.</span> <span class='ocrx_word' id='word_1_421' title='bbox 3571 3128 3629 3181; x_wconf 89' lang='lat'><strong>&#39;0</strong></span> 
     </span>
    </p>
   </div>
   <div class='ocr_carea' id='block_1_64' title="bbox 373 3215 1949 3287">
    <p class='ocr_par' dir='ltr' id='par_1_64' title="bbox 373 3215 1949 3287">
     <span class='ocr_line' id='line_1_64' title="bbox 373 3215 1949 3287; baseline 0.003 -19"><span class='ocrx_word' id='word_1_422' title='bbox 373 3215 689 3272; x_wconf 75' lang='lat' dir='ltr'><strong>invenimus</strong></span> <span class='ocrx_word' id='word_1_423' title='bbox 730 3216 1046 3285; x_wconf 76' lang='lat' dir='ltr'><strong>adiunctum</strong></span> <span class='ocrx_word' id='word_1_424' title='bbox 1091 3216 1395 3287; x_wconf 67' lang='grc' dir='ltr'>διάψαλμα.</span> <span class='ocrx_word' id='word_1_425' title='bbox 1444 3215 1634 3286; x_wconf 83' lang='lat' dir='ltr'><strong>Aquila</strong></span> <span class='ocrx_word' id='word_1_426' title='bbox 1686 3231 1815 3271; x_wconf 89' lang='lat' dir='ltr'><strong>vero</strong></span> <span class='ocrx_word' id='word_1_427' title='bbox 1869 3217 1949 3273; x_wconf 89' lang='lat' dir='ltr'><strong>sic</strong></span> 
     </span>
    </p>
   </div>
   <div class='ocr_carea' id='block_1_65' title="bbox 370 3306 1950 3377">
    <p class='ocr_par' dir='ltr' id='par_1_65' title="bbox 370 3306 1950 3377">
     <span class='ocr_line' id='line_1_65' title="bbox 370 3306 1950 3377; baseline 0.001 -18"><span class='ocrx_word' id='word_1_428' title='bbox 370 3306 662 3377; x_wconf 76' lang='lat' dir='ltr'><strong>conjunxit</strong></span> <span class='ocrx_word' id='word_1_429' title='bbox 688 3325 703 3362; x_wconf 87' lang='lat'><strong>:</strong></span> <span class='ocrx_word' id='word_1_430' title='bbox 739 3324 759 3358; x_wconf 73' lang='grc' dir='ltr'><strong>ι</strong></span> <span class='ocrx_word' id='word_1_431' title='bbox 803 3306 870 3362; x_wconf 90' lang='lat' dir='ltr'><strong>Et</strong></span> <span class='ocrx_word' id='word_1_432' title='bbox 893 3307 1176 3362; x_wconf 79' lang='lat' dir='ltr'><strong>exaudivit</strong></span> <span class='ocrx_word' id='word_1_433' title='bbox 1206 3323 1291 3361; x_wconf 91' lang='lat' dir='ltr'><strong>me</strong></span> <span class='ocrx_word' id='word_1_434' title='bbox 1318 3307 1385 3362; x_wconf 90' lang='lat' dir='ltr'><strong>de</strong></span> <span class='ocrx_word' id='word_1_435' title='bbox 1416 3317 1597 3362; x_wconf 88' lang='lat' dir='ltr'><strong>monte</strong></span> <span class='ocrx_word' id='word_1_436' title='bbox 1630 3317 1819 3363; x_wconf 90' lang='lat' dir='ltr'><strong>sancto</strong></span> <span class='ocrx_word' id='word_1_437' title='bbox 1849 3323 1950 3362; x_wconf 88' lang='lat' dir='ltr'><strong>suo</strong></span> 
     </span>
    </p>
   </div>
   <div class='ocr_carea' id='block_1_66' title="bbox 371 3398 1952 3470">
    <p class='ocr_par' dir='ltr' id='par_1_66' title="bbox 371 3398 1952 3470">
     <span class='ocr_line' id='line_1_66' title="bbox 371 3398 1952 3470; baseline -0.001 -15"><span class='ocrx_word' id='word_1_438' title='bbox 371 3412 611 3468; x_wconf 86' lang='lat' dir='ltr'><strong>semper.</strong></span> <span class='ocrx_word' id='word_1_439' title='bbox 655 3417 674 3452; x_wconf 78' lang='grc' dir='ltr'><strong>ι</strong></span> <span class='ocrx_word' id='word_1_440' title='bbox 713 3398 778 3454; x_wconf 88' lang='lat' dir='ltr'><strong>Et</strong></span> <span class='ocrx_word' id='word_1_441' title='bbox 800 3399 879 3455; x_wconf 90' lang='lat' dir='ltr'><strong>sic</strong></span> <span class='ocrx_word' id='word_1_442' title='bbox 901 3399 1157 3470; x_wconf 89' lang='lat' dir='ltr'><strong>deinceps</strong></span> <span class='ocrx_word' id='word_1_443' title='bbox 1182 3400 1447 3453; x_wconf 87' lang='lat' dir='ltr'><strong>anteriori</strong></span> <span class='ocrx_word' id='word_1_444' title='bbox 1479 3398 1751 3454; x_wconf 90' lang='lat' dir='ltr'><strong>versiculo</strong></span> <span class='ocrx_word' id='word_1_445' title='bbox 1779 3400 1952 3455; x_wconf 84' lang='lat' dir='ltr'><strong>ascri-</strong></span> 
     </span>
    </p>
   </div>
   <div class='ocr_carea' id='block_1_67' title="bbox 370 3490 1950 3563">
    <p class='ocr_par' dir='ltr' id='par_1_67' title="bbox 370 3490 1950 3563">
     <span class='ocr_line' id='line_1_67' title="bbox 370 3490 1950 3563; baseline 0.001 -19"><span class='ocrx_word' id='word_1_446' title='bbox 370 3492 471 3556; x_wconf 77' lang='lat' dir='ltr'><strong>bit,</strong></span> <span class='ocrx_word' id='word_1_447' title='bbox 501 3491 667 3563; x_wconf 72' lang='lat'><strong>607</strong></span> <span class='ocrx_word' id='word_1_448' title='bbox 693 3506 914 3560; x_wconf 80' lang='lat' dir='ltr'><strong>semper,</strong></span> <span class='ocrx_word' id='word_1_449' title='bbox 966 3507 1131 3548; x_wconf 91' lang='lat' dir='ltr'><strong>unam</strong></span> <span class='ocrx_word' id='word_1_450' title='bbox 1179 3492 1422 3547; x_wconf 85' lang='lat' dir='ltr'><strong>etiiciens</strong></span> <span class='ocrx_word' id='word_1_451' title='bbox 1456 3492 1805 3547; x_wconf 84' lang='lat' dir='ltr'><strong>sententiam.</strong></span> <span class='ocrx_word' id='word_1_452' title='bbox 1838 3490 1950 3563; x_wconf 76' lang='lat' dir='ltr'><strong>Ego</strong></span> 
     </span>
    </p>
   </div>
   <div class='ocr_carea' id='block_1_68' title="bbox 371 3581 1952 3656">
    <p class='ocr_par' dir='ltr' id='par_1_68' title="bbox 371 3581 1952 3656">
     <span class='ocr_line' id='line_1_68' title="bbox 371 3581 1952 3656; baseline 0.002 -19"><span class='ocrx_word' id='word_1_453' title='bbox 371 3594 577 3650; x_wconf 89' lang='lat' dir='ltr'><strong>autem,</strong></span> <span class='ocrx_word' id='word_1_454' title='bbox 605 3599 729 3639; x_wconf 92' lang='lat' dir='ltr'><strong>cum</strong></span> <span class='ocrx_word' id='word_1_455' title='bbox 763 3592 818 3638; x_wconf 92' lang='lat' dir='ltr'><strong>et</strong></span> <span class='ocrx_word' id='word_1_456' title='bbox 854 3581 1210 3656; x_wconf 78' lang='lat' dir='ltr'><strong>Septuaginta</strong></span> <span class='ocrx_word' id='word_1_457' title='bbox 1242 3593 1296 3641; x_wconf 88' lang='lat' dir='ltr'><strong>et</strong></span> <span class='ocrx_word' id='word_1_458' title='bbox 1348 3584 1486 3640; x_wconf 87' lang='lat' dir='ltr'><strong>alios</strong></span> <span class='ocrx_word' id='word_1_459' title='bbox 1517 3599 1708 3641; x_wconf 87' lang='lat' dir='ltr'><strong>omnes</strong></span> <span class='ocrx_word' id='word_1_460' title='bbox 1752 3584 1952 3640; x_wconf 67' lang='lat' dir='ltr'><strong>divinae</strong></span> 
     </span>
    </p>
   </div>
   <div class='ocr_carea' id='block_1_69' title="bbox 370 3675 1953 3747">
    <p class='ocr_par' dir='ltr' id='par_1_69' title="bbox 370 3675 1953 3747">
     <span class='ocr_line' id='line_1_69' title="bbox 370 3675 1953 3747; baseline 0.003 -18"><span class='ocrx_word' id='word_1_461' title='bbox 370 3677 390 3698; x_wconf 82' lang='grc'><strong><em>⁶</em></strong></span> <span class='ocrx_word' id='word_1_462' title='bbox 413 3676 709 3746; x_wconf 61' lang='lat' dir='ltr'><strong>Scriptura?</strong></span> <span class='ocrx_word' id='word_1_463' title='bbox 730 3677 1051 3747; x_wconf 88' lang='lat' dir='ltr'><strong>interpretes</strong></span> <span class='ocrx_word' id='word_1_464' title='bbox 1080 3677 1440 3747; x_wconf 83' lang='lat' dir='ltr'><strong>diapsalmate</strong></span> <span class='ocrx_word' id='word_1_465' title='bbox 1477 3691 1609 3732; x_wconf 89' lang='lat' dir='ltr'><strong>usos</strong></span> <span class='ocrx_word' id='word_1_466' title='bbox 1639 3691 1759 3732; x_wconf 88' lang='lat' dir='ltr'><strong>esse</strong></span> <span class='ocrx_word' id='word_1_467' title='bbox 1807 3675 1953 3733; x_wconf 86' lang='lat' dir='ltr'><strong>inve-</strong></span> 
     </span>
    </p>
   </div>
   <div class='ocr_carea' id='block_1_70' title="bbox 374 3766 1949 3838">
    <p class='ocr_par' dir='ltr' id='par_1_70' title="bbox 374 3766 1949 3838">
     <span class='ocr_line' id='line_1_70' title="bbox 374 3766 1949 3838; baseline 0.001 -16"><span class='ocrx_word' id='word_1_468' title='bbox 374 3767 545 3833; x_wconf 86' lang='lat' dir='ltr'><strong>niam,</strong></span> <span class='ocrx_word' id='word_1_469' title='bbox 573 3766 837 3838; x_wconf 84' lang='lat' dir='ltr'><strong>injustum</strong></span> <span class='ocrx_word' id='word_1_470' title='bbox 867 3769 1122 3835; x_wconf 87' lang='lat' dir='ltr'><strong>arbitror,</strong></span> <span class='ocrx_word' id='word_1_471' title='bbox 1172 3776 1254 3823; x_wconf 92' lang='lat' dir='ltr'><strong>tot</strong></span> <span class='ocrx_word' id='word_1_472' title='bbox 1287 3770 1530 3838; x_wconf 86' lang='lat' dir='ltr'><strong>talesque</strong></span> <span class='ocrx_word' id='word_1_473' title='bbox 1558 3768 1838 3838; x_wconf 88' lang='lat' dir='ltr'><strong>despicere</strong></span> <span class='ocrx_word' id='word_1_474' title='bbox 1866 3768 1949 3823; x_wconf 85' lang='lat' dir='ltr'><strong>vi-</strong></span> 
     </span>
    </p>
   </div>
   <div class='ocr_carea' id='block_1_71' title="bbox 373 3859 1952 3927">
    <p class='ocr_par' dir='ltr' id='par_1_71' title="bbox 373 3859 1952 3927">
     <span class='ocr_line' id='line_1_71' title="bbox 373 3859 1952 3927; baseline 0.001 -13"><span class='ocrx_word' id='word_1_475' title='bbox 373 3874 489 3924; x_wconf 89' lang='lat' dir='ltr'><strong>ros,</strong></span> <span class='ocrx_word' id='word_1_476' title='bbox 523 3868 577 3915; x_wconf 90' lang='lat' dir='ltr'><strong>et</strong></span> <span class='ocrx_word' id='word_1_477' title='bbox 602 3861 765 3917; x_wconf 91' lang='lat' dir='ltr'><strong>unius</strong></span> <span class='ocrx_word' id='word_1_478' title='bbox 800 3869 1013 3919; x_wconf 90' lang='lat' dir='ltr'><strong>tantum</strong></span> <span class='ocrx_word' id='word_1_479' title='bbox 1042 3861 1325 3918; x_wconf 88' lang='lat' dir='ltr'><strong>sententiae</strong></span> <span class='ocrx_word' id='word_1_480' title='bbox 1354 3860 1646 3916; x_wconf 71' lang='lat' dir='ltr'><strong>adhaerere.</strong></span> <span class='ocrx_word' id='word_1_481' title='bbox 1676 3859 1952 3927; x_wconf 78' lang='lat' dir='ltr'><strong>Quamob-</strong></span> 
     </span>
    </p>
   </div>
   <div class='ocr_carea' id='block_1_72' title="bbox 378 3954 1951 4025">
    <p class='ocr_par' dir='ltr' id='par_1_72' title="bbox 378 3954 1951 4025">
     <span class='ocr_line' id='line_1_72' title="bbox 378 3954 1951 4025; baseline 0.003 -20"><span class='ocrx_word' id='word_1_482' title='bbox 378 3965 490 4006; x_wconf 89' lang='lat' dir='ltr'><strong>rem</strong></span> <span class='ocrx_word' id='word_1_483' title='bbox 545 3961 742 4008; x_wconf 90' lang='lat' dir='ltr'><strong>cantus</strong></span> <span class='ocrx_word' id='word_1_484' title='bbox 787 3954 1148 4011; x_wconf 89' lang='lat' dir='ltr'><strong>mutationem</strong></span> <span class='ocrx_word' id='word_1_485' title='bbox 1181 3954 1487 4025; x_wconf 73' lang='lat' dir='ltr'><strong>significare</strong></span> <span class='ocrx_word' id='word_1_486' title='bbox 1538 3956 1776 4012; x_wconf 89' lang='lat' dir='ltr'><strong>arbitror</strong></span> <span class='ocrx_word' id='word_1_487' title='bbox 1827 3958 1951 4010; x_wconf 82' lang='lat' dir='ltr'><strong>dia-</strong></span> 
     </span>
    </p>
   </div>
   <div class='ocr_carea' id='block_1_73' title="bbox 384 4044 1950 4123">
    <p class='ocr_par' dir='ltr' id='par_1_73' title="bbox 384 4044 1950 4123">
     <span class='ocr_line' id='line_1_73' title="bbox 384 4044 1950 4123; baseline 0.004 -27"><span class='ocrx_word' id='word_1_488' title='bbox 384 4044 665 4114; x_wconf 77' lang='lat' dir='ltr'><strong>psalmatis</strong></span> <span class='ocrx_word' id='word_1_489' title='bbox 716 4047 1065 4119; x_wconf 76' lang='lat' dir='ltr'><strong>scripturam.</strong></span> <span class='ocrx_word' id='word_1_490' title='bbox 1117 4047 1254 4103; x_wconf 88' lang='lat' dir='ltr'><strong>Cum</strong></span> <span class='ocrx_word' id='word_1_491' title='bbox 1307 4048 1451 4105; x_wconf 90' lang='lat' dir='ltr'><strong>enim</strong></span> <span class='ocrx_word' id='word_1_492' title='bbox 1509 4066 1738 4123; x_wconf 79' lang='lat' dir='ltr'><strong>magnus</strong></span> <span class='ocrx_word' id='word_1_493' title='bbox 1779 4048 1950 4104; x_wconf 82' lang='lat' dir='ltr'><strong>David</strong></span> 
     </span>
    </p>
   </div>
   <div class='ocr_carea' id='block_1_74' title="bbox 378 4135 1951 4212">
    <p class='ocr_par' dir='ltr' id='par_1_74' title="bbox 378 4135 1951 4212">
     <span class='ocr_line' id='line_1_74' title="bbox 378 4135 1951 4212; baseline 0.003 -21"><span class='ocrx_word' id='word_1_494' title='bbox 378 4135 563 4193; x_wconf 85' lang='lat' dir='ltr'><strong>choris</strong></span> <span class='ocrx_word' id='word_1_495' title='bbox 617 4136 903 4205; x_wconf 89' lang='lat' dir='ltr'><strong>institutis,</strong></span> <span class='ocrx_word' id='word_1_496' title='bbox 945 4137 1053 4195; x_wconf 89' lang='lat' dir='ltr'><strong>Deo</strong></span> <span class='ocrx_word' id='word_1_497' title='bbox 1089 4140 1436 4212; x_wconf 79' lang='lat' dir='ltr'><strong>hymnodiam</strong></span> <span class='ocrx_word' id='word_1_498' title='bbox 1467 4144 1708 4208; x_wconf 81' lang='lat' dir='ltr'><strong>oti‘erret,</strong></span> <span class='ocrx_word' id='word_1_499' title='bbox 1732 4158 1840 4197; x_wconf 91' lang='lat' dir='ltr'><strong>non</strong></span> <span class='ocrx_word' id='word_1_500' title='bbox 1871 4140 1951 4196; x_wconf 92' lang='lat' dir='ltr'><strong>illi</strong></span> 
     </span>
    </p>
   </div>
   <div class='ocr_carea' id='block_1_75' title="bbox 380 4226 1951 4304">
    <p class='ocr_par' dir='ltr' id='par_1_75' title="bbox 380 4226 1951 4304">
     <span class='ocr_line' id='line_1_75' title="bbox 380 4226 1951 4304; baseline 0.006 -23"><span class='ocrx_word' id='word_1_501' title='bbox 380 4226 601 4297; x_wconf 83' lang='lat' dir='ltr'><strong>quidem</strong></span> <span class='ocrx_word' id='word_1_502' title='bbox 630 4228 868 4300; x_wconf 90' lang='lat' dir='ltr'><strong>aliquem</strong></span> <span class='ocrx_word' id='word_1_503' title='bbox 909 4230 1146 4287; x_wconf 83' lang='lat' dir='ltr'><strong>fructum</strong></span> <span class='ocrx_word' id='word_1_504' title='bbox 1199 4250 1471 4304; x_wconf 64' lang='lat' dir='ltr'><strong>quaerens,</strong></span> <span class='ocrx_word' id='word_1_505' title='bbox 1517 4235 1610 4291; x_wconf 79' lang='lat' dir='ltr'><strong>sed</strong></span> <span class='ocrx_word' id='word_1_506' title='bbox 1659 4235 1951 4292; x_wconf 85' lang='lat' dir='ltr'><strong>utilitatem</strong></span> 
     </span>
    </p>
   </div>
   <div class='ocr_carea' id='block_1_76' title="bbox 381 4320 1953 4394">
    <p class='ocr_par' dir='ltr' id='par_1_76' title="bbox 381 4320 1953 4394">
     <span class='ocr_line' id='line_1_76' title="bbox 381 4320 1953 4394; baseline 0.004 -19"><span class='ocrx_word' id='word_1_507' title='bbox 381 4320 582 4392; x_wconf 82' lang='lat' dir='ltr'><strong>pOpulo</strong></span> <span class='ocrx_word' id='word_1_508' title='bbox 611 4322 910 4378; x_wconf 85' lang='lat' dir='ltr'><strong>cencilians</strong></span> <span class='ocrx_word' id='word_1_509' title='bbox 936 4363 950 4388; x_wconf 92' lang='lat'><strong>,</strong></span> <span class='ocrx_word' id='word_1_510' title='bbox 991 4325 1171 4394; x_wconf 89' lang='lat' dir='ltr'><strong>palam</strong></span> <span class='ocrx_word' id='word_1_511' title='bbox 1218 4334 1305 4381; x_wconf 90' lang='lat' dir='ltr'><strong>est</strong></span> <span class='ocrx_word' id='word_1_512' title='bbox 1329 4341 1452 4382; x_wconf 84' lang='lat' dir='ltr'><strong>eum</strong></span> <span class='ocrx_word' id='word_1_513' title='bbox 1494 4327 1599 4383; x_wconf 87' lang='lat' dir='ltr'><strong>hoc</strong></span> <span class='ocrx_word' id='word_1_514' title='bbox 1645 4325 1861 4394; x_wconf 82' lang='lat' dir='ltr'><strong>fecisse,</strong></span> <span class='ocrx_word' id='word_1_515' title='bbox 1892 4336 1953 4383; x_wconf 92' lang='lat' dir='ltr'><strong>ut</strong></span> 
     </span>
    </p>
   </div>
   <div class='ocr_carea' id='block_1_77' title="bbox 376 4414 1949 4487">
    <p class='ocr_par' dir='ltr' id='par_1_77' title="bbox 376 4414 1949 4487">
     <span class='ocr_line' id='line_1_77' title="bbox 376 4414 1949 4487; baseline 0.003 -18"><span class='ocrx_word' id='word_1_516' title='bbox 376 4429 502 4469; x_wconf 86' lang='lat' dir='ltr'><strong>cum</strong></span> <span class='ocrx_word' id='word_1_517' title='bbox 542 4414 725 4487; x_wconf 89' lang='lat' dir='ltr'><strong>aliqua</strong></span> <span class='ocrx_word' id='word_1_518' title='bbox 751 4415 1133 4473; x_wconf 87' lang='lat' dir='ltr'><strong>convenientia</strong></span> <span class='ocrx_word' id='word_1_519' title='bbox 1161 4427 1214 4473; x_wconf 88' lang='lat' dir='ltr'><strong>et</strong></span> <span class='ocrx_word' id='word_1_520' title='bbox 1248 4419 1400 4473; x_wconf 88' lang='lat' dir='ltr'><strong>chori</strong></span> <span class='ocrx_word' id='word_1_521' title='bbox 1432 4420 1803 4486; x_wconf 86' lang='lat' dir='ltr'><strong>concinerent,</strong></span> <span class='ocrx_word' id='word_1_522' title='bbox 1834 4428 1888 4475; x_wconf 91' lang='lat' dir='ltr'><strong>et</strong></span> <span class='ocrx_word' id='word_1_523' title='bbox 1911 4419 1949 4474; x_wconf 92' lang='lat' dir='ltr'><strong>ii</strong></span> 
     </span>
    </p>
   </div>
   <div class='ocr_carea' id='block_1_78' title="bbox 377 4507 1950 4578">
    <p class='ocr_par' dir='ltr' id='par_1_78' title="bbox 377 4507 1950 4578">
     <span class='ocr_line' id='line_1_78' title="bbox 377 4507 1950 4578; baseline 0.001 -17"><span class='ocrx_word' id='word_1_524' title='bbox 377 4508 471 4578; x_wconf 79' lang='lat' dir='ltr'><strong>qui</strong></span> <span class='ocrx_word' id='word_1_525' title='bbox 501 4507 883 4564; x_wconf 88' lang='lat' dir='ltr'><strong>instrumentis</strong></span> <span class='ocrx_word' id='word_1_526' title='bbox 914 4508 1225 4576; x_wconf 88' lang='lat' dir='ltr'><strong>utebantur,</strong></span> <span class='ocrx_word' id='word_1_527' title='bbox 1257 4524 1452 4565; x_wconf 90' lang='lat' dir='ltr'><strong>sonum</strong></span> <span class='ocrx_word' id='word_1_528' title='bbox 1488 4509 1711 4565; x_wconf 87' lang='lat' dir='ltr'><strong>ederent</strong></span> <span class='ocrx_word' id='word_1_529' title='bbox 1751 4525 1950 4565; x_wconf 73' lang='lat' dir='ltr'><strong>conso~</strong></span> 
     </span>
    </p>
   </div>
   <div class='ocr_carea' id='block_1_79' title="bbox 380 4597 1955 4671">
    <p class='ocr_par' dir='ltr' id='par_1_79' title="bbox 380 4597 1955 4671">
     <span class='ocr_line' id='line_1_79' title="bbox 380 4597 1955 4671; baseline 0.001 -20"><span class='ocrx_word' id='word_1_530' title='bbox 380 4607 623 4654; x_wconf 87' lang='lat' dir='ltr'><strong>nantem.</strong></span> <span class='ocrx_word' id='word_1_531' title='bbox 676 4597 987 4667; x_wconf 84' lang='lat' dir='ltr'><strong>Quinetiam</strong></span> <span class='ocrx_word' id='word_1_532' title='bbox 1036 4609 1089 4655; x_wconf 90' lang='lat' dir='ltr'><strong>et</strong></span> <span class='ocrx_word' id='word_1_533' title='bbox 1125 4601 1409 4656; x_wconf 89' lang='lat' dir='ltr'><strong>cantiones</strong></span> <span class='ocrx_word' id='word_1_534' title='bbox 1450 4602 1581 4671; x_wconf 68' lang='lat' dir='ltr'><strong>ipsae</strong></span> <span class='ocrx_word' id='word_1_535' title='bbox 1614 4601 1812 4655; x_wconf 89' lang='lat' dir='ltr'><strong>multas</strong></span> <span class='ocrx_word' id='word_1_536' title='bbox 1856 4601 1955 4654; x_wconf 75' lang='lat' dir='ltr'><strong>lia-</strong></span> 
     </span>
    </p>
   </div>
   <div class='ocr_carea' id='block_1_80' title="bbox 377 4689 1953 4763">
    <p class='ocr_par' dir='ltr' id='par_1_80' title="bbox 377 4689 1953 4763">
     <span class='ocr_line' id='line_1_80' title="bbox 377 4689 1953 4763; baseline 0 -19"><span class='ocrx_word' id='word_1_537' title='bbox 377 4689 822 4745; x_wconf 73' lang='lat' dir='ltr'><strong>brntmodorum</strong></span> <span class='ocrx_word' id='word_1_538' title='bbox 873 4691 1038 4755; x_wconf 87' lang='lat' dir='ltr'><strong>vices,</strong></span> <span class='ocrx_word' id='word_1_539' title='bbox 1095 4698 1149 4745; x_wconf 86' lang='lat' dir='ltr'><strong>et</strong></span> <span class='ocrx_word' id='word_1_540' title='bbox 1199 4692 1331 4763; x_wconf 71' lang='lat' dir='ltr'><strong>lyrm</strong></span> <span class='ocrx_word' id='word_1_541' title='bbox 1377 4707 1594 4761; x_wconf 82' lang='lat' dir='ltr'><strong>quoque</strong></span> <span class='ocrx_word' id='word_1_542' title='bbox 1625 4701 1680 4745; x_wconf 86' lang='lat' dir='ltr'><strong>et</strong></span> <span class='ocrx_word' id='word_1_543' title='bbox 1726 4692 1953 4745; x_wconf 59' lang='lat' dir='ltr'><strong>citharae</strong></span> 
     </span>
    </p>
   </div>
   <div class='ocr_carea' id='block_1_81' title="bbox 381 4779 1955 4853">
    <p class='ocr_par' dir='ltr' id='par_1_81' title="bbox 381 4779 1955 4853">
     <span class='ocr_line' id='line_1_81' title="bbox 381 4779 1955 4853; baseline 0.003 -20"><span class='ocrx_word' id='word_1_544' title='bbox 381 4795 513 4835; x_wconf 88' lang='lat' dir='ltr'><strong>suas</strong></span> <span class='ocrx_word' id='word_1_545' title='bbox 571 4779 772 4835; x_wconf 88' lang='lat' dir='ltr'><strong>habent</strong></span> <span class='ocrx_word' id='word_1_546' title='bbox 825 4782 987 4852; x_wconf 93' lang='lat' dir='ltr'><strong>pulsu</strong></span> <span class='ocrx_word' id='word_1_547' title='bbox 1006 4799 1096 4836; x_wconf 91' lang='lat' dir='ltr'><strong>um</strong></span> <span class='ocrx_word' id='word_1_548' title='bbox 1134 4784 1425 4838; x_wconf 81' lang='lat' dir='ltr'><strong>varietates</strong></span> <span class='ocrx_word' id='word_1_549' title='bbox 1458 4800 1472 4837; x_wconf 90' lang='lat'><strong>:</strong></span> <span class='ocrx_word' id='word_1_550' title='bbox 1507 4793 1669 4853; x_wconf 87' lang='lat' dir='ltr'><strong>atque</strong></span> <span class='ocrx_word' id='word_1_551' title='bbox 1709 4782 1762 4836; x_wconf 92' lang='lat' dir='ltr'><strong>in</strong></span> <span class='ocrx_word' id='word_1_552' title='bbox 1809 4781 1955 4837; x_wconf 90' lang='lat' dir='ltr'><strong>tibiis</strong></span> 
     </span>
    </p>
   </div>
   <div class='ocr_carea' id='block_1_82' title="bbox 377 4869 1949 4946">
    <p class='ocr_par' dir='ltr' id='par_1_82' title="bbox 377 4869 1949 4946">
     <span class='ocr_line' id='line_1_82' title="bbox 377 4869 1949 4946; baseline 0.003 -22"><span class='ocrx_word' id='word_1_553' title='bbox 377 4869 543 4924; x_wconf 83' lang='lat' dir='ltr'><strong>etiam</strong></span> <span class='ocrx_word' id='word_1_554' title='bbox 574 4871 742 4925; x_wconf 84' lang='lat' dir='ltr'><strong>multa</strong></span> <span class='ocrx_word' id='word_1_555' title='bbox 769 4872 932 4943; x_wconf 84' lang='lat' dir='ltr'><strong>hujus</strong></span> <span class='ocrx_word' id='word_1_556' title='bbox 970 4874 1185 4946; x_wconf 76' lang='lat' dir='ltr'><strong>generis</strong></span> <span class='ocrx_word' id='word_1_557' title='bbox 1222 4875 1540 4931; x_wconf 88' lang='lat' dir='ltr'><strong>discrimina</strong></span> <span class='ocrx_word' id='word_1_558' title='bbox 1563 4876 1949 4929; x_wconf 89' lang='lat' dir='ltr'><strong>observantur.</strong></span> 
     </span>
    </p>
   </div>
   <div class='ocr_carea' id='block_1_83' title="bbox 377 4962 1952 5035">
    <p class='ocr_par' dir='ltr' id='par_1_83' title="bbox 377 4962 1952 5035">
     <span class='ocr_line' id='line_1_83' title="bbox 377 4962 1952 5035; baseline 0.003 -19"><span class='ocrx_word' id='word_1_559' title='bbox 377 4962 666 5033; x_wconf 68' lang='grc' dir='ltr'>Διίψαλμα</span> <span class='ocrx_word' id='word_1_560' title='bbox 699 4963 859 5035; x_wconf 75' lang='lat' dir='ltr'><strong>igitur</strong></span> <span class='ocrx_word' id='word_1_561' title='bbox 882 4965 1091 5023; x_wconf 88' lang='lat' dir='ltr'><strong>videtur</strong></span> <span class='ocrx_word' id='word_1_562' title='bbox 1112 4967 1247 5024; x_wconf 83' lang='lat' dir='ltr'><strong>mihi</strong></span> <span class='ocrx_word' id='word_1_563' title='bbox 1276 4968 1525 5034; x_wconf 87' lang='lat' dir='ltr'><strong>innuere,</strong></span> <span class='ocrx_word' id='word_1_564' title='bbox 1553 4974 1611 5021; x_wconf 92' lang='lat' dir='ltr'><strong>ut</strong></span> <span class='ocrx_word' id='word_1_565' title='bbox 1654 4965 1788 5033; x_wconf 75' lang='lat' dir='ltr'><strong>dixi,</strong></span> <span class='ocrx_word' id='word_1_566' title='bbox 1818 4978 1952 5024; x_wconf 80' lang='lat' dir='ltr'><strong>can—</strong></span> 
     </span>
    </p>
   </div>
   <div class='ocr_carea' id='block_1_84' title="bbox 450 5075 919 5145">
    <p class='ocr_par' dir='ltr' id='par_1_84' title="bbox 450 5075 919 5145">
     <span class='ocr_line' id='line_1_84' title="bbox 450 5075 919 5145; baseline -0.002 -11"><span class='ocrx_word' id='word_1_567' title='bbox 450 5076 481 5119; x_wconf 73' lang='grc' dir='ltr'>ιι</span> <span class='ocrx_word' id='word_1_568' title='bbox 509 5075 658 5134; x_wconf 84' lang='lat' dir='ltr'><strong>Psal.</strong></span> <span class='ocrx_word' id='word_1_569' title='bbox 685 5091 832 5145; x_wconf 78' lang='lat' dir='ltr'><strong>mv,</strong></span> <span class='ocrx_word' id='word_1_570' title='bbox 861 5078 919 5133; x_wconf 72' lang='grc'>4.</span> 
     </span>
    </p>
   </div>
   <div class='ocr_carea' id='block_1_85' title="bbox 2050 3218 3628 3291">
    <p class='ocr_par' dir='ltr' id='par_1_85' title="bbox 2050 3218 3628 3291">
     <span class='ocr_line' id='line_1_85' title="bbox 2050 3218 3628 3291; baseline -0.001 -17"><span class='ocrx_word' id='word_1_571' title='bbox 2050 3220 2107 3274; x_wconf 80' lang='grc' dir='ltr'>δὲ</span> <span class='ocrx_word' id='word_1_572' title='bbox 2150 3219 2381 3282; x_wconf 81' lang='grc' dir='ltr'>Ἀκύλας</span> <span class='ocrx_word' id='word_1_573' title='bbox 2415 3218 2591 3283; x_wconf 73' lang='grc' dir='ltr'>οὕτως</span> <span class='ocrx_word' id='word_1_574' title='bbox 2626 3218 2831 3291; x_wconf 79' lang='grc' dir='ltr'>συνῆψε</span> <span class='ocrx_word' id='word_1_575' title='bbox 2855 3220 2922 3284; x_wconf 78' lang='grc'><strong>³⁹,</strong></span> <span class='ocrx_word' id='word_1_576' title='bbox 2974 3238 2994 3271; x_wconf 78' lang='grc' dir='ltr'><strong>ι</strong></span> <span class='ocrx_word' id='word_1_577' title='bbox 3042 3218 3153 3273; x_wconf 72' lang='grc' dir='ltr'><strong>Καὶ</strong></span> <span class='ocrx_word' id='word_1_578' title='bbox 3194 3220 3471 3290; x_wconf 78' lang='grc' dir='ltr'>ἐπήκουσέ</span> <span class='ocrx_word' id='word_1_579' title='bbox 3522 3236 3628 3290; x_wconf 85' lang='grc' dir='ltr'><strong>μου</strong></span> 
     </span>
    </p>
   </div>
   <div class='ocr_carea' id='block_1_86' title="bbox 2051 3297 3629 3384">
    <p class='ocr_par' dir='ltr' id='par_1_86' title="bbox 2051 3297 3629 3384">
     <span class='ocr_line' id='line_1_86' title="bbox 2051 3297 3629 3384; baseline -0.002 -18"><span class='ocrx_word' id='word_1_580' title='bbox 2051 3311 2111 3377; x_wconf 77' lang='grc' dir='ltr'><strong>ἐξ</strong></span> <span class='ocrx_word' id='word_1_581' title='bbox 2136 3297 2298 3384; x_wconf 79' lang='grc' dir='ltr'>ὅρους</span> <span class='ocrx_word' id='word_1_582' title='bbox 2325 3311 2483 3379; x_wconf 81' lang='grc' dir='ltr'>ἁγίου</span> <span class='ocrx_word' id='word_1_583' title='bbox 2517 3311 2685 3365; x_wconf 83' lang='grc' dir='ltr'>αὑτοῦ</span> <span class='ocrx_word' id='word_1_584' title='bbox 2719 3312 2826 3366; x_wconf 81' lang='grc' dir='ltr'>ἀεὶ.</span> <span class='ocrx_word' id='word_1_585' title='bbox 2862 3330 2883 3363; x_wconf 76' lang='grc' dir='ltr'><strong>ι</strong></span> <span class='ocrx_word' id='word_1_586' title='bbox 2914 3312 3025 3365; x_wconf 77' lang='grc' dir='ltr'><strong>Καὶ</strong></span> <span class='ocrx_word' id='word_1_587' title='bbox 3053 3309 3195 3364; x_wconf 79' lang='grc' dir='ltr'>οὕτω</span> <span class='ocrx_word' id='word_1_588' title='bbox 3234 3310 3289 3365; x_wconf 77' lang='grc' dir='ltr'>δὲ</span> <span class='ocrx_word' id='word_1_589' title='bbox 3321 3311 3520 3381; x_wconf 78' lang='grc' dir='ltr'>ἐφεξῆς</span> <span class='ocrx_word' id='word_1_590' title='bbox 3549 3310 3629 3381; x_wconf 84' lang='grc' dir='ltr'>τῷ</span> 
     </span>
    </p>
   </div>
   <div class='ocr_carea' id='block_1_87' title="bbox 2049 3390 3631 3476">
    <p class='ocr_par' dir='ltr' id='par_1_87' title="bbox 2049 3390 3631 3476">
     <span class='ocr_line' id='line_1_87' title="bbox 2049 3390 3631 3476; baseline -0.002 -18"><span class='ocrx_word' id='word_1_591' title='bbox 2049 3404 2342 3476; x_wconf 77' lang='grc' dir='ltr'>ἡγουμένῳ</span> <span class='ocrx_word' id='word_1_592' title='bbox 2373 3403 2539 3475; x_wconf 84' lang='grc' dir='ltr'>στίχῳ</span> <span class='ocrx_word' id='word_1_593' title='bbox 2566 3403 2612 3435; x_wconf 86' lang='grc'>³³</span> <span class='ocrx_word' id='word_1_594' title='bbox 2640 3403 2927 3469; x_wconf 84' lang='grc' dir='ltr'>συνάπτει,</span> <span class='ocrx_word' id='word_1_595' title='bbox 2965 3403 3095 3473; x_wconf 91' lang='grc' dir='ltr'>μίαν</span> <span class='ocrx_word' id='word_1_596' title='bbox 3130 3403 3371 3457; x_wconf 86' lang='grc' dir='ltr'>διάνοιαν</span> <span class='ocrx_word' id='word_1_597' title='bbox 3395 3390 3631 3473; x_wconf 74' lang='grc' dir='ltr'><strong>ἐργαζό-</strong></span> 
     </span>
    </p>
   </div>
   <div class='ocr_carea' id='block_1_88' title="bbox 2054 3494 3630 3568">
    <p class='ocr_par' dir='ltr' id='par_1_88' title="bbox 2054 3494 3630 3568">
     <span class='ocr_line' id='line_1_88' title="bbox 2054 3494 3630 3568; baseline -0.002 -18"><span class='ocrx_word' id='word_1_598' title='bbox 2054 3512 2237 3568; x_wconf 85' lang='grc' dir='ltr'>μενος.</span> <span class='ocrx_word' id='word_1_599' title='bbox 2290 3494 2431 3564; x_wconf 84' lang='grc' dir='ltr'>Ἑγὼ</span> <span class='ocrx_word' id='word_1_600' title='bbox 2460 3494 2518 3549; x_wconf 81' lang='grc' dir='ltr'><strong>δὲ</strong></span> <span class='ocrx_word' id='word_1_601' title='bbox 2550 3496 2643 3550; x_wconf 72' lang='grc' dir='ltr'>καὶ</span> <span class='ocrx_word' id='word_1_602' title='bbox 2659 3495 2705 3528; x_wconf 66' lang='grc'><strong><em>³⁵</em></strong></span> <span class='ocrx_word' id='word_1_603' title='bbox 2736 3495 2865 3560; x_wconf 74' lang='grc' dir='ltr'>τοὺς</span> <span class='ocrx_word' id='word_1_604' title='bbox 2906 3495 3343 3566; x_wconf 82' lang='grc' dir='ltr'>Ἐϐδομήκοντα,</span> <span class='ocrx_word' id='word_1_605' title='bbox 3377 3494 3474 3548; x_wconf 81' lang='grc' dir='ltr'>καὶ</span> <span class='ocrx_word' id='word_1_606' title='bbox 3502 3495 3630 3557; x_wconf 82' lang='grc' dir='ltr'>τοὺς</span> 
     </span>
    </p>
   </div>
   <div class='ocr_carea' id='block_1_89' title="bbox 2050 3585 3630 3659">
    <p class='ocr_par' dir='ltr' id='par_1_89' title="bbox 2050 3585 3630 3659">
     <span class='ocr_line' id='line_1_89' title="bbox 2050 3585 3630 3659; baseline -0.001 -19"><span class='ocrx_word' id='word_1_607' title='bbox 2050 3586 2246 3652; x_wconf 76' lang='grc' dir='ltr'>ἄλλους</span> <span class='ocrx_word' id='word_1_608' title='bbox 2302 3586 2553 3651; x_wconf 71' lang='grc' dir='ltr'>ἅπαντας</span> <span class='ocrx_word' id='word_1_609' title='bbox 2584 3586 2629 3619; x_wconf 84' lang='grc'><strong>³⁸</strong></span> <span class='ocrx_word' id='word_1_610' title='bbox 2678 3587 2778 3658; x_wconf 84' lang='grc' dir='ltr'><strong>τῆς</strong></span> <span class='ocrx_word' id='word_1_611' title='bbox 2830 3586 2983 3651; x_wconf 87' lang='grc' dir='ltr'>θείας</span> <span class='ocrx_word' id='word_1_612' title='bbox 3016 3587 3242 3659; x_wconf 85' lang='grc' dir='ltr'>Γραφῆς</span> <span class='ocrx_word' id='word_1_613' title='bbox 3284 3585 3630 3657; x_wconf 82' lang='grc' dir='ltr'>έρμηνευτὰς</span> 
     </span>
    </p>
   </div>
   <div class='ocr_carea' id='block_1_90' title="bbox 2050 3676 3628 3750">
    <p class='ocr_par' dir='ltr' id='par_1_90' title="bbox 2050 3676 3628 3750">
     <span class='ocr_line' id='line_1_90' title="bbox 2050 3676 3628 3750; baseline -0.002 -18"><span class='ocrx_word' id='word_1_614' title='bbox 2050 3677 2128 3749; x_wconf 83' lang='grc' dir='ltr'>τῷ</span> <span class='ocrx_word' id='word_1_615' title='bbox 2157 3677 2492 3749; x_wconf 82' lang='grc' dir='ltr'>διαψάλματι</span> <span class='ocrx_word' id='word_1_616' title='bbox 2531 3677 2912 3750; x_wconf 82' lang='grc' dir='ltr'>κεχρημένους</span> <span class='ocrx_word' id='word_1_617' title='bbox 2959 3678 3251 3749; x_wconf 86' lang='grc' dir='ltr'>εὑρίσκων,</span> <span class='ocrx_word' id='word_1_618' title='bbox 3305 3677 3367 3730; x_wconf 86' lang='grc' dir='ltr'><strong>ού</strong></span> <span class='ocrx_word' id='word_1_619' title='bbox 3416 3676 3628 3730; x_wconf 87' lang='grc' dir='ltr'>δίκαιον</span> 
     </span>
    </p>
   </div>
   <div class='ocr_carea' id='block_1_91' title="bbox 2052 3766 3628 3840">
    <p class='ocr_par' dir='ltr' id='par_1_91' title="bbox 2052 3766 3628 3840">
     <span class='ocr_line' id='line_1_91' title="bbox 2052 3766 3628 3840; baseline -0.001 -18"><span class='ocrx_word' id='word_1_620' title='bbox 2052 3768 2295 3840; x_wconf 79' lang='grc' dir='ltr'>ἠγοῦμαι</span> <span class='ocrx_word' id='word_1_621' title='bbox 2327 3768 2601 3823; x_wconf 83' lang='grc' dir='ltr'>τοσούτων</span> <span class='ocrx_word' id='word_1_622' title='bbox 2634 3769 2735 3840; x_wconf 85' lang='grc' dir='ltr'>μὲν</span> <span class='ocrx_word' id='word_1_623' title='bbox 2775 3766 2870 3823; x_wconf 72' lang='grc' dir='ltr'><strong>καὶ</strong></span> <span class='ocrx_word' id='word_1_624' title='bbox 2897 3767 3157 3824; x_wconf 86' lang='grc' dir='ltr'>τοιούτων</span> <span class='ocrx_word' id='word_1_625' title='bbox 3189 3768 3628 3839; x_wconf 84' lang='grc' dir='ltr'>καταφρονῆσαι,</span> 
     </span>
    </p>
   </div>
   <div class='ocr_carea' id='block_1_92' title="bbox 2052 3858 3629 3936">
    <p class='ocr_par' dir='ltr' id='par_1_92' title="bbox 2052 3858 3629 3936">
     <span class='ocr_line' id='line_1_92' title="bbox 2052 3858 3629 3936; baseline 0.001 -20"><span class='ocrx_word' id='word_1_626' title='bbox 2052 3863 2170 3927; x_wconf 72' lang='grc' dir='ltr'>ἑνὸς</span> <span class='ocrx_word' id='word_1_627' title='bbox 2224 3862 2282 3918; x_wconf 80' lang='grc' dir='ltr'>δὲ</span> <span class='ocrx_word' id='word_1_628' title='bbox 2331 3863 2493 3936; x_wconf 85' lang='grc' dir='ltr'>μόνου</span> <span class='ocrx_word' id='word_1_629' title='bbox 2537 3863 2748 3935; x_wconf 82' lang='grc' dir='ltr'>διανοίᾳ</span> <span class='ocrx_word' id='word_1_630' title='bbox 2781 3862 2827 3896; x_wconf 78' lang='grc'>³⁸</span> <span class='ocrx_word' id='word_1_631' title='bbox 2870 3863 3184 3918; x_wconf 85' lang='grc' dir='ltr'>πιστεῦσαι.</span> <span class='ocrx_word' id='word_1_632' title='bbox 3232 3858 3307 3920; x_wconf 76' lang='grc' dir='ltr'>Οὗ</span> <span class='ocrx_word' id='word_1_633' title='bbox 3353 3864 3418 3933; x_wconf 79' lang='grc' dir='ltr'>δὴ</span> <span class='ocrx_word' id='word_1_634' title='bbox 3465 3864 3629 3933; x_wconf 80' lang='grc' dir='ltr'>χάριν</span> 
     </span>
    </p>
   </div>
   <div class='ocr_carea' id='block_1_93' title="bbox 2055 3952 3629 4024">
    <p class='ocr_par' dir='ltr' id='par_1_93' title="bbox 2055 3952 3629 4024">
     <span class='ocr_line' id='line_1_93' title="bbox 2055 3952 3629 4024; baseline 0 -18"><span class='ocrx_word' id='word_1_635' title='bbox 2055 3952 2251 4024; x_wconf 86' lang='grc' dir='ltr'>μέλους</span> <span class='ocrx_word' id='word_1_636' title='bbox 2311 3953 2616 4023; x_wconf 77' lang='grc' dir='ltr'>ἐναλλαγὴν</span> <span class='ocrx_word' id='word_1_637' title='bbox 2693 3952 3069 4023; x_wconf 84' lang='grc' dir='ltr'>ὑπολαμϐάνω</span> <span class='ocrx_word' id='word_1_638' title='bbox 3100 3954 3143 3986; x_wconf 76' lang='grc'><strong>³¹</strong></span> <span class='ocrx_word' id='word_1_639' title='bbox 3194 3952 3487 4023; x_wconf 82' lang='grc' dir='ltr'>σημαίνειν</span> <span class='ocrx_word' id='word_1_640' title='bbox 3533 3954 3629 4006; x_wconf 76' lang='grc' dir='ltr'>τοῦ</span> 
     </span>
    </p>
   </div>
   <div class='ocr_carea' id='block_1_94' title="bbox 2050 4042 3632 4116">
    <p class='ocr_par' dir='ltr' id='par_1_94' title="bbox 2050 4042 3632 4116">
     <span class='ocr_line' id='line_1_94' title="bbox 2050 4042 3632 4116; baseline -0.001 -18"><span class='ocrx_word' id='word_1_641' title='bbox 2050 4043 2470 4114; x_wconf 55' lang='lat' dir='ltr'><strong>dead-(Liparae</strong></span> <span class='ocrx_word' id='word_1_642' title='bbox 2493 4044 2590 4116; x_wconf 79' lang='grc' dir='ltr'>τὴν</span> <span class='ocrx_word' id='word_1_643' title='bbox 2613 4044 2833 4115; x_wconf 86' lang='grc' dir='ltr'>γραφήν</span> <span class='ocrx_word' id='word_1_644' title='bbox 2865 4044 2932 4097; x_wconf 81' lang='grc'>³⁸.</span> <span class='ocrx_word' id='word_1_645' title='bbox 2971 4042 3194 4114; x_wconf 85' lang='grc' dir='ltr'>Ἐπειδὴ</span> <span class='ocrx_word' id='word_1_646' title='bbox 3219 4045 3332 4115; x_wconf 77' lang='grc' dir='ltr'>γὰρ</span> <span class='ocrx_word' id='word_1_647' title='bbox 3363 4044 3406 4075; x_wconf 79' lang='grc'><strong>³⁸</strong></span> <span class='ocrx_word' id='word_1_648' title='bbox 3432 4045 3632 4114; x_wconf 73' lang='grc' dir='ltr'>χοροὺς</span> 
     </span>
    </p>
   </div>
   <div class='ocr_carea' id='block_1_95' title="bbox 2054 4131 3629 4205">
    <p class='ocr_par' dir='ltr' id='par_1_95' title="bbox 2054 4131 3629 4205">
     <span class='ocr_line' id='line_1_95' title="bbox 2054 4131 3629 4205; baseline -0.001 -17"><span class='ocrx_word' id='word_1_649' title='bbox 2054 4135 2459 4205; x_wconf 84' lang='grc' dir='ltr'>συστησάμενος</span> <span class='ocrx_word' id='word_1_650' title='bbox 2478 4134 2524 4166; x_wconf 71' lang='grc' dir='ltr'><strong>⁸ο</strong></span> <span class='ocrx_word' id='word_1_651' title='bbox 2557 4136 2586 4189; x_wconf 85' lang='grc' dir='ltr'>ὁ</span> <span class='ocrx_word' id='word_1_652' title='bbox 2619 4135 2791 4205; x_wconf 89' lang='grc' dir='ltr'>μέγας</span> <span class='ocrx_word' id='word_1_653' title='bbox 2823 4132 2987 4188; x_wconf 74' lang='grc' dir='ltr'>Δαϐὶδ</span> <span class='ocrx_word' id='word_1_654' title='bbox 3020 4131 3098 4205; x_wconf 86' lang='grc' dir='ltr'>τῷ</span> <span class='ocrx_word' id='word_1_655' title='bbox 3139 4133 3259 4205; x_wconf 86' lang='grc' dir='ltr'><strong>Θεῷ</strong></span> <span class='ocrx_word' id='word_1_656' title='bbox 3295 4134 3394 4205; x_wconf 83' lang='grc' dir='ltr'>τὴν</span> <span class='ocrx_word' id='word_1_657' title='bbox 3444 4135 3629 4205; x_wconf 80' lang='grc' dir='ltr'>ὑμνῳ-</span> 
     </span>
    </p>
   </div>
   <div class='ocr_carea' id='block_1_96' title="bbox 2051 4224 3630 4297">
    <p class='ocr_par' dir='ltr' id='par_1_96' title="bbox 2051 4224 3630 4297">
     <span class='ocr_line' id='line_1_96' title="bbox 2051 4224 3630 4297; baseline -0.001 -17"><span class='ocrx_word' id='word_1_658' title='bbox 2051 4226 2167 4280; x_wconf 86' lang='grc' dir='ltr'>δίαν</span> <span class='ocrx_word' id='word_1_659' title='bbox 2221 4227 2561 4297; x_wconf 84' lang='grc' dir='ltr'>προσέφερεν</span> <span class='ocrx_word' id='word_1_660' title='bbox 2591 4267 2606 4290; x_wconf 93' lang='grc'><strong>,</strong></span> <span class='ocrx_word' id='word_1_661' title='bbox 2628 4228 2728 4279; x_wconf 79' lang='grc' dir='ltr'><strong>οὐκ</strong></span> <span class='ocrx_word' id='word_1_662' title='bbox 2750 4225 2899 4297; x_wconf 80' lang='grc' dir='ltr'>αὐτῷ</span> <span class='ocrx_word' id='word_1_663' title='bbox 2918 4225 2961 4258; x_wconf 68' lang='grc'>⁸⁸</span> <span class='ocrx_word' id='word_1_664' title='bbox 2993 4225 3182 4297; x_wconf 81' lang='grc' dir='ltr'>χρείαν</span> <span class='ocrx_word' id='word_1_665' title='bbox 3228 4224 3350 4279; x_wconf 78' lang='grc' dir='ltr'>τινὰ</span> <span class='ocrx_word' id='word_1_666' title='bbox 3383 4225 3630 4297; x_wconf 80' lang='grc' dir='ltr'>πληρῶν,</span> 
     </span>
    </p>
   </div>
   <div class='ocr_carea' id='block_1_97' title="bbox 2052 4317 3630 4391">
    <p class='ocr_par' dir='ltr' id='par_1_97' title="bbox 2052 4317 3630 4391">
     <span class='ocr_line' id='line_1_97' title="bbox 2052 4317 3630 4391; baseline -0.003 -18"><span class='ocrx_word' id='word_1_667' title='bbox 2052 4319 2189 4373; x_wconf 82' lang='grc' dir='ltr'>ἀλλὰ</span> <span class='ocrx_word' id='word_1_668' title='bbox 2224 4318 2303 4391; x_wconf 85' lang='grc' dir='ltr'>τῷ</span> <span class='ocrx_word' id='word_1_669' title='bbox 2331 4318 2445 4390; x_wconf 87' lang='grc' dir='ltr'>λαῷ</span> <span class='ocrx_word' id='word_1_670' title='bbox 2480 4318 2757 4389; x_wconf 76' lang='grc' dir='ltr'>προξενῶν</span> <span class='ocrx_word' id='word_1_671' title='bbox 2802 4318 3095 4388; x_wconf 83' lang='grc' dir='ltr'>ὠφέλειαν,</span> <span class='ocrx_word' id='word_1_672' title='bbox 3128 4317 3376 4387; x_wconf 87' lang='grc' dir='ltr'>δηλονότι</span> <span class='ocrx_word' id='word_1_673' title='bbox 3399 4317 3444 4349; x_wconf 70' lang='grc'><strong>⁵⁸</strong></span> <span class='ocrx_word' id='word_1_674' title='bbox 3492 4317 3630 4388; x_wconf 84' lang='grc' dir='ltr'>μετά</span> 
     </span>
    </p>
   </div>
   <div class='ocr_carea' id='block_1_98' title="bbox 2052 4410 3625 4484">
    <p class='ocr_par' dir='ltr' id='par_1_98' title="bbox 2052 4410 3625 4484">
     <span class='ocr_line' id='line_1_98' title="bbox 2052 4410 3625 4484; baseline -0.004 -17"><span class='ocrx_word' id='word_1_675' title='bbox 2052 4430 2198 4476; x_wconf 89' lang='grc' dir='ltr'>τινος</span> <span class='ocrx_word' id='word_1_676' title='bbox 2231 4412 2499 4484; x_wconf 83' lang='grc' dir='ltr'>ἁρμοδίας</span> <span class='ocrx_word' id='word_1_677' title='bbox 2523 4410 2569 4443; x_wconf 65' lang='grc'><strong>⁸³</strong></span> <span class='ocrx_word' id='word_1_678' title='bbox 2624 4411 2720 4464; x_wconf 75' lang='grc' dir='ltr'>καὶ</span> <span class='ocrx_word' id='word_1_679' title='bbox 2751 4410 2876 4474; x_wconf 77' lang='grc' dir='ltr'>τοὺς</span> <span class='ocrx_word' id='word_1_680' title='bbox 2905 4412 3101 4481; x_wconf 81' lang='grc' dir='ltr'>χοροὺς</span> <span class='ocrx_word' id='word_1_681' title='bbox 3154 4410 3325 4482; x_wconf 76' lang='grc' dir='ltr'>ᾄδειν,</span> <span class='ocrx_word' id='word_1_682' title='bbox 3368 4410 3466 4463; x_wconf 81' lang='grc' dir='ltr'>καὶ</span> <span class='ocrx_word' id='word_1_683' title='bbox 3502 4412 3625 4471; x_wconf 77' lang='grc' dir='ltr'>τοὺς</span> 
     </span>
    </p>
   </div>
   <div class='ocr_carea' id='block_1_99' title="bbox 1984 4485 3628 4575">
    <p class='ocr_par' dir='ltr' id='par_1_99' title="bbox 1984 4485 3628 4575">
     <span class='ocr_line' id='line_1_99' title="bbox 1984 4485 3628 4575; baseline -0.004 -16"><span class='ocrx_word' id='word_1_684' title='bbox 1984 4485 2027 4541; x_wconf 73' lang='grc' dir='ltr'><strong>Ι)</strong></span> <span class='ocrx_word' id='word_1_685' title='bbox 2052 4508 2165 4568; x_wconf 80' lang='grc' dir='ltr'>τοῖς</span> <span class='ocrx_word' id='word_1_686' title='bbox 2207 4505 2459 4574; x_wconf 82' lang='grc' dir='ltr'>ὀργάνοις</span> <span class='ocrx_word' id='word_1_687' title='bbox 2507 4501 2883 4575; x_wconf 85' lang='grc' dir='ltr'>κεχρημένους</span> <span class='ocrx_word' id='word_1_688' title='bbox 2915 4501 3207 4571; x_wconf 82' lang='grc' dir='ltr'>σύμφωνον</span> <span class='ocrx_word' id='word_1_689' title='bbox 3248 4499 3628 4571; x_wconf 80' lang='grc' dir='ltr'>παρεσκεύασε</span> 
     </span>
    </p>
   </div>
   <div class='ocr_carea' id='block_1_100' title="bbox 2052 4590 3630 4669">
    <p class='ocr_par' dir='ltr' id='par_1_100' title="bbox 2052 4590 3630 4669">
     <span class='ocr_line' id='line_1_100' title="bbox 2052 4590 3630 4669; baseline -0.008 -17"><span class='ocrx_word' id='word_1_690' title='bbox 2052 4597 2388 4669; x_wconf 81' lang='grc' dir='ltr'>παρέχεσθαι</span> <span class='ocrx_word' id='word_1_691' title='bbox 2438 4596 2539 4665; x_wconf 78' lang='grc' dir='ltr'>τὴν</span> <span class='ocrx_word' id='word_1_692' title='bbox 2581 4596 2741 4665; x_wconf 78' lang='grc' dir='ltr'>ηχήν.</span> <span class='ocrx_word' id='word_1_693' title='bbox 2776 4591 2986 4655; x_wconf 79' lang='grc' dir='ltr'>Πολλὰς</span> <span class='ocrx_word' id='word_1_694' title='bbox 3037 4590 3096 4644; x_wconf 82' lang='grc' dir='ltr'>δὲ</span> <span class='ocrx_word' id='word_1_695' title='bbox 3151 4590 3245 4643; x_wconf 78' lang='grc' dir='ltr'>καὶ</span> <span class='ocrx_word' id='word_1_696' title='bbox 3292 4591 3362 4644; x_wconf 80' lang='grc' dir='ltr'>τὰ</span> <span class='ocrx_word' id='word_1_697' title='bbox 3407 4590 3630 4661; x_wconf 75' lang='grc' dir='ltr'>ᾄσματα</span> 
     </span>
    </p>
   </div>
   <div class='ocr_carea' id='block_1_101' title="bbox 2050 4675 3629 4755">
    <p class='ocr_par' dir='ltr' id='par_1_101' title="bbox 2050 4675 3629 4755">
     <span class='ocr_line' id='line_1_101' title="bbox 2050 4675 3629 4755; baseline -0.008 -16"><span class='ocrx_word' id='word_1_698' title='bbox 2050 4685 2144 4740; x_wconf 82' lang='grc' dir='ltr'>τοῦ</span> <span class='ocrx_word' id='word_1_699' title='bbox 2180 4685 2375 4755; x_wconf 89' lang='grc' dir='ltr'>μέλους</span> <span class='ocrx_word' id='word_1_700' title='bbox 2417 4682 2532 4752; x_wconf 78' lang='grc' dir='ltr'>ἔχει</span> <span class='ocrx_word' id='word_1_701' title='bbox 2564 4678 2890 4752; x_wconf 78' lang='grc' dir='ltr'>μεταϐολάς,</span> <span class='ocrx_word' id='word_1_702' title='bbox 2950 4679 3046 4732; x_wconf 74' lang='grc' dir='ltr'><strong>καὶ</strong></span> <span class='ocrx_word' id='word_1_703' title='bbox 3080 4680 3135 4732; x_wconf 78' lang='grc' dir='ltr'><strong>αἱ</strong></span> <span class='ocrx_word' id='word_1_704' title='bbox 3166 4677 3330 4749; x_wconf 88' lang='grc' dir='ltr'>λύραι</span> <span class='ocrx_word' id='word_1_705' title='bbox 3352 4678 3399 4709; x_wconf 71' lang='grc'><strong>⁸⁵</strong></span> <span class='ocrx_word' id='word_1_706' title='bbox 3425 4677 3501 4741; x_wconf 86' lang='grc' dir='ltr'><strong>δὲ,</strong></span> <span class='ocrx_word' id='word_1_707' title='bbox 3535 4675 3629 4728; x_wconf 78' lang='grc' dir='ltr'>καὶ</span> 
     </span>
    </p>
   </div>
   <div class='ocr_carea' id='block_1_102' title="bbox 2055 4767 3622 4849">
    <p class='ocr_par' dir='ltr' id='par_1_102' title="bbox 2055 4767 3622 4849">
     <span class='ocr_line' id='line_1_102' title="bbox 2055 4767 3622 4849; baseline -0.011 -16"><span class='ocrx_word' id='word_1_708' title='bbox 2055 4779 2238 4849; x_wconf 88' lang='grc' dir='ltr'>μέντοι</span> <span class='ocrx_word' id='word_1_709' title='bbox 2289 4776 2385 4829; x_wconf 75' lang='grc' dir='ltr'>καὶ</span> <span class='ocrx_word' id='word_1_710' title='bbox 2434 4772 2679 4843; x_wconf 86' lang='grc' dir='ltr'>κιθάραι,</span> <span class='ocrx_word' id='word_1_711' title='bbox 2733 4770 2843 4825; x_wconf 86' lang='grc' dir='ltr'>τῶν</span> <span class='ocrx_word' id='word_1_712' title='bbox 2896 4770 3227 4841; x_wconf 85' lang='grc' dir='ltr'>κρουμάτων</span> <span class='ocrx_word' id='word_1_713' title='bbox 3288 4767 3622 4833; x_wconf 80' lang='grc' dir='ltr'>ὲναλλαγάςο</span> 
     </span>
    </p>
   </div>
   <div class='ocr_carea' id='block_1_103' title="bbox 2052 4856 3621 4934">
    <p class='ocr_par' dir='ltr' id='par_1_103' title="bbox 2052 4856 3621 4934">
     <span class='ocr_line' id='line_1_103' title="bbox 2052 4856 3621 4934; baseline -0.013 -9"><span class='ocrx_word' id='word_1_714' title='bbox 2052 4872 2168 4925; x_wconf 78' lang='grc' dir='ltr'>ἔστι</span> <span class='ocrx_word' id='word_1_715' title='bbox 2207 4868 2264 4923; x_wconf 82' lang='grc' dir='ltr'>δὲ</span> <span class='ocrx_word' id='word_1_716' title='bbox 2296 4867 2390 4919; x_wconf 74' lang='grc' dir='ltr'><strong>καὶ</strong></span> <span class='ocrx_word' id='word_1_717' title='bbox 2422 4864 2515 4918; x_wconf 72' lang='grc' dir='ltr'>ἐπὶ</span> <span class='ocrx_word' id='word_1_718' title='bbox 2540 4862 2648 4916; x_wconf 85' lang='grc' dir='ltr'>τῶν</span> <span class='ocrx_word' id='word_1_719' title='bbox 2686 4862 2865 4915; x_wconf 82' lang='grc' dir='ltr'>αὐλῶν</span> <span class='ocrx_word' id='word_1_720' title='bbox 2899 4861 3101 4934; x_wconf 74' lang='grc' dir='ltr'>πολλὴν</span> <span class='ocrx_word' id='word_1_721' title='bbox 3123 4861 3169 4895; x_wconf 73' lang='grc'><strong>⁸⁸</strong></span> <span class='ocrx_word' id='word_1_722' title='bbox 3210 4859 3459 4928; x_wconf 84' lang='grc' dir='ltr'>τοιαύτην</span> <span class='ocrx_word' id='word_1_723' title='bbox 3491 4856 3621 4909; x_wconf 86' lang='grc' dir='ltr'>ίδεῖν</span> 
     </span>
    </p>
   </div>
   <div class='ocr_carea' id='block_1_104' title="bbox 2052 4946 3626 5031">
    <p class='ocr_par' dir='ltr' id='par_1_104' title="bbox 2052 4946 3626 5031">
     <span class='ocr_line' id='line_1_104' title="bbox 2052 4946 3626 5031; baseline -0.013 -14"><span class='ocrx_word' id='word_1_724' title='bbox 2052 4959 2337 5031; x_wconf 86' lang='grc' dir='ltr'>διαφοράν.</span> <span class='ocrx_word' id='word_1_725' title='bbox 2369 4954 2442 5010; x_wconf 81' lang='grc' dir='ltr'><strong>Τὸ</strong></span> <span class='ocrx_word' id='word_1_726' title='bbox 2466 4953 2647 5008; x_wconf 90' lang='grc' dir='ltr'>τοίνυν</span> <span class='ocrx_word' id='word_1_727' title='bbox 2671 4949 2989 5023; x_wconf 75' lang='grc' dir='ltr'>διάψαλμα</span> <span class='ocrx_word' id='word_1_728' title='bbox 3014 4951 3165 5006; x_wconf 80' lang='grc' dir='ltr'>δοκεῖ</span> <span class='ocrx_word' id='word_1_729' title='bbox 3195 4969 3286 5025; x_wconf 89' lang='grc' dir='ltr'><strong>μοι</strong></span> <span class='ocrx_word' id='word_1_730' title='bbox 3318 4946 3626 5020; x_wconf 79' lang='grc' dir='ltr'>σημαίνειν,</span> 
     </span>
    </p>
   </div>
   <div class='ocr_carea' id='block_1_105' title="bbox 1457 5225 2493 5286">
    <p class='ocr_par' dir='ltr' id='par_1_105' title="bbox 1457 5225 2493 5286">
     <span class='ocr_line' id='line_1_105' title="bbox 1457 5225 2493 5286; baseline -0.002 -2"><span class='ocrx_word' id='word_1_731' title='bbox 1457 5228 1688 5286; x_wconf 71' lang='grc' dir='ltr'>νΑιιιΑε</span> <span class='ocrx_word' id='word_1_732' title='bbox 1723 5226 2109 5285; x_wconf 78' lang='lat' dir='ltr'><strong>LECTIONES</strong></span> <span class='ocrx_word' id='word_1_733' title='bbox 2142 5226 2230 5281; x_wconf 90' lang='lat' dir='ltr'><strong>ET</strong></span> <span class='ocrx_word' id='word_1_734' title='bbox 2263 5225 2493 5283; x_wconf 60' lang='lat' dir='ltr'><strong>NOTAE.</strong></span> 
     </span>
    </p>
   </div>
   <div class='ocr_carea' id='block_1_106' title="bbox 458 5333 1946 5428">
    <p class='ocr_par' dir='ltr' id='par_1_106' title="bbox 458 5340 1946 5428">
     <span class='ocr_line' id='line_1_106' title="bbox 458 5340 1946 5428; baseline -0.004 -27"><span class='ocrx_word' id='word_1_735' title='bbox 458 5346 505 5380; x_wconf 81' lang='lat'><strong><em>”</em></strong></span> <span class='ocrx_word' id='word_1_736' title='bbox 533 5342 945 5428; x_wconf 64' lang='grc' dir='ltr'>Πρεσςύζεροι.</span> <span class='ocrx_word' id='word_1_737' title='bbox 980 5342 1104 5428; x_wconf 61' lang='lat' dir='ltr'><strong>pes.</strong></span> <span class='ocrx_word' id='word_1_738' title='bbox 1142 5344 1370 5428; x_wconf 55' lang='lat' dir='ltr'><strong>inncod:</strong></span> <span class='ocrx_word' id='word_1_739' title='bbox 1429 5342 1581 5428; x_wconf 42' lang='lat'><strong>1.9.,</strong></span> <span class='ocrx_word' id='word_1_740' title='bbox 1639 5341 1706 5375; x_wconf 84' lang='grc'><strong>²⁹⁶</strong></span> <span class='ocrx_word' id='word_1_741' title='bbox 1733 5340 1946 5428; x_wconf 51' lang='lat' dir='ltr'><strong>H.136:</strong></span> 
     </span>
    </p>
   </div>
   <div class='ocr_carea' id='block_1_107' title="bbox 2046 5333 3634 5428">
    <p class='ocr_par' dir='ltr' id='par_1_107' title="bbox 2046 5333 3634 5428">
     <span class='ocr_line' id='line_1_107' title="bbox 2046 5333 3634 5428; baseline -0.005 -36"><span class='ocrx_word' id='word_1_742' title='bbox 2046 5338 2279 5428; x_wconf 63' lang='grc' dir='ltr'>(αυτῶις.</span> <span class='ocrx_word' id='word_1_743' title='bbox 2334 5339 2486 5428; x_wconf 49' lang='grc' dir='ltr'>(ἐοιίῦ</span> <span class='ocrx_word' id='word_1_744' title='bbox 2510 5337 2749 5428; x_wconf 44' lang='grc' dir='ltr'>2.]ιαιιοι</span> <span class='ocrx_word' id='word_1_745' title='bbox 2773 5336 2941 5428; x_wconf 32' lang='grc' dir='ltr'><strong>,Μίττρῖδνν</strong></span> <span class='ocrx_word' id='word_1_746' title='bbox 2964 5335 3023 5390; x_wconf 77' lang='grc' dir='ltr'>δὲ</span> <span class='ocrx_word' id='word_1_747' title='bbox 3071 5333 3280 5414; x_wconf 57' lang='grc' dir='ltr'>ἑκατὸν</span> <span class='ocrx_word' id='word_1_748' title='bbox 3292 5333 3634 5428; x_wconf 46' lang='grc' dir='ltr'>πεντήκοιντε.</span> 
     </span>
    </p>
   </div>
   <div class='ocr_carea' id='block_1_108' title="bbox 381 5412 1813 5483">
    <p class='ocr_par' dir='ltr' id='par_1_108' title="bbox 381 5412 1813 5483">
     <span class='ocr_line' id='line_1_108' title="bbox 381 5412 1813 5483; baseline -0.006 -12"><span class='ocrx_word' id='word_1_749' title='bbox 381 5412 644 5471; x_wconf 73' lang='grc' dir='ltr'>ινιαυτῶν</span> <span class='ocrx_word' id='word_1_750' title='bbox 661 5414 760 5483; x_wconf 86' lang='grc' dir='ltr'><strong>τῆς</strong></span> <span class='ocrx_word' id='word_1_751' title='bbox 782 5412 1100 5483; x_wconf 84' lang='grc' dir='ltr'>ἑρμηνείας.</span> <span class='ocrx_word' id='word_1_752' title='bbox 1199 5414 1244 5447; x_wconf 77' lang='grc'><strong>⁸⁸</strong></span> <span class='ocrx_word' id='word_1_753' title='bbox 1268 5415 1390 5468; x_wconf 89' lang='lat' dir='ltr'><strong>cod.</strong></span> <span class='ocrx_word' id='word_1_754' title='bbox 1429 5415 1464 5468; x_wconf 75' lang='lat'><strong>2</strong></span> <span class='ocrx_word' id='word_1_755' title='bbox 1490 5414 1667 5481; x_wconf 82' lang='grc' dir='ltr'>ἁγίου.</span> <span class='ocrx_word' id='word_1_756' title='bbox 1772 5413 1813 5443; x_wconf 85' lang='grc'><strong>³¹</strong></span> 
     </span>
    </p>
   </div>
   <div class='ocr_carea' id='block_1_109' title="bbox 379 5484 888 5552">
    <p class='ocr_par' dir='ltr' id='par_1_109' title="bbox 379 5484 888 5552">
     <span class='ocr_line' id='line_1_109' title="bbox 379 5484 888 5552; baseline -0.012 -11"><span class='ocrx_word' id='word_1_757' title='bbox 379 5485 526 5541; x_wconf 77' lang='grc' dir='ltr'>οὓτω</span> <span class='ocrx_word' id='word_1_758' title='bbox 563 5484 888 5552; x_wconf 70' lang='grc' dir='ltr'>συνέγραψε.</span> 
     </span>
    </p>
   </div>
   <div class='ocr_carea' id='block_1_110' title="bbox 383 5553 1379 5625">
    <p class='ocr_par' dir='ltr' id='par_1_110' title="bbox 383 5553 1379 5625">
     <span class='ocr_line' id='line_1_110' title="bbox 383 5553 1379 5625; baseline -0.003 -15"><span class='ocrx_word' id='word_1_759' title='bbox 383 5564 444 5611; x_wconf 88' lang='lat' dir='ltr'><strong>ut</strong></span> <span class='ocrx_word' id='word_1_760' title='bbox 480 5571 553 5625; x_wconf 9' lang='lat' dir='ltr'><strong>ex,</strong></span> <span class='ocrx_word' id='word_1_761' title='bbox 595 5553 1011 5625; x_wconf 30' lang='lat' dir='ltr'><strong>ejnsiversione</strong></span> <span class='ocrx_word' id='word_1_762' title='bbox 1056 5553 1379 5625; x_wconf 70' lang='lat' dir='ltr'><strong>colligimus.</strong></span> 
     </span>
    </p>
   </div>
   <div class='ocr_carea' id='block_1_111' title="bbox 993 5410 1946 5555">
    <p class='ocr_par' dir='ltr' id='par_1_111' title="bbox 993 5410 1946 5555">
     <span class='ocr_line' id='line_1_111' title="bbox 995 5410 1946 5481; baseline -0.006 -14"><span class='ocrx_word' id='word_1_763' title='bbox 995 5414 1100 5476; x_wconf 89' lang='grc' dir='ltr'>ίας.</span> <span class='ocrx_word' id='word_1_764' title='bbox 1199 5414 1244 5447; x_wconf 75' lang='grc'><strong>³⁸</strong></span> <span class='ocrx_word' id='word_1_765' title='bbox 1268 5415 1390 5468; x_wconf 88' lang='lat' dir='ltr'><strong>cod.</strong></span> <span class='ocrx_word' id='word_1_766' title='bbox 1429 5415 1464 5468; x_wconf 75' lang='grc'>2</span> <span class='ocrx_word' id='word_1_767' title='bbox 1490 5414 1667 5481; x_wconf 82' lang='grc' dir='ltr'>ἁγίου.</span> <span class='ocrx_word' id='word_1_768' title='bbox 1772 5413 1813 5443; x_wconf 85' lang='grc'><strong>⁸¹</strong></span> <span class='ocrx_word' id='word_1_769' title='bbox 1861 5410 1946 5461; x_wconf 72' lang='grc' dir='ltr'>Ἀλ</span> 
     </span>
     <span class='ocr_line' id='line_1_112' title="bbox 993 5481 1943 5555; baseline -0.007 -16"><span class='ocrx_word' id='word_1_770' title='bbox 993 5483 1038 5517; x_wconf 84' lang='grc'><strong>⁸³</strong></span> <span class='ocrx_word' id='word_1_771' title='bbox 1076 5485 1205 5539; x_wconf 88' lang='lat' dir='ltr'><strong>Post</strong></span> <span class='ocrx_word' id='word_1_772' title='bbox 1235 5485 1400 5555; x_wconf 84' lang='grc' dir='ltr'>στίχῳ</span> <span class='ocrx_word' id='word_1_773' title='bbox 1437 5483 1694 5555; x_wconf 81' lang='lat' dir='ltr'><strong>incml._l</strong></span> <span class='ocrx_word' id='word_1_774' title='bbox 1731 5481 1943 5555; x_wconf 75' lang='lat' dir='ltr'><strong>sequitu</strong></span> 
     </span>
    </p>
   </div>
   <div class='ocr_carea' id='block_1_112' title="bbox 2046 5410 3633 5555">
    <p class='ocr_par' dir='ltr' id='par_1_112' title="bbox 2046 5410 3633 5555">
     <span class='ocr_line' id='line_1_113' title="bbox 2047 5410 3633 5472; baseline -0.005 -9"><span class='ocrx_word' id='word_1_775' title='bbox 2047 5428 2104 5464; x_wconf 82' lang='grc' dir='ltr'><strong>α.</strong></span> <span class='ocrx_word' id='word_1_776' title='bbox 2162 5410 2284 5463; x_wconf 87' lang='lat' dir='ltr'><strong>cod.</strong></span> <span class='ocrx_word' id='word_1_777' title='bbox 2342 5410 2379 5464; x_wconf 70' lang='grc'><strong>2</strong></span> <span class='ocrx_word' id='word_1_778' title='bbox 2441 5410 2689 5462; x_wconf 86' lang='grc' dir='ltr'>Ἀκύλου.</span> <span class='ocrx_word' id='word_1_779' title='bbox 2785 5410 2829 5438; x_wconf 88' lang='grc'><strong>³¹¹</strong></span> <span class='ocrx_word' id='word_1_780' title='bbox 2863 5410 3060 5472; x_wconf 83' lang='grc' dir='ltr'>Οὕτως</span> <span class='ocrx_word' id='word_1_781' title='bbox 3116 5410 3385 5471; x_wconf 67' lang='grc' dir='ltr'>συνῆψε.</span> <span class='ocrx_word' id='word_1_782' title='bbox 3441 5410 3565 5457; x_wconf 87' lang='lat' dir='ltr'><strong>cod.</strong></span> <span class='ocrx_word' id='word_1_783' title='bbox 3599 5410 3633 5453; x_wconf 71' lang='lat'><strong>2</strong></span> 
     </span>
     <span class='ocr_line' id='line_1_114' title="bbox 2046 5470 3633 5555; baseline -0.001 -23"><span class='ocrx_word' id='word_1_784' title='bbox 2046 5480 2201 5555; x_wconf 34' lang='lat' dir='ltr'><strong>alain</strong></span> <span class='ocrx_word' id='word_1_785' title='bbox 2245 5480 2364 5555; x_wconf 52' lang='lat' dir='ltr'><strong>cod:</strong></span> <span class='ocrx_word' id='word_1_786' title='bbox 2393 5480 2429 5533; x_wconf 74' lang='grc'><strong>2</strong></span> <span class='ocrx_word' id='word_1_787' title='bbox 2456 5478 2515 5531; x_wconf 77' lang='grc' dir='ltr'>τὸ</span> <span class='ocrx_word' id='word_1_788' title='bbox 2544 5479 2654 5532; x_wconf 85' lang='grc' dir='ltr'>άεί.</span> <span class='ocrx_word' id='word_1_789' title='bbox 2701 5476 2850 5555; x_wconf 77' lang='lat' dir='ltr'><strong>lianc</strong></span> <span class='ocrx_word' id='word_1_790' title='bbox 2882 5473 3393 5555; x_wconf 41' lang='lat' dir='ltr'><strong>lcctiorrettr‘ltabt‘tit‘</strong></span> <span class='ocrx_word' id='word_1_791' title='bbox 3413 5470 3633 5555; x_wconf 66' lang='lat' dir='ltr'><strong>Caraia.</strong></span> 
     </span>
    </p>
   </div>
   <div class='ocr_carea' id='block_1_113' title="bbox 1480 5541 1946 5612">
    <p class='ocr_par' dir='ltr' id='par_1_113' title="bbox 1480 5541 1946 5606">
     <span class='ocr_line' id='line_1_115' title="bbox 1480 5541 1946 5606; baseline -0.011 1"><span class='ocrx_word' id='word_1_792' title='bbox 1480 5554 1525 5585; x_wconf 73' lang='grc'><strong>⁸⁷⁵</strong></span> <span class='ocrx_word' id='word_1_793' title='bbox 1555 5553 1684 5606; x_wconf 77' lang='grc' dir='ltr'>Καί.</span> <span class='ocrx_word' id='word_1_794' title='bbox 1737 5541 1856 5604; x_wconf 76' lang='lat' dir='ltr'><strong>Des.</strong></span> <span class='ocrx_word' id='word_1_795' title='bbox 1896 5552 1946 5602; x_wconf 91' lang='lat' dir='ltr'><strong>in</strong></span> 
     </span>
    </p>
   </div>
   <div class='ocr_carea' id='block_1_114' title="bbox 2046 5541 3633 5612">
    <p class='ocr_par' dir='ltr' id='par_1_114' title="bbox 2049 5541 3633 5612">
     <span class='ocr_line' id='line_1_116' title="bbox 2049 5541 3633 5612; baseline -0.006 -11"><span class='ocrx_word' id='word_1_796' title='bbox 2049 5552 2101 5603; x_wconf 74' lang='lat' dir='ltr'><strong>tl.</strong></span> <span class='ocrx_word' id='word_1_797' title='bbox 2128 5549 2182 5601; x_wconf 71' lang='grc'>2.</span> <span class='ocrx_word' id='word_1_798' title='bbox 2261 5548 2304 5581; x_wconf 86' lang='grc'><strong>³⁸</strong></span> <span class='ocrx_word' id='word_1_799' title='bbox 2337 5550 2653 5612; x_wconf 81' lang='grc' dir='ltr'>”Απαντας.</span> <span class='ocrx_word' id='word_1_800' title='bbox 2700 5548 2867 5601; x_wconf 77' lang='lat' dir='ltr'><strong>Abest</strong></span> <span class='ocrx_word' id='word_1_801' title='bbox 2913 5563 2943 5600; x_wconf 88' lang='lat' dir='ltr'><strong>a</strong></span> <span class='ocrx_word' id='word_1_802' title='bbox 2981 5545 3104 5601; x_wconf 85' lang='lat' dir='ltr'><strong>cod.</strong></span> <span class='ocrx_word' id='word_1_803' title='bbox 3156 5543 3209 5596; x_wconf 75' lang='lat'><strong>2.</strong></span> <span class='ocrx_word' id='word_1_804' title='bbox 3288 5544 3334 5612; x_wconf 53' lang='grc' dir='ltr'><strong>³ἐ</strong></span> <span class='ocrx_word' id='word_1_805' title='bbox 3364 5541 3633 5612; x_wconf 60' lang='lat' dir='ltr'><strong>dicrota.</strong></span> 
     </span>
    </p>
   </div>
   <div class='ocr_carea' id='block_1_115' title="bbox 2441 5401 3635 5472">
    <p class='ocr_par' dir='ltr' id='par_1_115' title="bbox 2441 5401 3635 5472">
     <span class='ocr_line' id='line_1_117' title="bbox 2441 5401 3635 5472; baseline -0.005 -11"><span class='ocrx_word' id='word_1_806' title='bbox 2441 5408 2689 5462; x_wconf 84' lang='grc' dir='ltr'>Ἀκύλου.</span> <span class='ocrx_word' id='word_1_807' title='bbox 2785 5407 2829 5438; x_wconf 88' lang='grc'><strong>³¹¹</strong></span> <span class='ocrx_word' id='word_1_808' title='bbox 2863 5401 3060 5472; x_wconf 76' lang='grc' dir='ltr'>Οὕτως</span> <span class='ocrx_word' id='word_1_809' title='bbox 3116 5403 3385 5471; x_wconf 68' lang='grc' dir='ltr'>συνῆψε.</span> <span class='ocrx_word' id='word_1_810' title='bbox 3441 5401 3635 5472; x_wconf 73' lang='lat' dir='ltr'><strong>eod._2</strong></span> 
     </span>
    </p>
   </div>
   <div class='ocr_carea' id='block_1_116' title="bbox 382 5610 1946 5696">
    <p class='ocr_par' dir='ltr' id='par_1_116' title="bbox 382 5610 1946 5696">
     <span class='ocr_line' id='line_1_118' title="bbox 382 5610 1946 5696; baseline -0.004 -18"><span class='ocrx_word' id='word_1_811' title='bbox 382 5625 506 5696; x_wconf 77' lang='lat' dir='ltr'><strong>cod.</strong></span> <span class='ocrx_word' id='word_1_812' title='bbox 539 5624 562 5696; x_wconf 62' lang='grc' dir='ltr'><strong>ί</strong></span> <span class='ocrx_word' id='word_1_813' title='bbox 593 5610 705 5696; x_wconf 63' lang='grc' dir='ltr'><strong>(ξἶὲ</strong></span> <span class='ocrx_word' id='word_1_814' title='bbox 726 5622 1016 5696; x_wconf 23' lang='grc' dir='ltr'>διάνοιανε</span> <span class='ocrx_word' id='word_1_815' title='bbox 1067 5624 1111 5654; x_wconf 86' lang='grc'>³⁷</span> <span class='ocrx_word' id='word_1_816' title='bbox 1154 5610 1588 5696; x_wconf 50' lang='grc' dir='ltr'><strong>’Ϋπολᾳμϐιὶνᾳ</strong></span> <span class='ocrx_word' id='word_1_817' title='bbox 1624 5620 1811 5696; x_wconf 23' lang='lat' dir='ltr'><strong>coda?</strong></span> <span class='ocrx_word' id='word_1_818' title='bbox 1841 5621 1946 5688; x_wconf 78' lang='grc' dir='ltr'>ήγο</span> 
     </span>
    </p>
   </div>
   <div class='ocr_carea' id='block_1_117' title="bbox 2046 5610 3636 5696">
    <p class='ocr_par' dir='ltr' id='par_1_117' title="bbox 2046 5610 3636 5696">
     <span class='ocr_line' id='line_1_119' title="bbox 2046 5610 3636 5696; baseline -0.006 -26"><span class='ocrx_word' id='word_1_819' title='bbox 2046 5638 2099 5696; x_wconf 75' lang='grc' dir='ltr'><strong>ιι.</strong></span> <span class='ocrx_word' id='word_1_820' title='bbox 2118 5692 2141 5696; x_wconf 74' lang='lat'>_</span> <span class='ocrx_word' id='word_1_821' title='bbox 2164 5619 2219 5696; x_wconf 72' lang='lat'><strong>_&quot;</strong></span> <span class='ocrx_word' id='word_1_822' title='bbox 2239 5617 2507 5696; x_wconf 55' lang='lat' dir='ltr'><strong>Fgagiir.</strong></span> <span class='ocrx_word' id='word_1_823' title='bbox 2541 5610 2661 5696; x_wconf 68' lang='lat' dir='ltr'><strong>cod.</strong></span> <span class='ocrx_word' id='word_1_824' title='bbox 2757 5616 3091 5696; x_wconf 41' lang='grc' dir='ltr'><strong>ἐπι-γραφήςιοἔ</strong></span> <span class='ocrx_word' id='word_1_825' title='bbox 3124 5689 3134 5696; x_wconf 34' lang='grc'><strong><em>⁸</em></strong></span> <span class='ocrx_word' id='word_1_826' title='bbox 3168 5610 3382 5696; x_wconf 44' lang='grc' dir='ltr'><strong>’ξ</strong></span> <span class='ocrx_word' id='word_1_827' title='bbox 3410 5611 3581 5696; x_wconf 73' lang='lat' dir='ltr'><strong>Abest</strong></span> <span class='ocrx_word' id='word_1_828' title='bbox 3606 5626 3636 5696; x_wconf 55' lang='grc' dir='ltr'><strong>α</strong></span> 
     </span>
    </p>
   </div>
   <div class='ocr_carea' id='block_1_118' title="bbox 385 5690 1959 5763">
    <p class='ocr_par' dir='ltr' id='par_1_118' title="bbox 385 5690 1959 5763">
     <span class='ocr_line' id='line_1_120' title="bbox 385 5690 1959 5763; baseline -0.003 -16"><span class='ocrx_word' id='word_1_829' title='bbox 385 5695 506 5748; x_wconf 85' lang='lat' dir='ltr'><strong>end.</strong></span> <span class='ocrx_word' id='word_1_830' title='bbox 540 5691 590 5747; x_wconf 79' lang='lat' dir='ltr'><strong>l.</strong></span> <span class='ocrx_word' id='word_1_831' title='bbox 666 5692 710 5724; x_wconf 75' lang='lat'><strong><em>“</em></strong></span> <span class='ocrx_word' id='word_1_832' title='bbox 730 5693 1219 5763; x_wconf 78' lang='grc' dir='ltr'>Συστησὰμενος.</span> <span class='ocrx_word' id='word_1_833' title='bbox 1248 5690 1377 5763; x_wconf 64' lang='lat' dir='ltr'><strong>cod.</strong></span> <span class='ocrx_word' id='word_1_834' title='bbox 1406 5693 1425 5746; x_wconf 89' lang='lat' dir='ltr'><strong>l</strong></span> <span class='ocrx_word' id='word_1_835' title='bbox 1463 5703 1514 5747; x_wconf 88' lang='lat' dir='ltr'><strong>et</strong></span> <span class='ocrx_word' id='word_1_836' title='bbox 1532 5692 1576 5763; x_wconf 73' lang='grc'>2</span> <span class='ocrx_word' id='word_1_837' title='bbox 1605 5690 1959 5763; x_wconf 71' lang='grc' dir='ltr'>στησάμενος.</span> 
     </span>
    </p>
   </div>
   <div class='ocr_carea' id='block_1_119' title="bbox 761 5754 3178 5835">
    <p class='ocr_par' dir='ltr' id='par_1_119' title="bbox 761 5754 3178 5835">
     <span class='ocr_line' id='line_1_121' title="bbox 761 5754 3178 5835; baseline -0.01 -4"><span class='ocrx_word' id='word_1_838' title='bbox 761 5763 806 5795; x_wconf 74' lang='grc'><strong>⁵³</strong></span> <span class='ocrx_word' id='word_1_839' title='bbox 834 5754 956 5821; x_wconf 66' lang='grc' dir='ltr'><strong>οοά·</strong></span> <span class='ocrx_word' id='word_1_840' title='bbox 987 5754 1036 5835; x_wconf 53' lang='grc' dir='ltr'><strong>εξ</strong></span> <span class='ocrx_word' id='word_1_841' title='bbox 1068 5765 1103 5818; x_wconf 62' lang='grc' dir='ltr'>ἳ</span> <span class='ocrx_word' id='word_1_842' title='bbox 1126 5754 1411 5835; x_wconf 72' lang='grc' dir='ltr'>ἀρμονξας.</span> <span class='ocrx_word' id='word_1_843' title='bbox 1502 5762 1546 5794; x_wconf 62' lang='grc'>³³</span> <span class='ocrx_word' id='word_1_844' title='bbox 1578 5754 1793 5829; x_wconf 69' lang='grc' dir='ltr'><strong>Δι’νι,ῖ(ιι.’</strong></span> <span class='ocrx_word' id='word_1_845' title='bbox 1808 5759 1926 5815; x_wconf 85' lang='lat' dir='ltr'><strong>cod.</strong></span> <span class='ocrx_word' id='word_1_846' title='bbox 1965 5759 2015 5829; x_wconf 82' lang='lat' dir='ltr'><strong>l,</strong></span> <span class='ocrx_word' id='word_1_847' title='bbox 2040 5760 2264 5815; x_wconf 71' lang='grc' dir='ltr'>ναῧλαι.</span> <span class='ocrx_word' id='word_1_848' title='bbox 2330 5761 2374 5791; x_wconf 73' lang='grc'><strong>³³</strong></span> <span class='ocrx_word' id='word_1_849' title='bbox 2404 5757 2667 5827; x_wconf 54' lang='lat' dir='ltr'><strong>amni».</strong></span> <span class='ocrx_word' id='word_1_850' title='bbox 2702 5754 2823 5813; x_wconf 57' lang='lat' dir='ltr'><strong>col.</strong></span> <span class='ocrx_word' id='word_1_851' title='bbox 2863 5758 2909 5824; x_wconf 85' lang='lat' dir='ltr'><strong>i,</strong></span> <span class='ocrx_word' id='word_1_852' title='bbox 2938 5758 2972 5810; x_wconf 61' lang='grc' dir='ltr'>ἓ</span> <span class='ocrx_word' id='word_1_853' title='bbox 3008 5754 3178 5810; x_wconf 77' lang='grc' dir='ltr'>πάλιν.</span> 
     </span>
    </p>
   </div>
   <div class='ocr_carea' id='block_1_120' title="bbox 314 5762 671 5834">
    <p class='ocr_par' dir='ltr' id='par_1_120' title="bbox 314 5762 671 5834">
     <span class='ocr_line' id='line_1_122' title="bbox 314 5762 671 5834; baseline -0.003 -17"><span class='ocrx_word' id='word_1_854' title='bbox 314 5766 321 5777; x_wconf 80' lang='grc'><em>’</em></span> <span class='ocrx_word' id='word_1_855' title='bbox 381 5762 543 5834; x_wconf 73' lang='grc' dir='ltr'>δῆλον</span> <span class='ocrx_word' id='word_1_856' title='bbox 566 5763 671 5816; x_wconf 73' lang='grc' dir='ltr'>ὅτι.</span> 
     </span>
    </p>
   </div>
   <div class='ocr_carea' id='block_1_121' title="bbox 2032 5688 2966 5756">
    <p class='ocr_par' dir='ltr' id='par_1_121' title="bbox 2032 5688 2966 5756">
     <span class='ocr_line' id='line_1_123' title="bbox 2032 5688 2966 5756; baseline -0.001 -17"><span class='ocrx_word' id='word_1_857' title='bbox 2032 5689 2074 5720; x_wconf 70' lang='grc'><strong>⁸¹</strong></span> <span class='ocrx_word' id='word_1_858' title='bbox 2105 5691 2227 5741; x_wconf 72' lang='grc' dir='ltr'><strong>Οὐκ</strong></span> <span class='ocrx_word' id='word_1_859' title='bbox 2260 5688 2438 5752; x_wconf 80' lang='grc' dir='ltr'>αὐτῷ.</span> <span class='ocrx_word' id='word_1_860' title='bbox 2473 5689 2589 5740; x_wconf 81' lang='lat' dir='ltr'><strong>cod.</strong></span> <span class='ocrx_word' id='word_1_861' title='bbox 2623 5688 2645 5741; x_wconf 78' lang='grc' dir='ltr'><strong>Ι</strong></span> <span class='ocrx_word' id='word_1_862' title='bbox 2672 5689 2769 5756; x_wconf 84' lang='grc' dir='ltr'><strong>οὐχ</strong></span> <span class='ocrx_word' id='word_1_863' title='bbox 2798 5688 2966 5753; x_wconf 78' lang='grc' dir='ltr'>αὐτῷ.</span> 
     </span>
    </p>
   </div>
   <div class='ocr_carea' id='block_1_122' title="bbox 3046 5679 3631 5751">
    <p class='ocr_par' dir='ltr' id='par_1_122' title="bbox 3046 5679 3631 5751">
     <span class='ocr_line' id='line_1_124' title="bbox 3046 5679 3631 5751; baseline -0.007 -15"><span class='ocrx_word' id='word_1_864' title='bbox 3046 5685 3085 5715; x_wconf 69' lang='grc'><strong>⁵³</strong></span> <span class='ocrx_word' id='word_1_865' title='bbox 3108 5682 3414 5751; x_wconf 62' lang='grc' dir='ltr'>Δηλοικίτι.</span> <span class='ocrx_word' id='word_1_866' title='bbox 3453 5682 3577 5736; x_wconf 84' lang='lat' dir='ltr'><strong>COJ.</strong></span> <span class='ocrx_word' id='word_1_867' title='bbox 3610 5679 3631 5733; x_wconf 85' lang='grc' dir='ltr'><strong>ι</strong></span> 
     </span>
    </p>
   </div>
  </div>
