4038 6214
414 317 519 382 867

1428 304 1921 368 ΤΠΕΟΒΟΒΕΤΙ
1955 303 2299 364 EPISCOPI
2339 299 2708 363 CYRENSIS

3603 309 3711 372 863

403 444 525 489 tem
565 431 832 488 Dominus
887 439 944 486 et
989 426 1244 484 conditur
1299 426 1514 498 ipsius,
1556 435 1615 480 ut
1661 426 1826 479 Deus.
1860 423 2001 477 Illius

2116 420 2430 492 Μακαρίζει
2478 420 2658 474 τοίνυν
2691 419 2781 474 τὸν
2816 418 2954 493 μήτε
2989 421 3104 484 τοῖς
3141 422 3397 478 ἀσεϐέσιν
3427 426 3549 481 ὁδοῦ
3589 445 3714 482 κοι-

400 535 498 578 est
533 523 678 578 enim
713 524 829 577 haec
865 538 967 576 t'ox
999 540 1011 574 :
1049 540 1068 574 ι
1105 519 1250 574 Dixit
1287 518 1550 572 Dominus
1583 515 1816 569 Domino
1849 528 1995 579 meo,

406 616 558 670 Sede
610 631 640 670 a
690 614 895 671 dextris
953 614 1090 669 meis
1121 624 1165 666 ο.
1215 631 1233 663 ι
1288 611 1513 665 Beatum
1545 610 1708 679 igitur
1747 607 2004 677 praedicat

419 710 575 764 illum
609 708 885 763 hominem
943 707 1038 778 qui
1083 721 1259 775 neque
1296 720 1422 759 cum
1457 702 1639 773 impiis
1676 701 1815 756 riam
1849 715 2002 757 com-

417 802 895 870 municat,"neque
930 799 1150 854 ﬁrmum
1176 797 1464 853 consilium
1504 802 1854 864 peccatorum
1884 808 2004 848 am-

412 894 675 964 .plectitur
704 893 832 964 (hoc
863 892 1008 948 enim
1040 891 1330 947 stationem
1362 886 1617 958 vocavit),
1662 894 1719 941 et
1747 885 1841 956 qui
1869 885 2012 955 fugit.

418 988 674 1042 stabilem
719 984 1154 1055 perniciosornm
1193 980 1624 1050 corruptionem.
1671 977 1876 1032 Nomen
1907 993 2005 1033 au-

417 1088 526 1132 tem
558 1077 708 1130 Beati
739 1076 920 1129 divina
944 1073 1230 1144 appellatio
1261 1081 1344 1126 est
1370 1088 1384 1125 :
1412 1070 1559 1139 quod
1593 1076 1822 1122 testatur
1856 1067 1998 1121 divi-

421 1182 531 1222 nus
570 1165 888 1237 Apostolus,
918 1163 1230 1216 exclamans
1262 1177 1276 1213 :
1307 1161 1325 1178 '
1362 1176 1380 1209 ι
1418 1156 1617 1212 Beatus
1639 1167 1693 1210 et
1725 1155 1875 1210 solus
1910 1169 2005 1224 po-

413 1268 561 1326 tens,
586 1273 681 1312 rex
710 1255 1071 1326 regnantium,
1097 1261 1149 1304 et
1182 1250 1448 1305 Dominus
1477 1247 1874 1303 dominantium
1900 1243 1948 1300 ί.
1977 1264 1996 1298 ι

413 1349 681 1405 ΙΙθιιιίιιοε
705 1357 912 1409 autem,
940 1355 996 1399 ut
1027 1345 1280 1410 aliarum,
1316 1343 1394 1397 sic
1423 1343 1585 1396 etiam
1621 1338 1786 1408 hujus
1821 1336 2004 1407 appel-

422 1423 646 1495 iationis
674 1439 972 1510 participes
1009 1435 1136 1491 fecit
1164 1435 1309 1490 Deus
1355 1431 1638 1495 Dominus,
1689 1437 1875 1499 utpote
1909 1428 2002 1498 qui

416 1541 645 1586 vocatur
661 1530 857 1585 ﬁdelis.
890 1547 906 1580 ι
930 1527 1142 1582 Fidelis
1171 1528 1340 1590 enim,
1377 1525 1572 1593 inquit,
1613 1531 1696 1577 est
1727 1521 1890 1584 Deus,
1910 1533 2004 1589 per.

416 1640 581 1693 quem
621 1623 801 1678 vocati
843 1621 975 1676 estis
1031 1621 1088 1674 in
1128 1619 1448 1674 societ-atem
1480 1615 1578 1670 ﬁlii
1635 1615 1756 1685 ejus
1796 1621 1844 1667 Β.
1884 1630 1901 1663 ι
1941 1610 2006 1665 Et

415 1717 614 1772 beatus
639 1715 854 1770 Moses:
884 1733 906 1766 ε
928 1714 1092 1777 Deus,
1119 1712 1212 1774 ait,
1234 1709 1406 1764 lidelis
1423 1717 1527 1775 est,
1561 1723 1660 1762 nee
1691 1716 1773 1762 est
1804 1704 2004 1774 iniqui-

2104 515 2446 586 νωνήσαντα,
2481 514 2619 586 μήτε
2651 511 2873 584 βεϐαίαν
2902 512 3009 566 τῶν
3039 514 3382 584 ἁμαρτωλῶν
3406 517 3709 589 δεξάμενον

2103 607 2201 679 τὴν
2235 607 2429 678 βουλήν
2451 625 2464 638 ο
2506 607 2666 660 τςῦτο
2696 607 2806 677 γὰρ
2836 604 2900 677 δὴ
2940 606 3129 659 στάσιν
3164 607 3392 661 ἐκάλεσε
3416 623 3432 640 ’
3481 611 3574 662 καὶ
3606 610 3713 682 τὴν

2106 699 2335 770 μόνιμον
2365 697 2472 751 τῶν
2505 695 2711 768 λοιμῶν
2755 696 2996 765 φυγόντα
3029 695 3347 768 διαφθοράν.
3414 696 3476 752 f6
3505 699 3562 753 δὲ
3586 719 3708 770 μα·

2104 789 2367 858 κὰριοςσί
2401 789 2572 860 ὄνομα
2600 787 2722 842 θεία
2752 788 2850 860 μὲν
2894 787 3133 858 ὑπάρχει
3175 792 3524 863 προσηγορία
3545 809 3556 820 ·
3611 796 3709 848 καί.

2107 882 2322 955 μάρτυς
2355 882 2385 934 6
2417 882 2560 946 θεῖος
2595 880 2920 945 Ἀπόστολος
2947 880 3117 952 βοῶν·
3162 901 3180 932 ι
3215 882 3276 937 '0
3309 883 3574 956 μακάριος
3610 887 3707 940 καὶ

2107 975 2269 1045 μόνος
2299 974 2592 1046 δυνάστης,
2634 974 2662 1026 6
2710 972 2962 1044 βασιλεὺς
2999 973 3106 1028 τῶν
3139 974 3561 1044 βασιλευόντων,
3611 981 3707 1033 καὶ

2106 1064 2312 1137 Κύριος
2359 1063 2468 1118 τῶν
2516 1064 2903 1132 κυριευόντων.
2939 1083 2957 1116 ι
3009 1066 3300 1118 λιετέδωκε
3341 1067 3398 1120 δὲ
3446 1069 3538 1122 καὶ
3569 1070 3703 1124 ταύ-

2103 1175 2202 1228 της
2219 1158 2263 1189 ⁸²
2293 1159 2405 1220 τοῖς
2449 1153 2781 1227 ἀνθρώποις,
2825 1155 3014 1226 ὥσπερ
3049 1157 3144 1209 καὶ
3174 1156 3282 1210 τῶν
3313 1157 3509 1224 ἄλλων,
3544 1161 3572 1213 6
3606 1163 3706 1214 Δε-

2107 1251 2314 1320 σπότης
2343 1249 2477 1312 Θεός
2497 1265 2511 1280 ο
2551 1248 2645 1302 καὶ
2670 1247 2777 1318 γὰρ
2814 1247 3003 1311 πιστὸς
3041 1248 3380 1320 καλούμενος
3405 1267 3417 1280 ’
3457 1270 3475 1304 ι
3507 1252 3705 1318 Πιστὸς

2105 1342 2235 1412 γὰρ,
2269 1343 2461 1412 φησιν,
2493 1342 2521 1394 6
2555 1340 2707 1406 Θεὸς,
2755 1341 2824 1394 δι’
2863 1333 2925 1393 οὗ
2960 1341 3229 1413 ἐκλήθητε
3281 1344 3360 1406 εἰς
3410 1345 3702 1400 κοινωνίαν

2103 1432 2200 1486 τοῦ
2235 1433 2366 1486 Υἱοῦ
2403 1431 2590 1487 αὐτοῦ.
2625 1451 2644 1486 ι
2689 1433 2799 1486 Καὶ
2833 1433 2862 1485 ὁ
2893 1432 3163 1504 μακάριος
3209 1433 3451 1505 Μωσῆς,
3493 1455 3512 1489 ι
3547 1437 3701 1504 Θεὸς,

2109 1526 2282 1597 φησι,
2338 1525 2570 1593 πιστὸς,
2623 1524 2717 1578 καὶ
2763 1525 2866 1578 οὐκ
2917 1524 3065 1578 ἐστιν
3113 1526 3297 1580 ἀδικία
3353 1527 3412 1580 ὲν
3463 1528 3639 1599 αὐτῷ.
3676 1547 3696 1581 ι

2118 1618 2376 1672 Ἐκάλεσε
2406 1619 2501 1671 καὶ
2541 1617 2650 1672 τῶν
2682 1617 2988 1688 ἀνθρώπων
3034 1620 3259 1682 πιστοὺς
3291 1620 3419 1683 τοὺς
3459 1621 3702 1692 ἀναμφι-

2108 1709 2279 1774 ϐόλως
2327 1708 2650 1781 δεχομένους
2694 1710 2858 1764 αὑτοῦ
2889 1713 3016 1775 τοὺς
3041 1710 3320 1780 λόγους⁶³.
3367 1712 3526 1766 Οὕτω
3565 1712 3700 1779 Θεὸς

417 1815 505 1862 tas
558 1807 611 1860 in
650 1806 770 1876 ipso
813 1807 864 1860 ιι.
911 1824 929 1857 ι
987 1802 1215 1858 Vocavit
1263 1802 1426 1855 etiam
1489 1800 1743 1854 homines
1795 1796 2001 1862 ﬁdeles,

2107 1801 2182 1855 ὢν
2215 1802 2307 1857 καὶ
2343 1800 2679 1872 καλούμενος
2730 1801 3005 1873 μετέδωκε
3047 1802 3143 1856 καὶ
3187 1801 3393 1876 ταύτης
3435 1804 3536 1875 τῆς
3568 1804 3700 1875 κλή-

419 1907 690 1967 quotquot
713 1897 832 1952 sine
855 1896 964 1950 ulla
1001 1893 1341 1949 dubitatione
1389 1890 1563 1961 ipsius
1590 1902 1880 1944 sermones
1910 1900 2002 1940 ac-

418 1991 650 2060 cipiunt.
687 1987 778 2043 Sic
809 1989 999 2053 etiam,
1031 2001 1153 2041 cum
1191 1986 1264 2040 sit
1302 1992 1356 2039 et
1399 1979 1816 2042 vocetur-Deus,
1850 1993 2003 2033 com-

417 2081 724 2136 municarit
768 2077 1062 2134 muniﬁcus
1090 2064 1313 2147 largitor
1352 2075 1498 2129 hanc
1553 2087 1709 2128 suam
1761 2069 2003 2141 appella-

419 2177 621 2230 tionem
661 2189 785 2230 cum
838 2173 1176 2239 hominibus,
1207 2179 1260 2225 et
1285 2172 1486 2225 clamat
1515 2185 1528 2223 :
1565 2185 1583 2218 ι
1614 2165 1727 2236 Ego
1753 2165 1886 2230 dixi,
1917 2161 2008 2218 Dii

416 2264 578 2328 estis,
609 2271 665 2318 et
698 2261 791 2316 ﬁlii
820 2259 1036 2316 Excelsi
1068 2274 1259 2314 omnes
1291 2272 1424 2312 :vos
1452 2265 1634 2310 autem
1667 2263 1727 2308 ιιι
1753 2253 2004 2308 homines

415 2355 725 2411 moriemini
755 2355 800 2408 ί.
835 2372 854 2405 ι
882 2351 995 2407 Hoc
1031 2367 1228 2406 nomen
1261 2350 1424 2421 igitur
1457 2348 1661 2412 beatus,
1685 2355 1771 2402 est
1794 2344 2003 2400 fructus

413 2450 576 2520 611
598 2447 690 2516 qui
710 2460 772 2499 ex
793 2443 1124 2516 perfectione
1144 2442 1358 2498 virtutis
1382 2441 1700 2512 percipitur.
1725 2437 1860 2493 Nam
1892 2437 2003 2493 sic-

417 2551 479 2595 ut
514 2537 945 2607 unumquodque
991 2550 1054 2590 ex
1092 2536 1344 2588 humana:
1382 2532 1504 2586 vitm
1537 2531 1801 2586 institutis
1838 2544 1999 2584 suum

416 2632 580 2686 habet
611 2628 796 2693 ﬁnem,
822 2637 880 2681 ut
909 2642 999 2682 ars
1021 2626 1274 2680 athletica
1299 2623 1520 2694 respicit
1546 2637 1780 2676 coronas
1799 2621 2004 2692 oleagi-

414 2736 536 2784 nas,
555 2719 809 2774 militaris
831 2733 963 2773 vero
985 2717 1244 2772 victorias
1275 2724 1622 2786 trOpaaaque;
1648 2722 1703 2768 et
1725 2713 1999 2768 medicina

416 2815 730 2876 sanitatem,
753 2811 1177 2880 morborumque
1194 2807 1592 2878 expulsionem,
1613 2816 1666 2862 ct
1687 2813 1997 2861 mercatura

415 2920 770 2961 nummorum
794 2903 1078 2959 cumulum
1104 2910 1157 2956 et
1193 2900 1507 2954 divitiarum
1530 2898 1864 2954 afﬂuentiam
1887 2917 1900 2954 :
1921 2899 2002 2954 sic

415 3000 582 3071 etiam
605 2998 832 3054 scientia
862 2995 1078 3050 virtutis
1105 2994 1268 3049 habet
1289 3009 1450 3051 suum
1474 2992 1710 3048 fructum
1737 3001 1791 3046 et
1813 2991 1997 3057 ﬁnem,

2112 1911 2250 1958 σεως
2288 1895 2399 1958 τοῖς
2445 1893 2814 1966 ἀνθρώποιςΜ
2859 1895 2888 1948 ὁ
2948 1894 3362 1968 μεγαλόδωρος,
3413 1897 3509 1950 καὶ
3559 1896 3696 1968 βοᾷ¹

2115 2004 2134 2037 ‹
2162 1984 2303 2054 Ἐγὼ
2335 1983 2486 2039 εἷπον
2502 1987 2570 2053 ⁸⁸,
2606 1986 2730 2040 Θεοί
2763 1987 2888 2040 ὲστε
2917 1985 3010 2039 καὶ
3045 1987 3150 2040 υἱοὶ
3189 1987 3446 2057 Ὑψίστου
3475 1989 3699 2055 πάντες,

2108 2077 2268 2147 ὑμεῖς
2316 2075 2373 2130 δὲ
2433 2076 2513 2148 ⁴ὡς
2579 2077 2857 2149 ἄνθρωποι
2925 2077 3323 2151 ἀποθνήσκετε.
3378 2098 3398 2131 ι
3472 2081 3545 2134 Τὸ
3605 2076 3700 2134 οὖν

2099 2167 2397 2237 μακάριος
2459 2167 2634 2238 ὄνομα
2689 2171 2790 2241 τῆς
2830 2171 2953 2224 κατ’
3009 2171 3214 2241 ἀρετὴν
3274 2171 3608 2236 τελειώσεως
3632 2173 3700 2204 ’δ’

2110 2256 2347 2328 ὑπάρχει
2378 2259 2612 2328 καρπός.
2642 2259 2854 2331 ’Ὠσπερ
2880 2259 2990 2330 γὰρ
3018 2261 3113 2314 καὶ
3150 2259 3382 2314 ἕκαστον
3415 2261 3524 2315 τῶν
3554 2261 3700 2317 κατά

2107 2347 2199 2402 τὸν
2225 2348 2339 2418 βίον
2364 2349 2816 2421 ἐπιτηδευμάτων
2839 2355 2918 2415 είς
2941 2352 2999 2405 τὸ
3024 2353 3173 2416 τέλος
3189 2355 3232 2385 ⁸⁷
3263 2355 3368 2426 ὁρᾷ
3386 2371 3398 2382 ·
3429 2354 3699 2428 ἀθλητικὴ

2112 2441 2211 2510 μὲν
2243 2435 2336 2494 οὖν
2363 2442 2448 2505 είς
2477 2443 2603 2506 τοὺς
2635 2444 2700 2496 ἐκ
2731 2444 2944 2497 κοτίνου
2993 2446 3313 2515 στεφάνους,
3353 2449 3698 2519 στρατηγική

2106 2547 2165 2584 τε
2195 2533 2274 2594 είς
2300 2531 2457 2597 νίκας
2487 2534 2580 2588 καὶ
2609 2535 2875 2606 τρόπαια,
2911 2535 3006 2590 καὶ
3035 2536 3218 2607 μέντοι
3241 2537 3336 2591 καὶ
3374 2539 3592 2610 ἰατρικὴ
3619 2541 3700 2605 εἰς

2106 2623 2316 2693 ὑγίειαν
2342 2628 2435 2680 καὶ⁷
2463 2627 2635 2682 νόσων
2663 2628 3009 2701 ἀπαλλαγὴν,
3035 2632 3130 2684 καὶ
3153 2631 3432 2704 ὲμπορικὴ
3455 2633 3536 2697 είς
3567 2633 3692 2687 συλ-

2107 2713 2272 2788 λογὴν
2300 2719 2599 2790 χρημάτων
2632 2720 2726 2776 καὶ
2755 2719 2987 2775 πλούτου
3015 2724 3340 2795 περιουσίαν
3362 2740 3376 2754 '
3405 2724 3580 2790 οὕτως
3604 2729 3700 2784 καὶ

2107 2809 2142 2880 ὴ
2172 2809 2272 2879 τῆς
2310 2811 2509 2881 ἀρετῆς
2557 2813 2835 2884 ἐπιστήμη
2870 2815 3082 2885 καρπὸν
3117 2815 3231 2887 ἔχει
3265 2816 3360 2872 καὶ
3404 2814 3558 2881 τέλος
3605 2820 3698 2874 τὸν

2108 2898 2252 2954 θεῖον
2282 2903 2656 2973 μακαρισμὸν.
2703 2904 2910 2976 Μηδεὶς
2947 2905 3003 2959 δὲ
3033 2905 3204 2979 ἀνδρα
3248 2908 3408 2978 μόνον
3441 2909 3584 2979 ὁρῶν
3614 2911 3699 2964 ὲν-

2106 2989 2283 3045 ταῦθα
2319 2993 2784 3064 μακαριζόμενον,
2825 2997 3156 3068 ἐστερῆσθαι
3185 2999 3384 3073 νομίσῃ
3416 3000 3570 3054 τοῦδε
3600 2999 3696 3055 τοῦ

415 3086 675 3140 nimirum
707 3085 948 3139 divinam
967 3082 1381 3137 beatitudinem.
1402 3081 1572 3136 Nemo
1592 3091 1774 3135 autem
1808 3081 2000 3136 videns

2110 3085 2462 3157 μακαρισμοῦ
2495 3087 2602 3141 τῶν
2634 3088 2906 3156 γυναικῶν
2935 3089 2996 3144 τὸ
3030 3090 3206 3159 γένος.
3238 3092 3374 3146 Οὐδὲ
3401 3092 3511 3164 γὰρ
3538 3095 3566 3147 ὁ
3595 3096 3695 3146 Δε-

419 3178 474 3231 in
497 3179 600 3232 hoc
615 3178 735 3232 loco
759 3179 934 3230 virum
957 3175 1340 3230 tantummodo
1355 3175 1573 3230 beatum
1604 3173 1732 3240 diei,
1769 3175 2001 3230 arbitre-

2107 3145 2316 3248 σπότης
2348 3145 2584 3249 ἱζριστὸς
2631 3145 2938 3251 ἀρρενικῶς
2988 3145 3114 3245 τοὺς
3144 3145 3695 3254 μακαρισμοὸς-σχη·

419 3279 510 3324 tur
526 3268 852 3323 feminarum
880 3283 1052 3338 genus
1075 3267 1142 3321 ab
1165 3266 1268 3321 hac
1287 3265 1629 3321 beatitudine
1641 3264 1882 3320 excludi.
1899 3263 2005 3320 Ne-

416 3373 525 3427 que
545 3357 688 3411 enim
715 3356 978 3411 Dominus
993 3354 1269 3423 Christus,
1295 3372 1418 3412 cum
1444 3355 1706 3412 formaret
1721 3354 2007 3411 beatitudi-

421 3463 523 3503 nes
542 3458 800 3518 tanquam
823 3448 889 3503 de
908 3448 1158 3504 maribus
1175 3449 1427 3518 loquens,
1447 3448 1663 3518 negavit
1678 3449 2004 3504 mulieribus

412 3541 838 3610 acquisitionem
879 3541 1119 3596 virtutis.
1158 3541 1354 3596 Sermo
1373 3541 1519 3595 enim
1543 3556 1670 3596 cum
1698 3540 1832 3595 viris
1847 3555 2004 3595 com-

414 3634 713 3703 prehendit
733 3635 909 3689 etiam
958 3635 1194 3691 feminas
1264 3651 1286 3688 :*
1331 3633 1772 3703 quandoquidem
1842 3643 2005 3702 caput

413 3726 672 3781 mulieris
695 3735 779 3782 est
801 3727 905 3790 vir,
933 3725 1391 3796 quemadmodum
1425 3725 1500 3779 ait
1529 3725 1751 3780 divinus
1767 3725 2004 3794 Aposto-

412 3800 580 3870 lusi.
631 3814 1061 3885 Conjunguntur
1115 3824 1294 3869 autem
1340 3829 1464 3868 cum
1519 3815 1699 3886 capite
1752 3814 2003 3885 corporis

411 3907 690 3971 membra,
740 3908 1087 3977 gaudentque
1141 3922 1262 3960 cum
1317 3913 1481 3975 caput
1533 3916 1849 3961 coronatur.
1909 3905 2003 3960 Sic

409 4001 582 4052 etiam
620 4014 744 4063 nos,
799 4014 923 4053 cum
967 3998 1154 4068 aliquo
1201 3987 1658 4064 sermocinantcs',
1711 3997 2001 4066 ipsumque

414 4088 769 4143 nominantes
808 4089 1034 4143 charum
1065 4096 1249 4158 caput,
1300 4101 1406 4140 non
1447 4088 1770 4156 separamus
1806 4085 1937 4140 illud
1969 4101 2001 4140 a

411 4180 632 4236 caeteris
673 4181 903 4236 artubus
948 4197 962 4234 :
1015 4178 1110 4236 sed
1158 4195 1186 4234 a
1235 4188 1389 4250 parte
1427 4187 1600 4233 t0tum
1638 4178 1998 4248 appellamus.

414 4271 535 4328 Non
579 4282 780 4327 temere
818 4281 999 4328 autem
1043 4272 1171 4328 fecit
1213 4271 1561 4327 mentionem
1590 4269 1826 4340 primum
1875 4270 1995 4334 viae,

411 4361 612 4418 deinde
631 4361 908 4428 stationis,
935 4361 1174 4432 denique
1205 4361 1478 4416 cathedra:
1507 4377 1521 4414 :
1548 4360 1642 4415 sed
1673 4360 1802 4429 quia
1831 4360 1998 4430 probe

2109 3269 2342 3340 ματίσας
2366 3270 2713 3341 ἀπηγόρευσε
2741 3274 2862 3335 ταῖς
2888 3272 3108 3340 γυναιξὶ
3134 3275 3325 3345 κτῆσιν
3344 3275 3388 3307 ⁸⁸
3420 3275 3520 3345 τῆς
3560 3277 3692 3347 ἀρε-

2104 3360 2224 3432 τῆς.
2260 3361 2779 3434 Συμπεριλαμΰάνει
2805 3364 2912 3436 γὰρ
2941 3366 3054 3428 τοῖς
3088 3365 3314 3437 ἀνδράσι
3342 3367 3438 3422 καὶ
3461 3367 3562 3432 τὰς
3592 3382 3692 3436 γυ-

2104 3453 2296 3518 ναῖκας
2338 3453 2367 3507 ὁ
2415 3452 2574 3523 λόγος
2599 3469 2613 3485 ο
2666 3453 2877 3524 κεφαλὴ
2903 3454 3012 3526 γὰρ
3037 3457 3296 3524 γυναικὸς
3328 3460 3356 3513 6
3389 3458 3551 3530 ἀνὴρ,
3642 3458 3691 3492 ιο

2104 3561 2270 3616 φησιν
2293 3546 2327 3598 6
2354 3544 2494 3609 θεῖος
2534 3543 2879 3609 Ἀπόστολος.
2911 3546 3264 3602 Συνάπτεται·
3285 3548 3343 3602 δὲ
3375 3551 3442 3620 τῇ
3478 3548 3688 3622 κεφαλῇ

2102 3636 2171 3689 τὰ
2197 3637 2343 3709 μέλη
2384 3637 2479 3691 τοῦ
2525 3635 2798 3707 σώματος,
2835 3636 2932 3692 καὶ
2960 3639 3203 3709 κεφαλῆς
3242 3640 3690 3714 στεφανουμένης

2100 3729 2466 3799 ἀγάλλεται⁷⁰
2488 3746 2503 3761 ο
2548 3727 2692 3783 οὕτω
2716 3729 2812 3783 καὶ
2838 3730 2978 3802 πρός
3007 3749 3131 3785 τινα
3158 3731 3558 3806 διαλεγόμενοι,
3590 3734 3689 3788 καὶ

2105 3821 2266 3892 φίλην
2287 3821 2449 3875 αὐτὸν
2477 3820 2719 3892 κεφαλὴν
2741 3823 3122 3893 ὀνομάζοντες,
3146 3824 3207 3877 οὗ
3233 3825 3543 3897 χωρίζομεν
3573 3825 3686 3879 τῶν

2106 3913 2312 3984 μορίων
2338 3913 2434 3968 τοῦ
2469 3911 2724 3983 σώματος
2749 3953 2764 3979 ,
2797 3915 2911 3969 ἀλλ’
2938 3916 3047 3970 ἀπὸ
3079 3916 3277 3988 μέρους
3303 3918 3366 3970 τὸ
3391 3919 3499 3972 πᾶν
3528 3934 3687 3990 προσ-

2105 4004 2480 4077 φθεγγόμεθα.
2521 4005 2635 4076 Οὐχ
2665 4005 2852 4070 ἁπλῶς
2883 4007 2939 4061 δὲ
2973 4008 3194 4079 πρῶτον
3221 4007 3364 4073 ὁδοῦ,
3397 4003 3519 4062 εἷτα
3551 4009 3683 4063 στά·

2106 4115 2279 4162 σεως,
2341 4094 2459 4152 εἶτα
2516 4097 2789 4169 καθέδρας
2844 4100 3298 4170 ἐμνημόνευσενο
3357 4098 3476 4153 ἀλλ’
3529 4097 3687 4164 εἰδὼς

2105 4189 2371 4262 ἀκριϐῶς,
2419 4189 2497 4254 ὡς
2546 4189 2761 4262 κίνησιν
2805 4190 2904 4263 μὲν
2937 4193 3155 4263 πρῶτον
3176 4195 3210 4246 6
3251 4191 3513 4263 λογισμὸς
3556 4192 3688 4246 ὑπο-

2107 4282 2282 4351 μένει,
2325 4282 2436 4335 εἴτε
2471 4279 2698 4350 φαῦλος,
2724 4281 2836 4335 εἴτε
2887 4283 3171 4346 σπουδαῖος
3215 4283 3338 4356 εῐη·
3386 4277 3508 4338 εἶτα
3557 4282 3685 4337 στά-

2103 4389 2208 4437 σιν,
2243 4367 2365 4426 εῐτά
2410 4389 2534 4425 τινα
2587 4372 2807 4443 ἑδραίαν
2838 4373 3148 4443 βεϐαίωσιν.
3183 4375 3451 4448 Παραινεϊ
3481 4373 3682 4436 τοίνυν,

412 4454 568 4509 novit
611 4468 723 4524 quo
767 4463 927 4524 pacto
965 4453 1227 4524 cogitatio
1257 4453 1478 4517 mentis,
1519 4451 1632 4507 sive
1661 4467 1850 4521 prava,
1882 4451 1996 4506 sive

2105 4464 2243 4534 μήτε
2287 4459 2364 4533 τῷ
2412 4461 2490 4532 νῷ
2543 4461 2949 4532 παραδέξασθαι
2991 4463 3228 4532 δυσσεϐῆ
3285 4479 3410 4516 τινα
3455 4461 3684 4526 ἔννοιαν,

411 4555 565 4600 recta
616 4547 706 4611 sit,
757 4547 1061 4601 motionem
1119 4545 1414 4615 quamdam
1469 4543 1648 4614 primo
1702 4543 1992 4606 sustineat,

410 4639 614 4694 deinde
657 4647 891 4706 statum,
938 4646 1224 4709 postremo
1259 4635 1669 4691 ﬁrmamentum
1716 4633 1992 4703 quoddam

412 4731 636 4786 stabile.
661 4733 931 4788 Admonet
956 4733 1129 4803 igitur
1151 4739 1218 4786 ut
1245 4743 1421 4800 neque
1465 4728 1520 4782 in
1549 4735 1731 4783 mente
1753 4726 1995 4796 aliquam

413 4819 645 4892 impiam
668 4825 1065 4895 cogitationem
1087 4825 1470 4891 .admittamus,
1501 4835 1684 4894 neque
1711 4820 1778 4876 ad
1813 4829 1996 4876 actum

2100 4555 2240 4625 μήτε
2289 4553 2382 4607 ἐπὶ
2421 4553 2628 4624 πρᾶξιν
2660 4554 2877 4609 ὁδεῦσαι
2930 4555 3271 4626 παράνομον.
3325 4555 3572 4616 Ἀσεσεῖς
3626 4553 3686 4606 δὲ

2098 4645 2252 4714 φίλον
2285 4647 2351 4716 τῇ
2383 4645 2504 4716 θείᾳ
2549 4645 2739 4717 Γραφῇ
2775 4644 2962 4699 καλεῖν
3005 4646 3134 4709 τοὺς
3172 4645 3384 4709 ἀθεῖαν,
3433 4645 3464 4714 ἦ
3516 4641 3684 4695 πολυ-

2101 4733 2254 4788 θεταν
2303 4733 2710 4806 θρησκεύοντας
2738 4751 2752 4766 ·
2807 4734 3170 4806 ἁμαρτωλοὺς
3214 4734 3292 4799 δὲ,
3338 4732 3461 4795 τοὺς
3497 4745 3684 4799 παρα-

2101 4825 2267 4897 νομίᾳ
2302 4825 2469 4899 συςῇν
2493 4827 2988 4899 προαιρουμένους,
3019 4826 3113 4880 καὶ
3142 4825 3256 4897 βίον
3285 4820 3680 4893 διεφθαρμένον

497 4992 528 5022 ο
552 4979 701 5038 Psa'l.
734 4997 793 5049 ο,
834 4984 886 5040 1.
969 4985 990 5025 ί
1017 4983 1038 5040 1
1063 4983 1206 5041 Tim.
1235 5000 1310 5052 Vl,
1342 4982 1434 5039 £5.
1505 4983 1538 5022 ε
1572 4980 1590 5037 l
1621 4979 1748 5037 Cor.
1784 4997 1821 5048 ι,
1860 4981 1913 5037 9.
1990 4981 2001 5022 ι

2105 4993 2212 5040 eut.
2243 4999 2412 5048 χχιιι,
2442 4986 2497 5042 4.
2571 4998 2590 5026 ι
2623 4986 2776 5043 Psal.
2810 5002 2998 5054 Lxxxt,
3029 4986 3084 5054 6,
3123 4988 3181 5043 7.
3255 4986 3272 5038 i
3308 4983 3332 5040 l
3364 4983 3494 5042 Cor.
3532 4997 3596 5050 ιι,
3626 4980 3686 5039 3.

1517 5139 1754 5197 VARle
1797 5141 2188 5199 LECTIONES
2224 5143 2310 5198 ΕΤ
2342 5141 2574 5199 NOTAE.

487 5258 535 5291 'i
566 5255 738 5328 T6766
759 5253 1134 5328 pandpng.
1162 5256 1214 5310 λ.
1259 5254 1388 5328 [Iace
1413 5267 1467 5328 et
1496 5271 1673 5326 pauca
1705 5271 1897 5311 eorum
1931 5275 2001 5328 qu

2105 5266 2407 5327 .equuntnr,
2431 5258 2658 5316 exhibet
2685 5260 2928 5316 Corderii
2962 5263 3162 5318 Catena
3195 5262 3249 5317 in
3283 5261 3553 5326 Psalmos,
3584 5271 3620 5317 ι.
3643 5259 3685 5316 Ι.

419 5344 476 5400 φ.
511 5328 600 5403 6.Δ
643 5326 984 5403 ⁶³ᾼΤιξύςηᾳ
1041 5327 1195 5403 Apud
1251 5326 1486 5403 (Iouini.
1521 5342 1568 5380 c.
1610 5336 1690 5380 est
1748 5326 1962 5403 506160.

2115 5326 2486 5403 Δεχομένους
2514 5359 2582 5369 -
2621 5332 2864 5403 λόγους.
2925 5334 3047 5389 cod.
3091 5336 3110 5388 Ι
3147 5333 3314 5386 αὑτὸν
3337 5333 3687 5403 δεχομένους.

419 5395 546 5454 eod.
573 5399 610 5453 Ξ
659 5395 826 5453 αὐτοῦ
870 5395 1197 5466 δεχομένους
1246 5397 1374 5459 τοὺς
1429 5395 1643 5464 λόγους.

1744 5397 1789 5428 ⁸³
1824 5397 1954 5467 We
1996 5427 2001 5449 ‹

2105 5397 2350 5467 ιρώποις.
2408 5402 2592 5456 Abest.
2626 5414 2662 5453 a
2705 5397 2829 5456 eod.
2878 5403 2934 5456 2.
3004 5404 3207 5458 “cod.
3261 5397 3481 5456 Ξείτὲαξ
3551 5402 3691 5455 ⁶⁶Τὸ

418 5467 537 5524 οὖν
559 5468 947 5539 μακάριος-τ
987 5466 1086 5539 _xa_i
1121 5467 1214 5539 τὰΔ
1247 5467 1474 5539 (praeter
1509 5465 1822 5539 συνέδρια.
1871 5465 1998 5523 llaec
2019 5469 2074 5539 i_n
2109 5465 2233 5539 eod.

2271 5471 2506 5537 quodam
2538 5470 2858 5525 Florentino
2887 5474 3205 5528 tribuuntur
3230 5471 3435 5528 Basilio
3463 5471 3555 5528 Μ..
3586 5471 3683 5524 sed

423 5534 733 5614 perperam;
762 5536 889 5614 γῆς.
910 5535 1023 5614 Cel=
1051 5534 1295 5614 Dandinii
1321 5534 1838 5614 Catalogum_co_dd.
1865 5553 1996 5592 mss.
2029 5534 2380 5614 Bibliotheca
2401 5539 2658 5614 Medicae
2680 5537 2939 5614 haurent.
2968 5552 3008 5598 t.
3031 5545 3071 5608 Ι,
3100 5559 3155 5614 p.
3183 5542 3288 5614 90.
3352 5544 3419 5576 “‘
3456 5540 3690 5614 Τελειώ-

423 5605 596 5679 ρἐώς.
623 5610 803 5664 Codex
833 5607 984 5679 Flor.
1011 5606 1171 5660 habet
1198 5605 1502 5679 pittacia:
1528 5605 1824 5679 Con-derius
1853 5620 2001 5679 auter

2105 5609 2197 5675 egit
2240 5609 2598 5679 τελειότητος.

2678 5609 2722 5640 ⁸⁷
2749 5613 2851 5677 Εἰς
2871 5616 2936 5666 τὸ
2959 5609 3155 5680 τέλος.
3191 5613 3534 5680 cod._noster
3576 5609 3595 5663 Ι
3635 5619 3688 5664 et

423 5675 480 5738 2,
509 5693 611 5756 nec
636 5679 896 5756 nonJ-cod.
929 5677 1164 5756 Florent.
1198 5675 1400 5755 habent
1448 5676 1528 5756 ei;
1548 5693 1610 5756 ,τι
1643 5675 1818 5756 τέλρςι
1895 5678 1940 5709 ⁸⁸
1973 5683 2001 5756 ρ

2105 5694 2225 5732 σιν.
2262 5680 2421 5736 codd.
2462 5675 2485 5736 ί
2535 5689 2588 5738 et
2621 5677 2657 5732 2
2683 5675 3023 5749 praemittunt
3050 5675 3176 5756 τήν.
3251 5684 3296 5718 ⁶⁹
3320 5678 3421 5752 ⁷ῌ.
3457 5680 3584 5737 Des.
3631 5679 3689 5737 in

425 5746 548 5802 ωιι.
580 5747 634 5802 2.

734 5744 780 5781 "°
810 5745 1271 5827 [ξομ-ἀγάλλεται
1299 5745 1355 5800 ιιι
1387 5745 1506 5805 cod.
1544 5747 1565 5801 1
1603 5747 1849 5818 sequitur
1881 5744 2188 5818 πρόσωᾱτον.
