4038 6214
310 310 416 382 833

1303 311 1793 375 THEODORETI
1830 314 2168 378 EPISCOPI
2195 318 2564 379 CYRENSIS

3445 311 3548 375 884

387 424 545 480 Vens.
586 425 672 480 lo.
712 443 732 477 ι
777 425 844 479 Ει
873 439 1040 487 nunc,
1073 439 1251 495 reges,
1285 427 1585 497 intelligite,
1611 436 1669 483 et
1698 427 1878 483 erudi-

2057 437 2108 486 t'.
2142 453 2160 483 ι
2183 433 2294 486 Καὶ
2323 432 2437 499 νῦν,
2467 433 2724 504 βασιλεῖς,
2762 431 2971 485 σύνετε·
3001 428 3326 498 παιδεύθητε
3353 427 3556 492 πάντες

311 517 466 578 mini,
503 534 694 573 omnes
723 519 817 587 qui
845 519 1106 588 iudicatis
1137 527 1360 574 terram.
1387 538 1406 570 ι
1446 519 1706 575 Omnium
1733 520 1880 575 enim

311 621 561 666 nostrum
600 627 693 666 rex
722 621 827 680 est,
860 613 954 683 qui
1001 613 1154 684 prius
1189 613 1473 669 videbatur
1513 612 1732 669 Judazos
1764 623 1883 669 tan-

315 713 426 758 tum
460 719 666 776 regere.

388 795 651 852 \‘enle.
683 816 702 850 ι
736 797 948 856 Servite
973 800 1204 856 Domino
1231 817 1351 857 cum
1383 801 1595 866 timore,
1625 812 1678 858 et
1698 804 1881 859 exsul-

311 897 418 942 tate
469 892 518 944 ci
572 906 696 946 cum
742 902 995 949 tremore.
1031 913 1049 945 ι
1093 896 1213 950 Non
1252 896 1396 948 enim
1444 895 1595 954 decet
1631 911 1748 962 eos,
1784 899 1876 967 qui

310 982 490 1037 salute
547 984 800 1040 laetantur
850 996 903 1042 et
955 989 1216 1058 gaudent,
1278 988 1602 1058 benignitati
1665 999 1876 1044 tantum

308 1074 626 1131 conlidere:
662 1079 756 1133 sed
811 1079 936 1134 huic
988 1081 1150 1134 etiam
1202 1082 1552 1148 conjunctam
1606 1083 1876 1149 justitiam

309 1166 523 1236 timere,
554 1179 609 1225 et
637 1173 1080 1228 eontremiscere.
1119 1192 1137 1225 ι
1174 1173 1276 1240 Qui
1301 1177 1469 1240 enim,
1501 1177 1697 1246 inquit,
1726 1187 1876 1247 putat

309 1271 370 1311 se
402 1267 569 1322 stare,
621 1261 798 1315 videat
831 1277 898 1315 ne
941 1264 1103 1316 cadat
1122 1272 1173 1318 ι’.
1217 1283 1236 1315 ι
1279 1265 1454 1336 [Cum
1501 1269 1647 1322 enim
1698 1269 1879 1325 Domi-

312 1366 440 1404 num
471 1359 726 1408 timentes
759 1370 878 1422 qua:
905 1354 1098 1410 decent
1132 1356 1446 1425 fecerimus,
1482 1361 1774 1429 plurimam
1810 1380 1878 1419 ex

311 1439 474 1494 rebus
520 1441 688 1510 gestis
729 1443 990 1499 habemus
1020 1445 1436 1514 iucunditatem,
1483 1465 1604 1504 cum
1657 1462 1709 1506 et
1740 1467 1876 1507 con-

307 1529 532 1583 scientia
579 1541 664 1585 est
696 1532 859 1598 bona,
915 1543 969 1588 ct
1011 1538 1298 1590 maximam
1335 1554 1402 1593 ex
1453 1555 1513 1593 ea
1548 1541 1876 1611 percipimus

307 1623 708 1698 voluptatem]
745 1646 764 1679 ι
799 1628 935 1682 Cum
974 1629 1170 1686 timore
1201 1650 1220 1682 ι
1263 1642 1485 1702 autem,
1536 1635 1588 1689 id
1637 1645 1758 1698 est,
1821 1637 1872 1689 in

306 1716 729 1784 compunctione
759 1736 772 1772 :
807 1735 874 1773 ne
908 1718 1003 1774 Dei
1035 1723 1289 1790 gaudium
1322 1724 1375 1778 in
1405 1727 1591 1780 mundi
1618 1727 1873 1796 gaudium

306 1806 601 1876 aliquando
629 1809 863 1867 decidat.

387 1962 550 2018 Vens.
589 1963 676 2019 ιε.
723 1984 742 2017 ι
780 1955 1185 2036 Appreliendite
1234 1969 1604 2040 disciplinam,
1657 1986 1727 2026 ne
1776 1971 1879 2026 ali-

307 2057 527 2124 quando
551 2059 816 2112 irascatur
842 2059 1122 2128 Dominus,
1147 2071 1201 2116 et
1225 2063 1460 2131 pereatis
1481 2064 1547 2119 de
1571 2064 1654 2118 via
1671 2064 1873 2134 justa.»

306 2145 442 2200 Nam
493 2162 602 2202 non
652 2147 852 2203 sufficit
899 2151 966 2204 ad
1007 2151 1396 2219 perfectionem
1448 2155 1564 2209 sola
1598 2156 1878 2224 possessio

307 2241 639 2309 cegnitionis
672 2242 808 2307 Dei,
865 2246 958 2300 sed
1008 2256 1223 2314 Oportet
1277 2251 1570 2318 practieam
1621 2251 1876 2306 virtutem

305 2333 601 2388 excolere:
641 2351 748 2405 qua
792 2338 1010 2407 quidem
1045 2339 1208 2410 625
1249 2341 1582 2411 apprehensa
1610 2384 1624 2408 ,
1671 2352 1874 2400 certam

307 2430 590 2494 tutamque
619 2425 767 2484 ibitis
795 2429 956 2486 viam.

375 2517 396 2536 ⁶
426 2511 589 2569 νεεδ.
628 2516 715 2572 15.
754 2537 772 2569 ι
811 2519 948 2572 Cum
981 2521 1248 2575 exarserit
1289 2521 1340 2574 in
1381 2521 1528 2576 brevi
1581 2525 1659 2578 ira
1709 2523 1872 2593 eius:

304 2604 447 2660 beati
487 2621 698 2674 omnes,
732 2611 825 2679 qui
855 2612 1131 2667 conﬁdunt
1163 2614 1215 2667 in
1242 2629 1324 2669 eo.
1364 2632 1383 2666 ι
1420 2603 1691 2684 Tempore
1730 2618 1872 2671 enim

297 2699 514 2767 judicii,
546 2717 672 2756 cum
704 2714 883 2759 vestra
914 2695 1143 2772 malitia,
1178 2708 1340 2763 veluti
1369 2710 1615 2778 quaedam
1644 2711 1873 2765 materia

301 2790 369 2848 ad
400 2794 828 2850 comburendum
868 2806 1016 2866 apta,
1065 2798 1303 2854 divinam
1356 2801 1700 2856 succenderit
1738 2803 1871 2856 iram

300 2882 527 2951 perinde
554 2901 618 2940 ac
649 2886 851 2957 ignem,
881 2899 1010 2944 tunc
1041 2890 1197 2958 longe
1225 2892 1376 2946 eritis
1406 2908 1434 2945 a
1468 2892 1550 2946 via
1576 2893 1870 2961 iustorum,

300 2975 599 3043 pendentes
635 2994 824 3048 pmnas
855 2995 1067 3046 earum,
1101 2999 1224 3053 qua:
1255 2984 1306 3037 in
1341 2985 1449 3038 vita
1489 2986 1870 3054 peccaveritis.

1981 523 2032 574 οἱ
2066 524 2340 595 κρίνοντες
2378 526 2475 597 τὴν
2506 529 2628 596 γῆν,
2670 544 2688 576 ι
2730 523 2954 578 Πάντων
2992 523 3103 594 γὰρ
3133 520 3290 592 ἡμῶν
3325 517 3371 551 ⁸⁸
3401 519 3556 589 βασι-

1980 613 2104 678 λεὺς
2136 616 2201 682 ⁸⁸,
2231 619 2259 670 ὁ
2291 616 2459 670 πάλαι
2479 616 2636 682 δόξας
2663 617 2840 689 μόνων
2872 614 3137 670 Ἰουδαίων
3163 616 3406 684 κρατεῖν.

2054 797 2142 844 ια’.
2190 808 2209 841 ι
2255 790 2591 844 Δουλεύσατε
2630 791 2708 861 τῷ
2742 791 2931 861 Κυρίῳ
2958 791 3016 842 ὲν
3047 787 3218 858 φόϐῳ,
3252 787 3348 839 καὶ
3385 785 3554 852 ἀγαλ-

1979 880 2166 933 λιᾶσθε
2191 881 2338 950 αὐτῷ
2367 883 2426 932 ὲν
2449 881 2657 951 τρόμῳ.
2687 901 2705 934 ι
2734 881 2808 934 Οὐ
2842 880 2887 913 ⁸⁸
2919 881 3027 951 γὰρ
3051 879 3132 932 δεῖ
3164 880 3303 949 μόνῃ
3329 880 3398 947 τῇ
3432 875 3552 945 φιλ-

1979 973 2266 1044 ανθρωπίᾳ
2303 972 2609 1043 θαρρῆσαι,
2643 973 2777 1026 ἀλλὰ
2804 973 2897 1026 καί
2920 973 2962 1004 ⁸⁷
2989 971 3088 1043 τὴν
3128 970 3304 1043 ταύτῃ
3347 986 3552 1039 συνημ-

1981 1066 2150 1136 μένην
2193 1065 2562 1134 δικαιοσύνην,
2593 1065 3001 1134 ἀγαλλομένους
3047 1063 3144 1116 ἐπὶ
3190 1065 3257 1134 τῇ
3307 1061 3554 1132 σωτηρίᾳ.

1978 1159 2072 1212 καὶ
2113 1158 2424 1228 χαίροντας,
2463 1157 2687 1210 δεδιέναι
2737 1157 2829 1210 καὶ
2866 1155 3113 1226 τρέμειν.
3157 1172 3175 1204 ι
3226 1153 3284 1204 Ὀ
3317 1152 3427 1222 γὰρ
3464 1153 3552 1204 δο-

1978 1250 2108 1313 κῶν,
2127 1251 2292 1320 φησὶν
2325 1250 2389 1313 δ’,
2410 1249 2654 1314 ἑστάναι,
2687 1248 2931 1318 βλεπέτω
2964 1245 3040 1317 μὴ
3060 1246 3225 1316 πέσῃ.
3261 1265 3278 1296 ι
3309 1243 3322 1316 Ι
3348 1244 3550 1297 Ἐπειδ’

1978 1342 2043 1395 ἂν
2069 1339 2114 1374 δ’
2137 1341 2246 1410 γὰρ
2291 1339 2620 1411 φοϐηθέντες
2673 1340 2762 1392 τὸν
2798 1338 3078 1408 Δεσπότην
3107 1338 3176 1391 τὰ
3204 1336 3552 1408 προσήκοντα

1975 1431 2422 1503 διαπραξώμεθα,
2458 1431 2716 1501 πλείστην
2765 1431 2830 1482 ὲκ
2874 1430 2982 1481 τῶν
3027 1427 3382 1498 πραχθέντων
3417 1426 3552 1494 ἡμῖν

1975 1521 2172 1590 ἔχομεν
2201 1521 2300 1590 τὴν
2342 1518 2682 1590 εὐφροσύνην
2724 1517 3104 1588 ἐγγινομένην,
3127 1516 3221 1570 τοῦ
3258 1514 3553 1576 συνειδότος

1976 1611 2184 1680 ὰγαθοῦ
2221 1611 2316 1682 μὲν
2359 1609 2739 1679 τυγχάνοντος,
2776 1607 3040 1677 μεγίστην
3067 1607 3123 1660 δὲ
3151 1609 3283 1678 ἡμῖν
3311 1606 3402 1659 διὰ
3427 1605 3554 1658 τού-

1976 1705 2072 1750 του
2104 1697 2202 1768 τὴν
2242 1697 2417 1764 χαρὰν
2466 1693 2890 1766 παρεχομένου.]
2946 1691 2964 1746 i
3031 1696 3120 1748 Ἐν
3169 1695 3358 1764 τρόμῳ
3413 1713 3431 1744 ι
3471 1693 3550 1756 δὲ,

1909 1771 1952 1826 Β
1979 1789 2276 1851 τουτέστιν,
2319 1789 2375 1838 ὲν
2418 1787 2742 1854 κατανύεειθ
2783 1788 2993 1856 μήποτε
3027 1785 3181 1855 ἢτοῦ
3229 1783 3365 1838 θεοῦ
3406 1785 3552 1855 χαρὰ

1979 1881 2058 1942 εἰς
2087 1880 2184 1950 τὴν
2210 1879 2303 1932 τοῦ
2335 1881 2541 1948 κόσμου
2583 1880 2865 1951 μεταπέσῃ
2895 1879 3093 1950 χαράν.

2053 1972 2138 2040 ιβ’.
2185 1989 2203 2021 ι
2248 1970 2528 2043 Δράξασθε
2577 1971 2862 2035 παιδείας,
2909 1972 3118 2041 μήποτε
3161 1968 3389 2040 ὀργισθῇ
3437 1969 3553 2023 Κύ-

1981 2080 2115 2134 ριος,
2147 2064 2239 2115 καὶ
2268 2061 2545 2132 ἀπόλησθε
2573 2062 2621 2094 ⁵ο
2653 2062 2714 2127 ἐξ
2744 2062 2863 2116 ὁδοῦ
2897 2062 3110 2125 δικαίας
3141 2062 3208 2114 ⁵⁸.
3248 2079 3266 2112 ι
3309 2061 3423 2114 οὐκ
3454 2061 3554 2131 ἁρ-

1978 2158 2065 2209 κεῖ
2100 2154 2206 2225 γὰρ
2250 2155 2294 2185 "
2346 2154 2480 2224 μόνη
2516 2156 2616 2224 τῆς
2662 2153 2992 2220 θεογνωσίας
3025 2155 3059 2224 ἡ
3101 2153 3294 2223 κτῆσις
3336 2152 3417 2215 είς
3461 2167 3553 2203 τεο

1976 2247 2265 2318 λειότηταο
2312 2247 2450 2301 ἀλλὰ
2496 2247 2603 2317 χρὴ
2637 2247 2732 2301 καὶ
2774 2247 2870 2316 τὴν
2915 2245 3225 2316 πρακτικὴν
3274 2242 3554 2314 μετελθεῖν

1975 2343 2180 2412 ἀρετήν
2199 2359 2212 2371 ο
2242 2337 2310 2414 ἦς
2342 2339 2837 2410 ἐπιλαμϐανόμενοι
2867 2339 2912 2370 ⁵³
2937 2340 3036 2411 τὴν
3065 2338 3278 2409 ἀπλανῆ
3323 2337 3553 2407 πορείαν

1974 2433 2224 2487 όδεύσετε
2253 2432 2320 2487 ⁵⁵.

2047 2526 2136 2594 ιγ’.
2195 2543 2212 2576 ι
2271 2525 2439 2578 Ὅταν
2485 2522 2726 2592 ὲκκαυθῇ
2771 2523 2828 2573 ὲν
2874 2521 3026 2591 τάχει
3071 2521 3099 2573 ὁ
3131 2519 3304 2588 θυμὸς
3349 2517 3550 2572 αὑτοῦ·

1977 2615 2239 2686 μακάριοι
2281 2613 2482 2673 πάντες
2522 2615 2570 2664 οἱ
2617 2609 2940 2674 πεποιθότες
2985 2612 3071 2662 ἐπ’
3105 2611 3254 2681 αὐτῷ
3288 2610 3355 2664 ⁸⁵.
3398 2629 3417 2662 ι
3465 2611 3554 2663 Ἑν

1972 2711 2080 2777 γὰρ
2109 2707 2186 2777 τῷ
2218 2705 2319 2777 τῆς
2357 2706 2593 2776 κρίσεως
2643 2703 2839 2774 καιρῷ,
2870 2704 2972 2772 τῆς
3017 2703 3290 2773 ὑμετέρας
3331 2703 3552 2765 κακίας,

1971 2794 2087 2856 οἷόν
2112 2813 2258 2860 τινος
2294 2794 2427 2865 ὕλης
2470 2795 2801 2864 εὐπρήστου,
2843 2792 3097 2862 καθάπερ
3128 2791 3239 2865 πῦρ
3272 2793 3373 2862 τὴν
3403 2790 3556 2844 θείαν

1973 2888 2301 2955 ὲκκαιούσης
2332 2887 2522 2956 ὀργὴν,
2568 2885 2759 2954 πόρῤω
2809 2901 2911 2935 που
2959 2881 3258 2952 γενήσεσθε
3303 2885 3404 2952 τῆς
3441 2882 3555 2934 τῶν

1971 2965 2196 3035 δικαίων
2221 2976 2366 3040 ὁδοῦ,
2393 2977 2552 3038 δίκας
2579 2975 2819 3036 τίνοντες
2859 2967 2935 3026 ὧν
2965 2974 3106 3025 κατὰ
3137 2972 3286 3025 τόνδε
3319 2971 3556 3042 τὸν-βίον

301 3061 458 3125 Tunc
485 3074 666 3121 autem
694 3069 858 3123 etiam
882 3070 983 3137 illi,
1009 3072 1102 3141 qui
1130 3087 1254 3128 vere
1278 3083 1333 3128 et
1358 3073 1584 3129 firmiter
1607 3074 1662 3128 in
1692 3075 1869 3144 ipsum

1976 3070 2504 3142 πεπλημμελήκατε.
2549 3066 2864 3138 Τηνικαῦτα
2901 3067 2959 3119 δὲ
2991 3067 3086 3119 καὶ
3114 3066 3164 3118 oi.
3199 3063 3418 3135 ἀληθῶς
3458 3063 3556 3118 καὶ

302 3167 679 3224 Speraverunt,
743 3163 1098 3228 reportabunt
1153 3180 1266 3219 sua:
1305 3165 1420 3234 spei
1471 3166 1868 3235 amplissimum

1978 3166 2212 3237 βεϐαίως
2243 3165 2324 3226 εἰς
2357 3162 2518 3215 αὐτὸν
2563 3161 2873 3231 ἠλπικότες,
2904 3158 3165 3229 λήψονται
3209 3157 3310 3225 τῆς
3340 3155 3556 3218 ἐλπίδος

303 3247 566 3314 fructum,
605 3250 862 3306 nimirum
894 3254 1305 3310 beatitudinem.
1351 3275 1370 3308 ι
1410 3257 1556 3312 Beati
1587 3257 1755 3323 enim,
1787 3257 1875 3312 in-

302 3340 442 3408 quit,
476 3341 568 3411 qui
612 3345 893 3400 conﬁdunt
935 3346 989 3401 in
1037 3362 1124 3402 eo.
1163 3367 1182 3400 ι
1228 3346 1284 3402 Si
1339 3349 1484 3403 enim
1531 3349 1586 3402 in
1629 3349 1732 3404 hac
1766 3349 1875 3402 vita

304 3431 564 3490 felicitate
595 3441 876 3506 potiuntur
911 3438 1130 3496 virtutis
1156 3441 1392 3507 athletae,
1441 3443 1709 3497 veriorem
1751 3441 1875 3498 feli-

304 3527 527 3583 citatem
550 3530 817 3600 accipient
849 3532 937 3587 die
968 3533 1083 3600 illo,
1118 3549 1228 3604 quo
1253 3535 1300 3589 ei
1325 3535 1420 3604 qui
1457 3535 1705 3606 improbe
1727 3536 1877 3592 vixe-

307 3616 418 3670 rint
448 3617 587 3675 iram
622 3619 861 3678 divinam
891 3620 944 3678 in
985 3637 1045 3677 se
1083 3623 1234 3692 ipsos
1263 3623 1558 3681 adducent.

749 3801 1022 3859 INTERP.
1063 3803 1314 3861 PSALMI
1355 3805 1444 3861 Ill.

381 3889 549 3950 Vsus.
583 3892 634 3947 l.
673 3910 694 3947 ι
734 3892 983 3949 Psalmus
1005 3893 1242 3961 Davidis,
1275 3897 1494 3966 quando
1515 3896 1652 3969 fugit
1680 3913 1711 3954 a
1738 3898 1880 3955 facie

306 3985 594 4046 Absolonti
627 3985 721 4042 tllii
760 3987 869 4046 sui.
908 4005 928 4038 ι
966 3986 1250 4044 Manifesta
1301 3999 1385 4045 est
1419 3990 1650 4047 historia
1695 3992 1877 4047 homiv

309 4079 473 4136 nibus
506 4077 759 4144 curiosis,
797 4094 984 4134 verum
1031 4095 1130 4149 pro
1179 4081 1525 4151 segnioribus
1557 4083 1703 4138 hanc
1749 4085 1878 4138 bre-

309 4169 450 4222 viter
477 4168 765 4240 attingant.
818 4167 949 4230 Post
997 4171 1273 4240 geminum
1310 4172 1441 4230 illud
1477 4182 1782 4243 peceatum,
1819 4173 1874 4228 in

307 4261 511 4316 inultas
537 4261 826 4331 variasque
848 4262 1185 4318 calamitates
1215 4279 1443 4334 magnus
1466 4266 1633 4320 David
1665 4266 1876 4320 incidit.

313 4354 446 4410 Nam
481 4369 589 4410 non
617 4355 795 4411 solum
826 4355 1069 4412 finitima:
1097 4368 1284 4426 gentes
1305 4359 1369 4423 ad
1393 4374 1628 4430 pugnam
1649 4359 1878 4414 bellum-

1976 3257 2210 3329 καρπὸν,
2239 3257 2331 3308 τὸν
2365 3252 2714 3324 μακαρισμόν
2737 3251 2806 3306 ⁵⁸.
2843 3269 2862 3303 ι
2888 3249 3168 3320 Μακάριοι
3196 3247 3326 3317 γὰρ,
3365 3247 3556 3318 φησιν,

1974 3352 2026 3404 oi.
2058 3347 2379 3408 πεποιθότες
2423 3345 2510 3399 ἐπ’
2546 3343 2715 3412 αὐτῷ.
2766 3361 2784 3393 ι
2836 3342 2898 3394 El
2933 3341 3028 3394 καὶ
3063 3340 3172 3411 γὰρ
3203 3340 3249 3372 ⁸⁷
3287 3338 3431 3392 κατά
3466 3337 3558 3391 τὸν

1976 3443 2220 3514 παρόντα
2252 3439 2366 3511 βίον
2393 3438 2484 3492 τὸν
2531 3435 2881 3508 μακαρισμὸν
2906 3433 3122 3505 ἔχουσιν
3148 3435 3197 3486 οι
3221 3432 3322 3502 τῆς
3355 3430 3558 3499 ἀρετῆς

1975 3538 2227 3609 ἀθληταὶ,
2252 3535 2366 3589 ἀλλ’
2389 3532 2483 3588 οὖν
2511 3533 2874 3604 ἀληθέστερον
2904 3528 3068 3582 αὐτὸν
3092 3526 3340 3593 δέξονται
3368 3526 3414 3559 ⁵³
3436 3527 3559 3579 κατ’

1975 3630 2192 3700 ἐκείνην
2220 3628 2318 3700 τὴν
2346 3628 2582 3699 ἡμέραν,
2606 3624 2732 3678 καθ’
2754 3626 2821 3692 ἢν
2845 3624 2893 3674 ei
2919 3619 3164 3692 πονηρίᾳ
3189 3618 3560 3691 συνεζηκότες

1975 3724 2074 3795 τὴν
2105 3722 2258 3776 θείαν
2281 3721 2451 3791 ὀργὴν
2486 3718 2608 3771 καθ’
2643 3715 2850 3770 ἑαυτῶν
2883 3714 3280 3766 ὲπισπὰσονται
3317 3712 3387 3766 ⁵⁸.

2333 3809 2598 3864 EPMHN.
2639 3807 2775 3861 ΤΟΥ
2812 3808 2865 3859 I"
2902 3805 3224 3860 ΨΑΛΜΟΥ.

2048 3912 2117 3960 α’.
2165 3923 2184 3957 ι
2227 3901 2459 3973 Ψαλμὺς
2495 3900 2572 3970 τῷ
2621 3899 2814 3962 Δαϐὶδ,
2858 3897 3023 3951 ὁπότε
3067 3897 3114 3930 ⁸⁸
3159 3895 3558 3967 ἀπεδίδρασκεν

1977 3997 2086 4053 ἀπὸ
2117 3993 2409 4065 προσώπου
2448 3988 2804 4060 Ἀϐεσσαλὼμ
2833 3988 2929 4042 τοῦ
2961 3986 3080 4041 υίοῦ
3117 3983 3305 4040 αὑτοῦ.
3346 4005 3363 4037 ι
3413 3985 3557 4056 Δήλη

1981 4091 2080 4162 μὲν
2110 4091 2222 4152 τοῖς
2261 4083 2687 4157 ἐμμελεστέροις
2720 4084 2755 4154 ἡ
2789 4080 3001 4152 ἱστορία
3022 4098 3037 4112 ·
3070 4080 3183 4132 τῶν
3219 4078 3276 4132 δὲ
3314 4078 3561 4149 ῥαθυμον

1977 4181 2153 4251 τέρων
2190 4177 2355 4231 ἕνεκα
2397 4174 2678 4244 συντόμως
2727 4171 2932 4241 ταύτην
2970 4171 3080 4241 ἐρῶ
3111 4170 3176 4222 ⁶¹.
3206 4169 3362 4224 Μετὰ
3391 4169 3436 4201 ⁸⁸
3460 4169 3562 4238 τὴν

1977 4271 2174 4340 διπλῆν
2211 4268 2428 4336 εκείνην
2474 4264 2843 4337 παρανομίαν,
2873 4264 2902 4315 ό
2940 4262 3114 4332 μέγας
3144 4259 3307 4313 Δαϐὶδ
3336 4258 3563 4321 πολλαῖς

1979 4363 2074 4418 καὶ
2103 4361 2150 4394 ⁸³
2200 4357 2568 4420 παντοδαπαῖς
2597 4354 2894 4429 περιέπεσε
2949 4353 3282 4423 συμφοραῖς.
3327 4349 3406 4404 Οὐ
3453 4349 3560 4419 γὰρ

310 4461 418 4514 quo
449 4456 738 4502 commotae
779 4456 928 4510 sunt,
970 4448 1064 4504 sed
1096 4450 1269 4514 ipsius
1298 4451 1460 4506 etiam
1491 4452 1688 4506 domus
1713 4450 1876 4520 cmpit

1985 4454 2142 4524 μόνον
2194 4451 2265 4506 τὰ
2307 4449 2708 4516 προσοικοῦντα
2759 4446 2886 4517 ἔθνη
2933 4444 3071 4516 πρὸς
3119 4443 3303 4515 μάχην
3334 4441 3559 4509 ἐκινήθη

309 4537 579 4593 seditione
611 4537 881 4604 laborare,
919 4548 972 4593 et
1007 4551 1288 4608 peccatum
1316 4540 1482 4611 626
1510 4550 1731 4610 peccato
1751 4557 1880 4596 suc-

309 4628 493 4685 cessit.
525 4627 814 4686 Ammonis
842 4630 1318 4701 intemperantiam
1359 4634 1574 4702 excepit
1600 4634 1879 4690 Absalomi

381 4751 411 4791 ι»
447 4741 470 4796 1
502 4739 633 4799 Cor.
666 4758 718 4804 ι,
754 4742 842 4798 ιε.

1987 4547 2083 4600 καὶ
2127 4545 2389 4614 πόλεμον,
2437 4539 2574 4595 ἀλλὰ
2612 4540 2706 4593 καὶ
2750 4537 2917 4601 αὐτὸς
2964 4539 2994 4591 ό
3040 4532 3188 4600 οἶκος
3229 4536 3329 4606 τὴν
3373 4535 3560 4589 στάσιν

1987 4636 2227 4702 ἐδέξατο,
2271 4635 2366 4688 καὶ
2415 4630 2730 4703 παρανομία
2777 4629 3124 4702 παρανομίαν
3172 4627 3446 4698 διεδέξατο
3491 4624 3554 4677 ⁸⁸.

1414 4833 1646 4889 VARI/ﬁ
1688 4835 2069 4892 LECTIUNES
2107 4837 2194 4892 ET
2231 4836 2463 4895 ΝΟΤᾸΕ.

383 4946 428 4977 ⁸³
451 4942 837 5020 ,Ἠμῶ-νηοικι.
863 4957 1095 5020 uterque
1124 4947 1297 5017 ὑμῶν.
1363 4947 1418 5020 7”
1444 4951 1764 5020 Βασιλεύς.
1797 4948 1878 5005 υιι

1974 4967 2035 5004 ne
2063 4953 2184 5006 cod.
2227 4967 2412 5020 prazm.
2476 4949 2611 5004 ἔστι.
2665 4947 2740 5003 Ita
2778 4963 2994 5020 quoque
3028 4947 3191 5020 habet
3220 4943 3381 5002 Cord.
3418 4943 3456 5020 l_.
3500 4955 3549 5020 ς.

530 5014 740 5090 ch._l,
766 5015 801 5067 2
824 5017 962 5070 οὐδέ.
999 5012 1072 5090 ita
1103 5012 1322 5090 quoque
1347 5019 1570 5090 Corder.
1646 5019 1690 5051 ⁸⁷
1725 5012 1878 5073 Ἄλλε

1974 5021 2050 5074 αἱ.
2078 5022 2199 5075 cod.
2228 5012 2458 5090 uterque
2506 5021 2701 5073 δεῖσαι.
2778 5012 2823 5051 ⁸⁸
2855 5012 3070 5087 Φησίν.
3104 5019 3267 5090 Abest
3294 5032 3322 5071 a
3348 5013 3468 5070 cod.
3503 5012 3556 5067 l.

313 5086 360 5124 δ’
405 5083 618 5157 Ἐπςιό
643 5085 723 5157 ar
746 5114 810 5157 se
831 5083 1141 5154 μεταπέσῄ
1173 5083 1386 5157 χαράν.
1420 5089 1600 5144 Desiu.
1632 5090 1683 5142 in
1738 5090 1861 5144 cod.
1899 5090 1920 5143 l
1967 5103 2018 5144 et
2046 5091 2099 5147 ἓ.

1967 5162 2008 5194 ⁵¹
2041 5163 2303 5226 Δικαιάς.
2348 5159 2462 5214 Hoc
2488 5161 2703 5229 quidem
2744 5176 2772 5212 τι
2805 5167 2950 5213 textu
2979 5157 3140 5229 llebr.
3169 5166 3254 5229 est
3300 5157 3561 5229 alien_utn,

313 5157 456 5224 apud
512 5155 678 5210 Cortl.
769 5156 815 5186 ⁶⁰
844 5155 1205 5224 Ἀπόλησθέξ
1232 5160 1351 5213 cod.
1389 5159 1440 5222 1,
1483 5160 1517 5211 2
1549 5159 1857 5213 ἀπολεῖσθε.

2160 5091 2294 5156 Qua:
2357 5089 2570 5145 uncinis
2631 5090 2839 5144 inclusa
2907 5098 3051 5151 sunt,
3088 5089 3286 5142 desunt
3344 5098 3562 5154 quoque

313 5222 505 5307 parum
533 5234 715 5307 tamen
734 5225 810 5307 ab
832 5222 1062 5307 interpr.
1083 5227 1285 5282 ϐιηθεὶς
1313 5230 1367 5307 h_.
1393 5231 1655 5307 .'__recedit
1679 5231 1868 5307 Syrus,
1893 5232 1992 5307 qui
2010 5232 2189 5307 vertit,
2209 5222 2274 5307 _et
2305 5222 2530 5307 pereatis
2553 5230 2615 5307 de
2645 5230 2726 5307 via
2747 5230 2888 5307 ejus,
2920 5245 2996 5283 sc.
3029 5228 3264 5307 Domini:
3339 5227 3384 5258 ⁵²
3415 5222 3562 5290 Γάρ.

313 5297 538 5369 Abesta
567 5295 709 5369 cod._
734 5294 788 5347 2.
862 5296 907 5326 ⁵³
936 5294 1058 5369 eod.
1095 5309 1320 5369 uterque
1344 5294 1746 5369 ἐπιλαϐόμενοί.
1824 5299 1871 5332 ⁵⁸

1974 5302 2014 5354 l.
2055 5294 2342 5353 266sdsré.
2376 5300 2528 5369 Apud
2561 5300 2725 5352 Cord.
2748 5294 2798 5366 p.
2828 5300 2896 5352 ’51
2927 5297 3301 5369 qumdatnalia
3325 5308 3568 5359 sequun-

313 5376 424 5439 tur.
465 5365 829 5439 ’ξ’-Μακάριοι
855 5397 922 5406 —
943 5366 1034 5439 ἐπ’
1061 5365 1245 5430 αὑτῷξ
1277 5367 1398 5439 Haec
1424 5370 1474 5422 in
1504 5365 1733 5439 utroque
1759 5372 1878 5424 cod.

1974 5380 2109 5425 )stro
2149 5370 2392 5439 seiuncta
2425 5365 2558 5423 sunt
2591 5385 2620 5420 a
2655 5365 3142 5439 praecedentibus,
3176 5367 3568 5439 δίδιζῌακαριᾳ-

313 5436 450 5506 μόν.
485 5433 600 5491 Hoc
635 5437 756 5507 loco
801 5437 1046 5507 quaedam
1084 5439 1224 5505 apud
1261 5437 1419 5492 Cord.
1455 5456 1506 5507 p.
1553 5440 1621 5493 55
1646 5433 1980 5506 'sequuntur.

2078 5441 2122 5471 ⁸⁷
2162 5432 2310 5504 Γὶὶρ.
2341 5438 2462 5493 Des.
2517 5440 2569 5492 in
2611 5432 2840 5504 utroque
2871 5439 2992 5492 cod.
3103 5437 3149 5469 ⁵³
3177 5435 3479 5498 Δέξονται.
3508 5432 3564 5504 In

317 5499 551 5578 iitroque
578 5506 698 5561 cod.
731 5515 783 5559 et
811 5499 950 5574 apud
981 5499 1143 5560 Cord'.
1189 5510 1434 5578 sequitur
1456 5499 1604 5577 'post
1645 5499 1764 5563 κατ’
1797 5512 1878 5561 ὲκε

1974 5528 2035 5578 ιν.
2128 5509 2173 5540 ⁸⁸
2213 5499 2706 5578 ’ἐπισπάσονταα
2739 5499 2874 5560 Vide
2913 5523 3034 5576 qua}
3093 5513 3398 5578 sequuntur
3421 5499 3564 5570 apud

316 5574 477 5628 (Iord.
506 5576 611 5630 l.c.
689 5579 733 5609 °°
779 5579 1006 5631 Ὁπότε.
1047 5578 1166 5630 cod.
1200 5577 1305 5628 ὅτε.

320 5642 443 5718 llaec
466 5661 496 5694 ε
520 5645 648 5718 cod.
682 5646 856 5718 rVatic.
882 5648 1129 5701 exhibuit
1154 5645 1384 5700 Garner.
1419 5642 1572 5718 Auct.
1682 5650 1735 5702 7.

1385 5579 1619 5662 “‘Aridn
1645 5610 1714 5662 —_-
1733 5579 1878 5662 apo"):

1974 5577 2198 5662 περιιιί
2229 5577 2407 5662 Co'rd'.‘
2431 5594 2480 5646 p.
2524 5579 2612 5630 44.
2653 5647 2665 5662 ⁸
2694 5579 2760 5662 ﬁ"
2791 5578 2951 5662 Μετὰ
2981 5577 3207 5662 einen—ﬂ

1847 5648 1893 5680 “
1922 5636 2184 5714 Πολλὶιῖς
2215 5648 2332 5700 καί.
2369 5636 2491 5701 Des.
2527 5647 2667 5716 apud
2692 5646 2859 5701 Garn.
2895 5648 2931 5700 l.
2958 5664 3009 5701 c.
3037 5636 3047 5644 ’
3088 5647 3132 5680 ⁸⁸
3154 5636 3262 5700 Kal
3286 5673 3353 5683 --
3373 5636 3562 5716 die“.

2431 5594 2480 5646 p.
2524 5579 2612 5630 44.
2718 5579 2760 5608 ⁶²
2791 5573 2951 5630 Μετὰ
2981 5577 3093 5644 τὴν
3122 5573 3189 5617 -4
3219 5573 3562 5646 μετάνςοιᾳτ.

321 5715 487 5786 ξατο,
520 5712 646 5769 Haec
677 5717 729 5780 in
761 5721 879 5772 cod.
909 5728 1094 5773 nostro
1113 5719 1167 5782 2,
1194 5727 1249 5772 et
1277 5719 1416 5786 apud
1441 5712 1616 5780 Cum;
1639 5719 1672 5774 I.
1705 5735 1753 5774 c.
1779 5719 1873 5784 des

1981 5761 1993 5771 .
2024 5719 2076 5773 In
2109 5712 2229 5775 cud.
2276 5718 2297 5769 1
2331 5729 2510 5773 autem
2541 5712 2880 5773 desideratur
2903 5727 3113 5774 tantum
3149 5713 3458 5786 παρανομία
