4038 6214
379 380 490 449 813

1792 389 1877 450 IN
1911 391 2117 453 PSAL.
2149 394 2233 455 ῙῘ.

3536 404 3645 470 εει

376 496 500 565 λάς,
522 495 670 552 κατά
689 497 735 531 ⁸⁸
759 497 857 562 τὰς
883 496 1024 569 ὲμάς
1052 496 1398 568 νομοθεσῖας,
1442 496 1582 570 μετά
1606 498 1708 569 τῆς
1741 500 1822 563 είς
1851 500 1954 569 ἐμὲ

2062 503 2358 557 humanam
2388 503 2617 575 gloriam
2638 506 2822 562 virtuti
2850 507 3072 565 studere
3099 511 3404 569 videantur.
3443 533 3461 567 ι
3490 514 3642 572 Multi

379 590 620 653 πίστεως
643 589 691 622 ⁸⁸
718 588 794 653 ὥς
832 607 992 643 τινων
1037 592 1131 643 καὶ
1157 590 1282 661 δίχα
1314 591 1416 660 τῆς
1456 590 1538 653 είς
1572 589 1735 644 αὑτὸν
1763 591 1958 659 ὁμολο⁶

378 678 504 746 γίας
536 679 623 734 διὰ
659 680 816 746 δόξαν
863 681 1211 752 ἀνθρωπίνην
1241 681 1285 713 ⁸⁷
1333 682 1536 752 ἀρετῆς
1576 680 1958 752 ἐπιμελεῖσθαι

379 770 701 826 δοκούντων.
751 792 770 824 ι
834 773 1028 826 Πολλοὶ
1062 773 1306 843 λέγουσι,
1360 772 1457 834 Τίς
1494 772 1657 840 δείξει
1706 775 1840 843 ἡμῖν
1890 774 1959 827 τά

356 864 599 933 ’ἀγαθάς
652 886 671 919 ι
712 866 1022 922 Αίνίττεται
1064 866 1156 933 οὒς
1202 868 1602 940 βαρυκαρδίους
1651 868 1959 937 ὠνόμασεν,

2063 594 2274 660 dicunt,
2307 594 2443 661 Quis
2477 597 2729 651 ostendet
2759 599 2916 653 nobis
2943 598 3120 655 bona?
3164 620 3182 655 ι
3220 600 3405 659 lnnuit
3448 620 3643 676 graves

2065 684 2229 739 corde
2255 701 2396 757 quos
2431 689 2756 753 nominavit,
2787 700 3045 760 tanquam
3071 693 3414 763 indignantes
3447 699 3642 753 adver-

2065 773 2142 829 sis
2199 775 2251 829 in
2282 776 2444 832 rebus
2481 778 2532 830 in
2562 792 2699 846 quas
2727 778 3061 840 inciderunt.
3094 791 3148 835 et
3194 782 3394 838 divinae
3453 783 3642 839 Provi-

2066 868 2263 922 dentiae
2293 867 2642 936 dissidentes,
2675 879 2727 924 et
2752 871 2932 927 dicere
2957 872 3075 927 hanc
3104 875 3390 930 audentes.

375 957 454 1021 ὡς
491 959 943 1034 δυσχεραίνοντας
969 962 1063 1014 ἐπὶ
1088 961 1201 1022 τοῖς
1229 961 1636 1033 προσπίπτουσι
1699 960 1988 1031 λυπηροῖς,
2029 957 2123 1013 καὶ
2191 961 2259 1031 τῇ
2304 956 2400 1013 τοῦ
2451 959 2589 1015 Θεοῦ
2634 962 2950 1035 προμηθείᾳ
2992 964 3037 995 ⁸⁸
3080 964 3519 1035 διαπιστοῦντας,
3547 973 3643 1026 καὶ

376 1049 558 1121 λέγειν
588 1053 747 1106 τοῦτο
775 1052 1094 1124 τολμῶντας

450 1183 517 1255 ζ’-
551 1205 571 1237 σ
626 1183 973 1255 Ἑσημιιώθη
1003 1185 1090 1253 δι”
1110 1186 1260 1255 ἡμᾶς
1279 1184 1346 1239 τὺ
1376 1185 1496 1255 φῶς
1527 1185 1624 1242 τοῦ
1662 1184 1959 1259 προσιδτωυ

379 1293 501 1341 σου,
556 1274 732 1348 Κύριε
765 1290 780 1304 ·
822 1274 1031 1339 ἔδωκας
1075 1274 1419 1345 εὐφροσύνην
1460 1276 1541 1340 είς
1584 1275 1688 1348 τὴν
1728 1275 1956 1346 καρδίαν

378 1383 485 1438 μου
507 1366 599 1421 δν.
632 1387 652 1418 ι
698 1365 927 1420 Ἐκεῖνοι
947 1366 989 1399 ⁸⁸
1020 1365 1118 1435 μὲν
1143 1361 1236 1419 οὖν
1272 1366 1502 1420 τοιαῦτα
1528 1367 1623 1420 καὶ
1647 1366 1957 1435 λογίζονται

375 1458 473 1511 καὶ
509 1456 844 1525 φθέγγονται
875 1473 889 1486 ·
940 1457 1104 1529 ἡμεῖς
1135 1456 1191 1509 δὲ
1223 1457 1274 1509 οί
1311 1455 1412 1526 τῆς
1465 1457 1567 1526 σῆς
1614 1456 1957 1527 θεογνωσίας

372 1548 477 1620 τὴν
511 1548 707 1619 αἴγλην
751 1547 1066 1618 δεξάμενοι,
1096 1547 1190 1601 καὶ
1212 1550 1333 1611 ταῖς
1360 1549 1511 1619 παρὰ
1538 1547 1634 1602 σοῦ
1665 1547 1958 1618 φωτισθένο

370 1656 467 1705 τες
491 1642 696 1700 ἀκτῖσι.
728 1643 822 1694 καὶ
854 1642 912 1694 ἐν
953 1641 1146 1703 αὑταῖς
1185 1644 1305 1704 ταῖς
1330 1642 1795 1712 ἐπανισταμέναις
1818 1643 1952 1712 ἡμῖν

373 1735 689 1804 συμφοραῖς
739 1731 1070 1804 ἀποχρῶσαν
1119 1730 1315 1803 ἔχομεν
1365 1732 1700 1804 παραψυχὴν
1737 1732 1836 1803 τὴν
1870 1731 1952 1793 είς

373 1823 436 1877 σὲ
465 1823 657 1878 ιλπίδα
692 1824 762 1879 ”.

441 1958 515 2030 η’.
549 1977 568 2009 ι
620 1957 755 2012 Ἀπὸ
802 1959 1016 2030 καρποῦ
1046 1960 1092 1992 ⁸³
1136 1958 1309 2024 σίτου,
1349 1959 1496 2014 οῐνου
1520 1961 1589 2024 ⁸⁸,
1639 1959 1733 2013 καὶ
1764 1959 1950 2015 δλαίου

370 2049 553 2104 αὑτῶν
580 2048 1019 2121 ὲπληθύνθησαν.
1036 2069 1054 2102 ι
1085 2050 1257 2104 Πάλιν
1286 2050 1512 2105 ἐκείνων
1524 2054 1824 2122 κατηγορεῖ
1841 2051 1950 2105 τῶν

370 2141 660 2212 λεγόντων·
708 2159 727 2194 ι
768 2143 866 2205 Τίς
890 2142 1054 2209 δείξει
1093 2144 1225 2213 ἡμῖν
1244 2142 1313 2195 τὰ
1338 2142 1552 2212 ἀγαθά;
1592 2160 1610 2195 ι
1658 2142 1735 2207 ὡς
1757 2143 1951 2197 τοσού-

373 2250 486 2287 των
539 2234 635 2288 καὶ
684 2234 825 2288 κατά
869 2234 962 2286 τὸν
1010 2234 1255 2305 παρόντα
1301 2233 1417 2305 βίον
1475 2233 1860 2289 ἀπολαυόντων
1879 2235 1948 2301 ⁸³,

371 2329 470 2380 καὶ
494 2326 819 2397 ἀχαριστίαν
852 2325 1173 2380 νοσούντων.
1204 2325 1361 2378 Ἐστι
1385 2325 1441 2378 δὲ
1488 2326 1549 2380 τὸ
1596 2325 1775 2396 νόημα
1823 2326 1953 2396 μεθ-

372 2417 716 2489 υπέρσατον·
775 2436 792 2470 ι
818 2417 1014 2471 Πολλοὶ
1065 2416 1435 2486 λέγουσι’Τίς
1485 2417 1648 2483 δείξει
1701 2418 1835 2488 ἡμῖν
1881 2417 1951 2470 τά

373 2508 596 2576 ἀγαθάς
679 2510 787 2563 ἀπὸ
863 2508 1080 2579 καρποῦ
1155 2509 1339 2573 σίτου,
1390 2508 1488 2561 καλ⁴
1523 2507 1571 2540 ⁸⁸
1620 2507 1805 2573 οἴνου,
1856 2508 1953 2561 καὶ

373 2603 554 2654 ἐλαίου
577 2600 755 2653 αὐτῶν
772 2600 1240 2670 ὲπληθύνθησαν.»
1267 2601 1483 2665 Καίτοι,
1503 2600 1689 2669 φησὶν,
1714 2602 1762 2652 οί
1778 2600 1952 2653 ταῦτα

372 2690 622 2758 λέγοντες
675 2689 785 2743 τῶν
836 2689 1194 2743 παντοδαπῶν
1242 2689 1342 2758 τῆς
1394 2689 1500 2758 γῆς
1550 2689 1779 2760 καρπῶν
1815 2690 1953 2742 ἀπο-

373 2778 630 2833 λαύουσι·
662 2780 749 2833 διὰ
788 2779 895 2851 γὰρ
938 2780 1048 2833 τῶν
1084 2779 1249 2850 τριῶν
1294 2780 1500 2834 τούτων
1541 2779 1698 2834 εἱδῶν
1748 2780 1856 2833 τῶν
1883 2782 1950 2851 τῇ

374 2866 692 2939 ἀνθρωπεία
743 2867 905 2936 φύσει
951 2868 1344 2940 διαφερόντων,
1385 2870 1701 2938 ἀναγκαίως
1741 2869 1836 2923 καὶ⁵
1884 2871 1953 2924 τὸ.

2129 1183 2295 1242 Vsus.
2328 1186 2380 1242 7.
2412 1206 2432 1240 ι
2466 1188 2752 1259 Signatum
2793 1200 2877 1247 est
2918 1207 3083 1264 super
3111 1211 3215 1251 nos
3241 1198 3429 1253 lumen
3456 1201 3638 1260 vultus

2058 1278 2160 1340 tui.
2188 1278 2456 1335 Domine:
2491 1282 2690 1337 dedisti
2729 1284 2973 1339 lartitiam
3008 1287 3061 1341 in
3117 1290 3284 1343 corde
3307 1306 3452 1346 meo.
3495 1313 3512 1344 ι
3556 1294 3635 1350 Illi

2055 1366 2277 1436 quidem
2310 1369 2477 1439 igitur
2504 1380 2560 1425 et
2590 1374 2835 1442 cogitant
2866 1384 2923 1430 et
2977 1377 3172 1433 dicunt
3198 1379 3353 1435 haec:
3390 1398 3489 1437 nos
3541 1399 3632 1437 ve-

2054 1472 2138 1521 ro,
2170 1461 2265 1529 qui
2315 1463 2648 1532 cognitionis
2675 1463 2765 1520 Dei
2793 1481 2823 1520 a
2851 1475 2903 1521 te
2931 1466 3115 1523 lumen
3147 1472 3485 1542 accepimus,
3547 1491 3639 1530 ra-

2061 1550 2278 1620 diisque
2312 1554 2420 1608 tuis
2457 1554 2719 1611 illustrati
2759 1571 2973 1624 sumus,
3007 1561 3172 1615 etiam
3218 1563 3271 1616 in
3303 1564 3437 1634 ipsis
3480 1568 3634 1622 cala-

2062 1640 2369 1707 mitatibus,
2401 1658 2527 1710 qua:
2557 1645 2719 1699 nobis
2741 1647 3023 1711 accidunt,
3055 1648 3414 1706 sufﬁcientem
3467 1668 3533 1707 ex
3569 1670 3638 1709 oo

2059 1730 2492 1788 consolationem
2525 1734 2817 1804 habemus,
2852 1739 2998 1807 quod
3052 1739 3106 1794 in
3140 1749 3191 1795 te
3248 1756 3399 1812 spem
3467 1744 3638 1800 collo-

2059 1833 2272 1875 Cantus.

2130 1955 2293 2013 Vsus.
2320 1957 2373 2015 8.
2411 1978 2431 2011 ι
2465 1963 2507 2014 Α
2546 1961 2725 2017 fructu
2759 1962 3044 2030 frumenti,
3097 1968 3229 2035 vini,
3272 1978 3328 2024 et
3371 1971 3476 2026 olei
3525 1972 3635 2037 sui,

2057 2050 2400 2118 multiplicati
2432 2064 2584 2108 sunt.
2619 2074 2637 2107 ι
2668 2055 2880 2113 llursns
2906 2068 3132 2114 accusat
3154 2061 3278 2116 illos
3304 2063 3397 2132 qui
3420 2062 3635 2126 dicunt.

2063 2160 2083 2193 ι
2130 2142 2264 2209 Quis
2297 2146 2551 2201 ostendet
2583 2148 2744 2202 nobis
2774 2150 2961 2204 bona?
2998 2171 3016 2203 ι
3045 2153 3221 2223 utqui
3243 2160 3325 2209 tut
3360 2156 3638 2225 tantisque

2057 2226 2218 2285 bonis
2247 2231 2413 2285 etiam
2450 2231 2503 2286 in
2544 2238 2799 2304 praesenti
2871 2239 2983 2293 vita
3020 2239 3393 2311 perfruantur,
3452 2255 3507 2299 et
3555 2245 3639 2299 in-

2058 2319 2198 2387 grati
2226 2321 2397 2376 animi
2424 2324 2558 2378 vitio
2583 2324 2853 2381 laborent.
2887 2327 3095 2384 Sensus
3142 2342 3226 2387 est
3255 2348 3380 2388 cum
3439 2333 3638 2405 hyper-

2058 2410 2207 2468 bato.
2244 2430 2263 2464 ι
2302 2411 2456 2468 Multi
2486 2416 2697 2481 dicunt,
2736 2419 2861 2488 quis
2890 2422 3142 2476 ostendet
3188 2424 3348 2479 nobis
3395 2426 3580 2480 bona?
3606 2443 3637 2481 a

2060 2502 2234 2559 fructu
2272 2502 2555 2572 frumenti,
2584 2509 2716 2572 vini,
2742 2519 2793 2564 et
2823 2510 2927 2564 olei
2962 2512 3069 2577 sui,
3104 2515 3449 2584 multiplicati
3485 2498 3637 2572 sunt.

2058 2592 2246 2660 Atqui,
2279 2595 2377 2661 ait,
2416 2598 2511 2666 qui
2538 2599 2655 2654 haec
2700 2599 2913 2665 dicunt,
2954 2604 3265 2674 omnigenis
3307 2614 3467 2663 terra:
3522 2607 3639 2663 fru-

2058 2682 2240 2739 ctibus
2286 2683 2586 2743 fruuntur:
2644 2690 2746 2745 sub
2790 2691 2874 2747 his
2912 2694 3056 2748 enim
3124 2696 3301 2752 tribus
3348 2698 3638 2768 speciebus

2061 2774 2318 2832 humanm
2348 2787 2558 2835 naturas
2611 2782 2944 2850 utilissimis,
3005 2788 3256 2857 apposite
3323 2790 3428 2844 alia
3489 2805 3638 2845 eom-

2061 2866 2350 2935 prebendit
2409 2869 2608 2929 bona:
2661 2873 2876 2930 illorum
2934 2878 3208 2934 inscitiam
3278 2881 3634 2953 redarguens,

374 2959 513 3013 ἀλλα
544 2960 982 3031 συμπριέλαϐεν
998 2963 1046 2995 ⁸⁸
1083 2961 1263 3030 ἀγαθά
1301 2980 1315 2994 ·
1339 2963 1439 3033 τὴν
1462 2963 1687 3016 ἐκείνων
1715 2962 1955 3033 ἐλέγχων

2059 2956 2224 3033 63EI
2255 2961 2402 3030 quod
2435 2962 2489 3016 in
2526 2966 2782 3022 manibus
2823 2968 2916 3023 Dei
2971 2987 3199 3027 munera
3261 2972 3521 3041 ferentes,
3582 2986 3641 3032 ot

372 3052 806 3120 ἀγνωμοσύνην,
848 3055 932 3107 ὅτι
976 3054 1074 3108 καὶ
1119 3056 1179 3108 ὲν
1218 3057 1340 3118 ταῖς
1367 3054 1524 3126 χερσὶ
1554 3055 1809 3125 φέροντες
1855 3054 1955 3119 τάς

371 3142 471 3197 τοῦ
501 3144 639 3198 Θεοῦ
665 3145 893 3217 δωρεὰς,
926 3146 1022 3199 καὶ
1064 3146 1363 3217 φιλοτίμως
1392 3145 1558 3200 αὑτοῦ
1590 3149 1700 3210 τοῖς
1730 3146 1956 3215 ἀγαθοῖς

376 3237 774 3306 ἑντρυφῶντες,
803 3238 878 3302 ὡς
902 3239 1129 3308 μηδενὸς
1154 3238 1520 3302 ἀπολαύοντες
1536 3236 1717 3306 λέγειν
1744 3238 1956 3310 τολμῶ-

375 3345 432 3381 σι
456 3344 472 3359 ο
511 3346 532 3379 σ
566 3328 662 3392 Τίς
692 3328 853 3393 δείξει
882 3331 1013 3401 ἡμῖν
1042 3330 1111 3385 τὰ
1151 3329 1335 3397 ἀγαθά
1366 3347 1381 3396 ;
1415 3348 1434 3380 ι
1483 3329 1624 3398 Ἐγὼ
1645 3329 1701 3383 δὲ
1729 3329 1824 3383 τοῦ
1857 3330 1955 3386 σοῦ

374 3410 555 3493 φωτός
604 3421 941 3486 ἀπολαύσας,
993 3423 1087 3478 καί
1155 3424 1255 3496 τὴν
1321 3423 1525 3493 γνῶσιν
1572 3422 1623 3453 ⁸⁸
1672 3421 1955 3493 κτησάμεσ

371 3513 555 3577 vos".

444 3649 510 3712 θ’,
545 3655 601 3704 ι’.
654 3668 675 3702 ι
729 3649 818 3703 Ἐν
854 3649 1052 3722 εἰρήνῃ
1095 3648 1190 3703 ἐπὶ
1242 3648 1303 3702 τὸ
1335 3648 1469 3704 αὐτὸ
1518 3649 1953 3721 κοιμηθήσομαι,

373 3741 469 3798 καὶ
507 3741 766 3796 ὑπνώσω.
791 3743 915 3796 Ὅτι
941 3743 1028 3807 σὺ,
1060 3741 1258 3813 Κύριε,
1285 3743 1428 3796 κατά
1461 3742 1631 3813 μόνας
1664 3743 1753 3797 ἐπ’
1778 3740 1958 3796 ἐλπίδι

373 3832 688 3905 κατῴκισάς
719 3851 808 3904 με.
850 3853 869 3884 ι
904 3834 1088 3888 Πάντα
1132 3833 1242 3904 γὰρ
1270 3833 1520 3904 θόρυϐον,
1558 3834 1652 3887 καὶ
1693 3833 1958 3904 διχόνοιαν

376 3925 490 3979 τῶν
516 3925 798 3995 λογισμῶν
830 3924 1111 3991 ἐξελάσας,
1144 3926 1239 3978 καὶ
1262 3926 1476 3988 τούτοις
1498 3926 1543 3958 ⁸⁸
1577 3925 1959 3997 πρυτανεύσας

373 4017 620 4087 εἰρήνην,
672 4018 769 4071 καὶ
803 4016 978 4072 ταῦτα
1018 4017 1149 4088 περὶ
1190 4017 1291 4085 τῆς
1318 4017 1531 4088 ἀγαθῆς
1561 4034 1657 4071 σου
1698 4017 1959 4088 προνοίας

371 4106 595 4175 διδάξας
653 4110 894 4179 φρονεῖν,
953 4107 1042 4162 ἐπ’
1094 4108 1270 4163 ἑλπίδι
1315 4109 1415 4180 τῆς
1467 4110 1820 4173 ἀναστάσεως
1867 4107 1959 4164 τὸν

373 4198 604 4255 θάνατον
654 4198 907 4270 δέξομαι.
954 4199 1160 4253 Ὕπνον
1213 4199 1321 4269 γὰρ
1375 4196 1704 4253 ὲνταῦθατδν
1730 4199 1960 4254 θάνατον

2061 3051 2349 3121 magniﬁce
2377 3053 2499 3124 ejus
2526 3056 2684 3114 bonis
2714 3074 2772 3114 se
2794 3060 3157 3132 oblectantcs,
3206 3066 3361 3135 quasi
3395 3068 3543 3122 nulla
3579 3085 3639 3124 re

2057 3142 2433 3213 perfruantur,
2470 3148 2655 3205 dicere
2691 3151 2917 3221 audent,
2954 3172 2973 3208 ι
3012 3155 3148 3221 Quis
3181 3159 3430 3215 ostendet
3479 3161 3640 3218 nobis

2059 3233 2244 3292 bona?
2280 3256 2297 3289 ι
2327 3237 2441 3311 Ego
2470 3256 2600 3299 vero
2642 3252 2736 3302 tuo
2760 3246 2967 3303 lumine
2996 3247 3172 3308 fretus
3214 3261 3270 3309 et
3317 3252 3396 3309 tui
3444 3255 3637 3326 cogni-

2059 3327 2229 3385 tionis
2269 3332 2499 3403 adeptus
2515 3373 2532 3401 ,

2135 3634 2302 3691 Vens.
2337 3636 2390 3703 9,
2426 3638 2514 3696 l0.
2550 3655 2570 3692 ι
2607 3638 2668 3695 ln
2699 3654 2836 3711 pace
2865 3656 2974 3700 una
3005 3642 3306 3713 dormiam,
3345 3657 3402 3705 et
3454 3652 3641 3721 requi-

2059 3741 2266 3785 escant.
2302 3728 2574 3794 Quoniam
2610 3742 2689 3800 tu,
2720 3732 2974 3803 Domine,
3006 3739 3247 3794 seorsim
3280 3739 3336 3794 in
3364 3756 3463 3813 spe
3502 3757 3640 3798 con-

2059 3820 2287 3876 stitui‘sti
2322 3836 2431 3877 me.
2478 3842 2498 3876 ι
2537 3824 2677 3880 Cum
2700 3825 2846 3881 enim
2878 3841 3099 3884 omnem
3131 3832 3454 3897 tumultum,
3486 3835 3641 3905 cogi-

2062 3916 2439 3986 tationumque
2475 3917 2767 3976 dissidium
2799 3921 3128 3992 expulerim,
3168 3933 3226 3979 et
3258 3939 3384 3980 cum
3417 3926 3506 3982 his
3545 3942 3642 3998 pa-

2060 4023 2178 4062 cem
2218 4008 2573 4076 firmaverim,
2609 4019 2771 4082 atque
2798 4011 2871 4069 ita
2923 4012 2993 4071 de
3018 4021 3109 4070 tua
3135 4016 3481 4085 providentia
3509 4032 3637 4074 σου·
3706 4048 3710 4051 τ

2061 4099 2168 4154 tire
2201 4099 2343 4157 alios
2393 4100 2705 4169 docuerim,
2761 4103 2816 4159 in
2874 4120 2973 4175 spe
3009 4107 3439 4165 resurrectionis
3488 4123 3639 4166 mer-

2062 4200 2168 4247 tem
2201 4192 2551 4262 exspectabo.
2610 4191 2748 4250 Nam
2792 4208 3051 4251 somnum
3105 4197 3212 4253 hoc
3236 4197 3360 4255 loco
3407 4208 3638 4255 mortem

374 4292 845 4364 προσηγόρευσεν,
885 4292 1127 4355 Εἰκότως
1184 4292 1241 4345 δὲ
1288 4291 1434 4362 μάλα
1467 4293 1534 4362 τῇ
1574 4292 1669 4345 τοῦ
1718 4290 1953 4345 θανάτου

2060 4282 2370 4352 appellavit.
2403 4280 2788 4354 Congruenter
2815 4295 2999 4342 autem
3018 4287 3317 4344 admodum
3337 4304 3464 4345 eum
3486 4306 3638 4345 mor-

376 4385 570 4458 μνήμῃ
618 4385 718 4455 τὴν
751 4384 944 4439 ἐλπίδα
1006 4382 1316 4449 συνέζευξε,
1349 4383 1476 4447 τοὺς
1524 4382 1656 4452 περὶ
1703 4381 1959 4452 προνοίας

371 4476 568 4545 λόγους
588 4476 898 4542 διεξελθών.
913 4475 1137 4546 Ἐπειδὴ
1170 4475 1280 4546 γὰρ
1314 4472 1503 4527 πολλοὶ
1527 4472 1673 4527 κατά
1697 4473 1789 4527 τὸν
1812 4490 1961 4545 παρ-

373 4566 511 4624 όντα
551 4566 666 4639 βίον
713 4568 1027 4640 δυσπραγία
1086 4566 1478 4637 περιπεσόντες
1504 4605 1520 4632 ,
1555 4564 1653 4618 καὶ
1694 4565 1802 4619 ὑπὸ
1851 4565 1962 4620 τῶν

373 4658 617 4732 πονηρίᾳ
659 4658 947 4723 συζώντων
970 4660 1014 4693 ⁵⁸
1044 4657 1396 4728 ἀδικούμενοι
1440 4658 1524 4724 ⁸ο,
1565 4657 1815 4728 δέχονται
1865 4656 1959 4711 τοῦ

373 4747 494 4820 βίου
551 4749 615 4803 τὺ
662 4750 815 4814 τέλος
864 4752 1122 4821 οὐδεμιᾶς
1176 4749 1322 4813 τινος
1365 4749 1689 4821 ἐπικουρίας
1720 4766 1959 4820 τετυχη-

372 4841 567 4905 κότες,
602 4840 843 4896 διδάσκει
881 4842 955 4913 μὴ
983 4842 1364 4913 δυσχεραίνειν
1394 4843 1422 4894 ὁ
1448 4841 1623 4912 μέγας
1668 4840 1851 4906 Δαϐὶδ,
1878 4840 1954 4906 ὡς

375 4931 476 4999 τῆς
528 4932 749 4997 ἐλπίδος
778 4935 859 5005 τῷ
898 4934 1114 5005 θανάτῳ
1146 4933 1608 5005 συνεζευγμένης,
1661 4934 1758 4989 καὶ
1814 4933 1958 5004 μετὰ

382 5018 607 5081 θάνατον
639 5027 739 5098 τῆς
770 5027 1097 5090 ἀντιδόσεως
1131 5026 1422 5098 ἐσομένης.

2058 4374 2132 4430 tis
2169 4376 2434 4431 memoria
2461 4390 2618 4446 spem
2650 4376 2965 4447 conjunxit,
2998 4378 3205 4437 habitis
3232 4381 3301 4436 de
3352 4383 3644 4451 providen-

2059 4467 2133 4520 tia
2183 4467 2552 4525 sermonibus.
2613 4468 2888 4534 Quoniam
2941 4471 3093 4527 enim
3143 4472 3326 4538 multi,
3385 4486 3511 4528 cum
3582 4474 3640 4529 in

2057 4559 2314 4627 praesenti
2342 4559 2455 4614 vita
2485 4558 2540 4614 in
2589 4560 2881 4617 adversam
2918 4560 3199 4618 fortunam
3236 4562 3553 4628 inciderint,
3587 4576 3642 4618 ct

2058 4653 2129 4708 ab
2158 4652 2366 4724 iniquis
2411 4653 2727 4710 hominibus
2777 4654 2983 4726 injuria
3032 4653 3215 4711 aﬂ‘ecti
3267 4653 3497 4719 fuerint,
3555 4657 3640 4711 vl—

2066 4752 2176 4805 lam
2206 4753 2340 4801 ante
2370 4745 2596 4809 ﬁniunt,
2632 4760 2799 4816 quam
2822 4761 2984 4817 opem
3023 4747 3269 4818 aliquam
3297 4748 3410 4803 sint
3437 4749 3637 4819 adepti,

2062 4837 2220 4895 docet
2268 4856 2499 4912 magnus
2530 4841 2721 4910 David,
2753 4857 2821 4898 ne
2869 4842 3245 4913 indignentur,
3298 4843 3466 4915 quod
3516 4859 3641 4914 spes

2064 4949 2190 4989 eum
2246 4947 2423 4991 morte
2455 4939 2751 5008 conjuncta
2784 4940 2875 5007 sit,
2915 4947 2970 4996 et
2994 4951 3121 5012 post
3173 4941 3387 4998 obitum
3454 4939 3640 4997 futura

2065 5028 2136 5084 sit
2171 5032 2566 5087 remuneratio.

1493 5230 1728 5288 VARUE
1776 5231 2163 5291 LECTIONES
2201 5235 2290 5291 ET
2329 5234 2563 5292 NOTAE}.

447 5386 497 5418 "
516 5388 704 5448 Kurd.
740 5387 861 5443 cod.
893 5389 928 5443 2
956 5390 1069 5444 καί.

1182 5389 1228 5424 ⁸⁸
1250 5392 1411 5445 Μετὰ
1438 5420 1511 5470 _-_-
1553 5394 1832 5470 πίστεῳς.
1865 5391 1955 5470 in;

2061 5434 2078 5470 ί
2116 5394 2169 5455 1.
2211 5398 2520 5470 praecedunt
2553 5397 2688 5459 limo,
2723 5397 2861 5470 μετὰ
2898 5402 3000 5470 τῆς
3046 5401 3123 5464 είς
3155 5398 3257 5469 ἐμὲ
3290 5398 3638 5470 νομοθεσίας,

377 5472 501 5539 qua:
533 5472 597 5510 ex
634 5474 833 5539 errore
853 5460 1055 5539 librarii
1083 5462 1370 5539 irrepsisse
1395 5463 1687 5539 videntur;
1714 5464 1758 5493 ⁵⁷
1782 5463 1955 5539 cod.2

2059 5460 2356 5539 θρωπίνης.
2398 5468 2443 5500 ⁸³
2472 5460 2825 5535 Προμηθὲίᾳ.
2858 5460 2992 5525 cod.
3012 5470 3046 5523 ε
3077 5460 3321 5539 προνοίᾳ.
3341 5460 3366 5539 ξ
3395 5468 3461 5500 ⁸³⁸
3486 5460 3641 5523 Matt.

374 5527 551 5606 Abest
587 5542 616 5587 a
646 5529 769 5583 cod.
926 5533 969 5563 ⁵³
1008 5527 1261 5606 Ἐκεῖνοι
1287 5564 1355 5571 -
1382 5532 1620 5606 eamea.
1652 5532 1776 5606 Des.
1813 5534 1952 5606 apud

2228 5527 2420 5592 “cod.
2470 5527 2867 5601 Γέλπίζοντα.
2958 5541 3004 5573 ⁵⁸
3035 5527 3298 5606 Καρποῑῗ.
3338 5537 3466 5603 Leg.
3520 5553 3645 5593 esse

375 5597 992 5676 YEdCII-ll‘.-x.¢lp?5.n-ul
1031 5616 1095 5653 ex
1139 5602 1369 5676 (imaeue
1402 5602 1537 5676 bene
1573 5604 1786 5676 monuit
1832 5597 1953 5676 illan

2060 5603 2286 5675 llexapl.
2323 5619 2363 5665 t.
2394 5610 2430 5669 Ι,
2457 5625 2507 5676 p.
2538 5609 2663 5662 477.
2690 5597 2704 5601 ⁷
2736 5610 2781 5640 δ’
2820 5610 3020 5665 Οἷνου.
3058 5597 3183 5665 οοῖί.
3221 5611 3238 5662 1
3284 5597 3467 5676 prtem.
3523 5608 3640 5663 καί.

374 5667 1085 5747 ⁸⁸.ευιικβκάπολαϐύντων.
1175 5671 1374 5747 “_Kai.
1411 5671 1632 5747 Abs-sla
1665 5673 1785 5747 c_0d.
1828 5672 1910 5747 ξ.-

2062 5676 2151 5728 od.
2180 5667 2588 5747 [περιέλαϐεν.
2668 5679 2714 5714 ⁵⁸
2744 5680 3007 5736 Γνῶσιν.
3035 5682 3160 5735 cod.
3195 5667 3424 5747 uterque
3450 5693 3640 5744 praem.

378 5737 503 5808 σήν.
583 5737 772 5813 ’ζὌτι
798 5740 1194 5813 κτησςξμεγος.
1226 5739 1350 5797 Des.
1383 5743 1523 5812 apud
1550 5742 1711 5799 Cord.
1755 5756 1809 5812 p.
1844 5742 1932 5797 77.

2085 5748 2206 5803 cod.
2241 5737 2473 5805 2'50610.
2551 5749 2598 5781 ⁵⁹
2622 5750 2744 5805 cod.
2769 5749 2804 5803 2
2832 5750 3072 5813 ζώντων.
3153 5750 3197 5781 ⁰⁰
3224 5737 3622 5807 Καὶῖ-ἀδικινύ

377 5806 575 5875 μενοι.
610 5807 738 5865 Des.
770 5806 914 5877 apud
950 5808 1115 5863 Cord.
1141 5809 1176 5862 ι.
1203 5824 1252 5865 c.
