4038 6214
405 287 514 350 899

1415 279 1904 341 THEODORETI
1946 279 2287 340 EPISCOPI
2331 281 2697 342 C‘x’ltE‘NSlS

3555 281 3663 346 900

413 413 432 445 ι
467 393 512 448 Α
545 391 776 448 Domino
795 401 1018 462 gressus
1046 388 1286 445 hominis
1317 390 1648 460 diriguntur,
1675 400 1727 444 et
1753 390 1839 443 via
1868 389 1982 458 ejus

2098 409 2114 441 ι
2155 392 2346 444 Ἔσται
2371 393 2439 446 τὰ
2474 392 2665 444 σκολιὰ
2693 394 2770 454 εἰς
2798 393 3034 450 εὐθεῖαν.
3090 391 3184 444 καὶ
3231 393 3265 461 ἡ
3321 395 3550 461 τραχεῖα
3580 395 3664 455 εἰς

409 486 567 540 valde
594 482 962 539 delectabitur
986 494 1033 536 ο.
1071 501 1088 534 ι
1125 480 1298 536 Porro
1325 483 1649 537 humilitatis
1676 482 1831 552 plena
1861 489 1992 536 sunt

408 578 578 632 verba
615 577 867 631 ltaaredis.
898 575 1016 630 Non
1042 574 1191 629 enim
1223 573 1461 642 postulat
1487 582 1548 627 ut
1577 582 1797 642 propter
1829 587 1988 626 suam

410 669 585 737 ipsius
614 667 887 734 justitiam
935 665 1043 721 sibi
1083 665 1168 728 via
1204 665 1501 732 dirigatur,
1538 679 1726 717 verum
1770 672 1990 732 propter

407 760 663 814 inimicos
686 758 953 826 iinpietati
976 772 1132 810 assue
1145 754 1338 820 factos,
1363 764 1554 808 contra
1581 755 1757 822 ipsam
1784 754 1988 823 injuste

406 851 610 905 bellum
664 862 938 921 gerentes.
983 849 1188 902 Deinde
1238 848 1480 916 ipsorum
1537 846 1758 900 malitiae
1806 845 1987 900 studia

407 943 686 1013 sigillatitn
718 941 966 1011 exponit.

410 1040 648 1111 ἐχθροὺς.
683 1039 812 1102 τοὺς
861 1035 1152 1105 δυσσεϐεία
1197 1032 1554 1096 συζῶνταςθδ,
1611 1031 1740 1096 τοὺς
1788 1031 1987 1096 ἀδίκως

405 1133 650 1186 διδάσκει
684 1130 753 1182 τὰ
779 1130 878 1199 τῆς
908 1127 1172 1197 πονηρίας
1204 1124 1632 1194 ἐπιτηδεύματα.

481 1222 644 1278 Vens.
682 1220 766 1276 10.
829 1239 848 1271 ι
889 1217 1006 1273 Νοιι
1047 1227 1132 1272 est
1175 1220 1228 1271 in
1268 1231 1365 1271 ore
1409 1217 1653 1285 ipsorum
1701 1214 1925 1270 veritas.
1962 1233 1980 1266 ι

409 1314 709 1376 Mendacio,
737 1310 930 1379 inquit,
955 1308 1214 1362 continue
1235 1307 1473 1376 linguam
1509 1305 1802 1359 maculant.
1838 1323 1856 1354 ι
1880 1302 1988 1358 Cor

406 1421 595 1461 eoi-um
625 1417 822 1457 vanum
854 1411 959 1454 est.
995 1419 1013 1451 ι
1060 1399 1262 1452 Eorum
1303 1399 1482 1452 verbis
1529 1407 1583 1452 et
1627 1397 1988 1468 cogitationes

407 1497 759 1560 conveniunt,
793 1503 850 1548 et
877 1509 1005 1548 cum
1033 1507 1130 1547 ore
1155 1506 1313 1546 mens
1340 1490 1636 1546 consentit.

475 1672 638 1727 Vens.
665 1671 753 1724 11.
787 1689 806 1721 ι
835 1667 1160 1740 Sepulcrum
1188 1677 1380 1737 patens
1407 1673 1492 1720 est
1515 1673 1700 1735 guttur
1717 1677 1929 1718 eorum.
1954 1681 1976 1714 ι

403 1765 604 1818 Clausa
635 1762 889 1832 sepulcra
922 1770 1124 1814 tetrum
1155 1759 1378 1814 odorem
1419 1755 1696 1811 occultum
1741 1753 1948 1808 habent
1969 1797 1984 1820 ,

405 1863 644 1909 reserata
676 1867 843 1918 vero,
881 1851 1034 1905 illum
1070 1849 1292 1919 c0piose
1331 1848 1591 1902 emittunt
1621 1844 1790 1900 foras.
1833 1842 1987 1898 Talia

403 1956 459 2002 et
492 1947 544 2000 lii
565 1985 580 2009 ,
618 1945 832 2015 inquit,
870 1949 1124 1998 eructant
1155 1939 1320 1996 verba
1342 1981 1356 2005 ,
1390 1954 1610 1994 omnem
1650 1937 1987 2008 impietatem

403 2049 470 2090 ac
499 2033 726 2088 fetorem
768 2031 1094 2086 redolentia.
1141 2027 1244 2084 Per
1297 2029 1413 2083 haec
1454 2037 1635 2082 autem
1686 2028 1855 2080 verba
1901 2025 1988 2079 in-

406 2123 526 2178 nuit
553 2123 958 2192 blasphemias,
995 2136 1118 2191 qua:
1158 2129 1349 2175 contra
1396 2118 1565 2175 Deum
1589 2117 1903 2188 jactantur,
1934 2127 1988 2172 et

405 2229 690 2270 sermones
720 2213 966 2268 libidinis
992 2223 1046 2268 et
1067 2210 1426 2282 impudicitia
1450 2210 1666 2280 plenos.
1706 2228 1726 2261 ι
1758 2208 1986 2280 Linguis

405 2305 524 2360 suis
555 2307 744 2360 dolose
778 2305 1012 2375 agebant
1055 2304 1281 2374 :judica
1307 2304 1453 2368 illos,
1489 2302 1654 2358 Deus.
1703 2319 1722 2353 ι
1762 2300 1986 2357 Occulta

404 2397 564 2451 verba
593 2397 847 2467 graviora
878 2405 1040 2462 sunt,
1072 2411 1237 2466 quam
1279 2395 1370 2451 illa
1411 2409 1535 2466 quae
1580 2393 1760 2464 palam
1801 2393 1985 2463 profe—

403 2497 600 2543 runtur
625 2506 638 2541 :
677 2487 804 2542 dolo
834 2486 982 2542 enim
1013 2493 1230 2542 utentes
1255 2525 1273 2554 ,
1321 2484 1534 2541 inﬁnita
1562 2493 1755 2542 contra
1795 2483 1984 2555 proxi-

405 2597 556 2634 muni
593 2579 919 2635 molientur.

471 2784 637 2840 Vsus.
668 2783 758 2838 12.
784 2803 803 2836 ι
831 2783 1095 2840 Decidant
1123 2797 1152 2836 a
1182 2781 1348 2853 639
1380 2779 1810 2852 cogitationibus
1832 2779 1978 2845 suis,

401 2876 702 2933 secundum
732 2875 1135 2929 multitudinem
1165 2873 1507 2942 impietatum
1544 2885 1738 2926 eorum
1773 2871 1982 2939 expelle

399 2984 515 3024 eos.
552 2987 570 3019 ι
605 2971 619 2990 ⁵
645 2967 1005 3024 Adducautur
1033 2965 1196 3035 igitur
1228 2964 1281 3017 in
1307 2962 1579 3030 judicium
1607 2970 1784 3027 tuum,
1816 2977 1849 3015 ο
1875 2960 1979 3014 Do-

354 3096 359 3104 ι
402 3064 567 3125 tuine,
592 3069 646 3114 et
667 3061 925 3114 aberrent
946 3059 1014 3112 ab
1038 3058 1128 3120 iis,
1158 3072 1280 3126 quae
1304 3063 1496 3109 contra
1520 3060 1627 3109 nos
1653 3054 1978 3108 machinan-

400 3164 520 3216 tur,
570 3163 625 3206 et
668 3151 1006 3220 experientia
1059 3150 1308 3214 discant,
1351 3146 1499 3216 quod
1555 3160 1771 3200 aranea:
1817 3145 1980 3199 telam

403 3257 728 3309 contexattt,
764 3256 817 3300 et
859 3260 1079 3315 ptenam
1110 3243 1226 3298 suis
1260 3242 1486 3296 ausibus
1532 3241 1752 3309 dignam
1802 3238 1980 3296 luant.

405 3358 425 3389 ‹
454 3338 719 3404 Quoniam
747 3338 1096 3391 irritaverant
1125 3345 1194 3400 te,
1223 3334 1509 3388 Domine.»
1533 3330 1736 3386 Contra
1761 3339 1812 3385 te
1833 3329 1980 3384 enim

399 3427 600 3480 bellum
632 3434 958 3489 moverunt,
985 3424 1114 3478 dum
1144 3421 1411 3477 adversus
1437 3420 1598 3486 illos,
1630 3419 1724 3489 qui
1759 3417 1854 3474 tibi
1878 3417 1979 3474 ad-

398 3519 533 3574 dicti
560 3528 688 3572 sunt
721 3517 896 3572 aciem
940 3516 1346 3570 instruxerunt.

475 3627 756 3682 Vens.12.
799 3645 819 3678 ι
865 3627 930 3680 Ει
973 3628 1224 3680 laetentur
1264 3637 1490 3687 omnes,
1532 3621 1624 3691 qui
1661 3629 1884 3690 sperant
1923 3620 1980 3674 in

400 3726 454 3771 te
483 3735 496 3770 :
537 3718 588 3769 in
624 3717 884 3769 saeculum
918 3715 1276 3769 exsultabunt
1297 3755 1313 3779 ,
1345 3723 1399 3767 et
1435 3712 1706 3766 liabitabis
1736 3711 1789 3764 in
1821 3711 1920 3766 eis.
1954 3729 1974 3764 ι

403 3809 515 3863 Hoc
538 3819 721 3862 autem
754 3821 880 3869 eos,
906 3807 998 3875 qui
1031 3805 1384 3860 crediderunt
1413 3804 1468 3857 in
1505 3813 1576 3871 te,
1617 3803 1860 3872 implebit
1888 3803 1980 3858 lte-

404 3902 558 3964 titia,
602 3909 657 3953 et
700 3898 964 3968 praabebit
1011 3899 1147 3967 ipsis
1190 3896 1525 3965 voluptatem
1571 3897 1976 3964 sempiternam.

402 3991 520 4044 Non
567 3992 784 4044 illorum
821 4005 1004 4054 mors,
1056 3988 1154 4043 sed
1209 3997 1298 4042 tua
1340 3986 1703 4056 providentia.
1739 3986 1982 4040 Credunt

401 4083 571 4144 enim,
599 4081 746 4151 quod
781 4081 837 4134 in
875 4079 1007 4150 ipsis
1045 4079 1256 4134 habites
1302 4088 1356 4134 et
1396 4080 1683 4146 ambules,
1724 4078 1980 4147 ipsosque

399 4184 678 4230 sacratum
717 4173 978 4244 templum
1013 4171 1235 4228 elﬁcias.

473 4417 492 4450 ι
537 4396 602 4451 Ει
641 4395 1025 4468 gloriabuntur
1066 4395 1122 4449 in
1171 4403 1222 4449 te
1255 4408 1448 4449 omnes
1486 4391 1579 4463 qui
1614 4391 1846 4462 diligunt
1873 4404 1977 4445 no-

398 4504 521 4541 lllCll
558 4497 736 4540 tuum.

473 4580 811 4652 [Vsas,13.]
863 4577 1134 4644 Quoniam
1173 4586 1227 4632 tu
1287 4575 1580 4631 benedices
1633 4577 1804 4644 justo,
1868 4572 1976 4626 Do-

398 4673 563 4725 mine.
619 4692 637 4722 ›
690 4669 824 4725 Nam
857 4687 982 4725 cum
1043 4679 1134 4724 tua
1170 4669 1478 4724 benedictio
1533 4675 1587 4722 et
1633 4665 1976 4735 providentia

399 4763 510 4818 tuis
542 4761 850 4818 cultoribus
881 4763 1098 4817 aliunde
1136 4760 1546 4833 suppeditetur,
1582 4757 1661 4813 illi
1700 4756 1795 4828 qui
1837 4771 1973 4812 con-

467 4927 492 4956 ο
526 4919 665 4975 Psal.
703 4937 902 4986 mm,
944 4921 1037 4977 25.

2087 482 2240 544 ὀδοὺς
2266 482 2435 546 λείας.
2477 503 2495 535 ι
2534 485 2642 536 Καὶ
2667 487 2725 535 ὲν
2751 484 2924 555 ἑτέρῳ
2952 483 3008 535 δὲ
3033 482 3233 553 ψαλμῷ
3251 485 3280 534 ὁ
3327 486 3597 554 μακάριος
3614 485 3663 516 ⁸³

2087 573 2190 645 ἔφη
2213 576 2376 628 Δαϐίδ
2404 591 2418 604 ·
2469 596 2486 627 ι
2532 577 2690 644 Παρά
2711 577 2914 644 Κυρίου
2941 577 3009 629 τὰ.
3033 577 3191 646 διαὸή
3202 593 3347 646 ματα
3371 575 3662 647 ἀνθρώπου

2086 667 2498 733 κατευθύνεται,
2531 669 2625 721 καὶ
2640 668 2737 737 τὴν
2762 668 2878 720 ὁδὸν
2903 667 3067 721 αὑτοῦ
3111 669 3328 738 θελήσει
3374 668 3601 738 σφόδρα.
3635 687 3655 719 ι

2086 757 2602 828 Ταπεινοφροσύνης
2652 760 2709 811 δὲ
2762 760 2936 828 μεστά
2980 760 3081 829 τῆς
3125 761 3572 830 κληρονομούσης
3596 763 3664 814 τά

2085 849 2328 918 ῥήματα.
2364 851 2435 902 Οὐ
2471 850 2580 919 γὰρ
2619 852 2760 903 αἰτεῖ
2795 851 2880 903 διὰ
2919 852 3017 921 τὴν
3067 852 3267 922 ἑαυτῆς
3309 837 3662 923 δικαιοσύνην

2089 937 2523 1008 κατευθυνθῆναι
2574 941 2768 1010 αὑτῇκτ
2823 943 2922 1010 τὴν
2973 941 3126 1004 ὁδὸν,
3189 941 3328 994 άλλά
3391 942 3480 995 διὰ
3534 943 3664 1004 τοὺς

2024 1033 2162 1105 αὐτῇ
2213 1035 2260 1067 ⁸³
2301 1035 2693 1106 πολεμοῦντας.
2767 1032 2900 1090 Εἶτα
2945 1037 3127 1091 αὐτῶν
3180 1037 3276 1091 καὶ
3313 1037 3452 1089 κατὰ
3495 1037 3660 1107 μέρος

2164 1217 2214 1264 ι’.
2259 1232 2276 1262 ι
2317 1212 2440 1264 Ὅτι
2476 1212 2576 1265 οὑκ
2607 1212 2754 1266 ἔστιν
2790 1215 2848 1265 ὲν
2881 1211 2962 1282 τῷ
3027 1212 3256 1284 στόματι
3299 1213 3481 1268 αὐτῶν
3524 1216 3662 1285 ἀλή-

2091 1302 2231 1357 θεια.
2276 1322 2296 1355 ι
2331 1303 2420 1374 Τῷ
2462 1303 2666 1373 ψεύδει,
2710 1306 2864 1375 φησὶ,
2927 1305 3192 1374 διηνεκῶς
3257 1306 3356 1376 τὴν
3410 1306 3660 1373 γλῶτταν

2094 1394 2437 1465 μολύνουσιν.
2469 1413 2489 1447 ι
2532 1396 2598 1448 Ἦ
2632 1396 2832 1466 καρδία
2864 1396 3044 1450 αὐτῶν
3080 1396 3308 1466 ματαία.
3347 1414 3368 1448 ι
3417 1397 3542 1460 Τοῖς
3574 1397 3662 1451 λόο

2091 1501 2206 1554 γοις
2234 1485 2414 1539 αὐτῶν
2437 1485 2530 1538 καὶ
2559 1487 2606 1538 οἱ
2633 1486 2887 1556 λογισμοὶ
2911 1486 3292 1555 συμϐαίνουσι,
3315 1485 3412 1539 καὶ
3437 1503 3662 1557 συνομο-

2015 1584 2061 1644 B
2089 1577 2238 1648 λογεί
2272 1577 2350 1648 τῷ
2384 1579 2616 1648 στόματι
2644 1579 2678 1648 ἡ
2703 1578 2932 1632 διάνοια.

2162 1677 2252 1725 ια’.
2283 1689 2302 1722 ι
2341 1671 2385 1723 Τ
2387 1670 2520 1739 ἀτρος
2550 1669 2893 1742 ἀνεῳγμένος
2937 1671 2965 1722 ὁ
2985 1668 3250 1740 λάρυγξ’⁰
3281 1668 3480 1723 αὐτῶν.
3519 1687 3538 1721 ι
3589 1669 3653 1721 Oi

2091 1762 2470 1832 κεκλεισμένοι
2514 1761 2677 1832 τάφοι
2727 1759 3120 1833 κεκρυμμένην
3161 1762 3346 1831 ἔχουσι
3389 1760 3489 1830 τὴν
3532 1760 3662 1813 δυσο

2089 1851 2283 1921 οσμίαν
2306 1851 2375 1917 ⁹¹,
2407 1852 2457 1904 οί
2478 1851 2534 1903 δὲ
2553 1851 2888 1922 ἀνεῳγμένα
2912 1850 3115 1921 πολλὴν
3141 1851 3535 1920 ἀποπέμπουσι
3559 1851 3659 1920 τὴν

2089 1941 2354 1997 δυσωδίαν
2377 1958 2392 1974 ⁸
2443 1942 2668 1996 τοιαῦτα
2693 1942 2782 1996 καὶ
2813 1937 2982 2008 οὗτοι,
3015 1945 3179 2012 φησὶν
3196 1943 3263 2005 ⁸⁸,
3295 1941 3655 2010 ὲρυγγάνουσι

2088 2034 2310 2104 ῥήματα
2345 2034 2526 2104 πάσης
2565 2033 2824 2098 ἀσεϐείας
2876 2038 2972 2087 καὶ
3000 2034 3298 2103 δυσοσμίας
3332 2035 3524 2105 μεστά.
3556 2035 3656 2086 Διά

2085 2126 2292 2180 τούτων
2331 2125 2390 2178 δὲ
2437 2125 2546 2178 τῶν
2599 2125 2774 2195 λόγων
2804 2126 2905 2190 τὰς
2950 2125 3093 2179 κατὰ
3122 2127 3216 2179 τοῦ
3241 2127 3285 2157 ⁸³
3339 2124 3476 2178 Θεοῦ
3524 2124 3656 2195 βλα-

2089 2216 2331 2286 σφημίας
2359 2217 2675 2279 αἰνίττεται,
2695 2217 2788 2269 καὶ
2817 2218 2915 2285 τῆς
2949 2216 3240 2279 ἀκολασίας
3256 2217 3468 2287 καὶτῆς
3492 2215 3654 2270 ἀσελ-

2085 2305 2244 2373 γείας
2297 2304 2368 2357 τά
2413 2307 2652 2376 ῥήματα.
2695 2325 2713 2356 ι
2752 2305 2884 2368 Ταῖς
2919 2304 3192 2374 γλώσσαις
3222 2305 3402 2358 αὐτῶν
3427 2304 3651 2357 ἐδολιοῦ-

2088 2412 2225 2451 σαν⁶
2257 2399 2438 2467 κρῖνον
2481 2394 2681 2460 αὐτοὺς
2733 2397 2914 2460 ὁΘεός
2934 2397 3001 2450 ’³.
3073 2414 3092 2448 ι
3137 2394 3508 2467 Χαλεπὼτερα
3547 2396 3653 2449 τῶν

2089 2489 2586 2563 προφερομένων-⁸⁸
2646 2489 2906 2560 ῥημάτων
2964 2488 3031 2542 τά
3086 2487 3476 2560 κεκρυμμέναο
3519 2487 3656 2557 δόλῳ

2085 2582 2195 2653 γὰρ
2249 2581 2582 2651 κεχρημένοι
2629 2579 2798 2650 μυρία
2849 2578 2974 2633 τινὰ
3025 2578 3166 2633 κατά
3213 2577 3321 2630 τῶν
3356 2575 3526 2640 πέλας
3557 2591 3652 2628 τυ·

2087 2675 2335 2747 ρεύουσιν
2355 2674 2422 2728 ⁸⁸.

2161 2808 2180 2841 ι
2230 2788 2686 2849 ’Δποπεσάτωσαν
2739 2786 2848 2840 ἀπὸ
2899 2784 3011 2839 τῶν
3085 2782 3404 2837 διαϐουλιῶν
3451 2779 3650 2846 αὐτῶν,

2085 2883 2226 2936 κατὰ
2246 2883 2306 2934 τὸ
2333 2882 2536 2954 πλῆθος
2558 2881 2668 2935 τῶν
2685 2879 2950 2933 ἀσεϐειῶν
2971 2878 3151 2932 αὐτῶν
3164 2877 3366 2944 ἐξωσον
3384 2875 3601 2937 αὐτούς.
3627 2892 3645 2925 ι

2099 2973 2449 3044 Ἀχθήτωσαν
2475 2973 2657 3024 τοίνυν
2682 2971 2785 3024 ὑπὸ
2816 2971 2912 3041 τὴν
2943 2971 3040 3040 σὴν
3065 2969 3276 3039 κρίσιν,
3312 2961 3356 3020 ὦ
3380 2967 3649 3028 Δέσποτα,

2083 3065 2178 3118 καὶ
2206 3065 2580 3134 διαμάρτωσιν
2622 3057 2697 3115 ὧν
2754 3061 3112 3114 καττύουσι⁹¹
3164 3059 3285 3114 καθ’
3334 3058 3518 3130 ἡμῶν,
3557 3055 3652 3109 καὶ

2088 3155 2412 3227 μαθέτωσαν
2443 3154 2532 3208 διὰ
2556 3155 2655 3224 τῆς
2687 3154 2903 3224 πείρας,
2929 3153 3003 3216 ὡς
3027 3153 3172 3204 ἱστὸν
3207 3151 3448 3222 ἀράχνης
3488 3149 3652 3217 ὑφαί.-

2083 3263 2258 3311 νουσι,
2286 3249 2380 3299 καὶ
2414 3246 2654 3298 δότωσαν
2701 3246 2895 3314 ποινὴν
2925 3244 3033 3296 τῶν
3071 3242 3440 3313 τολμημάτων
3471 3241 3646 3307 ἀξίαν.

2089 3359 2108 3393 ι
2151 3340 2275 3393 Ὀτι
2306 3337 2728 3408 παρεπίκρανάν
2759 3353 2850 3399 σε,
2903 3335 3096 3406 Κύριε.
3138 3354 3158 3386 ι
3211 3334 3368 3388 Κατά
3416 3335 3512 3388 σοῦ
3543 3335 3650 3405 γὰρ

2081 3431 2173 3486 τὸν
2207 3431 2447 3501 πόλεμον
2491 3430 2842 3499 κεκινήκασι,
2899 3427 3037 3498 πρὸς
3088 3429 3215 3491 τοὺς
3258 3427 3652 3498 ἀνακειμένους

2085 3541 2168 3578 σοι
2199 3525 2521 3593 κινήσαντες
2539 3522 2587 3554 ’⁸
2612 3522 2711 3592 τὴν
2747 3519 3073 3591 παράταξιν.

2154 3638 2243 3708 ιβ’.
2287 3657 2305 3689 ι
2347 3638 2457 3690 Καὶ
2478 3634 2946 3705 εὐφρανθήτωσαν
2960 3634 3005 3666 ⁹⁹
3031 3633 3232 3695 πάντες
3260 3632 3309 3685 oi
3337 3631 3650 3694 ἐλπίζοντες

2081 3731 2174 3783 ἐπὶ
2211 3731 2304 3783 σέ·
2347 3731 2428 3791 είς
2462 3727 2634 3780 αίῶνα
2679 3725 3120 3793 ἀγαλλιάσονται,
3164 3725 3258 3777 καὶ
3291 3722 3650 3793 κατασκηνὼ-

2083 3839 2197 3884 σεις
2229 3823 2284 3874 ὲν
2309 3821 2513 3882 αὐτοῖς.
2552 3838 2571 3870 ›
2612 3817 2782 3870 Τοῦτο
2826 3817 2882 3869 δὲ
2914 3817 3043 3879 τοὺς
3077 3819 3156 3878 είς
3188 3815 3246 3868 σὲ
3289 3815 3648 3867 πεπιστευκὸ-

2079 3909 2213 3972 ταςί
2273 3908 2614 3978 εὐφροσύνης
2681 3907 2970 3976 ἐμπλήσει,
3042 3905 3139 3959 καὶ
3186 3903 3411 3976 παρέξει
3468 3906 3648 3969 αὐτοῖς

2085 3995 2356 4065 Θυμηδίαν
2391 3996 2609 4048 αἰώνιον
2635 4010 2648 4024 ·
2681 3995 2778 4063 οὐχ
2797 3995 2824 4045 ὁ
2857 3994 3081 4047 ἐκείνων
3101 3993 3340 4066 ὄλεθρος,
3375 3993 3493 4049 ἀλλ’
3520 3997 3553 4065 ἡ
3582 3996 3646 4064 σὴ

2080 4087 2414 4157 προμήθεια.
2480 4085 2764 4138 Πείθονται
2803 4085 2912 4155 γὰρ
2955 4085 3031 4149 ὡς
3071 4086 3299 4149 ὲνοικεῐς
3339 4088 3398 4139 ἐν
3443 4087 3644 4150 αὐτοῖς,

2083 4180 2178 4230 καὶ
2213 4179 2633 4248 ἐμπεριπατεῖς,
2693 4179 2788 4230 καὶ
2836 4175 2986 4232 οἷκον
3031 4179 3230 4242 αὐτοὺς
3267 4180 3648 4252 ἀφιερωμένον

2078 4271 2401 4339 ἀποφαίνεις
2424 4273 2465 4323 ³.

2156 4400 2175 4433 ι
2207 4383 2316 4434 Καὶ
2346 4381 2715 4450 καυχήσονται
2736 4379 2794 4430 ἐν
2828 4379 2911 4431 σοὶ
2932 4379 3015 4431 oia
3035 4377 3359 4448 ἀγαπῶντες
3384 4379 3443 4434 τὸ
3475 4381 3646 4452 δνομά

2080 4490 2175 4525 σου
2200 4473 2242 4525 ⁴.
2271 4469 2410 4542 [ιγ’.]
2427 4471 2550 4521 Ὅτι
2570 4470 2633 4522 σὺ
2661 4468 2980 4538 εὐλογήσεις
3000 4469 3228 4536 δίκαιον,
3245 4473 3419 4542 Κύριε
3437 4471 3509 4526 ³.)
3533 4471 3644 4542 Τῆς

2077 4564 2185 4634 γάρ
2213 4565 2314 4630 σῆς
2345 4561 2597 4627 εὐλογίας
2628 4578 2687 4612 τε
2728 4561 2824 4612 καὶ
2873 4560 3136 4630 προνοίας
3183 4565 3296 4626 τοῖς
3330 4567 3444 4628 σοῖς
3478 4581 3641 4635 χορη-

2078 4657 2352 4726 γουμένης
2418 4652 2804 4723 θεραπευταῖς,
2862 4655 2913 4705 οἱ
2973 4655 3112 4722 σφᾶς
3161 4655 3359 4720 αὐτοὺς
3403 4657 3642 4727 ἐραστὰς

2079 4748 2174 4802 τοῦ
2208 4746 2301 4801 σοῦ
2336 4745 2601 4816 ὀνόματος
2645 4744 3115 4816 καταστήσαντες,
3148 4747 3242 4802 ἐπὶ
3265 4750 3331 4820 τῇ
3381 4750 3450 4820 σῇ
3483 4749 3641 4821 κηδε-

1491 5077 1722 5133 νΑιιιᾹς
1751 5076 2131 5132 LECTIONES
2169 5075 2257 5130 ET
2296 5073 2526 5130 NOTAE.

465 5223 513 5255 "
551 5219 612 5274 '0
633 5217 943 5288 μακάριος.
981 5219 1147 5273 Abest
1177 5233 1206 5272 a
1236 5219 1356 5272 cod.
1385 5218 1440 5288 2.
1496 5218 1541 5249 ⁸⁷
1570 5217 1734 5288 Aeg-ﬁ
1766 5217 1888 5288 cod.
1918 5217 1982 5270 1c

2084 5218 2188 5288 ﬁc._
2226 5212 2616 5288 exuram“.
2647 5211 2769 5288 cod.
2863 5209 3105 5288 Cévzar;._
3164 5207 3210 5246 "
3231 5215 3351 5288 cod.
3467 5211 3632 5284 αὐτῷ.

395 5293 443 5325 ’⁸
474 5281 738 5358 Λάριῖγε.
793 5281 960 5369 enim
990 5289 1212 5369 quidam
1250 5288 1384 5369 Bibl.
1407 5287 1587 5369 _l.aur.
1624 5281 1742 5341 Med
1782 5287 1982 5369 habet:

2090 5281 2208 5369 υἷε.
2247 5285 2542 5369 E'xneederl‘n
2570 5283 2757 5369 codice
2786 5281 3245 5369 Florentapllures.
3271 5285 3334 5336 ad
3386 5285 3529 5369 nunc
3582 5281 3634 5337 et

397 5351 960 5429 Seque'tttespsalmos
996 5351 1285 5411 aﬂ'erentur
1320 5358 1600 5418 lectiones,
1651 5372 1788 5426 quas
1828 5357 1980 5409 debet

398 5433 441 5463 ⁹¹
477 5431 599 5484 cod.
631 5431 654 5483 1
694 5426 981 5481 δυσωδίαν.
1059 5426 1104 5456 “
1128 5428 1342 5491 Φησίν.
1373 5427 1540 5480 Abest
1568 5442 1597 5480 a
1630 5429 1750 5479 cod.
1793 5427 1843 5480 1.
1911 5427 1958 5458 ”

2084 5375 2090 5404 ι
2127 5351 2296 5409 favori
2327 5353 2441 5407 Cel.
2474 5351 2748 5414 Bandiuii,
2779 5351 2937 5418 cujus
2961 5353 3069 5405 vid.
3097 5352 3268 5406 Calal.
3303 5369 3355 5422 p.
3384 5354 3450 5405 87
3480 5371 3628 5420 seqq.

2084 5425 2121 5477 5.
2155 5426 2274 5478 Des.
2310 5425 2361 5476 in
2384 5423 2504 5477 cod.
2533 5421 2586 5474 ‘2.
2663 5423 2709 5452 "
2733 5421 3184 5491 Κρῐνον-Θεός.
3222 5421 3342 5476 Haec
3367 5426 3632 5488 pe-rliurttl.

398 5500 465 5554 ad
489 5515 630 5553 vers.
659 5504 996 5567 sequentem.

1099 5495 1144 5529 ’⁸
1175 5490 1306 5549 Cod.
1341 5495 1489 5550 Flor.
1518 5495 1979 5565 προσφερομένων

2088 5495 2108 5525 ⁸
2133 5497 2298 5556 Δόλῳ
2322 5523 2393 5534 ——
2418 5492 2793 5565 tptsdovgqj.
2829 5492 2998 5565 codex
3037 5490 3271 5565 loreut.
3305 5494 3466 5565 ΙΙὲΙΙξνι
3495 5493 3634 5560 λόγῳ

399 5569 507 5638 γὰρ
533 5559 868 5638 κεχρημένοι
888 5563 1074 5638 μυρία
1102 5565 1330 5638 δεινά-
1349 5559 1701 5638 σωρεύουσιν.
1735 5559 2182 5638 ’ξ’ίΚαττ-ιξουσι.
2213 5565 2334 5638 cod.
2357 5562 2600 5638 21io_ucrt.
2661 5559 2937 5638 ".Ktrvja’.
2974 5561 3096 5638 c_or_l_.
3187 5559 3631 5638 ἀνακινήσαντες.

400 5629 566 5691 (ἴοι-ιι.
683 5629 772 5700 88,
812 5629 970 5689 habet
985 5629 1345 5704 ’κεκινήκασμ
1422 5629 1468 5666 ⁵⁸
1501 5638 1621 5687 cod.
1657 5635 1694 5686 2
1725 5634 1982 5702 εὐφρανοε

402 5707 526 5757 Des.
559 5707 721 5757 apud.
753 5706 915 5757 Cord.
950 5706 992 5757 .I.
1023 5721 1071 5757 c.
1135 5705 1154 5736 ³
1181 5706 1265 5755 οι.
1299 5703 1418 5756 cod.
1448 5703 1482 5755 2
1512 5719 1694 5757 prtem.
1733 5706 1952 5757 πάντες.

2084 5651 2179 5686 ταν.
2260 5635 2274 5665 ¹
2310 5636 2430 5685 eod.
2471 5632 2506 5684 2
2537 5629 2909 5692 πιστεύοντας.
2989 5630 3009 5660 ³
3037 5630 3146 5684 Καὶ
3168 5659 3235 5668 —
3258 5631 3516 5696 ἀποφαίι·

2084 5708 2221 5757 Σου.
2253 5702 2420 5757 Abest
2460 5716 2490 5755 a
2521 5702 2642 5756 cod.
2678 5700 2727 5753 1.
2810 5701 2830 5733 ⁸
2861 5701 3058 5757 Κύριε.
3095 5699 3258 5756 Abest
3288 5715 3315 5753 a
3342 5699 3464 5753 rod.
3497 5701 3516 5752 1

2081 5708 2221 5758 Σου.
2253 5702 2420 5757 Abest
2460 5716 2490 5755 a
2521 5702 2642 5756 cod.
2678 5701 2727 5753 1.
2810 5701 2830 5733 ⁸
2861 5701 3058 5770 Κύριε.
3095 5701 3258 5756 Abest
3288 5715 3315 5753 a
3342 5701 3464 5753 rod.
3497 5701 3543 5764 1,
3575 5709 3627 5752 2.

402 5707 526 5762 Des.
559 5703 721 5774 apud.
753 5706 915 5760 Cord.
950 5706 992 5758 .I.
1023 5721 1071 5760 c.
1135 5705 1154 5736 ³
1181 5703 1265 5755 οι.
1299 5703 1418 5756 cod.
1448 5703 1482 5755 2
1512 5719 1694 5772 prtem.
1733 5706 1952 5767 πάντες.

2989 5630 3009 5660 ³
3037 5630 3146 5684 Καὶ
3168 5659 3235 5668 —
3258 5631 3630 5696 ἀποφαίνεις.
