4038 6214
343 260 437 325 βω

1744 272 1823 333 IN
1864 273 2067 335 PSAL.
2094 276 2192 338 VI.

3497 298 3605 361 902

342 374 503 443 μονίᾳ
528 371 1090 443 μεγαλοφρονὴσουσι,
1110 376 1209 448 τὴν
1245 377 1343 447 σὴν
1371 377 1723 450 διηγούμενοι
1754 381 1913 435 δύνα-

2024 384 2323 440 stituerunt
2364 402 2423 443 se
2458 387 2604 458 ipsos
2641 391 2720 447 tui
2763 394 3004 450 nominis
3050 406 3356 463 amatores,
3401 407 3606 471 giariu-

342 480 458 532 μιν.
508 460 667 517 Οὕτω
710 463 808 517 καὶ
857 467 885 521 6
930 466 1200 538 μακάριος
1234 469 1257 499 ⁸
1286 470 1435 539 λέγει
1490 473 1742 537 Παῦλος-ο
1782 494 1802 527 ι
1852 476 1912 528 '0

340 556 698 626 καυχώμενος
726 556 787 609 ὲν
814 556 1006 628 Κυρίῳ
1050 560 1366 629 καυχάσθω.
1404 581 1422 613 ι
1455 594 1524 604 -
1554 584 1571 616 ς
1626 566 1711 628 Ὠς
1763 566 1915 638 ὅπλῳ

340 646 593 710 εὐδοκίας
648 649 1038 718 ἐστεφάνωσας
1087 653 1260 722 ἡμᾶς.
1329 673 1348 706 r
1403 654 1730 727 Εὑδοκίανή
1795 657 1916 711 θεία

344 738 541 810 Priapi}
571 741 729 792 καλεῖ
756 740 819 793 τὸ
834 742 1040 810 ἀγαθὸν
1059 744 1155 797 τοῦ
1194 745 1333 799 Θεοῦ
1374 746 1615 818 θέλημα.
1660 750 1915 803 Τοιοῦτόν

342 832 460 886 ἐστι
492 831 577 895 τὸ,
619 851 637 882 ι
674 834 1024 905 Ιΐὺδύκησας,
1058 836 1253 908 Κύριε,
1284 840 1385 909 τὴν
1434 841 1540 910 γῆν
1568 857 1686 905 σου,
1741 861 1760 892 ι
1796 843 1917 896 ἀντὶ

339 921 463 985 τοῦ,
515 924 725 991 Ἀγαθὰ
777 925 1056 996 ἠθέλησας
1084 930 1151 998 τῇ
1178 931 1247 998 γῇ
1297 945 1409 983 σου.
1455 947 1474 980 ι
1513 930 1622 983 Καὶ
1658 934 1809 1002 παρὰ
1839 932 1918 1003 τῷ

343 1016 603 1087 μακαρίῳ
633 1015 852 1086 Παύλῳ,
889 1038 905 1063 ο
937 1018 1095 1072 Κατὰ
1124 1020 1232 1090 τὴν
1257 1021 1511 1077 εὐδοκίαν
1542 1022 1638 1075 τοῦ
1679 1023 1919 1094 θελήμα-

338 1121 437 1168 τος
468 1104 658 1169 αὐτοῦ,
697 1124 716 1155 ι
755 1105 1029 1173 τουτέστι,
1061 1109 1203 1162 κατὰ
1245 1109 1305 1162 τὸ
1332 1109 1542 1177 ἀγαθὸν
1566 1111 1731 1165 αὑτοῦ
1758 1111 1919 1182 θέλη-

343 1209 445 1265 μα.
477 1194 587 1246 Καὶ
622 1193 865 1249 ἐνταῦθα
886 1198 1063 1250 τοίνυν
1090 1198 1250 1252 τοῦτο
1281 1199 1452 1269 λέγει,
1486 1203 1571 1254 ὅτι
1605 1203 1678 1255 Τὸ
1712 1205 1919 1273 ἀγαθόν

344 1301 443 1338 σου
464 1283 702 1356 θέλημα,
728 1286 869 1357 καὶὴ
893 1286 1063 1357 πολλή
1083 1305 1178 1341 σου
1203 1307 1267 1341 πε
1278 1288 1334 1361 ρὶ
1355 1292 1502 1360 ἡμᾶς
1524 1293 1879 1366 φιλοστοργία
1899 1296 1917 1327 ⁷

339 1390 402 1427 τε
429 1374 527 1427 καὶ
557 1376 773 1445 ἀγάπη,
808 1377 903 1429 καὶ
930 1377 1093 1431 ὅπλον
1133 1380 1267 1451 ἡμῖν
1293 1380 1487 1451 γέγονε
1534 1383 1692 1457 νίκης
1725 1384 1923 1459 πρόξε-

341 1478 455 1528 νον,
485 1462 583 1517 καὶ
616 1464 885 1535 στέφανος
915 1466 1208 1532 ὲπινίκιος.

695 1664 960 1721 EPMHN.
996 1668 1133 1723 το]⁵
1155 1671 1226 1737 ς’
1247 1671 1567 1727 mmor.

415 1786 488 1835 α’.
519 1799 537 1833 ι
576 1781 667 1843 Εἰς
698 1780 758 1833 τὸ
783 1781 936 1846 τέλος
990 1784 1048 1835 ὲν
1082 1782 1273 1852 ὕμνοις
1300 1784 1323 1816 ⁸
1362 1785 1507 1852 ὑπὲρ
1555 1785 1656 1856 τῆς
1695 1785 1911 1857 ὀγδόης.

337 1870 558 1942 ψαλμὸς
579 1870 657 1942 τῷ
686 1871 871 1924 Δαϐίδ.
906 1891 925 1924 ι
975 1873 1260 1943 Ὀγδόηνο
1289 1876 1390 1944 τὴν
1420 1875 1723 1946 μέλλουσαν
1746 1878 1915 1933 κατά-

341 1980 536 2017 στασιν
575 1965 603 2015 ὀ
652 1964 996 2033 προφητικδς
1044 1964 1201 2033 λόγος
1262 1967 1450 2020 καλεῖ·
1505 1969 1699 2039 ἐπειδὴ
1739 1970 1850 2041 γάρ
1886 1971 1916 2025 ὁ

337 2055 537 2126 παρὼν
564 2055 677 2125 βίος
727 2055 816 2108 διὰ.
859 2054 969 2107 τῶν
1021 2054 1163 2109 ἑπτὰ
1200 2057 1299 2127 τῆς
1350 2057 1644 2128 ἑϐδομάδος
1694 2060 1914 2133 ἡμερῶν

338 2145 765 2199 ἁνακυκλεῖται·
817 2145 984 2199 ἀπὺ¹⁰
1027 2145 1138 2215 γὰρ
1180 2146 1281 2216 τῆς
1316 2147 1538 2219 πρώτης
1586 2152 1614 2203 ὁ
1662 2152 1911 2222 χρό.,ο;ιι

337 2241 666 2312 ἀρχόμενος,
694 2240 790 2293 καὶ
818 2238 1004 2309 λήγων
1027 2240 1104 2302 εἰς
1138 2241 1238 2310 τὴν
1270 2241 1525 2311 ἑϐδόμην,
1557 2243 1717 2296 πάλιν
1765 2244 1843 2307 εις
1870 2245 1912 2274 η

333 2335 439 2404 τὴν
484 2330 710 2404 πρώτην
754 2332 1031 2395 ἐπάνεισι,
1083 2332 1179 2385 καὶ
1208 2330 1383 2396 οὕτως
1429 2335 1509 2395 εἰς
1541 2335 1640 2404 τὴν
1678 2335 1913 2407 ἑϐδόμην

338 2427 546 2497 χωρεῖ·
579 2424 804 2488 εἰκότως
841 2423 935 2475 τὸν
984 2421 1088 2488 ἔξω
1114 2422 1212 2476 τοῦ
1255 2422 1623 2495 ἑϐδοματικοῦ
1672 2424 1911 2497 ἀριθμοῦ

336 2518 515 2572 αἰῶνα
546 2516 741 2586 ὀγδόην
778 2517 808 2569 ὁ
842 2515 986 2580 θεῖος
1028 2516 1443 2587 προσηγόρευσε
1468 2516 1648 2586 λόγος.
1686 2519 1916 2589 Μέμνη-

336 2630 433 2666 ται
461 2613 519 2667 δὲ
553 2612 790 2667 θανάτου
826 2610 923 2664 καὶ
955 2610 1193 2681 κρίσεως
1224 2611 1282 2664 ὲν
1316 2611 1452 2681 τῷδε
1476 2611 1552 2682 τῷ
1571 2611 1771 2683 ψαλμῷ
1797 2629 1810 2644 ·
1836 2613 1915 2666 διὸ

337 2706 437 2760 καὶ
467 2704 672 2776 ταύτην
717 2703 933 2757 τέθεικε
974 2701 1074 2772 τὴν
1123 2703 1457 2774 ἐπιγραφήν.
1498 2704 1663 2771 Λέγει
1688 2704 1731 2735 ⁸³
1762 2706 1870 2774 γάρ
1900 2723 1912 2736 ο

344 2819 363 2850 ι
400 2798 514 2853 Οὐκ
543 2796 688 2850 ἐστιν
715 2797 775 2849 ὲν
797 2794 876 2866 τῷ
902 2795 1119 2864 θανάτῳ
1141 2794 1172 2845 ὁ
1199 2793 1561 2864 μνημονεύων
1592 2813 1710 2860 σου,
1760 2798 1819 2848 ἐν
1857 2795 1914 2851 δὲ

337 2893 419 2963 τῷ
442 2891 544 2963 ᾅδῃ
566 2889 647 2953 τίς
670 2887 1127 2959 ἐξομολογήσεται
1156 2903 1239 2938 σοι
1261 2903 1275 2952 ;
1313 2904 1332 2940 ι
1357 2888 1481 2941 ἀντὶ
1523 2887 1643 2947 τοῦ,
1678 2886 1914 2942 Ἀποκὲ-

340 2983 587 3035 κλεισται
607 2981 719 3043 τοῖς
739 2978 991 3034 ἐντεῦθεν
1019 2975 1224 3043 ἐξιοῦσι
1250 2975 1351 3048 τῆς
1378 2979 1668 3049 μετανοίας
1694 2981 1726 3051 ἡ
1751 2979 1912 3048 θύρα,

2018 475 2223 529 buntur
2248 489 2471 547 propter
2501 490 2647 535 tuam
2674 485 3131 554 sollicitudinem,
3179 500 3326 545 tuam
3371 510 3606 551 narran-

2019 572 2097 618 tes
2121 569 2438 631 potentiam.
2475 571 2565 625 Sic
2596 574 2760 628 etiam
2792 576 2985 633 beatus
3013 578 3089 633 ait
3116 580 3321 638 Paulus
3347 583 3366 622 ί
3396 599 3412 637 :
3448 604 3468 637 ι
3498 589 3603 650 Qui

2017 655 2314 724 gloriatur,
2341 660 2394 713 in
2425 659 2658 716 Domino
2698 664 2979 733 glorietur.
3005 684 3128 720 t—c
3164 666 3230 723 Ut
3260 683 3418 726 scuto
3454 675 3607 731 bona

2019 748 2315 804 voluntatis
2346 762 2454 806 tuae
2477 793 2491 817 ,
2523 758 2800 810 coronasti
2836 774 2959 813 nos.
2991 777 3010 809 ι
3048 758 3255 814 Bonam
3283 761 3380 817 Dei
3410 766 3605 820 volun-

2021 849 2182 893 tatem
2215 855 2386 896 sacra:
2424 844 2618 900 litterae
2661 861 2981 919 nuncupant
3007 851 3276 906 εὐδοκίαν.
3326 852 3604 924 Ejusmodi

2018 938 2101 982 est
2128 929 2257 983 illud
2288 949 2303 984 :
2339 951 2358 982 ι
2396 931 2705 992 Delectatus
2747 954 2843 1006 es,
2892 939 3141 1009 Domine,
3192 954 3336 1000 terra
3369 959 3463 1001 tua
3490 950 3541 1014 κ,
3576 969 3599 1003 ι

2021 1021 2123 1077 hoc
2153 1030 2258 1090 est,
2298 1023 2435 1081 bene
2465 1028 2721 1096 cupivisti
2763 1040 2869 1087 tua:
2897 1043 3074 1089 terrae.
3105 1034 3171 1090 Et
3204 1038 3347 1106 apud
3380 1039 3601 1095 beatum

2018 1111 2248 1169 Paulum
2287 1115 2359 1170 ιιι
2419 1135 2438 1169 ι
2482 1119 2789 1177 Secundum
2838 1123 3237 1196 beneplacitum
3301 1130 3604 1191 voluntatis

2022 1205 2228 1274 ipsius,
2268 1226 2286 1258 ι
2333 1209 2583 1265 videlicet
2622 1216 2925 1270 secundum
2961 1219 3157 1273 bonam
3198 1221 3318 1289 ejus
3350 1226 3604 1282 volunta-

2023 1302 2151 1346 tem.
2186 1293 2387 1365 Sicque
2430 1296 2597 1366 igitur
2637 1302 2742 1369 hoc
2779 1305 2899 1360 loco
2941 1307 3106 1381 64,0
3136 1310 3301 1380 dicit,
3337 1323 3428 1370 tua
3461 1317 3604 1375 bona

2022 1383 2314 1452 voluntas,
2369 1397 2608 1460 tuusque
2664 1395 2931 1451 maximus
2975 1414 3132 1453 amor
3179 1411 3235 1457 et
3279 1402 3497 1462 dilectio
3534 1407 3593 1467 in

2023 1489 2124 1529 nos
2144 1516 2160 1541 ,
2191 1473 2296 1531 fuit
2324 1478 2482 1534 nobis
2509 1490 2562 1533 et
2592 1492 2811 1540 scutum
2840 1485 3124 1545 victoriam
3153 1508 3388 1564 parans,
3416 1505 3471 1553 et
3504 1512 3601 1554 co-

2025 1582 2161 1623 rona
2194 1570 2563 1640 triumphalis.

2462 1686 2745 1746 INTERP.
2785 1691 3038 1750 PSALMI
3082 1695 3172 1753 Vl.

2092 1792 2257 1850 Vsus.
2289 1796 2340 1849 1.
2397 1816 2416 1849 ι
2454 1796 2510 1852 1η
2539 1799 2735 1866 linem,
2791 1803 2845 1857 in
2896 1803 3159 1875 hymnis,
3215 1824 3315 1880 pro
3370 1821 3602 1882 octava,

2017 1882 2264 1951 psalmus
2293 1884 2502 1942 Davidi.
2529 1908 2549 1941 ι
2582 1888 2837 1947 Octavam
2866 1894 3109 1952 futurum
3133 1910 3335 1956 statum
3362 1908 3604 1975 prophe-

2017 1973 2163 2028 ticus
2196 1992 2379 2031 sermo
2411 1980 2667 2049 appellat.
2707 1983 2843 2038 Cum
2884 1986 3033 2040 enim
3074 2003 3316 2057 praesens
3357 1973 3480 2047 vita
3506 2010 3605 2064 per

2015 2073 2223 2135 septem
2266 2068 2385 2125 dies
2427 2071 2787 2130 hebdomadis
2818 2076 3130 2134 revolvatur
3166 2081 3423 2153 (tempus
3454 2087 3600 2142 enim

2015 2173 2045 2212 a
2078 2159 2254 2227 primo
2283 2161 2377 2217 die
2414 2163 2721 2234 incipiens,
2760 2177 2814 2223 et
2853 2170 3114 2228 desinens
3164 2175 3219 2229 in
3270 2178 3560 2247 septimum
3584 2215 3602 2244 ,

2016 2262 2211 2303 rursus
2257 2249 2310 2304 in
2364 2254 2599 2321 primum
2656 2258 2919 2326 recurrit,
2965 2268 3019 2315 et
3069 2261 3151 2318 sic
3202 2265 3253 2317 in
3306 2266 3604 2336 septimum

2016 2341 2399 2412 progreditur)
2432 2360 2446 2396 :
2482 2347 2675 2402 merito
2718 2350 3008 2415 saeculum,
3041 2354 3184 2422 quod
3226 2366 3383 2412 extra
3421 2369 3604 2428 septe-

2017 2431 2231 2485 narium
2265 2450 2551 2491 numerum
2576 2449 2679 2503 est,
2711 2451 2961 2498 octavam
2995 2444 3215 2500 divinus
3247 2463 3432 2503 sermo
3462 2466 3606 2506 nun-

2016 2529 2202 2589 cupat.
2260 2521 2507 2580 Meminit
2549 2539 2731 2583 autem
2780 2531 2835 2584 iu
2887 2532 2994 2588 hoc
3036 2535 3251 2603 psalmo
3296 2541 3492 2595 mortis
3547 2552 3603 2596 et

2012 2608 2224 2678 judicii.
2247 2610 2614 2678 Quamobrem
2641 2618 2786 2674 hunc
2810 2622 2996 2690 posuit
3022 2623 3263 2680 titulum.
3294 2627 3387 2681 Ait
3410 2629 3597 2685 enim:

2022 2718 2042 2751 ι
2075 2700 2190 2756 Non
2232 2716 2317 2759 est
2363 2705 2417 2760 in
2454 2718 2629 2764 morte
2664 2711 2755 2779 qui
2791 2727 3001 2769 meumr
3032 2716 3105 2770 sit
3137 2718 3250 2783 tui,
3290 2719 3344 2773 in
3383 2719 3602 2776 inferno

2016 2802 2199 2848 autem
2231 2796 2352 2866 quis
2386 2800 2733 2858 conﬁtebitur
2772 2805 2912 2860 tibi?
2947 2825 2966 2859 ›
3016 2808 3070 2863 Id
3119 2821 3201 2866 est
3223 2849 3238 2876 ,
3279 2811 3479 2869 Clausa
3514 2824 3604 2874 est

2019 2885 2318 2951 pceuitendi
2353 2887 2521 2957 janua
2570 2890 2665 2955 iis,
2716 2893 2810 2964 qui
2863 2894 2992 2952 hinc
3037 2898 3456 2970 demigrarunt:
3497 2920 3601 2962 nec

2018 2977 2133 3029 tieri
2166 2987 2367 3047 potest,
2397 2991 2456 3036 ut
2488 2983 2582 3053 qui
2612 2984 2664 3039 in
2694 2991 2951 3056 praesenti
2992 2991 3103 3046 vita
3136 2996 3472 3062 paenitentia:
3507 3016 3598 3057 re-

337 3075 437 3128 καὶ
464 3073 563 3143 οὐχ
591 3069 703 3126 οἷόν
755 3089 817 3125 τε
862 3072 990 3134 τοὺς
1047 3069 1123 3141 μὴ
1148 3069 1192 3100 ⁸⁵
1229 3069 1375 3124 κατὰ
1408 3070 1502 3124 τὸν
1527 3072 1770 3141 παρόντα
1796 3072 1913 3143 βίον

2017 3068 2210 3124 tnediis
2239 3072 2320 3125 uti
2355 3074 2669 3143 noluerunt,
2702 3078 2774 3133 ibi
2802 3078 3030 3136 oderant
3053 3083 3165 3140 Deo
3195 3088 3598 3149 confessionem

348 3169 453 3230 .oi’;
494 3168 594 3234 τῆς
643 3164 936 3235 μετανοίας
987 3163 1371 3235 χρησαμένους
1422 3164 1762 3234 φαρμάκοις,
1792 3166 1913 3218 ἐκεῖ

2017 3174 2115 3228 pro
2154 3174 2403 3231 peccato.
2440 3165 2782 3241 Suﬂragatur
2813 3182 2994 3229 autem
3038 3176 3189 3233 hisce
3224 3179 3387 3236 etiam
3427 3185 3598 3254 virgi-

334 3258 439 3329 τὴν
473 3258 613 3327 ὑπὲρ
656 3255 755 3328 τῆς
782 3256 1055 3327 ἁμαρτίας
1085 3253 1477 3325 ἐξομολόγησιν
1519 3259 1913 3326 προσενεγκεῖν

2017 3266 2146 3306 num
2179 3256 2467 3323 parabola.
2495 3257 2707 3314 Etenim
2748 3277 2843 3331 per
2881 3263 3031 3317 illam
3075 3266 3384 3333 didicimus,
3417 3253 3598 3330 fatuas

335 3351 417 3417 τῷ
445 3347 585 3418 Θεῷ.
647 3348 933 3418 Μαρτυρεῖ
988 3344 1045 3398 δὲ
1089 3345 1299 3409 τούτοις
1354 3347 1466 3408 τοῖς
1513 3345 1716 3413 λόγοις,
1744 3348 1840 3400 καὶ
1876 3348 1911 3415 ἡ

2017 3343 2276 3420 virgines,
2306 3350 2582 3406 restinctis
2620 3352 2986 3423 lampadibus,
3021 3360 3289 3416 mansisse
3330 3373 3482 3420 extra
3513 3366 3598 3436 ja-

336 3442 447 3495 τῶν
503 3439 792 3511 παρθένων
865 3435 1175 3509 παραϐολή.
1245 3436 1355 3489 Καὶ
1402 3436 1511 3508 γὰρ
1569 3436 1638 3490 δι’
1689 3438 1910 3509 ἐκείνης

2017 3458 2155 3499 uuas
2188 3442 2429 3498 cubiculi
2473 3443 2669 3511 Sponsi
2710 3461 2723 3497 :
2762 3460 2882 3513 qua:
2915 3447 3205 3515 pulsarunt
3256 3454 3474 3522 quidem
3500 3435 3593 3526 ja-

339 3533 767 3604 μεμαθήκαμεν,
816 3530 893 3594 ὼς
930 3531 986 3583 αί
1040 3530 1225 3600 μωραὶ
1273 3528 1537 3599 παρθένοι
1582 3529 1913 3584 σϐεσθεισῶν

2017 3547 2183 3599 uuas,
2233 3532 2327 3587 sed
2376 3532 2595 3601 rejecta:
2639 3540 2694 3587 et
2739 3534 2981 3590 thalamo
3022 3538 3260 3595 exclusa:
3303 3554 3453 3598 sunt.
3501 3548 3596 3602 Ait

336 3626 447 3680 τῶν
476 3622 775 3692 λαμπάδων
798 3620 1017 3691 ἔμειναν
1034 3619 1137 3685 ἔξω
1153 3621 1262 3676 τῶν
1284 3620 1378 3674 τοῦ
1395 3620 1686 3691 νυμφῶνος
1707 3618 1907 3693 θυρῶν,

2017 3624 2153 3677 enim
2189 3623 2360 3692 ipsis:
2397 3642 2416 3674 ι
2451 3622 2756 3690 Discedite,
2791 3640 2894 3679 non
2933 3629 3061 3681 novi
3093 3645 3189 3685 vos
3217 3629 3259 3686 ί.
3294 3653 3312 3685 ι
3337 3632 3591 3706 Propter-

336 3715 599 3769 παίουσαι
646 3715 745 3785 μὲν
783 3713 880 3775 τὰς
935 3711 1132 3781 θύρας,
1183 3712 1653 3783 ἀποπεμπόμεναι
1699 3712 1777 3776 δὲ,
1818 3714 1913 3768 καὶ

2017 3728 2070 3769 ea
2103 3715 2296 3770 beatus
2327 3714 2488 3786 641
2532 3713 2703 3770 David
2733 3726 2856 3785 post
2911 3717 3109 3790 duplex
3147 3722 3279 3778 illud
3305 3737 3591 3795 peceatum

336 3810 436 3880 τῆς
495 3806 769 3869 παστάδος
815 3803 1313 3874 ἀποστερούμεναι.
1383 3805 1530 3873 Ἔφη
1604 3801 1714 3873 γὰρ
1772 3805 1909 3874 πρὸς

2017 3804 2109 3859 has
2159 3803 2320 3858 oﬂ'ert
2368 3804 2476 3859 Deo
2515 3818 2744 3875 preces,
2793 3823 2996 3878 rogans
3044 3820 3102 3864 ut
3136 3823 3399 3883 sanetur,
3442 3818 3591 3887 quod

335 3900 526 3963 αὐτάς·
553 3918 573 3952 ι
622 3897 916 3967 Ὑπάγετε,
940 3895 1040 3948 οὐκ
1066 3890 1182 3947 οἶδα
1214 3894 1380 3963 ὑμᾶς.
1414 3913 1433 3946 t
1467 3895 1566 3947 Διά
1594 3910 1675 3946 τοι
1698 3892 1857 3947 τοῦτο
1881 3895 1909 3948 ὁ

2017 3897 2411 3951 medicamenta
2451 3897 2786 3966 pmuitentiae
2822 3916 2930 3955 non
2964 3901 3203 3958 habeant
3232 3909 3468 3976 amplius
3509 3912 3591 3966 lo-

338 3992 670 4065 μακάριος¹⁵
700 3989 884 4056 Δασὶδ,
917 3987 1056 4059 μετὰ
1088 3987 1185 4057 τὴν
1218 3985 1417 4057 διπλῆν
1469 3987 1685 4055 εκείνην
1719 3986 1905 4057 ἁμαρ-

2014 4000 2138 4039 cum
2173 3985 2227 4039 in
2262 3986 2354 4039 illa
2383 3987 2514 4040 vita.

333 4084 481 4145 τίαν,
531 4080 740 4149 ταύτην
799 4074 879 4147 τῷ
933 4073 1052 4145 Θεῷ
1108 4074 1411 4146 προσφέρει
1462 4074 1561 4146 τὴν
1622 4074 1879 4139 ἱκετείαν,
1949 4074 2301 4147 ίατρευθῆναι
2369 4077 2729 4148 παρακαλῶν,
2764 4081 2837 4144 ὡς
2900 4083 3101 4154 μήκετι
3148 4085 3333 4157 χώραν
3358 4091 3592 4161 ἐχόντων

336 4180 397 4231 ἐν
424 4174 621 4242 ἐκείνῳ
651 4169 729 4242 τῷ
760 4169 861 4241 βίῳ
888 4168 997 4221 τῶν
1035 4170 1135 4238 τῆς
1176 4167 1467 4238 μετανοίας
1510 4167 1820 4239 φαρμάκων
1840 4166 1903 4221 ιι.

410 4268 475 4341 β’.
511 4286 531 4320 ‹
562 4265 759 4336 Κύριε,
791 4260 867 4332 μὴ
897 4257 974 4330 τῷ
999 4257 1158 4329 θυμῷ
1188 4274 1281 4310 σου
1303 4256 1528 4328 ἐλέγξῃς
1557 4272 1648 4327 με’
1679 4256 1913 4326 μηδὲτῇ¹

2106 4260 2263 4311 Vens.
2290 4255 2346 4309 2.
2397 4273 2417 4307 ι
2448 4255 2694 4327 Domine,
2726 4273 2792 4311 ne
2824 4259 2875 4311 in
2907 4258 3091 4315 furore
3116 4271 3211 4316 tuo
3240 4279 3435 4336 arguas
3464 4285 3585 4335 me,

337 4365 475 4436 ὀργῇ
491 4378 586 4416 σου
605 4357 901 4428 παιδεύσῃς
919 4372 1007 4424 με.
1022 4375 1040 4407 ι
1060 4355 1134 4407 Οὐ
1151 4353 1462 4424 παρακαλεῖ
1475 4353 1551 4422 μὴ
1563 4351 1907 4423 ἐλεγχθῆναι,

334 4455 475 4512 ἀλλὰ
510 4453 587 4524 μὴ
621 4448 777 4521 θυμῷ
804 4447 1293 4516 ὲ).εγχοῆναι,οὺδὲ
1326 4444 1559 4498 ἱκετεύει
1593 4445 1667 4516 μὴ
1689 4443 1911 4497 παιδευ-

337 4546 524 4616 θῆναι,
555 4540 689 4594 ἀλλὰ
727 4540 805 4609 μὴ
826 4540 866 4570 ¹⁷
903 4537 1018 4606 μετ’
1039 4537 1211 4608 ὀργῆς
1233 4536 1395 4588 τοῦτο
1434 4535 1646 4588 παθεῖν.
1702 4537 1910 4606 Πατριο

337 4636 450 4698 κῶς
471 4635 515 4666 ¹⁸
534 4650 625 4705 με,
649 4631 805 4702 φησὶ,
824 4629 1136 4691 παίδευσον,
1160 4627 1236 4697 μὴ
1251 4624 1605 4689 δικαστικῶς·
1629 4624 1908 4694 ἰατρικῶς,

341 4728 417 4798 μὴ
468 4720 895 4784 κολαστικῶς¹⁹.
942 4719 1035 4788 Μὴ
1090 4718 1370 4790 μετρήσῃς
1412 4717 1478 4787 τῇ
1521 4714 1768 4786 ἁμαρτίᾳ
1810 4714 1910 4782 τὴν

335 4818 636 4889 τιμωρίαν,
697 4812 832 4867 ἀλλὰ
875 4813 944 4883 τῇ
1004 4809 1388 4881 φιλανθρωπίᾳ
1438 4806 1498 4860 τὸ
1553 4806 1762 4861 δίκαιον
1812 4804 1908 4858 κέ-

344 4928 505 4982 ρασον

2014 4365 2193 4422 neque
2245 4349 2298 4403 in
2355 4350 2435 4403 ira
2471 4359 2561 4403 tua
2598 4351 2859 4420 corripias
2906 4367 3012 4408 me.
3049 4372 3068 4405 ι
3103 4352 3220 4409 Non
3254 4370 3503 4427 precatur
3534 4372 3591 4417 ut

2013 4459 2121 4498 non
2153 4441 2579 4512 reprehendatur
2608 4459 2622 4496 :
2653 4458 2827 4512 neque
2856 4444 3008 4513 petit,
3051 4456 3107 4500 ut
3137 4463 3244 4501 non
3271 4451 3589 4521 castigetur.

2013 4534 2108 4590 sed
2164 4549 2232 4588 ne
2267 4549 2392 4588 cum
2426 4533 2504 4585 ira
2539 4532 2643 4586 hoc
2682 4534 2938 4602 patiatur.
2979 4535 3206 4591 Paterne
3237 4553 3345 4603 me,
3391 4541 3590 4611 inquit,

2014 4626 2301 4697 corripias,
2330 4641 2439 4680 non
2467 4625 2669 4695 judicis
2698 4626 2907 4692 instar;
2939 4628 3131 4684 medici
3164 4645 3335 4697 more,
3357 4651 3460 4686 non
3487 4644 3592 4689 ter-

2013 4718 2174 4773 roris.
2203 4716 2281 4772 Ne
2303 4718 2549 4773 metiaris
2561 4716 2854 4772 vindictam
2877 4728 3120 4790 peccato,
3147 4723 3240 4778 sed
3256 4723 3590 4805 benignitate

2014 4811 2283 4884 justitiam
2315 4820 2575 4883 tempera.

425 5004 443 5040 τ
479 5002 649 5059 lCor.
682 5019 729 5068 1,
764 5001 854 5056 51.
934 4998 959 5037 8
989 4993 1134 5050 Psal.
1168 5008 1402 5057 Lxxxtv,
1443 4992 1494 5046 1.
1572 4988 1600 5029 δ
1631 4989 1827 5061 Ephes.
1857 5005 1904 5054 ι,

2084 4984 2101 5025 ί
2135 4985 2322 5041 Matth.
2352 5002 2459 5040 xxv
2480 5027 2495 5053 ,
2529 4987 2614 5041 i2.

1435 5104 1669 5159 VARUE
1710 5100 2097 5157 LECTIONES
2134 5099 2220 5154 ΕΤ
2254 5097 2489 5154 ΝΟΤΙΕ.

424 5205 443 5233 ⁸
483 5211 536 5263 '0
558 5208 867 5279 μακάριος.
902 5204 1069 5279 Abest
1099 5200 1281 5279 a_cod.
1311 5199 1365 5252 2.

342 5262 1343 5402 egerit-iraeadem
1368 5265 1658 5391 ξιξὶξῖῖξηξτι
1692 5268 1912 5399 νηί-εξ

2025 5263 2187 5317 Cord.
2226 5279 2281 5330 p.
2319 5262 2445 5316 107.
2544 5262 2587 5293 ¹⁰
2615 5262 2748 5315 Ἀπὸ
2778 5293 2850 5302 -
2870 5262 3067 5333 χωρεῖ.
3109 5264 3235 5321 Haec
3276 5268 3397 5321 des.
3445 5270 3588 5390 οὖνού

2017 5336 2125 5387 best
2154 5347 2184 5384 a
2211 5332 2331 5385 cod.
2357 5331 2410 5383 2.
2497 5332 2540 5402 ¹ξ
2570 5334 2743 5402 Λέγει
2767 5364 2835 5373 -
2852 5333 3145 5402 μακάριος
3198 5337 3394 5390 Δαϐίδ.
3507 5354 3589 5393 es.

339 5336 500 5406 ϐοτά.
552 5336 597 5404 Ι.’
620 5364 666 5403 c.
748 5336 792 5379 ῖι
827 5336 887 5397 "0
907 5345 1143 5412 χρόνος.
1176 5341 1343 5412 Abest
1368 5353 1397 5412 a
1423 5336 1546 5391 cod.
1582 5336 1635 5389 2.

340 5404 675 5477 ant—td'Cord.
702 5419 740 5471 ι.
770 5431 821 5470 c.
900 5404 1186 5476 ίῖΜήίιιι
1212 5410 1333 5464 cod.
1370 5408 1395 5460 1
1432 5423 1619 5476 praem.
1653 5406 1774 5477 γοοί
1813 5421 1913 5477 χρη

2017 5404 2217 5477 ιέςιους.

1466 5200 1486 5229 ⁷
1515 5197 1911 5265 Φιλοστοργία

2017 5193 2091 5265 )d.
2120 5191 2583 5265 2Αφιλανθρωπία.
2615 5261 2625 5265 _
2677 5192 2699 5225 ⁸
2731 5191 2844 5265 ΔἘν
2869 5193 3302 5265 ὕμνοιςηᾼῢοεῑ
3324 5212 3353 5252 a
3385 5197 3505 5253 cod.
3532 5200 3587 5255 2.

2544 5262 2587 5293 ιο
2615 5261 2748 5315 Ἀπὸ
2778 5293 2850 5302 -
2870 5261 3067 5333 χωρεῖ.
3109 5264 3235 5321 Haec
3276 5268 3397 5321 des.
3445 5270 3588 5333 apud

2298 5401 2339 5432 ³⁸
2371 5401 2692 5468 Μακάριος.
2724 5401 2892 5457 Abest
2924 5418 2954 5456 a
2990 5401 3200 5459 (ἐωξὶ.
3309 5406 3352 5438 ¹⁸
3380 5406 3435 5459 lu
3460 5411 3582 5460 cod.

382 5470 483 5545 Ῐᾶτῖ
518 5470 1074 5556 θαέοψρτωωίιιιιιιῑυι·
1100 5498 1112 5533 :
1134 5470 1571 5548 Ἐξομολογεῖται
1607 5474 1685 5555 τῷ
1726 5470 1913 5558 eam

382 5558 797 5615 υγκαθεύδήσας
820 5554 889 5615 τῇ
931 5550 1230 5615 Βηρσαϐεέ.
1262 5547 1426 5615 Λέγει
1459 5547 1516 5599 δὲ
1547 5562 1727 5615 ταυτα
1748 5561 1806 5615 εν
1842 5559 1905 5615 συ

2017 5471 2203 5538 κάριος
2236 5470 2400 5522 Δαϐὶδ
2435 5471 2684 5540 περὶτῆς
2717 5471 2850 5533 ἰδίας
2881 5473 3177 5542 ἁμαρτίας.
3210 5475 3276 5546 ῆν
3298 5477 3591 5545 εἰργάσατο

2017 5543 2147 5611 ιραίς
2176 5539 2287 5615 ξὺν,
2339 5542 2396 5615 ὲν
2436 5534 2523 5602 αίς
2552 5539 2970 5615 καξὲξητάζετο
3004 5543 3105 5615 ,διὰ
3134 5544 3234 5615 τὴν
3285 5546 3584 5615 ἁμαρτίαν.

343 5547 1527 5691 ενταθευδῆταῖν.τέμῗρηρδςξεξ·ρθέτῗοῖῖι
1547 5547 1806 5686 esse
1842 5559 1906 5645 τις

466 5646 597 5699 υμῳ
615 5657 711 5699 —-_
765 5695 788 5699 _
988 5660 1003 5676 .
1145 5660 1158 5675 .
1339 5658 1352 5672 .
1538 5657 1550 5670 .
1627 5654 1640 5668 .
1783 5652 1797 5668 .

2017 5547 2147 5611 ιραῖς
2176 5547 2287 5618 fuv,
2339 5547 2396 5592 ὲν
2436 5547 2523 5602 αίς
2552 5547 2647 5593 καὶ
2678 5547 2970 5624 ἐξητάζετο
3018 5547 3105 5597 διὰ
3134 5547 3234 5632 τὴν
3285 5547 3584 5624 ἁμαρτίαν.

2017 5610 2598 5679 ιτρικως-κέρασον.
2632 5610 2754 5666 Des.
2792 5613 2924 5670 tbtd.
2999 5614 3043 5646 “
3068 5618 3164 5682 Μη
3189 5618 3587 5684 κολαστικως.

343 5695 515 5756 Abest
544 5716 572 5753 a
608 5696 736 5752 cod.
759 5695 817 5748 2.
