  <div class='ocr_page' id='page_1' title='image "/cluster/home/n/w/nwhite01/storage/ocr_20150623/80/mdp.39015007044145/481.png"; bbox 0 0 4038 6214; ppageno 0'>
   <div class='ocr_carea' id='block_1_1' title="bbox 404 273 599 340">
    <p class='ocr_par' dir='ltr' id='par_1_1' title="bbox 404 273 599 340">
     <span class='ocr_line' id='line_1_1' title="bbox 404 273 599 340; baseline 0.005 -1"><span class='ocrx_word' id='word_1_1' title='bbox 404 273 525 340; x_wconf 63' lang='grc'><strong>³9117</strong></span> <span class='ocrx_word' id='word_1_2' title='bbox 590 314 599 325; x_wconf 56' lang='grc' dir='ltr'>ν»</span> 
     </span>
    </p>
   </div>
   <div class='ocr_carea' id='block_1_2' title="bbox 1354 258 2704 325">
    <p class='ocr_par' dir='ltr' id='par_1_2' title="bbox 1354 258 2704 325">
     <span class='ocr_line' id='line_1_2' title="bbox 1354 258 2704 325; baseline -0.004 0"><span class='ocrx_word' id='word_1_3' title='bbox 1354 306 1363 311; x_wconf 89' lang='grc'><strong>-</strong></span> <span class='ocrx_word' id='word_1_4' title='bbox 1422 261 1911 325; x_wconf 81' lang='lat' dir='ltr'><strong>THEODORETI</strong></span> <span class='ocrx_word' id='word_1_5' title='bbox 1951 258 2291 321; x_wconf 85' lang='lat' dir='ltr'><strong>EPISCOPI</strong></span> <span class='ocrx_word' id='word_1_6' title='bbox 2333 258 2704 320; x_wconf 78' lang='lat' dir='ltr'><strong>CYRENSIS</strong></span> 
     </span>
    </p>
   </div>
   <div class='ocr_carea' id='block_1_3' title="bbox 3595 265 3703 328">
    <p class='ocr_par' dir='ltr' id='par_1_3' title="bbox 3595 265 3703 328">
     <span class='ocr_line' id='line_1_3' title="bbox 3595 265 3703 328; baseline 0.009 -1"><span class='ocrx_word' id='word_1_7' title='bbox 3595 265 3703 328; x_wconf 65' lang='lat'><strong>9.38</strong></span> 
     </span>
    </p>
   </div>
   <div class='ocr_carea' id='block_1_4' title="bbox 415 367 1996 458">
    <p class='ocr_par' dir='ltr' id='par_1_4' title="bbox 415 373 1988 458">
     <span class='ocr_line' id='line_1_4' title="bbox 415 373 1988 458; baseline -0.01 -16"><span class='ocrx_word' id='word_1_8' title='bbox 415 385 723 458; x_wconf 72' lang='lat' dir='ltr'><strong>genitorem</strong></span> <span class='ocrx_word' id='word_1_9' title='bbox 767 379 973 438; x_wconf 88' lang='lat' dir='ltr'><strong>bellum</strong></span> <span class='ocrx_word' id='word_1_10' title='bbox 1005 386 1272 432; x_wconf 87' lang='lat' dir='ltr'><strong>moveret.</strong></span> <span class='ocrx_word' id='word_1_11' title='bbox 1314 374 1548 432; x_wconf 75' lang='lat' dir='ltr'><strong>Mmrore</strong></span> <span class='ocrx_word' id='word_1_12' title='bbox 1570 376 1738 446; x_wconf 85' lang='lat' dir='ltr'><strong>igitur</strong></span> <span class='ocrx_word' id='word_1_13' title='bbox 1758 373 1988 427; x_wconf 80' lang='lat' dir='ltr'><strong>affectus</strong></span> 
     </span>
    </p>
   </div>
   <div class='ocr_carea' id='block_1_5' title="bbox 2097 367 3702 458">
    <p class='ocr_par' dir='ltr' id='par_1_5' title="bbox 2118 367 3702 444">
     <span class='ocr_line' id='line_1_5' title="bbox 2118 367 3702 444; baseline 0.004 -21"><span class='ocrx_word' id='word_1_14' title='bbox 2118 372 2461 441; x_wconf 80' lang='grc' dir='ltr'><strong>συναγεῖραι,</strong></span> <span class='ocrx_word' id='word_1_15' title='bbox 2516 369 2608 423; x_wconf 72' lang='grc' dir='ltr'><strong>καὶ</strong></span> <span class='ocrx_word' id='word_1_16' title='bbox 2647 367 2958 439; x_wconf 80' lang='grc' dir='ltr'>τηνικαῦτα</span> <span class='ocrx_word' id='word_1_17' title='bbox 3005 368 3144 423; x_wconf 77' lang='grc' dir='ltr'><strong>κατά</strong></span> <span class='ocrx_word' id='word_1_18' title='bbox 3178 369 3270 424; x_wconf 64' lang='grc' dir='ltr'><strong>τοῦ</strong></span> <span class='ocrx_word' id='word_1_19' title='bbox 3306 377 3702 444; x_wconf 66' lang='grc' dir='ltr'>γεγεννηκότος</span> 
     </span>
    </p>
   </div>
   <div class='ocr_carea' id='block_1_6' title="bbox 414 466 2005 539">
    <p class='ocr_par' dir='ltr' id='par_1_6' title="bbox 414 466 2005 539">
     <span class='ocr_line' id='line_1_6' title="bbox 414 466 2005 539; baseline -0.008 -8"><span class='ocrx_word' id='word_1_20' title='bbox 414 486 471 533; x_wconf 90' lang='lat' dir='ltr'><strong>et</strong></span> <span class='ocrx_word' id='word_1_21' title='bbox 510 474 806 531; x_wconf 83' lang='lat' dir='ltr'><strong>admodum</strong></span> <span class='ocrx_word' id='word_1_22' title='bbox 841 472 1203 528; x_wconf 85' lang='lat' dir='ltr'><strong>conturbatus</strong></span> <span class='ocrx_word' id='word_1_23' title='bbox 1232 469 1577 539; x_wconf 79' lang='lat' dir='ltr'><strong>Achitopbel,</strong></span> <span class='ocrx_word' id='word_1_24' title='bbox 1608 483 1674 523; x_wconf 91' lang='lat' dir='ltr'><strong>eo</strong></span> <span class='ocrx_word' id='word_1_25' title='bbox 1703 466 1850 537; x_wconf 88' lang='lat' dir='ltr'><strong>quod</strong></span> <span class='ocrx_word' id='word_1_26' title='bbox 1875 480 2005 520; x_wconf 81' lang='lat' dir='ltr'><strong>eun-</strong></span> 
     </span>
    </p>
   </div>
   <div class='ocr_carea' id='block_1_7' title="bbox 414 557 2002 637">
    <p class='ocr_par' dir='ltr' id='par_1_7' title="bbox 414 557 2002 637">
     <span class='ocr_line' id='line_1_7' title="bbox 414 557 2002 637; baseline -0.008 -13"><span class='ocrx_word' id='word_1_27' title='bbox 414 569 598 624; x_wconf 88' lang='lat' dir='ltr'><strong>silium</strong></span> <span class='ocrx_word' id='word_1_28' title='bbox 618 566 788 623; x_wconf 75' lang='lat' dir='ltr'><strong>Cltusi</strong></span> <span class='ocrx_word' id='word_1_29' title='bbox 810 564 1161 637; x_wconf 73' lang='lat' dir='ltr'><strong>przrstautius</strong></span> <span class='ocrx_word' id='word_1_30' title='bbox 1181 562 1357 616; x_wconf 85' lang='lat' dir='ltr'><strong>visum</strong></span> <span class='ocrx_word' id='word_1_31' title='bbox 1379 561 1504 624; x_wconf 81' lang='lat' dir='ltr'><strong>fuit,</strong></span> <span class='ocrx_word' id='word_1_32' title='bbox 1527 560 1703 615; x_wconf 75' lang='lat' dir='ltr'><strong>iactus</strong></span> <span class='ocrx_word' id='word_1_33' title='bbox 1725 558 1810 614; x_wconf 90' lang='lat' dir='ltr'><strong>sui</strong></span> <span class='ocrx_word' id='word_1_34' title='bbox 1830 557 2002 626; x_wconf 80' lang='lat' dir='ltr'><strong>ipsius</strong></span> 
     </span>
    </p>
   </div>
   <div class='ocr_carea' id='block_1_8' title="bbox 416 653 2000 728">
    <p class='ocr_par' dir='ltr' id='par_1_8' title="bbox 416 653 2000 728">
     <span class='ocr_line' id='line_1_8' title="bbox 416 653 2000 728; baseline -0.006 -13"><span class='ocrx_word' id='word_1_35' title='bbox 416 660 714 726; x_wconf 81' lang='lat' dir='ltr'><strong>homicida,</strong></span> <span class='ocrx_word' id='word_1_36' title='bbox 766 658 1069 728; x_wconf 87' lang='lat' dir='ltr'><strong>suspendio</strong></span> <span class='ocrx_word' id='word_1_37' title='bbox 1117 658 1281 711; x_wconf 85' lang='lat' dir='ltr'><strong>vitam</strong></span> <span class='ocrx_word' id='word_1_38' title='bbox 1327 654 1485 709; x_wconf 85' lang='lat' dir='ltr'><strong>ﬁniit.</strong></span> <span class='ocrx_word' id='word_1_39' title='bbox 1541 653 1767 708; x_wconf 90' lang='lat' dir='ltr'><strong>Divinus</strong></span> <span class='ocrx_word' id='word_1_40' title='bbox 1817 661 2000 706; x_wconf 85' lang='lat' dir='ltr'><strong>autem</strong></span> 
     </span>
    </p>
   </div>
   <div class='ocr_carea' id='block_1_9' title="bbox 417 741 2003 813">
    <p class='ocr_par' dir='ltr' id='par_1_9' title="bbox 417 741 2003 813">
     <span class='ocr_line' id='line_1_9' title="bbox 417 741 2003 813; baseline -0.007 -7"><span class='ocrx_word' id='word_1_41' title='bbox 417 751 606 813; x_wconf 82' lang='lat' dir='ltr'><strong>David,</strong></span> <span class='ocrx_word' id='word_1_42' title='bbox 638 766 765 806; x_wconf 92' lang='lat' dir='ltr'><strong>cum</strong></span> <span class='ocrx_word' id='word_1_43' title='bbox 807 766 870 804; x_wconf 81' lang='lat' dir='ltr'><strong>ex</strong></span> <span class='ocrx_word' id='word_1_44' title='bbox 909 747 1215 803; x_wconf 80' lang='lat' dir='ltr'><strong>invasionis</strong></span> <span class='ocrx_word' id='word_1_45' title='bbox 1243 746 1507 800; x_wconf 80' lang='lat' dir='ltr'><strong>dilatione</strong></span> <span class='ocrx_word' id='word_1_46' title='bbox 1541 743 1887 799; x_wconf 79' lang='lat' dir='ltr'><strong>occasionem</strong></span> <span class='ocrx_word' id='word_1_47' title='bbox 1918 741 2003 796; x_wconf 83' lang='lat' dir='ltr'><strong>fu-</strong></span> 
     </span>
    </p>
   </div>
   <div class='ocr_carea' id='block_1_10' title="bbox 413 835 2002 915">
    <p class='ocr_par' dir='ltr' id='par_1_10' title="bbox 413 835 2002 915">
     <span class='ocr_line' id='line_1_10' title="bbox 413 835 2002 915; baseline -0.005 -18"><span class='ocrx_word' id='word_1_48' title='bbox 413 844 596 915; x_wconf 82' lang='lat' dir='ltr'><strong>giendi</strong></span> <span class='ocrx_word' id='word_1_49' title='bbox 645 843 989 909; x_wconf 81' lang='lat' dir='ltr'><strong>arripuisset,</strong></span> <span class='ocrx_word' id='word_1_50' title='bbox 1026 840 1219 896; x_wconf 87' lang='lat' dir='ltr'><strong>salutis</strong></span> <span class='ocrx_word' id='word_1_51' title='bbox 1248 853 1474 907; x_wconf 87' lang='lat' dir='ltr'><strong>compos</strong></span> <span class='ocrx_word' id='word_1_52' title='bbox 1498 836 1620 891; x_wconf 84' lang='lat' dir='ltr'><strong>fuit.</strong></span> <span class='ocrx_word' id='word_1_53' title='bbox 1648 835 1807 890; x_wconf 85' lang='lat' dir='ltr'><strong>Hunc</strong></span> <span class='ocrx_word' id='word_1_54' title='bbox 1838 836 2002 905; x_wconf 82' lang='lat' dir='ltr'><strong>igitur</strong></span> 
     </span>
    </p>
   </div>
   <div class='ocr_carea' id='block_1_11' title="bbox 408 929 2004 1007">
    <p class='ocr_par' dir='ltr' id='par_1_11' title="bbox 408 929 2004 1007">
     <span class='ocr_line' id='line_1_11' title="bbox 408 929 2004 1007; baseline -0.008 -14"><span class='ocrx_word' id='word_1_55' title='bbox 408 938 708 1007; x_wconf 81' lang='lat' dir='ltr'><strong>psalmum,</strong></span> <span class='ocrx_word' id='word_1_56' title='bbox 737 935 901 991; x_wconf 83' lang='lat' dir='ltr'><strong>veluti</strong></span> <span class='ocrx_word' id='word_1_57' title='bbox 930 936 1221 1005; x_wconf 80' lang='lat' dir='ltr'><strong>quemdam</strong></span> <span class='ocrx_word' id='word_1_58' title='bbox 1245 931 1507 1001; x_wconf 83' lang='lat' dir='ltr'><strong>hymnum</strong></span> <span class='ocrx_word' id='word_1_59' title='bbox 1534 929 2004 1000; x_wconf 81' lang='lat' dir='ltr'><strong>deprecationem-</strong></span> 
     </span>
    </p>
   </div>
   <div class='ocr_carea' id='block_1_12' title="bbox 410 1022 1997 1099">
    <p class='ocr_par' dir='ltr' id='par_1_12' title="bbox 410 1022 1997 1099">
     <span class='ocr_line' id='line_1_12' title="bbox 410 1022 1997 1099; baseline -0.006 -17"><span class='ocrx_word' id='word_1_60' title='bbox 410 1045 541 1099; x_wconf 80' lang='lat' dir='ltr'><strong>que,</strong></span> <span class='ocrx_word' id='word_1_61' title='bbox 597 1027 706 1084; x_wconf 88' lang='lat' dir='ltr'><strong>Deo</strong></span> <span class='ocrx_word' id='word_1_62' title='bbox 764 1027 1021 1083; x_wconf 86' lang='lat' dir='ltr'><strong>salvatori</strong></span> <span class='ocrx_word' id='word_1_63' title='bbox 1046 1025 1219 1080; x_wconf 78' lang='lat' dir='ltr'><strong>oﬂ&#39;ert.</strong></span> <span class='ocrx_word' id='word_1_64' title='bbox 1268 1022 1579 1078; x_wconf 87' lang='lat' dir='ltr'><strong>Doetriuam</strong></span> <span class='ocrx_word' id='word_1_65' title='bbox 1616 1027 1808 1077; x_wconf 87' lang='lat' dir='ltr'><strong>autem</strong></span> <span class='ocrx_word' id='word_1_66' title='bbox 1833 1022 1997 1076; x_wconf 84' lang='lat' dir='ltr'><strong>etiam</strong></span> 
     </span>
    </p>
   </div>
   <div class='ocr_carea' id='block_1_13' title="bbox 412 1114 2001 1194">
    <p class='ocr_par' dir='ltr' id='par_1_13' title="bbox 412 1114 2001 1194">
     <span class='ocr_line' id='line_1_13' title="bbox 412 1114 2001 1194; baseline -0.007 -17"><span class='ocrx_word' id='word_1_67' title='bbox 412 1123 583 1185; x_wconf 88' lang='lat' dir='ltr'><strong>addit,</strong></span> <span class='ocrx_word' id='word_1_68' title='bbox 615 1120 778 1194; x_wconf 67' lang='grc'><strong>645</strong></span> <span class='ocrx_word' id='word_1_69' title='bbox 821 1135 914 1175; x_wconf 86' lang='lat' dir='ltr'><strong>eos</strong></span> <span class='ocrx_word' id='word_1_70' title='bbox 952 1119 1276 1182; x_wconf 84' lang='lat' dir='ltr'><strong>adhortans,</strong></span> <span class='ocrx_word' id='word_1_71' title='bbox 1303 1116 1397 1188; x_wconf 86' lang='lat' dir='ltr'><strong>qui</strong></span> <span class='ocrx_word' id='word_1_72' title='bbox 1431 1132 1461 1170; x_wconf 90' lang='lat' dir='ltr'><strong>a</strong></span> <span class='ocrx_word' id='word_1_73' title='bbox 1497 1115 1821 1185; x_wconf 88' lang='lat' dir='ltr'><strong>quibusdam</strong></span> <span class='ocrx_word' id='word_1_74' title='bbox 1855 1114 2001 1184; x_wconf 88' lang='lat' dir='ltr'><strong>inju-</strong></span> 
     </span>
    </p>
   </div>
   <div class='ocr_carea' id='block_1_14' title="bbox 406 1208 1998 1280">
    <p class='ocr_par' dir='ltr' id='par_1_14' title="bbox 406 1208 1998 1280">
     <span class='ocr_line' id='line_1_14' title="bbox 406 1208 1998 1280; baseline -0.003 -13"><span class='ocrx_word' id='word_1_75' title='bbox 406 1217 494 1269; x_wconf 83' lang='lat' dir='ltr'><strong>ria</strong></span> <span class='ocrx_word' id='word_1_76' title='bbox 522 1225 645 1270; x_wconf 88' lang='lat' dir='ltr'><strong>sunt</strong></span> <span class='ocrx_word' id='word_1_77' title='bbox 677 1212 879 1275; x_wconf 75' lang='lat' dir='ltr'><strong>allecti,</strong></span> <span class='ocrx_word' id='word_1_78' title='bbox 922 1219 984 1265; x_wconf 89' lang='lat' dir='ltr'><strong>ut</strong></span> <span class='ocrx_word' id='word_1_79' title='bbox 1023 1224 1176 1280; x_wconf 87' lang='lat' dir='ltr'><strong>spem</strong></span> <span class='ocrx_word' id='word_1_80' title='bbox 1216 1210 1270 1262; x_wconf 93' lang='lat' dir='ltr'><strong>in</strong></span> <span class='ocrx_word' id='word_1_81' title='bbox 1301 1208 1414 1264; x_wconf 89' lang='lat' dir='ltr'><strong>Deo</strong></span> <span class='ocrx_word' id='word_1_82' title='bbox 1443 1209 1736 1274; x_wconf 87' lang='lat' dir='ltr'><strong>collocent,</strong></span> <span class='ocrx_word' id='word_1_83' title='bbox 1773 1217 1825 1262; x_wconf 87' lang='lat' dir='ltr'><strong>et</strong></span> <span class='ocrx_word' id='word_1_84' title='bbox 1849 1209 1998 1263; x_wconf 91' lang='lat' dir='ltr'><strong>illinc</strong></span> 
     </span>
    </p>
   </div>
   <div class='ocr_carea' id='block_1_15' title="bbox 410 1300 1994 1376">
    <p class='ocr_par' dir='ltr' id='par_1_15' title="bbox 410 1300 1994 1376">
     <span class='ocr_line' id='line_1_15' title="bbox 410 1300 1994 1376; baseline -0.004 -15"><span class='ocrx_word' id='word_1_85' title='bbox 410 1322 568 1376; x_wconf 88' lang='lat' dir='ltr'><strong>opem</strong></span> <span class='ocrx_word' id='word_1_86' title='bbox 609 1312 964 1374; x_wconf 78' lang='lat' dir='ltr'><strong>exspectent:</strong></span> <span class='ocrx_word' id='word_1_87' title='bbox 991 1316 1085 1357; x_wconf 85' lang='lat' dir='ltr'><strong>eos</strong></span> <span class='ocrx_word' id='word_1_88' title='bbox 1118 1311 1300 1355; x_wconf 87' lang='lat' dir='ltr'><strong>autem</strong></span> <span class='ocrx_word' id='word_1_89' title='bbox 1331 1301 1424 1371; x_wconf 88' lang='lat' dir='ltr'><strong>qui</strong></span> <span class='ocrx_word' id='word_1_90' title='bbox 1448 1300 1705 1370; x_wconf 83' lang='lat' dir='ltr'><strong>injuriam</strong></span> <span class='ocrx_word' id='word_1_91' title='bbox 1732 1300 1994 1369; x_wconf 75' lang='lat' dir='ltr'><strong>inferunt,</strong></span> 
     </span>
    </p>
   </div>
   <div class='ocr_carea' id='block_1_16' title="bbox 399 1391 1606 1466">
    <p class='ocr_par' dir='ltr' id='par_1_16' title="bbox 399 1391 1606 1466">
     <span class='ocr_line' id='line_1_16' title="bbox 399 1391 1606 1466; baseline -0.005 -16"><span class='ocrx_word' id='word_1_92' title='bbox 399 1398 553 1452; x_wconf 79' lang='lat' dir='ltr'><strong>J&#39;acta</strong></span> <span class='ocrx_word' id='word_1_93' title='bbox 576 1393 770 1466; x_wconf 89' lang='lat' dir='ltr'><strong>judicii</strong></span> <span class='ocrx_word' id='word_1_94' title='bbox 796 1392 968 1449; x_wconf 87' lang='lat' dir='ltr'><strong>divini</strong></span> <span class='ocrx_word' id='word_1_95' title='bbox 1001 1393 1279 1447; x_wconf 86' lang='lat' dir='ltr'><strong>mentione</strong></span> <span class='ocrx_word' id='word_1_96' title='bbox 1303 1391 1606 1447; x_wconf 88' lang='lat' dir='ltr'><strong>deterrens.</strong></span> 
     </span>
    </p>
   </div>
   <div class='ocr_carea' id='block_1_17' title="bbox 479 1570 2085 1643">
    <p class='ocr_par' dir='ltr' id='par_1_17' title="bbox 479 1570 2085 1643">
     <span class='ocr_line' id='line_1_17' title="bbox 479 1570 2085 1643; baseline 0.003 -19"><span class='ocrx_word' id='word_1_97' title='bbox 479 1571 722 1637; x_wconf 60' lang='lat'><strong>“5115.2,</strong></span> <span class='ocrx_word' id='word_1_98' title='bbox 757 1573 812 1628; x_wconf 82' lang='lat'><strong>5.</strong></span> <span class='ocrx_word' id='word_1_99' title='bbox 855 1591 874 1625; x_wconf 79' lang='grc' dir='ltr'><strong>ι</strong></span> <span class='ocrx_word' id='word_1_100' title='bbox 907 1570 1134 1627; x_wconf 89' lang='lat' dir='ltr'><strong>Domine</strong></span> <span class='ocrx_word' id='word_1_101' title='bbox 1187 1571 1333 1628; x_wconf 87' lang='lat' dir='ltr'><strong>Deus</strong></span> <span class='ocrx_word' id='word_1_102' title='bbox 1359 1572 1454 1638; x_wconf 90' lang='lat' dir='ltr'><strong>mi,</strong></span> <span class='ocrx_word' id='word_1_103' title='bbox 1488 1572 1543 1626; x_wconf 86' lang='lat' dir='ltr'><strong>in</strong></span> <span class='ocrx_word' id='word_1_104' title='bbox 1576 1582 1628 1628; x_wconf 89' lang='lat' dir='ltr'><strong>te</strong></span> <span class='ocrx_word' id='word_1_105' title='bbox 1660 1573 1895 1643; x_wconf 80' lang='lat' dir='ltr'><strong>speravi,</strong></span> <span class='ocrx_word' id='word_1_106' title='bbox 1931 1574 1996 1627; x_wconf 90' lang='lat' dir='ltr'><strong>li-</strong></span> <span class='ocrx_word' id='word_1_107' title='bbox 2080 1622 2085 1629; x_wconf 93' lang='lat'><strong>.</strong></span> 
     </span>
    </p>
   </div>
   <div class='ocr_carea' id='block_1_18' title="bbox 2110 462 3701 540">
    <p class='ocr_par' dir='ltr' id='par_1_18' title="bbox 2110 462 3701 540">
     <span class='ocr_line' id='line_1_18' title="bbox 2110 462 3701 540; baseline 0.004 -24"><span class='ocrx_word' id='word_1_108' title='bbox 2110 462 2463 533; x_wconf 82' lang='grc' dir='ltr'>στρατεῦσαι.</span> <span class='ocrx_word' id='word_1_109' title='bbox 2521 462 2830 534; x_wconf 78' lang='grc' dir='ltr'>Ἀχθεσθεὶς</span> <span class='ocrx_word' id='word_1_110' title='bbox 2875 463 3059 518; x_wconf 77' lang='grc' dir='ltr'>τοίνυν</span> <span class='ocrx_word' id='word_1_111' title='bbox 3108 467 3203 519; x_wconf 74' lang='grc' dir='ltr'>καὶ</span> <span class='ocrx_word' id='word_1_112' title='bbox 3248 464 3370 519; x_wconf 86' lang='grc' dir='ltr'>λίαν</span> <span class='ocrx_word' id='word_1_113' title='bbox 3419 468 3701 540; x_wconf 76' lang='grc' dir='ltr'>ἀδημονή-</span> 
     </span>
    </p>
   </div>
   <div class='ocr_carea' id='block_1_19' title="bbox 2107 555 3700 636">
    <p class='ocr_par' dir='ltr' id='par_1_19' title="bbox 2107 555 3700 636">
     <span class='ocr_line' id='line_1_19' title="bbox 2107 555 3700 636; baseline 0.004 -28"><span class='ocrx_word' id='word_1_114' title='bbox 2107 571 2208 619; x_wconf 89' lang='grc' dir='ltr'>σας</span> <span class='ocrx_word' id='word_1_115' title='bbox 2244 557 2273 609; x_wconf 87' lang='grc' dir='ltr'>ὁ</span> <span class='ocrx_word' id='word_1_116' title='bbox 2323 555 2630 626; x_wconf 61' lang='grc' dir='ltr'>Ἀχιτόφελ,</span> <span class='ocrx_word' id='word_1_117' title='bbox 2660 555 2736 619; x_wconf 81' lang='grc' dir='ltr'>ὡς</span> <span class='ocrx_word' id='word_1_118' title='bbox 2778 556 3151 636; x_wconf 71' lang='grc' dir='ltr'><strong>αἱρετωτέρας</strong></span> <span class='ocrx_word' id='word_1_119' title='bbox 3182 557 3446 629; x_wconf 72' lang='grc' dir='ltr'>ὀφθείσης</span> <span class='ocrx_word' id='word_1_120' title='bbox 3475 562 3577 632; x_wconf 76' lang='grc' dir='ltr'>τῆς</span> <span class='ocrx_word' id='word_1_121' title='bbox 3604 561 3700 615; x_wconf 75' lang='grc' dir='ltr'>τοῦ</span> 
     </span>
    </p>
   </div>
   <div class='ocr_carea' id='block_1_20' title="bbox 2104 645 3697 724">
    <p class='ocr_par' dir='ltr' id='par_1_20' title="bbox 2104 645 3697 724">
     <span class='ocr_line' id='line_1_20' title="bbox 2104 645 3697 724; baseline 0.003 -24"><span class='ocrx_word' id='word_1_122' title='bbox 2104 645 2279 701; x_wconf 75' lang='grc' dir='ltr'>Χουσὶ</span> <span class='ocrx_word' id='word_1_123' title='bbox 2306 646 2641 717; x_wconf 81' lang='grc' dir='ltr'>συμϐουλῆς,</span> <span class='ocrx_word' id='word_1_124' title='bbox 2678 647 2939 719; x_wconf 75' lang='grc' dir='ltr'><strong>αὐτόχειρ</strong></span> <span class='ocrx_word' id='word_1_125' title='bbox 2962 649 3127 712; x_wconf 78' lang='grc' dir='ltr'>αὐτὸς</span> <span class='ocrx_word' id='word_1_126' title='bbox 3149 650 3195 681; x_wconf 75' lang='grc'><strong>⁵⁸</strong></span> <span class='ocrx_word' id='word_1_127' title='bbox 3230 651 3553 722; x_wconf 85' lang='grc' dir='ltr'>γενόμενος,</span> <span class='ocrx_word' id='word_1_128' title='bbox 3595 653 3697 724; x_wconf 77' lang='grc' dir='ltr'><strong>τὴν</strong></span> 
     </span>
    </p>
   </div>
   <div class='ocr_carea' id='block_1_21' title="bbox 2103 732 3702 813">
    <p class='ocr_par' dir='ltr' id='par_1_21' title="bbox 2103 732 3702 813">
     <span class='ocr_line' id='line_1_21' title="bbox 2103 732 3702 813; baseline 0.005 -21"><span class='ocrx_word' id='word_1_129' title='bbox 2103 738 2173 792; x_wconf 87' lang='grc' dir='ltr'>δι’</span> <span class='ocrx_word' id='word_1_130' title='bbox 2205 740 2447 811; x_wconf 82' lang='grc' dir='ltr'><strong>ἀγχόνης</strong></span> <span class='ocrx_word' id='word_1_131' title='bbox 2480 739 2700 806; x_wconf 78' lang='grc' dir='ltr'><strong>ἐδέξατο</strong></span> <span class='ocrx_word' id='word_1_132' title='bbox 2742 732 3026 813; x_wconf 85' lang='grc' dir='ltr'>τελευτήν.</span> <span class='ocrx_word' id='word_1_133' title='bbox 3077 741 3135 795; x_wconf 85' lang='grc' dir='ltr'>Ὀ</span> <span class='ocrx_word' id='word_1_134' title='bbox 3165 742 3224 797; x_wconf 85' lang='grc' dir='ltr'><strong>δέ</strong></span> <span class='ocrx_word' id='word_1_135' title='bbox 3254 760 3318 808; x_wconf 89' lang='grc' dir='ltr'><strong>γε</strong></span> <span class='ocrx_word' id='word_1_136' title='bbox 3351 744 3499 808; x_wconf 78' lang='grc' dir='ltr'>θεῖος</span> <span class='ocrx_word' id='word_1_137' title='bbox 3530 747 3702 801; x_wconf 70' lang='grc' dir='ltr'>Δασιδ</span> 
     </span>
    </p>
   </div>
   <div class='ocr_carea' id='block_1_22' title="bbox 2101 831 3697 907">
    <p class='ocr_par' dir='ltr' id='par_1_22' title="bbox 2101 831 3697 907">
     <span class='ocr_line' id='line_1_22' title="bbox 2101 831 3697 907; baseline 0.005 -23"><span class='ocrx_word' id='word_1_138' title='bbox 2101 832 2202 902; x_wconf 83' lang='grc' dir='ltr'>τῆς</span> <span class='ocrx_word' id='word_1_139' title='bbox 2234 831 2428 901; x_wconf 82' lang='grc' dir='ltr'>ἐφόδου</span> <span class='ocrx_word' id='word_1_140' title='bbox 2461 831 2560 904; x_wconf 81' lang='grc' dir='ltr'><strong>τὴν</strong></span> <span class='ocrx_word' id='word_1_141' title='bbox 2601 831 2875 904; x_wconf 79' lang='grc' dir='ltr'>ἀναϐολὴν</span> <span class='ocrx_word' id='word_1_142' title='bbox 2912 832 3109 904; x_wconf 84' lang='grc' dir='ltr'>καιρὸν</span> <span class='ocrx_word' id='word_1_143' title='bbox 3139 834 3224 898; x_wconf 86' lang='grc' dir='ltr'><strong>είς</strong></span> <span class='ocrx_word' id='word_1_144' title='bbox 3270 838 3452 907; x_wconf 79' lang='grc' dir='ltr'>φυγὴν</span> <span class='ocrx_word' id='word_1_145' title='bbox 3492 835 3697 905; x_wconf 79' lang='grc' dir='ltr'>λαϐὼν,</span> 
     </span>
    </p>
   </div>
   <div class='ocr_carea' id='block_1_23' title="bbox 2100 923 3697 1002">
    <p class='ocr_par' dir='ltr' id='par_1_23' title="bbox 2100 923 3697 1002">
     <span class='ocr_line' id='line_1_23' title="bbox 2100 923 3697 1002; baseline 0.006 -27"><span class='ocrx_word' id='word_1_146' title='bbox 2100 923 2209 993; x_wconf 81' lang='grc' dir='ltr'>τῆς</span> <span class='ocrx_word' id='word_1_147' title='bbox 2229 925 2506 996; x_wconf 84' lang='grc' dir='ltr'>σωτηρίας</span> <span class='ocrx_word' id='word_1_148' title='bbox 2543 924 2735 995; x_wconf 87' lang='grc' dir='ltr'>ἐτυχε·</span> <span class='ocrx_word' id='word_1_149' title='bbox 2769 923 2961 979; x_wconf 84' lang='grc' dir='ltr'>τοῦτον</span> <span class='ocrx_word' id='word_1_150' title='bbox 2998 927 3294 998; x_wconf 78' lang='grc' dir='ltr'>τοιγαροῦν</span> <span class='ocrx_word' id='word_1_151' title='bbox 3339 929 3433 983; x_wconf 80' lang='grc' dir='ltr'><strong>τὸν</strong></span> <span class='ocrx_word' id='word_1_152' title='bbox 3457 929 3697 1002; x_wconf 74' lang='grc' dir='ltr'>ψαλμὸν,</span> 
     </span>
    </p>
   </div>
   <div class='ocr_carea' id='block_1_24' title="bbox 2101 1006 3699 1092">
    <p class='ocr_par' dir='ltr' id='par_1_24' title="bbox 2101 1006 3699 1092">
     <span class='ocr_line' id='line_1_24' title="bbox 2101 1006 3699 1092; baseline 0.006 -27"><span class='ocrx_word' id='word_1_153' title='bbox 2101 1006 2214 1066; x_wconf 78' lang='grc' dir='ltr'>οἷόν</span> <span class='ocrx_word' id='word_1_154' title='bbox 2248 1030 2371 1067; x_wconf 88' lang='grc' dir='ltr'>τινα</span> <span class='ocrx_word' id='word_1_155' title='bbox 2400 1013 2572 1086; x_wconf 80' lang='grc' dir='ltr'>ὕμνον</span> <span class='ocrx_word' id='word_1_156' title='bbox 2611 1015 2707 1069; x_wconf 74' lang='grc' dir='ltr'>καὶ</span> <span class='ocrx_word' id='word_1_157' title='bbox 2735 1015 3069 1087; x_wconf 77' lang='grc' dir='ltr'>προσευχὴν,</span> <span class='ocrx_word' id='word_1_158' title='bbox 3100 1017 3177 1089; x_wconf 86' lang='grc' dir='ltr'>τῷ</span> <span class='ocrx_word' id='word_1_159' title='bbox 3212 1020 3421 1092; x_wconf 84' lang='grc' dir='ltr'>σωτῆρι</span> <span class='ocrx_word' id='word_1_160' title='bbox 3452 1022 3699 1092; x_wconf 72' lang='grc' dir='ltr'>προστρέ-</span> 
     </span>
    </p>
   </div>
   <div class='ocr_carea' id='block_1_25' title="bbox 2103 1108 3698 1187">
    <p class='ocr_par' dir='ltr' id='par_1_25' title="bbox 2103 1108 3698 1187">
     <span class='ocr_line' id='line_1_25' title="bbox 2103 1108 3698 1187; baseline 0.006 -26"><span class='ocrx_word' id='word_1_161' title='bbox 2103 1125 2188 1179; x_wconf 91' lang='grc' dir='ltr'><strong>ρει</strong></span> <span class='ocrx_word' id='word_1_162' title='bbox 2216 1108 2337 1180; x_wconf 81' lang='grc' dir='ltr'><strong>Θεῷ</strong></span> <span class='ocrx_word' id='word_1_163' title='bbox 2361 1123 2376 1139; x_wconf 78' lang='grc' dir='ltr'><strong><em>ο</em></strong></span> <span class='ocrx_word' id='word_1_164' title='bbox 2426 1108 2759 1179; x_wconf 85' lang='grc' dir='ltr'>προστίθησι</span> <span class='ocrx_word' id='word_1_165' title='bbox 2791 1108 2847 1162; x_wconf 80' lang='grc' dir='ltr'><strong>δὲ</strong></span> <span class='ocrx_word' id='word_1_166' title='bbox 2888 1110 2985 1162; x_wconf 81' lang='grc' dir='ltr'><strong>καὶ</strong></span> <span class='ocrx_word' id='word_1_167' title='bbox 3018 1110 3396 1175; x_wconf 78' lang='grc' dir='ltr'><strong>διδασκαλίαν,</strong></span> <span class='ocrx_word' id='word_1_168' title='bbox 3428 1115 3555 1178; x_wconf 81' lang='grc' dir='ltr'>τοὺς</span> <span class='ocrx_word' id='word_1_169' title='bbox 3598 1116 3698 1187; x_wconf 81' lang='grc' dir='ltr'>μὲν</span> 
     </span>
    </p>
   </div>
   <div class='ocr_carea' id='block_1_26' title="bbox 2102 1202 3695 1275">
    <p class='ocr_par' dir='ltr' id='par_1_26' title="bbox 2102 1202 3695 1275">
     <span class='ocr_line' id='line_1_26' title="bbox 2102 1202 3695 1275; baseline 0.004 -19"><span class='ocrx_word' id='word_1_170' title='bbox 2102 1204 2210 1256; x_wconf 83' lang='grc' dir='ltr'>ὑπό</span> <span class='ocrx_word' id='word_1_171' title='bbox 2236 1219 2399 1256; x_wconf 87' lang='grc' dir='ltr'>τινων</span> <span class='ocrx_word' id='word_1_172' title='bbox 2429 1203 2825 1273; x_wconf 81' lang='grc' dir='ltr'>ἀδικουμένους</span> <span class='ocrx_word' id='word_1_173' title='bbox 2845 1204 2925 1265; x_wconf 79' lang='grc' dir='ltr'>εἰς</span> <span class='ocrx_word' id='word_1_174' title='bbox 2950 1202 3043 1256; x_wconf 82' lang='grc' dir='ltr'><strong>τὸν</strong></span> <span class='ocrx_word' id='word_1_175' title='bbox 3069 1203 3201 1259; x_wconf 84' lang='grc' dir='ltr'>Θεὸν</span> <span class='ocrx_word' id='word_1_176' title='bbox 3228 1204 3377 1275; x_wconf 79' lang='grc' dir='ltr'>ἔχειν</span> <span class='ocrx_word' id='word_1_177' title='bbox 3409 1208 3510 1271; x_wconf 76' lang='grc' dir='ltr'><strong>τάς</strong></span> <span class='ocrx_word' id='word_1_178' title='bbox 3537 1208 3695 1263; x_wconf 81' lang='grc' dir='ltr'>ἐλπί-</span> 
     </span>
    </p>
   </div>
   <div class='ocr_carea' id='block_1_27' title="bbox 2099 1294 3692 1369">
    <p class='ocr_par' dir='ltr' id='par_1_27' title="bbox 2099 1294 3692 1369">
     <span class='ocr_line' id='line_1_27' title="bbox 2099 1294 3692 1369; baseline 0.002 -23"><span class='ocrx_word' id='word_1_179' title='bbox 2099 1294 2197 1357; x_wconf 83' lang='grc' dir='ltr'><strong>δας</strong></span> <span class='ocrx_word' id='word_1_180' title='bbox 2226 1294 2580 1365; x_wconf 81' lang='grc' dir='ltr'><strong>προτρέπων,</strong></span> <span class='ocrx_word' id='word_1_181' title='bbox 2626 1294 2723 1347; x_wconf 74' lang='grc' dir='ltr'><strong>καὶ</strong></span> <span class='ocrx_word' id='word_1_182' title='bbox 2760 1294 2863 1364; x_wconf 83' lang='grc' dir='ltr'>τὴν</span> <span class='ocrx_word' id='word_1_183' title='bbox 2918 1294 3131 1347; x_wconf 73' lang='grc' dir='ltr'>ἐκεῖθεν</span> <span class='ocrx_word' id='word_1_184' title='bbox 3172 1296 3467 1366; x_wconf 84' lang='grc' dir='ltr'>ἀναμένειν</span> <span class='ocrx_word' id='word_1_185' title='bbox 3496 1299 3692 1369; x_wconf 74' lang='grc' dir='ltr'>ῥοπὴν,</span> 
     </span>
    </p>
   </div>
   <div class='ocr_carea' id='block_1_28' title="bbox 2098 1386 3687 1460">
    <p class='ocr_par' dir='ltr' id='par_1_28' title="bbox 2098 1386 3687 1460">
     <span class='ocr_line' id='line_1_28' title="bbox 2098 1386 3687 1460; baseline 0.004 -22"><span class='ocrx_word' id='word_1_186' title='bbox 2098 1387 2226 1450; x_wconf 81' lang='grc' dir='ltr'>τοὺς</span> <span class='ocrx_word' id='word_1_187' title='bbox 2257 1386 2312 1439; x_wconf 85' lang='grc' dir='ltr'>δὲ</span> <span class='ocrx_word' id='word_1_188' title='bbox 2340 1386 2668 1449; x_wconf 78' lang='grc' dir='ltr'>ἀδικοῦντας</span> <span class='ocrx_word' id='word_1_189' title='bbox 2695 1386 3069 1456; x_wconf 84' lang='grc' dir='ltr'>δεδιττόμενος</span> <span class='ocrx_word' id='word_1_190' title='bbox 3102 1389 3201 1460; x_wconf 76' lang='grc' dir='ltr'>τῆς</span> <span class='ocrx_word' id='word_1_191' title='bbox 3224 1389 3269 1421; x_wconf 77' lang='grc'><strong>⁵³</strong></span> <span class='ocrx_word' id='word_1_192' title='bbox 3318 1389 3410 1443; x_wconf 85' lang='grc' dir='ltr'>τοῦ</span> <span class='ocrx_word' id='word_1_193' title='bbox 3444 1390 3579 1444; x_wconf 82' lang='grc' dir='ltr'>Θεοῦ</span> <span class='ocrx_word' id='word_1_194' title='bbox 3609 1392 3687 1446; x_wconf 88' lang='grc' dir='ltr'>δι-</span> 
     </span>
    </p>
   </div>
   <div class='ocr_carea' id='block_1_29' title="bbox 2099 1478 2763 1550">
    <p class='ocr_par' dir='ltr' id='par_1_29' title="bbox 2099 1478 2763 1550">
     <span class='ocr_line' id='line_1_29' title="bbox 2099 1478 2763 1550; baseline -0.002 -19"><span class='ocrx_word' id='word_1_195' title='bbox 2099 1478 2264 1542; x_wconf 85' lang='grc' dir='ltr'>καίας</span> <span class='ocrx_word' id='word_1_196' title='bbox 2295 1478 2531 1550; x_wconf 76' lang='grc' dir='ltr'>κρίσεως</span> <span class='ocrx_word' id='word_1_197' title='bbox 2554 1478 2763 1549; x_wconf 75' lang='grc' dir='ltr'>μνήμῃ.</span> 
     </span>
    </p>
   </div>
   <div class='ocr_carea' id='block_1_30' title="bbox 2172 1569 3693 1646">
    <p class='ocr_par' dir='ltr' id='par_1_30' title="bbox 2172 1569 3693 1646">
     <span class='ocr_line' id='line_1_30' title="bbox 2172 1569 3693 1646; baseline 0.003 -20"><span class='ocrx_word' id='word_1_198' title='bbox 2172 1569 2239 1640; x_wconf 85' lang='grc' dir='ltr'><strong>β’,</strong></span> <span class='ocrx_word' id='word_1_199' title='bbox 2277 1576 2349 1640; x_wconf 84' lang='grc' dir='ltr'>γ’.</span> <span class='ocrx_word' id='word_1_200' title='bbox 2389 1588 2409 1622; x_wconf 78' lang='grc' dir='ltr'><strong>ι</strong></span> <span class='ocrx_word' id='word_1_201' title='bbox 2449 1570 2647 1641; x_wconf 65' lang='grc' dir='ltr'>Κύριε,</span> <span class='ocrx_word' id='word_1_202' title='bbox 2673 1571 2702 1623; x_wconf 76' lang='grc' dir='ltr'><strong>ὁ</strong></span> <span class='ocrx_word' id='word_1_203' title='bbox 2730 1571 2866 1634; x_wconf 79' lang='grc' dir='ltr'>Θεός</span> <span class='ocrx_word' id='word_1_204' title='bbox 2901 1589 3036 1643; x_wconf 86' lang='grc' dir='ltr'>μου,</span> <span class='ocrx_word' id='word_1_205' title='bbox 3074 1574 3167 1626; x_wconf 79' lang='grc' dir='ltr'>ἐπὶ</span> <span class='ocrx_word' id='word_1_206' title='bbox 3199 1574 3285 1627; x_wconf 75' lang='grc' dir='ltr'><strong>σοὶ</strong></span> <span class='ocrx_word' id='word_1_207' title='bbox 3317 1575 3545 1646; x_wconf 77' lang='grc' dir='ltr'>ἤλπισα,</span> <span class='ocrx_word' id='word_1_208' title='bbox 3580 1578 3693 1630; x_wconf 87' lang='grc' dir='ltr'><strong>σῶ-</strong></span> 
     </span>
    </p>
   </div>
   <div class='ocr_carea' id='block_1_31' title="bbox 390 1660 1996 1740">
    <p class='ocr_par' dir='ltr' id='par_1_31' title="bbox 390 1668 1996 1739">
     <span class='ocr_line' id='line_1_31' title="bbox 390 1668 1996 1739; baseline 0.002 -20"><span class='ocrx_word' id='word_1_209' title='bbox 390 1674 539 1724; x_wconf 77' lang='lat' dir='ltr'><strong>-bera</strong></span> <span class='ocrx_word' id='word_1_210' title='bbox 577 1684 662 1723; x_wconf 90' lang='lat' dir='ltr'><strong>me</strong></span> <span class='ocrx_word' id='word_1_211' title='bbox 697 1669 766 1723; x_wconf 90' lang='lat' dir='ltr'><strong>ab</strong></span> <span class='ocrx_word' id='word_1_212' title='bbox 811 1668 1073 1724; x_wconf 89' lang='lat' dir='ltr'><strong>omnibus</strong></span> <span class='ocrx_word' id='word_1_213' title='bbox 1105 1669 1565 1739; x_wconf 81' lang='lat' dir='ltr'><strong>persequentibus</strong></span> <span class='ocrx_word' id='word_1_214' title='bbox 1616 1684 1722 1734; x_wconf 93' lang='lat' dir='ltr'><strong>me,</strong></span> <span class='ocrx_word' id='word_1_215' title='bbox 1753 1679 1807 1724; x_wconf 91' lang='lat' dir='ltr'><strong>et</strong></span> <span class='ocrx_word' id='word_1_216' title='bbox 1845 1669 1996 1739; x_wconf 86' lang='lat' dir='ltr'><strong>eripe</strong></span> 
     </span>
    </p>
   </div>
   <div class='ocr_carea' id='block_1_32' title="bbox 2097 1660 3690 1740">
    <p class='ocr_par' dir='ltr' id='par_1_32' title="bbox 2101 1660 3690 1740">
     <span class='ocr_line' id='line_1_32' title="bbox 2101 1660 3690 1740; baseline 0.007 -28"><span class='ocrx_word' id='word_1_217' title='bbox 2101 1660 2193 1713; x_wconf 90' lang='grc' dir='ltr'><strong>σόν</strong></span> <span class='ocrx_word' id='word_1_218' title='bbox 2225 1678 2294 1731; x_wconf 89' lang='grc' dir='ltr'><strong>με</strong></span> <span class='ocrx_word' id='word_1_219' title='bbox 2344 1663 2411 1716; x_wconf 85' lang='grc' dir='ltr'><strong>ἐκ</strong></span> <span class='ocrx_word' id='word_1_220' title='bbox 2468 1663 2689 1717; x_wconf 86' lang='grc' dir='ltr'>πάντων</span> <span class='ocrx_word' id='word_1_221' title='bbox 2733 1662 2841 1716; x_wconf 86' lang='grc' dir='ltr'><strong>τῶν</strong></span> <span class='ocrx_word' id='word_1_222' title='bbox 2880 1663 3192 1718; x_wconf 77' lang='grc' dir='ltr'>διωκόντων</span> <span class='ocrx_word' id='word_1_223' title='bbox 3225 1683 3291 1736; x_wconf 87' lang='grc' dir='ltr'><strong>με</strong></span> <span class='ocrx_word' id='word_1_224' title='bbox 3319 1704 3336 1730; x_wconf 87' lang='grc'><strong>,</strong></span> <span class='ocrx_word' id='word_1_225' title='bbox 3395 1668 3490 1722; x_wconf 72' lang='grc' dir='ltr'><strong>καὶ</strong></span> <span class='ocrx_word' id='word_1_226' title='bbox 3526 1669 3690 1740; x_wconf 79' lang='grc' dir='ltr'>ῥῦσαί</span> 
     </span>
    </p>
   </div>
   <div class='ocr_carea' id='block_1_33' title="bbox 405 1744 1996 1832">
    <p class='ocr_par' dir='ltr' id='par_1_33' title="bbox 405 1744 1996 1832">
     <span class='ocr_line' id='line_1_33' title="bbox 405 1744 1996 1832; baseline -0.001 -15"><span class='ocrx_word' id='word_1_227' title='bbox 405 1777 512 1818; x_wconf 81' lang='lat' dir='ltr'><strong>me.</strong></span> <span class='ocrx_word' id='word_1_228' title='bbox 551 1761 628 1816; x_wconf 87' lang='lat' dir='ltr'><strong>Ne</strong></span> <span class='ocrx_word' id='word_1_229' title='bbox 663 1761 839 1832; x_wconf 86' lang='lat' dir='ltr'><strong>rapiat</strong></span> <span class='ocrx_word' id='word_1_230' title='bbox 873 1770 932 1816; x_wconf 91' lang='lat' dir='ltr'><strong>ut</strong></span> <span class='ocrx_word' id='word_1_231' title='bbox 958 1744 1043 1817; x_wconf 83' lang='lat' dir='ltr'><strong>leo</strong></span> <span class='ocrx_word' id='word_1_232' title='bbox 1077 1762 1316 1816; x_wconf 88' lang='lat' dir='ltr'><strong>animam</strong></span> <span class='ocrx_word' id='word_1_233' title='bbox 1353 1776 1554 1824; x_wconf 89' lang='lat' dir='ltr'><strong>meam,</strong></span> <span class='ocrx_word' id='word_1_234' title='bbox 1599 1761 1727 1815; x_wconf 89' lang='lat' dir='ltr'><strong>dum</strong></span> <span class='ocrx_word' id='word_1_235' title='bbox 1763 1777 1872 1815; x_wconf 90' lang='lat' dir='ltr'><strong>non</strong></span> <span class='ocrx_word' id='word_1_236' title='bbox 1911 1770 1996 1816; x_wconf 91' lang='lat' dir='ltr'><strong>est</strong></span> 
     </span>
    </p>
   </div>
   <div class='ocr_carea' id='block_1_34' title="bbox 2097 1744 3689 1832">
    <p class='ocr_par' dir='ltr' id='par_1_34' title="bbox 2103 1753 3689 1831">
     <span class='ocr_line' id='line_1_34' title="bbox 2103 1753 3689 1831; baseline 0.006 -27"><span class='ocrx_word' id='word_1_237' title='bbox 2103 1770 2193 1822; x_wconf 86' lang='grc' dir='ltr'><strong>με.</strong></span> <span class='ocrx_word' id='word_1_238' title='bbox 2250 1753 2484 1826; x_wconf 80' lang='grc' dir='ltr'>Μήποτε</span> <span class='ocrx_word' id='word_1_239' title='bbox 2539 1754 2769 1827; x_wconf 84' lang='grc' dir='ltr'>ἁρπάσῃ</span> <span class='ocrx_word' id='word_1_240' title='bbox 2831 1755 2909 1819; x_wconf 84' lang='grc' dir='ltr'><strong>ὡς</strong></span> <span class='ocrx_word' id='word_1_241' title='bbox 2973 1755 3116 1810; x_wconf 87' lang='grc' dir='ltr'>λέων</span> <span class='ocrx_word' id='word_1_242' title='bbox 3174 1757 3278 1828; x_wconf 71' lang='grc' dir='ltr'>τὴν</span> <span class='ocrx_word' id='word_1_243' title='bbox 3336 1758 3519 1831; x_wconf 77' lang='grc' dir='ltr'>ψυχήν</span> <span class='ocrx_word' id='word_1_244' title='bbox 3560 1777 3689 1831; x_wconf 85' lang='grc' dir='ltr'>μου,</span> 
     </span>
    </p>
   </div>
   <div class='ocr_carea' id='block_1_35' title="bbox 404 1854 1995 1927">
    <p class='ocr_par' dir='ltr' id='par_1_35' title="bbox 404 1854 1995 1927">
     <span class='ocr_line' id='line_1_35' title="bbox 404 1854 1995 1927; baseline 0 -17"><span class='ocrx_word' id='word_1_245' title='bbox 404 1856 499 1926; x_wconf 92' lang='lat' dir='ltr'><strong>qui</strong></span> <span class='ocrx_word' id='word_1_246' title='bbox 540 1857 794 1921; x_wconf 88' lang='lat' dir='ltr'><strong>redimat,</strong></span> <span class='ocrx_word' id='word_1_247' title='bbox 824 1872 1001 1927; x_wconf 85' lang='lat' dir='ltr'><strong>neque</strong></span> <span class='ocrx_word' id='word_1_248' title='bbox 1029 1857 1120 1926; x_wconf 92' lang='lat' dir='ltr'><strong>qui</strong></span> <span class='ocrx_word' id='word_1_249' title='bbox 1152 1857 1365 1912; x_wconf 79' lang='lat' dir='ltr'><strong>salvum</strong></span> <span class='ocrx_word' id='word_1_250' title='bbox 1403 1855 1588 1910; x_wconf 77' lang='lat' dir='ltr'><strong>faciat.</strong></span> <span class='ocrx_word' id='word_1_251' title='bbox 1630 1875 1648 1906; x_wconf 80' lang='grc'><strong>)</strong></span> <span class='ocrx_word' id='word_1_252' title='bbox 1690 1854 1871 1919; x_wconf 87' lang='lat' dir='ltr'><strong>Nullo,</strong></span> <span class='ocrx_word' id='word_1_253' title='bbox 1906 1857 1995 1910; x_wconf 87' lang='lat' dir='ltr'><strong>iu-</strong></span> 
     </span>
    </p>
   </div>
   <div class='ocr_carea' id='block_1_36' title="bbox 398 1948 1993 2020">
    <p class='ocr_par' dir='ltr' id='par_1_36' title="bbox 398 1948 1993 2020">
     <span class='ocr_line' id='line_1_36' title="bbox 398 1948 1993 2020; baseline 0.001 -17"><span class='ocrx_word' id='word_1_254' title='bbox 398 1950 546 2018; x_wconf 82' lang='lat' dir='ltr'><strong>quit,</strong></span> <span class='ocrx_word' id='word_1_255' title='bbox 579 1950 823 2004; x_wconf 88' lang='lat' dir='ltr'><strong>humano</strong></span> <span class='ocrx_word' id='word_1_256' title='bbox 849 1949 1052 2005; x_wconf 82' lang='lat' dir='ltr'><strong>auxilio</strong></span> <span class='ocrx_word' id='word_1_257' title='bbox 1091 1948 1290 2015; x_wconf 80' lang='lat' dir='ltr'><strong>fretus,</strong></span> <span class='ocrx_word' id='word_1_258' title='bbox 1331 1949 1424 2005; x_wconf 90' lang='lat' dir='ltr'><strong>sed</strong></span> <span class='ocrx_word' id='word_1_259' title='bbox 1458 1957 1606 2003; x_wconf 89' lang='lat' dir='ltr'><strong>tuam</strong></span> <span class='ocrx_word' id='word_1_260' title='bbox 1642 1950 1814 2006; x_wconf 91' lang='lat' dir='ltr'><strong>solam</strong></span> <span class='ocrx_word' id='word_1_261' title='bbox 1841 1965 1993 2020; x_wconf 88' lang='lat' dir='ltr'><strong>spem</strong></span> 
     </span>
    </p>
   </div>
   <div class='ocr_carea' id='block_1_37' title="bbox 408 2034 1996 2116">
    <p class='ocr_par' dir='ltr' id='par_1_37' title="bbox 408 2034 1996 2116">
     <span class='ocr_line' id='line_1_37' title="bbox 408 2034 1996 2116; baseline 0.001 -22"><span class='ocrx_word' id='word_1_262' title='bbox 408 2042 463 2095; x_wconf 91' lang='lat' dir='ltr'><strong>in</strong></span> <span class='ocrx_word' id='word_1_263' title='bbox 496 2058 579 2096; x_wconf 83' lang='lat' dir='ltr'><strong>Ine</strong></span> <span class='ocrx_word' id='word_1_264' title='bbox 605 2040 727 2112; x_wconf 91' lang='lat' dir='ltr'><strong>ipso</strong></span> <span class='ocrx_word' id='word_1_265' title='bbox 761 2034 1179 2116; x_wconf 83' lang='lat' dir='ltr'><strong>circumferens,</strong></span> <span class='ocrx_word' id='word_1_266' title='bbox 1214 2057 1408 2112; x_wconf 89' lang='lat' dir='ltr'><strong>precor</strong></span> <span class='ocrx_word' id='word_1_267' title='bbox 1440 2050 1501 2096; x_wconf 92' lang='lat' dir='ltr'><strong>ut</strong></span> <span class='ocrx_word' id='word_1_268' title='bbox 1524 2051 1615 2097; x_wconf 90' lang='lat' dir='ltr'><strong>tua</strong></span> <span class='ocrx_word' id='word_1_269' title='bbox 1638 2041 1791 2096; x_wconf 81' lang='lat' dir='ltr'><strong>fruar</strong></span> <span class='ocrx_word' id='word_1_270' title='bbox 1813 2040 1996 2112; x_wconf 85' lang='lat' dir='ltr'><strong>provi-</strong></span> 
     </span>
    </p>
   </div>
   <div class='ocr_carea' id='block_1_38' title="bbox 392 2130 1992 2203">
    <p class='ocr_par' dir='ltr' id='par_1_38' title="bbox 392 2130 1992 2203">
     <span class='ocr_line' id='line_1_38' title="bbox 392 2130 1992 2203; baseline 0.001 -17"><span class='ocrx_word' id='word_1_271' title='bbox 392 2130 616 2189; x_wconf 67' lang='lat' dir='ltr'><strong>dentia.</strong></span> <span class='ocrx_word' id='word_1_272' title='bbox 648 2131 841 2188; x_wconf 82' lang='lat' dir='ltr'><strong>Timeo</strong></span> <span class='ocrx_word' id='word_1_273' title='bbox 874 2134 1018 2188; x_wconf 89' lang='lat' dir='ltr'><strong>enim</strong></span> <span class='ocrx_word' id='word_1_274' title='bbox 1063 2149 1133 2188; x_wconf 88' lang='lat' dir='ltr'><strong>ne</strong></span> <span class='ocrx_word' id='word_1_275' title='bbox 1170 2149 1321 2190; x_wconf 88' lang='lat' dir='ltr'><strong>more</strong></span> <span class='ocrx_word' id='word_1_276' title='bbox 1365 2134 1595 2203; x_wconf 81' lang='lat' dir='ltr'><strong>agrestis</strong></span> <span class='ocrx_word' id='word_1_277' title='bbox 1631 2133 1778 2198; x_wconf 81' lang='lat' dir='ltr'><strong>ferae,</strong></span> <span class='ocrx_word' id='word_1_278' title='bbox 1821 2134 1856 2188; x_wconf 93' lang='lat' dir='ltr'><strong>ii</strong></span> <span class='ocrx_word' id='word_1_279' title='bbox 1902 2132 1992 2203; x_wconf 91' lang='lat' dir='ltr'><strong>qui</strong></span> 
     </span>
    </p>
   </div>
   <div class='ocr_carea' id='block_1_39' title="bbox 397 2223 1994 2299">
    <p class='ocr_par' dir='ltr' id='par_1_39' title="bbox 397 2223 1994 2299">
     <span class='ocr_line' id='line_1_39' title="bbox 397 2223 1994 2299; baseline 0.003 -21"><span class='ocrx_word' id='word_1_280' title='bbox 397 2223 553 2287; x_wconf 64' lang='lat' dir='ltr'><strong>bello</strong></span> <span class='ocrx_word' id='word_1_281' title='bbox 586 2241 674 2281; x_wconf 90' lang='lat' dir='ltr'><strong>me</strong></span> <span class='ocrx_word' id='word_1_282' title='bbox 702 2228 718 2245; x_wconf 80' lang='lat'><strong><em>‘</em></strong></span> <span class='ocrx_word' id='word_1_283' title='bbox 759 2235 1166 2297; x_wconf 84' lang='lat' dir='ltr'><strong>persequuntur</strong></span> <span class='ocrx_word' id='word_1_284' title='bbox 1199 2229 1526 2299; x_wconf 87' lang='lat' dir='ltr'><strong>irrumpant,</strong></span> <span class='ocrx_word' id='word_1_285' title='bbox 1558 2243 1753 2298; x_wconf 90' lang='lat' dir='ltr'><strong>meque</strong></span> <span class='ocrx_word' id='word_1_286' title='bbox 1776 2237 1865 2282; x_wconf 86' lang='lat' dir='ltr'><strong>tua</strong></span> <span class='ocrx_word' id='word_1_287' title='bbox 1897 2243 1994 2284; x_wconf 89' lang='lat' dir='ltr'><strong>cu-</strong></span> 
     </span>
    </p>
   </div>
   <div class='ocr_carea' id='block_1_40' title="bbox 407 2316 1912 2391">
    <p class='ocr_par' dir='ltr' id='par_1_40' title="bbox 407 2316 1912 2391">
     <span class='ocr_line' id='line_1_40' title="bbox 407 2316 1912 2391; baseline 0.002 -19"><span class='ocrx_word' id='word_1_288' title='bbox 407 2316 584 2373; x_wconf 85' lang='lat' dir='ltr'><strong>stodia</strong></span> <span class='ocrx_word' id='word_1_289' title='bbox 623 2318 946 2374; x_wconf 86' lang='lat' dir='ltr'><strong>destitutum</strong></span> <span class='ocrx_word' id='word_1_290' title='bbox 997 2318 1359 2385; x_wconf 87' lang='lat' dir='ltr'><strong>invenientes,</strong></span> <span class='ocrx_word' id='word_1_291' title='bbox 1410 2319 1629 2391; x_wconf 84' lang='lat' dir='ltr'><strong>penitus</strong></span> <span class='ocrx_word' id='word_1_292' title='bbox 1660 2319 1912 2390; x_wconf 85' lang='lat' dir='ltr'><strong>perdant.</strong></span> 
     </span>
    </p>
   </div>
   <div class='ocr_carea' id='block_1_41' title="bbox 480 2490 1995 2561">
    <p class='ocr_par' dir='ltr' id='par_1_41' title="bbox 480 2490 1995 2561">
     <span class='ocr_line' id='line_1_41' title="bbox 480 2490 1995 2561; baseline 0.004 -15"><span class='ocrx_word' id='word_1_293' title='bbox 480 2490 647 2549; x_wconf 71' lang='lat' dir='ltr'><strong>Vens.</strong></span> <span class='ocrx_word' id='word_1_294' title='bbox 678 2494 764 2549; x_wconf 70' lang='grc'><strong>4.(</strong></span> <span class='ocrx_word' id='word_1_295' title='bbox 790 2494 1021 2552; x_wconf 88' lang='lat' dir='ltr'><strong>Domine</strong></span> <span class='ocrx_word' id='word_1_296' title='bbox 1042 2493 1186 2552; x_wconf 86' lang='lat' dir='ltr'><strong>Deus</strong></span> <span class='ocrx_word' id='word_1_297' title='bbox 1210 2497 1309 2561; x_wconf 91' lang='lat' dir='ltr'><strong>mi,</strong></span> <span class='ocrx_word' id='word_1_298' title='bbox 1345 2496 1391 2553; x_wconf 89' lang='lat' dir='ltr'><strong>si</strong></span> <span class='ocrx_word' id='word_1_299' title='bbox 1421 2497 1526 2552; x_wconf 81' lang='lat' dir='ltr'><strong>feci</strong></span> <span class='ocrx_word' id='word_1_300' title='bbox 1552 2497 1715 2553; x_wconf 91' lang='lat' dir='ltr'><strong>istud.</strong></span> <span class='ocrx_word' id='word_1_301' title='bbox 1744 2515 1762 2547; x_wconf 75' lang='grc' dir='ltr'><strong>ι</strong></span> <span class='ocrx_word' id='word_1_302' title='bbox 1792 2494 1995 2552; x_wconf 86' lang='lat' dir='ltr'><strong>Deinde</strong></span> 
     </span>
    </p>
   </div>
   <div class='ocr_carea' id='block_1_42' title="bbox 408 2585 1992 2659">
    <p class='ocr_par' dir='ltr' id='par_1_42' title="bbox 408 2585 1992 2659">
     <span class='ocr_line' id='line_1_42' title="bbox 408 2585 1992 2659; baseline 0.002 -20"><span class='ocrx_word' id='word_1_303' title='bbox 408 2585 754 2642; x_wconf 51' lang='lat' dir='ltr'><strong>n‘tanifcstius</strong></span> <span class='ocrx_word' id='word_1_304' title='bbox 774 2587 945 2645; x_wconf 80' lang='lat' dir='ltr'><strong>docet</strong></span> <span class='ocrx_word' id='word_1_305' title='bbox 981 2588 1126 2658; x_wconf 89' lang='lat' dir='ltr'><strong>quod</strong></span> <span class='ocrx_word' id='word_1_306' title='bbox 1159 2589 1332 2644; x_wconf 89' lang='lat' dir='ltr'><strong>dicit:</strong></span> <span class='ocrx_word' id='word_1_307' title='bbox 1374 2607 1392 2640; x_wconf 78' lang='grc' dir='ltr'><strong>ι</strong></span> <span class='ocrx_word' id='word_1_308' title='bbox 1432 2589 1489 2644; x_wconf 88' lang='lat' dir='ltr'><strong>Si</strong></span> <span class='ocrx_word' id='word_1_309' title='bbox 1523 2598 1605 2644; x_wconf 88' lang='lat' dir='ltr'><strong>est</strong></span> <span class='ocrx_word' id='word_1_310' title='bbox 1644 2589 1909 2659; x_wconf 84' lang='lat' dir='ltr'><strong>iniquitas</strong></span> <span class='ocrx_word' id='word_1_311' title='bbox 1938 2589 1992 2644; x_wconf 89' lang='lat' dir='ltr'><strong>in</strong></span> 
     </span>
    </p>
   </div>
   <div class='ocr_carea' id='block_1_43' title="bbox 404 2677 1992 2752">
    <p class='ocr_par' dir='ltr' id='par_1_43' title="bbox 404 2677 1992 2752">
     <span class='ocr_line' id='line_1_43' title="bbox 404 2677 1992 2752; baseline 0.003 -22"><span class='ocrx_word' id='word_1_312' title='bbox 404 2677 663 2734; x_wconf 86' lang='lat' dir='ltr'><strong>manibus</strong></span> <span class='ocrx_word' id='word_1_313' title='bbox 710 2678 873 2733; x_wconf 90' lang='lat' dir='ltr'><strong>meis.</strong></span> <span class='ocrx_word' id='word_1_314' title='bbox 909 2697 929 2730; x_wconf 81' lang='grc'>›</span> <span class='ocrx_word' id='word_1_315' title='bbox 987 2678 1054 2734; x_wconf 87' lang='lat' dir='ltr'><strong>Et</strong></span> <span class='ocrx_word' id='word_1_316' title='bbox 1103 2680 1512 2745; x_wconf 88' lang='lat' dir='ltr'><strong>demonstrans,</strong></span> <span class='ocrx_word' id='word_1_317' title='bbox 1559 2696 1725 2750; x_wconf 86' lang='lat' dir='ltr'><strong>quam</strong></span> <span class='ocrx_word' id='word_1_318' title='bbox 1754 2681 1992 2752; x_wconf 87' lang='lat' dir='ltr'><strong>speciem</strong></span> 
     </span>
    </p>
   </div>
   <div class='ocr_carea' id='block_1_44' title="bbox 402 2768 1530 2844">
    <p class='ocr_par' dir='ltr' id='par_1_44' title="bbox 402 2768 1530 2844">
     <span class='ocr_line' id='line_1_44' title="bbox 402 2768 1530 2844; baseline 0.004 -22"><span class='ocrx_word' id='word_1_319' title='bbox 402 2768 692 2841; x_wconf 68' lang='lat' dir='ltr'><strong>injustitite</strong></span> <span class='ocrx_word' id='word_1_320' title='bbox 727 2770 815 2825; x_wconf 89' lang='lat' dir='ltr'><strong>hic</strong></span> <span class='ocrx_word' id='word_1_321' title='bbox 846 2771 1014 2839; x_wconf 89' lang='lat' dir='ltr'><strong>dicat,</strong></span> <span class='ocrx_word' id='word_1_322' title='bbox 1052 2771 1199 2828; x_wconf 87' lang='lat' dir='ltr'><strong>illico</strong></span> <span class='ocrx_word' id='word_1_323' title='bbox 1229 2773 1530 2844; x_wconf 84' lang='lat' dir='ltr'><strong>subjungit.</strong></span> 
     </span>
    </p>
   </div>
   <div class='ocr_carea' id='block_1_45' title="bbox 481 2860 1989 2926">
    <p class='ocr_par' dir='ltr' id='par_1_45' title="bbox 481 2860 1989 2926">
     <span class='ocr_line' id='line_1_45' title="bbox 481 2860 1989 2926; baseline 0.004 -11"><span class='ocrx_word' id='word_1_324' title='bbox 481 2860 644 2918; x_wconf 74' lang='lat' dir='ltr'><strong>Vens.</strong></span> <span class='ocrx_word' id='word_1_325' title='bbox 701 2861 756 2926; x_wconf 82' lang='grc'>5,</span> <span class='ocrx_word' id='word_1_326' title='bbox 806 2861 860 2918; x_wconf 89' lang='lat'><strong>6.</strong></span> <span class='ocrx_word' id='word_1_327' title='bbox 915 2881 934 2915; x_wconf 78' lang='grc' dir='ltr'><strong>ι</strong></span> <span class='ocrx_word' id='word_1_328' title='bbox 996 2862 1054 2919; x_wconf 90' lang='lat' dir='ltr'><strong>Si</strong></span> <span class='ocrx_word' id='word_1_329' title='bbox 1107 2863 1316 2919; x_wconf 86' lang='lat' dir='ltr'><strong>reddidi</strong></span> <span class='ocrx_word' id='word_1_330' title='bbox 1368 2864 1802 2923; x_wconf 88' lang='lat' dir='ltr'><strong>retribuentibus</strong></span> <span class='ocrx_word' id='word_1_331' title='bbox 1854 2866 1989 2921; x_wconf 87' lang='lat' dir='ltr'><strong>mihi</strong></span> 
     </span>
    </p>
   </div>
   <div class='ocr_carea' id='block_1_46' title="bbox 404 2951 1990 3020">
    <p class='ocr_par' dir='ltr' id='par_1_46' title="bbox 404 2951 1990 3020">
     <span class='ocr_line' id='line_1_46' title="bbox 404 2951 1990 3020; baseline 0.004 -13"><span class='ocrx_word' id='word_1_332' title='bbox 404 2951 572 3020; x_wconf 87' lang='lat' dir='ltr'><strong>mala,</strong></span> <span class='ocrx_word' id='word_1_333' title='bbox 601 2953 849 3008; x_wconf 76' lang='lat' dir='ltr'><strong>decidant</strong></span> <span class='ocrx_word' id='word_1_334' title='bbox 882 2954 1076 3010; x_wconf 91' lang='lat' dir='ltr'><strong>merito</strong></span> <span class='ocrx_word' id='word_1_335' title='bbox 1099 2957 1168 3010; x_wconf 87' lang='lat' dir='ltr'><strong>ab</strong></span> <span class='ocrx_word' id='word_1_336' title='bbox 1200 2955 1441 3013; x_wconf 90' lang='lat' dir='ltr'><strong>inimicis</strong></span> <span class='ocrx_word' id='word_1_337' title='bbox 1469 2957 1606 3013; x_wconf 86' lang='lat' dir='ltr'><strong>meis</strong></span> <span class='ocrx_word' id='word_1_338' title='bbox 1635 2958 1836 3015; x_wconf 90' lang='lat' dir='ltr'><strong>inanis.</strong></span> <span class='ocrx_word' id='word_1_339' title='bbox 1861 2957 1990 3014; x_wconf 87' lang='lat' dir='ltr'><strong>Per-</strong></span> 
     </span>
    </p>
   </div>
   <div class='ocr_carea' id='block_1_47' title="bbox 404 3045 2057 3147">
    <p class='ocr_par' dir='ltr' id='par_1_47' title="bbox 404 3045 2057 3147">
     <span class='ocr_line' id='line_1_47' title="bbox 404 3045 2057 3147; baseline 0.002 -47"><span class='ocrx_word' id='word_1_340' title='bbox 404 3054 668 3115; x_wconf 81' lang='lat' dir='ltr'><strong>sequatur</strong></span> <span class='ocrx_word' id='word_1_341' title='bbox 688 3045 946 3102; x_wconf 85' lang='lat' dir='ltr'><strong>inimicus</strong></span> <span class='ocrx_word' id='word_1_342' title='bbox 975 3047 1216 3102; x_wconf 90' lang='lat' dir='ltr'><strong>animam</strong></span> <span class='ocrx_word' id='word_1_343' title='bbox 1237 3063 1436 3114; x_wconf 86' lang='lat' dir='ltr'><strong>meam,</strong></span> <span class='ocrx_word' id='word_1_344' title='bbox 1455 3057 1511 3103; x_wconf 90' lang='lat' dir='ltr'><strong>et</strong></span> <span class='ocrx_word' id='word_1_345' title='bbox 1536 3048 1983 3118; x_wconf 86' lang='lat' dir='ltr'><strong>comprehendat,</strong></span> <span class='ocrx_word' id='word_1_346' title='bbox 2015 3089 2057 3147; x_wconf 61' lang='grc' dir='ltr'>Ο</span> 
     </span>
    </p>
   </div>
   <div class='ocr_carea' id='block_1_48' title="bbox 403 3140 1986 3213">
    <p class='ocr_par' dir='ltr' id='par_1_48' title="bbox 403 3140 1986 3213">
     <span class='ocr_line' id='line_1_48' title="bbox 403 3140 1986 3213; baseline 0.004 -20"><span class='ocrx_word' id='word_1_347' title='bbox 403 3150 461 3196; x_wconf 86' lang='lat' dir='ltr'><strong>et</strong></span> <span class='ocrx_word' id='word_1_348' title='bbox 485 3140 784 3198; x_wconf 70' lang='lat' dir='ltr'><strong>conculcet~</strong></span> <span class='ocrx_word' id='word_1_349' title='bbox 800 3143 854 3198; x_wconf 91' lang='lat' dir='ltr'><strong>in</strong></span> <span class='ocrx_word' id='word_1_350' title='bbox 885 3151 1033 3199; x_wconf 90' lang='lat' dir='ltr'><strong>terra</strong></span> <span class='ocrx_word' id='word_1_351' title='bbox 1056 3144 1223 3199; x_wconf 89' lang='lat' dir='ltr'><strong>vitam</strong></span> <span class='ocrx_word' id='word_1_352' title='bbox 1256 3158 1458 3207; x_wconf 88' lang='lat' dir='ltr'><strong>meam,</strong></span> <span class='ocrx_word' id='word_1_353' title='bbox 1481 3153 1535 3198; x_wconf 90' lang='lat' dir='ltr'><strong>et</strong></span> <span class='ocrx_word' id='word_1_354' title='bbox 1556 3143 1784 3213; x_wconf 84' lang='lat' dir='ltr'><strong>gloriam</strong></span> <span class='ocrx_word' id='word_1_355' title='bbox 1809 3159 1986 3199; x_wconf 86' lang='lat' dir='ltr'><strong>meam</strong></span> 
     </span>
    </p>
   </div>
   <div class='ocr_carea' id='block_1_49' title="bbox 403 3233 1985 3306">
    <p class='ocr_par' dir='ltr' id='par_1_49' title="bbox 403 3233 1985 3306">
     <span class='ocr_line' id='line_1_49' title="bbox 403 3233 1985 3306; baseline 0.003 -19"><span class='ocrx_word' id='word_1_356' title='bbox 403 3233 460 3288; x_wconf 91' lang='lat' dir='ltr'><strong>in</strong></span> <span class='ocrx_word' id='word_1_357' title='bbox 508 3235 784 3305; x_wconf 75' lang='lat' dir='ltr'><strong>pulverem</strong></span> <span class='ocrx_word' id='word_1_358' title='bbox 819 3235 1071 3291; x_wconf 86' lang='lat' dir='ltr'><strong>deducat.</strong></span> <span class='ocrx_word' id='word_1_359' title='bbox 1111 3254 1131 3289; x_wconf 68' lang='grc' dir='ltr'><strong>ι</strong></span> <span class='ocrx_word' id='word_1_360' title='bbox 1175 3236 1355 3291; x_wconf 69' lang='lat' dir='ltr'><strong>Multae</strong></span> <span class='ocrx_word' id='word_1_361' title='bbox 1376 3247 1503 3292; x_wconf 87' lang='lat' dir='ltr'><strong>sunt</strong></span> <span class='ocrx_word' id='word_1_362' title='bbox 1537 3245 1717 3306; x_wconf 84' lang='lat' dir='ltr'><strong>partes</strong></span> <span class='ocrx_word' id='word_1_363' title='bbox 1751 3236 1985 3292; x_wconf 89' lang='lat' dir='ltr'><strong>virtutis.</strong></span> 
     </span>
    </p>
   </div>
   <div class='ocr_carea' id='block_1_50' title="bbox 403 3318 1987 3396">
    <p class='ocr_par' dir='ltr' id='par_1_50' title="bbox 403 3318 1987 3396">
     <span class='ocr_line' id='line_1_50' title="bbox 403 3318 1987 3396; baseline 0.006 -23"><span class='ocrx_word' id='word_1_364' title='bbox 403 3318 522 3374; x_wconf 88' lang='lat' dir='ltr'><strong>Non</strong></span> <span class='ocrx_word' id='word_1_365' title='bbox 567 3322 742 3377; x_wconf 79' lang='lat' dir='ltr'><strong>solum</strong></span> <span class='ocrx_word' id='word_1_366' title='bbox 784 3325 930 3377; x_wconf 87' lang='lat' dir='ltr'><strong>enim</strong></span> <span class='ocrx_word' id='word_1_367' title='bbox 972 3326 1333 3395; x_wconf 85' lang='lat' dir='ltr'><strong>temperantia</strong></span> <span class='ocrx_word' id='word_1_368' title='bbox 1363 3335 1417 3380; x_wconf 92' lang='lat' dir='ltr'><strong>et</strong></span> <span class='ocrx_word' id='word_1_369' title='bbox 1448 3325 1755 3396; x_wconf 89' lang='lat' dir='ltr'><strong>prudentia,</strong></span> <span class='ocrx_word' id='word_1_370' title='bbox 1796 3342 1987 3382; x_wconf 87' lang='lat' dir='ltr'><strong>verum</strong></span> 
     </span>
    </p>
   </div>
   <div class='ocr_carea' id='block_1_51' title="bbox 402 3414 1987 3491">
    <p class='ocr_par' dir='ltr' id='par_1_51' title="bbox 402 3414 1987 3491">
     <span class='ocr_line' id='line_1_51' title="bbox 402 3414 1987 3491; baseline 0.006 -24"><span class='ocrx_word' id='word_1_371' title='bbox 402 3414 566 3469; x_wconf 89' lang='lat' dir='ltr'><strong>etiam</strong></span> <span class='ocrx_word' id='word_1_372' title='bbox 621 3414 886 3471; x_wconf 80' lang='lat' dir='ltr'><strong>fortitudo</strong></span> <span class='ocrx_word' id='word_1_373' title='bbox 917 3425 970 3472; x_wconf 91' lang='lat' dir='ltr'><strong>et</strong></span> <span class='ocrx_word' id='word_1_374' title='bbox 993 3417 1229 3488; x_wconf 77' lang='lat' dir='ltr'><strong>iustitia.</strong></span> <span class='ocrx_word' id='word_1_375' title='bbox 1265 3418 1368 3475; x_wconf 89' lang='lat' dir='ltr'><strong>Hic</strong></span> <span class='ocrx_word' id='word_1_376' title='bbox 1398 3419 1565 3491; x_wconf 82' lang='lat' dir='ltr'><strong>igitur</strong></span> <span class='ocrx_word' id='word_1_377' title='bbox 1592 3435 1700 3475; x_wconf 91' lang='lat' dir='ltr'><strong>non</strong></span> <span class='ocrx_word' id='word_1_378' title='bbox 1728 3420 1987 3476; x_wconf 83' lang='lat' dir='ltr'><strong>eximiam</strong></span> 
     </span>
    </p>
   </div>
   <div class='ocr_carea' id='block_1_52' title="bbox 404 3505 1988 3581">
    <p class='ocr_par' dir='ltr' id='par_1_52' title="bbox 404 3505 1988 3581">
     <span class='ocr_line' id='line_1_52' title="bbox 404 3505 1988 3581; baseline 0.006 -23"><span class='ocrx_word' id='word_1_379' title='bbox 404 3505 660 3561; x_wconf 82' lang='lat' dir='ltr'><strong>virtutem</strong></span> <span class='ocrx_word' id='word_1_380' title='bbox 694 3506 816 3562; x_wconf 78' lang='lat' dir='ltr'><strong>&#39;sibi</strong></span> <span class='ocrx_word' id='word_1_381' title='bbox 868 3508 1115 3575; x_wconf 88' lang='lat' dir='ltr'><strong>ascribit,</strong></span> <span class='ocrx_word' id='word_1_382' title='bbox 1163 3510 1259 3566; x_wconf 82' lang='lat' dir='ltr'><strong>sed</strong></span> <span class='ocrx_word' id='word_1_383' title='bbox 1297 3511 1466 3581; x_wconf 89' lang='lat' dir='ltr'><strong>quod,</strong></span> <span class='ocrx_word' id='word_1_384' title='bbox 1503 3524 1630 3566; x_wconf 88' lang='lat' dir='ltr'><strong>cum</strong></span> <span class='ocrx_word' id='word_1_385' title='bbox 1667 3511 1833 3566; x_wconf 86' lang='lat' dir='ltr'><strong>hosce</strong></span> <span class='ocrx_word' id='word_1_386' title='bbox 1858 3526 1988 3567; x_wconf 86' lang='lat' dir='ltr'><strong>suos</strong></span> 
     </span>
    </p>
   </div>
   <div class='ocr_carea' id='block_1_53' title="bbox 403 3596 1986 3673">
    <p class='ocr_par' dir='ltr' id='par_1_53' title="bbox 403 3596 1986 3673">
     <span class='ocr_line' id='line_1_53' title="bbox 403 3596 1986 3673; baseline 0.005 -22"><span class='ocrx_word' id='word_1_387' title='bbox 403 3596 592 3654; x_wconf 86' lang='lat' dir='ltr'><strong>hostes</strong></span> <span class='ocrx_word' id='word_1_388' title='bbox 639 3599 868 3653; x_wconf 84' lang='lat' dir='ltr'><strong>minime</strong></span> <span class='ocrx_word' id='word_1_389' title='bbox 910 3599 1219 3666; x_wconf 80' lang='lat' dir='ltr'><strong>oil&#39;enderit,</strong></span> <span class='ocrx_word' id='word_1_390' title='bbox 1270 3601 1536 3673; x_wconf 87' lang='lat' dir='ltr'><strong>injustum</strong></span> <span class='ocrx_word' id='word_1_391' title='bbox 1585 3609 1807 3672; x_wconf 86' lang='lat' dir='ltr'><strong>propter</strong></span> <span class='ocrx_word' id='word_1_392' title='bbox 1839 3603 1986 3671; x_wconf 89' lang='lat' dir='ltr'><strong>ipsos</strong></span> 
     </span>
    </p>
   </div>
   <div class='ocr_carea' id='block_1_54' title="bbox 404 3691 1988 3765">
    <p class='ocr_par' dir='ltr' id='par_1_54' title="bbox 404 3691 1988 3765">
     <span class='ocr_line' id='line_1_54' title="bbox 404 3691 1988 3765; baseline 0.004 -20"><span class='ocrx_word' id='word_1_393' title='bbox 404 3691 672 3746; x_wconf 77' lang='lat' dir='ltr'><strong>suStineat</strong></span> <span class='ocrx_word' id='word_1_394' title='bbox 724 3692 1001 3748; x_wconf 85' lang='lat' dir='ltr'><strong>exsilium.</strong></span> <span class='ocrx_word' id='word_1_395' title='bbox 1032 3692 1152 3753; x_wconf 86' lang='lat' dir='ltr'><strong>Non</strong></span> <span class='ocrx_word' id='word_1_396' title='bbox 1189 3695 1365 3749; x_wconf 88' lang='lat' dir='ltr'><strong>solum</strong></span> <span class='ocrx_word' id='word_1_397' title='bbox 1390 3695 1558 3762; x_wconf 89' lang='lat' dir='ltr'><strong>enim,</strong></span> <span class='ocrx_word' id='word_1_398' title='bbox 1592 3695 1788 3765; x_wconf 87' lang='lat' dir='ltr'><strong>inquit,</strong></span> <span class='ocrx_word' id='word_1_399' title='bbox 1840 3697 1988 3765; x_wconf 91' lang='lat' dir='ltr'><strong>prior</strong></span> 
     </span>
    </p>
   </div>
   <div class='ocr_carea' id='block_1_55' title="bbox 405 3782 1988 3856">
    <p class='ocr_par' dir='ltr' id='par_1_55' title="bbox 405 3782 1988 3856">
     <span class='ocr_line' id='line_1_55' title="bbox 405 3782 1988 3856; baseline 0.001 -20"><span class='ocrx_word' id='word_1_400' title='bbox 405 3782 661 3851; x_wconf 77' lang='lat' dir='ltr'><strong>iniuriam</strong></span> <span class='ocrx_word' id='word_1_401' title='bbox 706 3798 814 3839; x_wconf 90' lang='lat' dir='ltr'><strong>non</strong></span> <span class='ocrx_word' id='word_1_402' title='bbox 848 3784 1032 3851; x_wconf 91' lang='lat' dir='ltr'><strong>intuli,</strong></span> <span class='ocrx_word' id='word_1_403' title='bbox 1072 3785 1165 3840; x_wconf 90' lang='lat' dir='ltr'><strong>sed</strong></span> <span class='ocrx_word' id='word_1_404' title='bbox 1198 3799 1378 3856; x_wconf 87' lang='lat' dir='ltr'><strong>neque</strong></span> <span class='ocrx_word' id='word_1_405' title='bbox 1413 3785 1558 3849; x_wconf 88' lang='lat' dir='ltr'><strong>illos,</strong></span> <span class='ocrx_word' id='word_1_406' title='bbox 1588 3785 1682 3852; x_wconf 88' lang='lat' dir='ltr'><strong>qui</strong></span> <span class='ocrx_word' id='word_1_407' title='bbox 1716 3786 1851 3840; x_wconf 88' lang='lat' dir='ltr'><strong>mihi</strong></span> <span class='ocrx_word' id='word_1_408' title='bbox 1886 3800 1988 3840; x_wconf 88' lang='lat' dir='ltr'><strong>no-</strong></span> 
     </span>
    </p>
   </div>
   <div class='ocr_carea' id='block_1_56' title="bbox 405 3874 1988 3947">
    <p class='ocr_par' dir='ltr' id='par_1_56' title="bbox 405 3874 1988 3947">
     <span class='ocr_line' id='line_1_56' title="bbox 405 3874 1988 3947; baseline 0.004 -20"><span class='ocrx_word' id='word_1_409' title='bbox 405 3882 659 3943; x_wconf 88' lang='lat' dir='ltr'><strong>cuerunt,</strong></span> <span class='ocrx_word' id='word_1_410' title='bbox 712 3890 957 3946; x_wconf 83' lang='lat' dir='ltr'><strong>unquam</strong></span> <span class='ocrx_word' id='word_1_411' title='bbox 1004 3876 1197 3932; x_wconf 90' lang='lat' dir='ltr'><strong>ulcisci</strong></span> <span class='ocrx_word' id='word_1_412' title='bbox 1242 3876 1410 3932; x_wconf 86' lang='lat' dir='ltr'><strong>volui.</strong></span> <span class='ocrx_word' id='word_1_413' title='bbox 1456 3874 1592 3931; x_wconf 89' lang='lat' dir='ltr'><strong>Nam</strong></span> <span class='ocrx_word' id='word_1_414' title='bbox 1623 3891 1748 3932; x_wconf 92' lang='lat' dir='ltr'><strong>cum</strong></span> <span class='ocrx_word' id='word_1_415' title='bbox 1789 3878 1988 3947; x_wconf 61' lang='lat' dir='ltr'><strong>saepius</strong></span> 
     </span>
    </p>
   </div>
   <div class='ocr_carea' id='block_1_57' title="bbox 408 3966 1986 4041">
    <p class='ocr_par' dir='ltr' id='par_1_57' title="bbox 408 3966 1986 4041">
     <span class='ocr_line' id='line_1_57' title="bbox 408 3966 1986 4041; baseline 0.002 -19"><span class='ocrx_word' id='word_1_416' title='bbox 408 3966 627 4024; x_wconf 85' lang='lat' dir='ltr'><strong>Saulem</strong></span> <span class='ocrx_word' id='word_1_417' title='bbox 673 3969 952 4038; x_wconf 84' lang='lat' dir='ltr'><strong>captivum</strong></span> <span class='ocrx_word' id='word_1_418' title='bbox 1009 3969 1288 4038; x_wconf 86' lang='lat' dir='ltr'><strong>haberem,</strong></span> <span class='ocrx_word' id='word_1_419' title='bbox 1330 3969 1464 4040; x_wconf 89' lang='lat' dir='ltr'><strong>justi</strong></span> <span class='ocrx_word' id='word_1_420' title='bbox 1506 3970 1615 4025; x_wconf 87' lang='lat' dir='ltr'><strong>odii</strong></span> <span class='ocrx_word' id='word_1_421' title='bbox 1644 3986 1837 4041; x_wconf 68' lang='lat' dir='ltr'><strong>poenas</strong></span> <span class='ocrx_word' id='word_1_422' title='bbox 1875 3986 1986 4026; x_wconf 89' lang='lat' dir='ltr'><strong>non</strong></span> 
     </span>
    </p>
   </div>
   <div class='ocr_carea' id='block_1_58' title="bbox 403 4061 1987 4136">
    <p class='ocr_par' dir='ltr' id='par_1_58' title="bbox 403 4061 1987 4136">
     <span class='ocr_line' id='line_1_58' title="bbox 403 4061 1987 4136; baseline 0.001 -21"><span class='ocrx_word' id='word_1_423' title='bbox 403 4061 582 4132; x_wconf 78' lang='lat' dir='ltr'><strong>exegi.</strong></span> <span class='ocrx_word' id='word_1_424' title='bbox 631 4064 799 4136; x_wconf 67' lang='grc'><strong>646</strong></span> <span class='ocrx_word' id='word_1_425' title='bbox 840 4061 1185 4133; x_wconf 80' lang='lat' dir='ltr'><strong>Quapropter</strong></span> <span class='ocrx_word' id='word_1_426' title='bbox 1220 4071 1293 4127; x_wconf 89' lang='lat' dir='ltr'><strong>te,</strong></span> <span class='ocrx_word' id='word_1_427' title='bbox 1323 4061 1573 4128; x_wconf 90' lang='lat' dir='ltr'><strong>Domine,</strong></span> <span class='ocrx_word' id='word_1_428' title='bbox 1600 4063 1851 4128; x_wconf 88' lang='lat' dir='ltr'><strong>obsecro,</strong></span> <span class='ocrx_word' id='word_1_429' title='bbox 1892 4062 1987 4132; x_wconf 89' lang='lat' dir='ltr'><strong>qui</strong></span> 
     </span>
    </p>
   </div>
   <div class='ocr_carea' id='block_1_59' title="bbox 403 4152 1985 4226">
    <p class='ocr_par' dir='ltr' id='par_1_59' title="bbox 403 4152 1985 4226">
     <span class='ocr_line' id='line_1_59' title="bbox 403 4152 1985 4226; baseline 0 -18"><span class='ocrx_word' id='word_1_430' title='bbox 403 4154 587 4209; x_wconf 81' lang='lat' dir='ltr'><strong>ontnia</strong></span> <span class='ocrx_word' id='word_1_431' title='bbox 624 4159 754 4223; x_wconf 90' lang='lat' dir='ltr'><strong>scis,</strong></span> <span class='ocrx_word' id='word_1_432' title='bbox 788 4167 847 4211; x_wconf 92' lang='lat' dir='ltr'><strong>ut</strong></span> <span class='ocrx_word' id='word_1_433' title='bbox 873 4156 1021 4226; x_wconf 83' lang='lat' dir='ltr'><strong>juste</strong></span> <span class='ocrx_word' id='word_1_434' title='bbox 1057 4171 1144 4210; x_wconf 89' lang='lat' dir='ltr'><strong>me</strong></span> <span class='ocrx_word' id='word_1_435' title='bbox 1170 4152 1409 4226; x_wconf 73' lang='lat' dir='ltr'><strong>iudices,</strong></span> <span class='ocrx_word' id='word_1_436' title='bbox 1440 4165 1492 4210; x_wconf 92' lang='lat' dir='ltr'><strong>et</strong></span> <span class='ocrx_word' id='word_1_437' title='bbox 1524 4155 1569 4210; x_wconf 92' lang='lat' dir='ltr'><strong>si</strong></span> <span class='ocrx_word' id='word_1_438' title='bbox 1591 4155 1723 4225; x_wconf 87' lang='lat' dir='ltr'><strong>quid</strong></span> <span class='ocrx_word' id='word_1_439' title='bbox 1749 4155 1854 4210; x_wconf 88' lang='lat' dir='ltr'><strong>tale</strong></span> <span class='ocrx_word' id='word_1_440' title='bbox 1881 4170 1985 4208; x_wconf 91' lang='lat' dir='ltr'><strong>un-</strong></span> 
     </span>
    </p>
   </div>
   <div class='ocr_carea' id='block_1_60' title="bbox 401 4244 1984 4315">
    <p class='ocr_par' dir='ltr' id='par_1_60' title="bbox 401 4244 1984 4315">
     <span class='ocr_line' id='line_1_60' title="bbox 401 4244 1984 4315; baseline 0 -17"><span class='ocrx_word' id='word_1_441' title='bbox 401 4258 570 4314; x_wconf 88' lang='lat' dir='ltr'><strong>quam</strong></span> <span class='ocrx_word' id='word_1_442' title='bbox 608 4245 1003 4313; x_wconf 86' lang='lat' dir='ltr'><strong>commiserim,</strong></span> <span class='ocrx_word' id='word_1_443' title='bbox 1044 4261 1131 4302; x_wconf 88' lang='lat' dir='ltr'><strong>me</strong></span> <span class='ocrx_word' id='word_1_444' title='bbox 1165 4254 1260 4301; x_wconf 84' lang='lat' dir='ltr'><strong>tua</strong></span> <span class='ocrx_word' id='word_1_445' title='bbox 1291 4260 1422 4301; x_wconf 91' lang='lat' dir='ltr'><strong>cura</strong></span> <span class='ocrx_word' id='word_1_446' title='bbox 1453 4245 1634 4315; x_wconf 82' lang='lat' dir='ltr'><strong>prives</strong></span> <span class='ocrx_word' id='word_1_447' title='bbox 1667 4245 1793 4315; x_wconf 85' lang='lat' dir='ltr'><strong>(hoc</strong></span> <span class='ocrx_word' id='word_1_448' title='bbox 1837 4244 1984 4299; x_wconf 91' lang='lat' dir='ltr'><strong>enim</strong></span> 
     </span>
    </p>
   </div>
   <div class='ocr_carea' id='block_1_61' title="bbox 400 4335 1986 4405">
    <p class='ocr_par' dir='ltr' id='par_1_61' title="bbox 400 4335 1986 4405">
     <span class='ocr_line' id='line_1_61' title="bbox 400 4335 1986 4405; baseline 0.001 -16"><span class='ocrx_word' id='word_1_449' title='bbox 400 4335 579 4390; x_wconf 86' lang='lat' dir='ltr'><strong>dicit:</strong></span> <span class='ocrx_word' id='word_1_450' title='bbox 617 4355 636 4388; x_wconf 74' lang='grc' dir='ltr'><strong>ι</strong></span> <span class='ocrx_word' id='word_1_451' title='bbox 677 4336 928 4392; x_wconf 87' lang='lat' dir='ltr'><strong>Deeidam</strong></span> <span class='ocrx_word' id='word_1_452' title='bbox 964 4337 1033 4392; x_wconf 90' lang='lat' dir='ltr'><strong>ab</strong></span> <span class='ocrx_word' id='word_1_453' title='bbox 1088 4336 1330 4392; x_wconf 89' lang='lat' dir='ltr'><strong>inimicis</strong></span> <span class='ocrx_word' id='word_1_454' title='bbox 1381 4336 1519 4391; x_wconf 89' lang='lat' dir='ltr'><strong>meis</strong></span> <span class='ocrx_word' id='word_1_455' title='bbox 1560 4336 1741 4391; x_wconf 90' lang='lat' dir='ltr'><strong>inanis</strong></span> <span class='ocrx_word' id='word_1_456' title='bbox 1789 4336 1858 4405; x_wconf 75' lang='grc' dir='ltr'>ι),</span> <span class='ocrx_word' id='word_1_457' title='bbox 1899 4351 1986 4390; x_wconf 89' lang='lat' dir='ltr'><strong>me</strong></span> 
     </span>
    </p>
   </div>
   <div class='ocr_carea' id='block_1_62' title="bbox 2102 1842 3689 1922">
    <p class='ocr_par' dir='ltr' id='par_1_62' title="bbox 2102 1842 3689 1922">
     <span class='ocr_line' id='line_1_62' title="bbox 2102 1842 3689 1922; baseline 0.007 -27"><span class='ocrx_word' id='word_1_458' title='bbox 2102 1842 2178 1912; x_wconf 80' lang='grc' dir='ltr'><strong>μὴ</strong></span> <span class='ocrx_word' id='word_1_459' title='bbox 2210 1843 2366 1908; x_wconf 74' lang='grc' dir='ltr'>ὄντος</span> <span class='ocrx_word' id='word_1_460' title='bbox 2387 1844 2784 1917; x_wconf 82' lang='grc' dir='ltr'>λυτρουμένου,</span> <span class='ocrx_word' id='word_1_461' title='bbox 2815 1847 2953 1916; x_wconf 83' lang='grc' dir='ltr'>μηδὲ</span> <span class='ocrx_word' id='word_1_462' title='bbox 2976 1845 3268 1912; x_wconf 79' lang='grc' dir='ltr'>σώζοντος.</span> <span class='ocrx_word' id='word_1_463' title='bbox 3301 1868 3320 1901; x_wconf 74' lang='grc' dir='ltr'><strong>ι</strong></span> <span class='ocrx_word' id='word_1_464' title='bbox 3358 1851 3602 1922; x_wconf 83' lang='grc' dir='ltr'>Οὐδεμιᾷ</span> <span class='ocrx_word' id='word_1_465' title='bbox 3619 1853 3689 1917; x_wconf 82' lang='grc'><strong>⁵³,</strong></span> 
     </span>
    </p>
   </div>
   <div class='ocr_carea' id='block_1_63' title="bbox 2099 1935 3691 2014">
    <p class='ocr_par' dir='ltr' id='par_1_63' title="bbox 2099 1935 3691 2014">
     <span class='ocr_line' id='line_1_63' title="bbox 2099 1935 3691 2014; baseline 0 -27"><span class='ocrx_word' id='word_1_466' title='bbox 2099 1935 2285 2003; x_wconf 63' lang='grc' dir='ltr'>φησιν,</span> <span class='ocrx_word' id='word_1_467' title='bbox 2347 1935 2668 2008; x_wconf 81' lang='grc' dir='ltr'>ἀνθρωπίνῃ</span> <span class='ocrx_word' id='word_1_468' title='bbox 2714 1935 2940 2009; x_wconf 79' lang='grc' dir='ltr'>βοηθείᾳ</span> <span class='ocrx_word' id='word_1_469' title='bbox 2983 1937 3289 2010; x_wconf 61' lang='grc' dir='ltr'>θαῤῥῶνδδ,</span> <span class='ocrx_word' id='word_1_470' title='bbox 3324 1940 3427 2012; x_wconf 81' lang='grc' dir='ltr'>τὴν</span> <span class='ocrx_word' id='word_1_471' title='bbox 3485 1941 3541 1996; x_wconf 86' lang='grc' dir='ltr'>δὲ</span> <span class='ocrx_word' id='word_1_472' title='bbox 3590 1946 3691 2014; x_wconf 74' lang='grc' dir='ltr'><strong>σὴν</strong></span> 
     </span>
    </p>
   </div>
   <div class='ocr_carea' id='block_1_64' title="bbox 2098 2026 3687 2103">
    <p class='ocr_par' dir='ltr' id='par_1_64' title="bbox 2098 2026 3687 2103">
     <span class='ocr_line' id='line_1_64' title="bbox 2098 2026 3687 2103; baseline 0.008 -25"><span class='ocrx_word' id='word_1_473' title='bbox 2098 2026 2293 2082; x_wconf 86' lang='grc' dir='ltr'>ἐλπίδα</span> <span class='ocrx_word' id='word_1_474' title='bbox 2327 2028 2497 2100; x_wconf 85' lang='grc' dir='ltr'>μόνην</span> <span class='ocrx_word' id='word_1_475' title='bbox 2532 2030 2591 2083; x_wconf 86' lang='grc' dir='ltr'><strong>ἐν</strong></span> <span class='ocrx_word' id='word_1_476' title='bbox 2613 2029 2657 2062; x_wconf 80' lang='grc'>⁸⁸</span> <span class='ocrx_word' id='word_1_477' title='bbox 2707 2030 2934 2101; x_wconf 83' lang='grc' dir='ltr'>ἐμαυτῷ</span> <span class='ocrx_word' id='word_1_478' title='bbox 2974 2033 3313 2103; x_wconf 86' lang='grc' dir='ltr'>περιφέρων,</span> <span class='ocrx_word' id='word_1_479' title='bbox 3374 2036 3605 2090; x_wconf 77' lang='grc' dir='ltr'>ἱκετεύω</span> <span class='ocrx_word' id='word_1_480' title='bbox 3639 2036 3687 2069; x_wconf 86' lang='grc'><strong>⁸⁸</strong></span> 
     </span>
    </p>
   </div>
   <div class='ocr_carea' id='block_1_65' title="bbox 2096 2119 3687 2200">
    <p class='ocr_par' dir='ltr' id='par_1_65' title="bbox 2096 2119 3687 2200">
     <span class='ocr_line' id='line_1_65' title="bbox 2096 2119 3687 2200; baseline 0.008 -29"><span class='ocrx_word' id='word_1_481' title='bbox 2096 2120 2197 2190; x_wconf 83' lang='grc' dir='ltr'>τῆς</span> <span class='ocrx_word' id='word_1_482' title='bbox 2228 2119 2327 2191; x_wconf 78' lang='grc' dir='ltr'><strong>σῆς</strong></span> <span class='ocrx_word' id='word_1_483' title='bbox 2384 2119 2733 2193; x_wconf 81' lang='grc' dir='ltr'><strong>προμηθείας</strong></span> <span class='ocrx_word' id='word_1_484' title='bbox 2761 2126 2993 2194; x_wconf 81' lang='grc' dir='ltr'>,τυχεῖν.</span> <span class='ocrx_word' id='word_1_485' title='bbox 3044 2125 3206 2180; x_wconf 80' lang='grc' dir='ltr'>Δέδια</span> <span class='ocrx_word' id='word_1_486' title='bbox 3227 2126 3275 2157; x_wconf 79' lang='grc'>⁸⁷</span> <span class='ocrx_word' id='word_1_487' title='bbox 3300 2127 3410 2199; x_wconf 80' lang='grc' dir='ltr'><strong>γάρ</strong></span> <span class='ocrx_word' id='word_1_488' title='bbox 3435 2128 3511 2199; x_wconf 73' lang='grc' dir='ltr'>μὴ</span> <span class='ocrx_word' id='word_1_489' title='bbox 3532 2129 3687 2200; x_wconf 85' lang='grc' dir='ltr'>δίκην</span> 
     </span>
    </p>
   </div>
   <div class='ocr_carea' id='block_1_66' title="bbox 2096 2213 3687 2290">
    <p class='ocr_par' dir='ltr' id='par_1_66' title="bbox 2096 2213 3687 2290">
     <span class='ocr_line' id='line_1_66' title="bbox 2096 2213 3687 2290; baseline 0.006 -23"><span class='ocrx_word' id='word_1_490' title='bbox 2096 2213 2294 2284; x_wconf 82' lang='grc' dir='ltr'>ἀγρίου</span> <span class='ocrx_word' id='word_1_491' title='bbox 2351 2214 2518 2287; x_wconf 83' lang='grc' dir='ltr'>θηρὸς</span> <span class='ocrx_word' id='word_1_492' title='bbox 2577 2216 2901 2281; x_wconf 75' lang='grc' dir='ltr'>ἐπελθόντες</span> <span class='ocrx_word' id='word_1_493' title='bbox 2943 2220 2993 2272; x_wconf 82' lang='grc' dir='ltr'><strong>οἱ</strong></span> <span class='ocrx_word' id='word_1_494' title='bbox 3050 2220 3423 2290; x_wconf 77' lang='grc' dir='ltr'>πολεμοῦντες</span> <span class='ocrx_word' id='word_1_495' title='bbox 3451 2222 3517 2285; x_wconf 73' lang='grc'><strong>⁵⁸,</strong></span> <span class='ocrx_word' id='word_1_496' title='bbox 3592 2225 3687 2276; x_wconf 74' lang='grc' dir='ltr'>καὶ</span> 
     </span>
    </p>
   </div>
   <div class='ocr_carea' id='block_1_67' title="bbox 2096 2304 3686 2383">
    <p class='ocr_par' dir='ltr' id='par_1_67' title="bbox 2096 2304 3686 2383">
     <span class='ocr_line' id='line_1_67' title="bbox 2096 2304 3686 2383; baseline 0.008 -27"><span class='ocrx_word' id='word_1_497' title='bbox 2096 2304 2308 2376; x_wconf 76' lang='grc' dir='ltr'>ἔρημόν</span> <span class='ocrx_word' id='word_1_498' title='bbox 2339 2324 2406 2377; x_wconf 85' lang='grc' dir='ltr'><strong>με</strong></span> <span class='ocrx_word' id='word_1_499' title='bbox 2450 2308 2551 2378; x_wconf 83' lang='grc' dir='ltr'><strong>τῆς</strong></span> <span class='ocrx_word' id='word_1_500' title='bbox 2601 2307 2704 2378; x_wconf 79' lang='grc' dir='ltr'>σῆς</span> <span class='ocrx_word' id='word_1_501' title='bbox 2762 2308 3025 2380; x_wconf 80' lang='grc' dir='ltr'>προνοίας</span> <span class='ocrx_word' id='word_1_502' title='bbox 3080 2311 3357 2383; x_wconf 85' lang='grc' dir='ltr'>εὑρόντες,</span> <span class='ocrx_word' id='word_1_503' title='bbox 3404 2314 3686 2378; x_wconf 79' lang='grc' dir='ltr'>παντελῶς</span> 
     </span>
    </p>
   </div>
   <div class='ocr_carea' id='block_1_68' title="bbox 2096 2396 2513 2467">
    <p class='ocr_par' dir='ltr' id='par_1_68' title="bbox 2096 2396 2513 2467">
     <span class='ocr_line' id='line_1_68' title="bbox 2096 2396 2513 2467; baseline 0.007 -17"><span class='ocrx_word' id='word_1_504' title='bbox 2096 2396 2513 2467; x_wconf 76' lang='grc' dir='ltr'>διαφθείρωσιν.</span> 
     </span>
    </p>
   </div>
   <div class='ocr_carea' id='block_1_69' title="bbox 2163 2487 3681 2569">
    <p class='ocr_par' dir='ltr' id='par_1_69' title="bbox 2163 2487 3681 2569">
     <span class='ocr_line' id='line_1_69' title="bbox 2163 2487 3681 2569; baseline 0.007 -27"><span class='ocrx_word' id='word_1_505' title='bbox 2163 2487 2228 2543; x_wconf 88' lang='grc' dir='ltr'><strong>δ’.</strong></span> <span class='ocrx_word' id='word_1_506' title='bbox 2278 2509 2295 2540; x_wconf 80' lang='grc' dir='ltr'><strong>ι</strong></span> <span class='ocrx_word' id='word_1_507' title='bbox 2342 2491 2516 2563; x_wconf 85' lang='grc' dir='ltr'>Κύριε</span> <span class='ocrx_word' id='word_1_508' title='bbox 2555 2493 2582 2545; x_wconf 87' lang='grc' dir='ltr'>ὁ</span> <span class='ocrx_word' id='word_1_509' title='bbox 2607 2492 2741 2558; x_wconf 85' lang='grc' dir='ltr'>Θεός</span> <span class='ocrx_word' id='word_1_510' title='bbox 2773 2511 2896 2564; x_wconf 89' lang='grc' dir='ltr'>μου,</span> <span class='ocrx_word' id='word_1_511' title='bbox 2929 2495 2979 2547; x_wconf 87' lang='grc' dir='ltr'><strong>εί</strong></span> <span class='ocrx_word' id='word_1_512' title='bbox 3013 2495 3249 2569; x_wconf 89' lang='grc' dir='ltr'>ἐποίησα</span> <span class='ocrx_word' id='word_1_513' title='bbox 3274 2499 3453 2552; x_wconf 82' lang='grc' dir='ltr'>τοῦτο.</span> <span class='ocrx_word' id='word_1_514' title='bbox 3495 2519 3514 2550; x_wconf 73' lang='grc' dir='ltr'><strong>ι</strong></span> <span class='ocrx_word' id='word_1_515' title='bbox 3550 2496 3681 2553; x_wconf 81' lang='grc' dir='ltr'>Εἶτα</span> 
     </span>
    </p>
   </div>
   <div class='ocr_carea' id='block_1_70' title="bbox 2094 2579 3679 2653">
    <p class='ocr_par' dir='ltr' id='par_1_70' title="bbox 2094 2579 3679 2653">
     <span class='ocr_line' id='line_1_70' title="bbox 2094 2579 3679 2653; baseline 0.008 -22"><span class='ocrx_word' id='word_1_516' title='bbox 2094 2579 2340 2633; x_wconf 82' lang='grc' dir='ltr'><strong>διδάσκει</strong></span> <span class='ocrx_word' id='word_1_517' title='bbox 2398 2582 2733 2653; x_wconf 83' lang='grc' dir='ltr'>σαφέστερον</span> <span class='ocrx_word' id='word_1_518' title='bbox 2777 2584 2805 2636; x_wconf 89' lang='grc' dir='ltr'><strong>ὂ</strong></span> <span class='ocrx_word' id='word_1_519' title='bbox 2835 2584 2987 2653; x_wconf 85' lang='grc' dir='ltr'>λέγει</span> <span class='ocrx_word' id='word_1_520' title='bbox 3017 2603 3032 2617; x_wconf 78' lang='grc'><strong>’</strong></span> <span class='ocrx_word' id='word_1_521' title='bbox 3069 2604 3087 2637; x_wconf 82' lang='grc' dir='ltr'><strong>ι</strong></span> <span class='ocrx_word' id='word_1_522' title='bbox 3127 2588 3188 2640; x_wconf 88' lang='grc' dir='ltr'>Εί</span> <span class='ocrx_word' id='word_1_523' title='bbox 3226 2587 3377 2641; x_wconf 80' lang='grc' dir='ltr'>ἔστιν</span> <span class='ocrx_word' id='word_1_524' title='bbox 3407 2589 3590 2643; x_wconf 85' lang='grc' dir='ltr'>ἀδικία</span> <span class='ocrx_word' id='word_1_525' title='bbox 3622 2592 3679 2643; x_wconf 80' lang='grc' dir='ltr'><strong>ἐν</strong></span> 
     </span>
    </p>
   </div>
   <div class='ocr_carea' id='block_1_71' title="bbox 2094 2673 3677 2746">
    <p class='ocr_par' dir='ltr' id='par_1_71' title="bbox 2094 2673 3677 2746">
     <span class='ocr_line' id='line_1_71' title="bbox 2094 2673 3677 2746; baseline 0.009 -21"><span class='ocrx_word' id='word_1_526' title='bbox 2094 2675 2252 2744; x_wconf 89' lang='grc' dir='ltr'>χερσί</span> <span class='ocrx_word' id='word_1_527' title='bbox 2283 2692 2404 2745; x_wconf 91' lang='grc' dir='ltr'>μου.</span> <span class='ocrx_word' id='word_1_528' title='bbox 2441 2695 2460 2728; x_wconf 76' lang='grc' dir='ltr'><strong>ι</strong></span> <span class='ocrx_word' id='word_1_529' title='bbox 2496 2676 2608 2730; x_wconf 67' lang='grc' dir='ltr'><strong>Καὶ</strong></span> <span class='ocrx_word' id='word_1_530' title='bbox 2634 2677 2850 2741; x_wconf 82' lang='grc' dir='ltr'>δεικνὺς</span> <span class='ocrx_word' id='word_1_531' title='bbox 2881 2681 3034 2732; x_wconf 85' lang='grc' dir='ltr'>ποῖον</span> <span class='ocrx_word' id='word_1_532' title='bbox 3064 2673 3204 2745; x_wconf 75' lang='grc' dir='ltr'>εἶδος</span> <span class='ocrx_word' id='word_1_533' title='bbox 3233 2681 3453 2746; x_wconf 80' lang='grc' dir='ltr'>ἀδικίας</span> <span class='ocrx_word' id='word_1_534' title='bbox 3486 2683 3677 2738; x_wconf 84' lang='grc' dir='ltr'>ἐνταῦ-</span> 
     </span>
    </p>
   </div>
   <div class='ocr_carea' id='block_1_72' title="bbox 2094 2761 2915 2834">
    <p class='ocr_par' dir='ltr' id='par_1_72' title="bbox 2094 2761 2915 2834">
     <span class='ocr_line' id='line_1_72' title="bbox 2094 2761 2915 2834; baseline 0.004 -17"><span class='ocrx_word' id='word_1_535' title='bbox 2094 2761 2166 2817; x_wconf 81' lang='grc' dir='ltr'><strong>θα</strong></span> <span class='ocrx_word' id='word_1_536' title='bbox 2188 2764 2233 2796; x_wconf 74' lang='grc'><strong>⁸⁸</strong></span> <span class='ocrx_word' id='word_1_537' title='bbox 2265 2781 2451 2834; x_wconf 84' lang='grc' dir='ltr'>φησιν,</span> <span class='ocrx_word' id='word_1_538' title='bbox 2481 2765 2646 2830; x_wconf 81' lang='grc' dir='ltr'>εὐθὺς</span> <span class='ocrx_word' id='word_1_539' title='bbox 2676 2767 2873 2833; x_wconf 77' lang='grc' dir='ltr'>ἐπάγει</span> <span class='ocrx_word' id='word_1_540' title='bbox 2902 2784 2915 2798; x_wconf 88' lang='grc'><strong>·</strong></span> 
     </span>
    </p>
   </div>
   <div class='ocr_carea' id='block_1_73' title="bbox 2164 2858 3676 2935">
    <p class='ocr_par' dir='ltr' id='par_1_73' title="bbox 2164 2858 3676 2935">
     <span class='ocr_line' id='line_1_73' title="bbox 2164 2858 3676 2935; baseline 0.006 -26"><span class='ocrx_word' id='word_1_541' title='bbox 2164 2862 2227 2920; x_wconf 84' lang='grc' dir='ltr'>ε’,</span> <span class='ocrx_word' id='word_1_542' title='bbox 2262 2861 2337 2921; x_wconf 75' lang='grc' dir='ltr'><strong>ς’.</strong></span> <span class='ocrx_word' id='word_1_543' title='bbox 2379 2875 2398 2908; x_wconf 81' lang='grc' dir='ltr'><strong>ι</strong></span> <span class='ocrx_word' id='word_1_544' title='bbox 2438 2858 2502 2910; x_wconf 82' lang='lat' dir='ltr'><strong>Ei</strong></span> <span class='ocrx_word' id='word_1_545' title='bbox 2557 2858 2922 2912; x_wconf 85' lang='grc' dir='ltr'>ἀνταπέδωκα</span> <span class='ocrx_word' id='word_1_546' title='bbox 2957 2861 3075 2920; x_wconf 83' lang='grc' dir='ltr'>τοῖς</span> <span class='ocrx_word' id='word_1_547' title='bbox 3128 2861 3547 2917; x_wconf 85' lang='grc' dir='ltr'>ἀνταποδιδοῦσί</span> <span class='ocrx_word' id='word_1_548' title='bbox 3586 2880 3676 2935; x_wconf 89' lang='grc' dir='ltr'><strong>μοι</strong></span> 
     </span>
    </p>
   </div>
   <div class='ocr_carea' id='block_1_74' title="bbox 2088 2944 3671 3022">
    <p class='ocr_par' dir='ltr' id='par_1_74' title="bbox 2088 2944 3671 3022">
     <span class='ocr_line' id='line_1_74' title="bbox 2088 2944 3671 3022; baseline 0.005 -23"><span class='ocrx_word' id='word_1_549' title='bbox 2088 2944 2259 3009; x_wconf 81' lang='grc' dir='ltr'>κακὰ,</span> <span class='ocrx_word' id='word_1_550' title='bbox 2292 2945 2634 3017; x_wconf 85' lang='grc' dir='ltr'>ἀποπέσοιμι</span> <span class='ocrx_word' id='word_1_551' title='bbox 2662 2948 2772 3019; x_wconf 87' lang='grc' dir='ltr'><strong>άρα</strong></span> <span class='ocrx_word' id='word_1_552' title='bbox 2805 2948 2914 3002; x_wconf 80' lang='grc' dir='ltr'><strong>ἀπὸ</strong></span> <span class='ocrx_word' id='word_1_553' title='bbox 2934 2948 3046 3002; x_wconf 84' lang='grc' dir='ltr'><strong>τῶν</strong></span> <span class='ocrx_word' id='word_1_554' title='bbox 3088 2949 3301 3021; x_wconf 86' lang='grc' dir='ltr'>ἐχθρῶν</span> <span class='ocrx_word' id='word_1_555' title='bbox 3352 2968 3456 3022; x_wconf 86' lang='grc' dir='ltr'><strong>μου</strong></span> <span class='ocrx_word' id='word_1_556' title='bbox 3491 2954 3671 3016; x_wconf 77' lang='grc' dir='ltr'>κενός.</span> 
     </span>
    </p>
   </div>
   <div class='ocr_carea' id='block_1_75' title="bbox 2090 3035 3675 3114">
    <p class='ocr_par' dir='ltr' id='par_1_75' title="bbox 2090 3035 3675 3114">
     <span class='ocr_line' id='line_1_75' title="bbox 2090 3035 3675 3114; baseline 0.007 -26"><span class='ocrx_word' id='word_1_557' title='bbox 2090 3035 2438 3102; x_wconf 81' lang='grc' dir='ltr'>Καταδιώξαι</span> <span class='ocrx_word' id='word_1_558' title='bbox 2464 3037 2571 3108; x_wconf 81' lang='grc' dir='ltr'>ἄρα</span> <span class='ocrx_word' id='word_1_559' title='bbox 2595 3040 2623 3092; x_wconf 86' lang='grc' dir='ltr'><strong>ὁ</strong></span> <span class='ocrx_word' id='word_1_560' title='bbox 2650 3039 2845 3111; x_wconf 72' lang='grc' dir='ltr'>ἐχθρὸς</span> <span class='ocrx_word' id='word_1_561' title='bbox 2880 3040 2981 3112; x_wconf 81' lang='grc' dir='ltr'>τὴν</span> <span class='ocrx_word' id='word_1_562' title='bbox 3010 3040 3194 3111; x_wconf 80' lang='grc' dir='ltr'>ψυχήν</span> <span class='ocrx_word' id='word_1_563' title='bbox 3227 3059 3353 3114; x_wconf 87' lang='grc' dir='ltr'>μου,</span> <span class='ocrx_word' id='word_1_564' title='bbox 3385 3044 3479 3097; x_wconf 82' lang='grc' dir='ltr'>καὶ</span> <span class='ocrx_word' id='word_1_565' title='bbox 3511 3061 3675 3098; x_wconf 87' lang='grc' dir='ltr'>κατα-</span> 
     </span>
    </p>
   </div>
   <div class='ocr_carea' id='block_1_76' title="bbox 2090 3129 3674 3210">
    <p class='ocr_par' dir='ltr' id='par_1_76' title="bbox 2090 3129 3674 3210">
     <span class='ocr_line' id='line_1_76' title="bbox 2090 3129 3674 3210; baseline 0.006 -27"><span class='ocrx_word' id='word_1_566' title='bbox 2090 3129 2270 3195; x_wconf 75' lang='grc' dir='ltr'>λάϐοι,</span> <span class='ocrx_word' id='word_1_567' title='bbox 2300 3132 2395 3186; x_wconf 75' lang='grc' dir='ltr'><strong>καὶ</strong></span> <span class='ocrx_word' id='word_1_568' title='bbox 2420 3135 2825 3205; x_wconf 76' lang='grc' dir='ltr'>καταπατῆσαι</span> <span class='ocrx_word' id='word_1_569' title='bbox 2866 3136 2946 3199; x_wconf 88' lang='grc' dir='ltr'><strong>είς</strong></span> <span class='ocrx_word' id='word_1_570' title='bbox 2983 3136 3091 3207; x_wconf 82' lang='grc' dir='ltr'><strong>γῆν</strong></span> <span class='ocrx_word' id='word_1_571' title='bbox 3118 3136 3219 3209; x_wconf 78' lang='grc' dir='ltr'>τὴν</span> <span class='ocrx_word' id='word_1_572' title='bbox 3252 3137 3400 3209; x_wconf 82' lang='grc' dir='ltr'>ζωήν</span> <span class='ocrx_word' id='word_1_573' title='bbox 3426 3155 3549 3210; x_wconf 88' lang='grc' dir='ltr'>μου,</span> <span class='ocrx_word' id='word_1_574' title='bbox 3579 3139 3674 3193; x_wconf 76' lang='grc' dir='ltr'>καὶ</span> 
     </span>
    </p>
   </div>
   <div class='ocr_carea' id='block_1_77' title="bbox 2088 3220 3671 3304">
    <p class='ocr_par' dir='ltr' id='par_1_77' title="bbox 2088 3220 3671 3304">
     <span class='ocr_line' id='line_1_77' title="bbox 2088 3220 3671 3304; baseline 0.009 -30"><span class='ocrx_word' id='word_1_575' title='bbox 2088 3220 2189 3292; x_wconf 79' lang='grc' dir='ltr'>τὴν</span> <span class='ocrx_word' id='word_1_576' title='bbox 2206 3222 2365 3288; x_wconf 81' lang='grc' dir='ltr'>δόξαν</span> <span class='ocrx_word' id='word_1_577' title='bbox 2395 3241 2496 3295; x_wconf 89' lang='grc' dir='ltr'><strong>μου</strong></span> <span class='ocrx_word' id='word_1_578' title='bbox 2522 3226 2603 3290; x_wconf 88' lang='grc' dir='ltr'><strong>είς</strong></span> <span class='ocrx_word' id='word_1_579' title='bbox 2622 3225 2756 3296; x_wconf 78' lang='grc' dir='ltr'>χοῦν</span> <span class='ocrx_word' id='word_1_580' title='bbox 2787 3229 3241 3301; x_wconf 86' lang='grc' dir='ltr'>κατασκηνώσαι.</span> <span class='ocrx_word' id='word_1_581' title='bbox 3271 3251 3290 3283; x_wconf 73' lang='grc' dir='ltr'><strong>ι</strong></span> <span class='ocrx_word' id='word_1_582' title='bbox 3325 3232 3440 3301; x_wconf 83' lang='grc' dir='ltr'><strong>Τῆς</strong></span> <span class='ocrx_word' id='word_1_583' title='bbox 3468 3233 3671 3304; x_wconf 78' lang='grc' dir='ltr'>ἀρετῆς</span> 
     </span>
    </p>
   </div>
   <div class='ocr_carea' id='block_1_78' title="bbox 2068 3312 3670 3397">
    <p class='ocr_par' dir='ltr' id='par_1_78' title="bbox 2068 3312 3670 3397">
     <span class='ocr_line' id='line_1_78' title="bbox 2068 3312 3670 3397; baseline 0.008 -30"><span class='ocrx_word' id='word_1_584' title='bbox 2068 3312 2265 3367; x_wconf 44' lang='grc' dir='ltr'>ηπολλά</span> <span class='ocrx_word' id='word_1_585' title='bbox 2297 3316 2484 3388; x_wconf 87' lang='grc' dir='ltr'>μόρια.</span> <span class='ocrx_word' id='word_1_586' title='bbox 2514 3317 2589 3370; x_wconf 83' lang='grc' dir='ltr'><strong>Οὐ</strong></span> <span class='ocrx_word' id='word_1_587' title='bbox 2612 3319 2724 3391; x_wconf 80' lang='grc' dir='ltr'><strong>γὰρ</strong></span> <span class='ocrx_word' id='word_1_588' title='bbox 2748 3320 2911 3391; x_wconf 88' lang='grc' dir='ltr'>μόνον</span> <span class='ocrx_word' id='word_1_589' title='bbox 2925 3321 3253 3394; x_wconf 86' lang='grc' dir='ltr'>σωφροσύνη</span> <span class='ocrx_word' id='word_1_590' title='bbox 3279 3325 3372 3377; x_wconf 71' lang='grc' dir='ltr'><strong>καὶ</strong></span> <span class='ocrx_word' id='word_1_591' title='bbox 3384 3325 3670 3397; x_wconf 79' lang='grc' dir='ltr'>φρόνησις,</span> 
     </span>
    </p>
   </div>
   <div class='ocr_carea' id='block_1_79' title="bbox 2090 3401 3669 3481">
    <p class='ocr_par' dir='ltr' id='par_1_79' title="bbox 2090 3401 3669 3481">
     <span class='ocr_line' id='line_1_79' title="bbox 2090 3401 3669 3481; baseline 0.008 -25"><span class='ocrx_word' id='word_1_592' title='bbox 2090 3401 2227 3456; x_wconf 85' lang='grc' dir='ltr'><strong>ἀλλά</strong></span> <span class='ocrx_word' id='word_1_593' title='bbox 2253 3405 2347 3458; x_wconf 77' lang='grc' dir='ltr'>καὶ</span> <span class='ocrx_word' id='word_1_594' title='bbox 2367 3405 2593 3476; x_wconf 87' lang='grc' dir='ltr'>ἀνδρεία</span> <span class='ocrx_word' id='word_1_595' title='bbox 2618 3408 2715 3460; x_wconf 82' lang='grc' dir='ltr'>καὶ</span> <span class='ocrx_word' id='word_1_596' title='bbox 2736 3408 3077 3481; x_wconf 85' lang='grc' dir='ltr'>δικαιοσύνη.</span> <span class='ocrx_word' id='word_1_597' title='bbox 3118 3411 3382 3465; x_wconf 82' lang='grc' dir='ltr'>Ἐνταῦθα</span> <span class='ocrx_word' id='word_1_598' title='bbox 3402 3413 3587 3466; x_wconf 79' lang='grc' dir='ltr'>τοίνυν</span> <span class='ocrx_word' id='word_1_599' title='bbox 3608 3414 3669 3468; x_wconf 84' lang='grc' dir='ltr'><strong>οὐ</strong></span> 
     </span>
    </p>
   </div>
   <div class='ocr_carea' id='block_1_80' title="bbox 2089 3496 3669 3575">
    <p class='ocr_par' dir='ltr' id='par_1_80' title="bbox 2089 3496 3669 3575">
     <span class='ocr_line' id='line_1_80' title="bbox 2089 3496 3669 3575; baseline 0.006 -25"><span class='ocrx_word' id='word_1_600' title='bbox 2089 3496 2191 3568; x_wconf 83' lang='grc' dir='ltr'><strong>τὴν</strong></span> <span class='ocrx_word' id='word_1_601' title='bbox 2219 3498 2401 3570; x_wconf 80' lang='grc' dir='ltr'>ἄκραν</span> <span class='ocrx_word' id='word_1_602' title='bbox 2433 3498 2640 3571; x_wconf 80' lang='grc' dir='ltr'>ἀρετὴν</span> <span class='ocrx_word' id='word_1_603' title='bbox 2666 3499 2846 3571; x_wconf 83' lang='grc' dir='ltr'>ἐαυτῷ</span> <span class='ocrx_word' id='word_1_604' title='bbox 2866 3504 3174 3575; x_wconf 79' lang='grc' dir='ltr'>μαρτυρεῖ·</span> <span class='ocrx_word' id='word_1_605' title='bbox 3199 3503 3315 3558; x_wconf 86' lang='grc' dir='ltr'>ἀλλ’</span> <span class='ocrx_word' id='word_1_606' title='bbox 3337 3504 3420 3559; x_wconf 84' lang='grc' dir='ltr'>ὅτι</span> <span class='ocrx_word' id='word_1_607' title='bbox 3447 3505 3669 3570; x_wconf 82' lang='grc' dir='ltr'>τούτους</span> 
     </span>
    </p>
   </div>
   <div class='ocr_carea' id='block_1_81' title="bbox 2088 3587 3668 3665">
    <p class='ocr_par' dir='ltr' id='par_1_81' title="bbox 2088 3587 3668 3665">
     <span class='ocr_line' id='line_1_81' title="bbox 2088 3587 3668 3665; baseline 0.006 -25"><span class='ocrx_word' id='word_1_608' title='bbox 2088 3587 2292 3658; x_wconf 76' lang='grc' dir='ltr'>ἥκιστα</span> <span class='ocrx_word' id='word_1_609' title='bbox 2337 3588 2465 3652; x_wconf 83' lang='grc' dir='ltr'>τοὺς</span> <span class='ocrx_word' id='word_1_610' title='bbox 2510 3590 2809 3662; x_wconf 79' lang='grc' dir='ltr'>πολεμίους</span> <span class='ocrx_word' id='word_1_611' title='bbox 2860 3591 3164 3665; x_wconf 77' lang='grc' dir='ltr'>ἠδικηκὼς,</span> <span class='ocrx_word' id='word_1_612' title='bbox 3215 3595 3319 3665; x_wconf 70' lang='grc' dir='ltr'>τῆν</span> <span class='ocrx_word' id='word_1_613' title='bbox 3365 3595 3551 3650; x_wconf 75' lang='grc' dir='ltr'>ἄδικον</span> <span class='ocrx_word' id='word_1_614' title='bbox 3598 3597 3668 3650; x_wconf 83' lang='grc' dir='ltr'>δι’</span> 
     </span>
    </p>
   </div>
   <div class='ocr_carea' id='block_1_82' title="bbox 2087 3676 3665 3758">
    <p class='ocr_par' dir='ltr' id='par_1_82' title="bbox 2087 3676 3665 3758">
     <span class='ocr_line' id='line_1_82' title="bbox 2087 3676 3665 3758; baseline 0.008 -27"><span class='ocrx_word' id='word_1_615' title='bbox 2087 3676 2288 3741; x_wconf 85' lang='grc' dir='ltr'>αὐτοὺς</span> <span class='ocrx_word' id='word_1_616' title='bbox 2314 3679 2579 3748; x_wconf 81' lang='grc' dir='ltr'>ὑπομένει</span> <span class='ocrx_word' id='word_1_617' title='bbox 2622 3682 2823 3754; x_wconf 83' lang='grc' dir='ltr'>φυγήν.</span> <span class='ocrx_word' id='word_1_618' title='bbox 2859 3684 2938 3736; x_wconf 82' lang='grc' dir='ltr'><strong>Οὐ</strong></span> <span class='ocrx_word' id='word_1_619' title='bbox 2982 3685 3139 3755; x_wconf 87' lang='grc' dir='ltr'>μόνον</span> <span class='ocrx_word' id='word_1_620' title='bbox 3170 3687 3304 3755; x_wconf 75' lang='grc' dir='ltr'>γὰρ,</span> <span class='ocrx_word' id='word_1_621' title='bbox 3339 3687 3527 3758; x_wconf 68' lang='grc' dir='ltr'>φησιν,</span> <span class='ocrx_word' id='word_1_622' title='bbox 3550 3689 3665 3742; x_wconf 76' lang='grc' dir='ltr'>ἀδι-</span> 
     </span>
    </p>
   </div>
   <div class='ocr_carea' id='block_1_83' title="bbox 2088 3765 3668 3850">
    <p class='ocr_par' dir='ltr' id='par_1_83' title="bbox 2088 3765 3668 3850">
     <span class='ocr_line' id='line_1_83' title="bbox 2088 3765 3668 3850; baseline 0.006 -28"><span class='ocrx_word' id='word_1_623' title='bbox 2088 3768 2212 3833; x_wconf 86' lang='grc' dir='ltr'>κίας</span> <span class='ocrx_word' id='word_1_624' title='bbox 2236 3769 2337 3822; x_wconf 80' lang='grc' dir='ltr'><strong>οὐκ</strong></span> <span class='ocrx_word' id='word_1_625' title='bbox 2366 3765 2530 3842; x_wconf 80' lang='grc' dir='ltr'>ἦρξα,</span> <span class='ocrx_word' id='word_1_626' title='bbox 2554 3771 2669 3827; x_wconf 89' lang='grc' dir='ltr'>ἀλλ’</span> <span class='ocrx_word' id='word_1_627' title='bbox 2701 3773 2822 3828; x_wconf 83' lang='grc' dir='ltr'>οὐδὲ</span> <span class='ocrx_word' id='word_1_628' title='bbox 2854 3775 2982 3839; x_wconf 78' lang='grc' dir='ltr'>τοὺς</span> <span class='ocrx_word' id='word_1_629' title='bbox 3013 3776 3341 3848; x_wconf 76' lang='grc' dir='ltr'>ἠδικηκότας</span> <span class='ocrx_word' id='word_1_630' title='bbox 3361 3780 3668 3850; x_wconf 79' lang='grc' dir='ltr'>ἠνεσχόμην</span> 
     </span>
    </p>
   </div>
   <div class='ocr_carea' id='block_1_84' title="bbox 2090 3860 3670 3944">
    <p class='ocr_par' dir='ltr' id='par_1_84' title="bbox 2090 3860 3670 3944">
     <span class='ocr_line' id='line_1_84' title="bbox 2090 3860 3670 3944; baseline 0.008 -29"><span class='ocrx_word' id='word_1_631' title='bbox 2090 3860 2405 3931; x_wconf 84' lang='grc' dir='ltr'>ἀμύνασθαι</span> <span class='ocrx_word' id='word_1_632' title='bbox 2427 3861 2670 3919; x_wconf 85' lang='grc' dir='ltr'>πώποτε.</span> <span class='ocrx_word' id='word_1_633' title='bbox 2702 3866 2973 3932; x_wconf 80' lang='grc' dir='ltr'>Πολλάκις</span> <span class='ocrx_word' id='word_1_634' title='bbox 3004 3868 3113 3940; x_wconf 91' lang='grc' dir='ltr'><strong>γάρ</strong></span> <span class='ocrx_word' id='word_1_635' title='bbox 3134 3871 3223 3923; x_wconf 89' lang='grc' dir='ltr'><strong>τὸν</strong></span> <span class='ocrx_word' id='word_1_636' title='bbox 3248 3872 3424 3925; x_wconf 87' lang='grc' dir='ltr'>Σαοὺλ</span> <span class='ocrx_word' id='word_1_637' title='bbox 3454 3872 3670 3944; x_wconf 82' lang='grc' dir='ltr'>ὑποχεί-</span> 
     </span>
    </p>
   </div>
   <div class='ocr_carea' id='block_1_85' title="bbox 2090 3953 3665 4028">
    <p class='ocr_par' dir='ltr' id='par_1_85' title="bbox 2090 3953 3665 4028">
     <span class='ocr_line' id='line_1_85' title="bbox 2090 3953 3665 4028; baseline 0.008 -22"><span class='ocrx_word' id='word_1_638' title='bbox 2090 3970 2207 4025; x_wconf 88' lang='grc' dir='ltr'>ριον</span> <span class='ocrx_word' id='word_1_639' title='bbox 2241 3953 2461 4019; x_wconf 66' lang='grc' dir='ltr'>λαϐὼν,</span> <span class='ocrx_word' id='word_1_640' title='bbox 2482 3956 2586 4026; x_wconf 79' lang='grc' dir='ltr'><strong>τῆς</strong></span> <span class='ocrx_word' id='word_1_641' title='bbox 2635 3957 2823 4012; x_wconf 88' lang='grc' dir='ltr'>ἀδίκου</span> <span class='ocrx_word' id='word_1_642' title='bbox 2850 3958 3176 4027; x_wconf 85' lang='grc' dir='ltr'>δυσμενείας</span> <span class='ocrx_word' id='word_1_643' title='bbox 3202 3962 3360 4028; x_wconf 85' lang='grc' dir='ltr'>δίκας</span> <span class='ocrx_word' id='word_1_644' title='bbox 3396 3965 3498 4019; x_wconf 82' lang='grc' dir='ltr'>οὐκ</span> <span class='ocrx_word' id='word_1_645' title='bbox 3549 3967 3665 4019; x_wconf 81' lang='grc' dir='ltr'>είσ-</span> 
     </span>
    </p>
   </div>
   <div class='ocr_carea' id='block_1_86' title="bbox 2088 4040 3666 4127">
    <p class='ocr_par' dir='ltr' id='par_1_86' title="bbox 2088 4040 3666 4127">
     <span class='ocr_line' id='line_1_86' title="bbox 2088 4040 3666 4127; baseline 0.01 -31"><span class='ocrx_word' id='word_1_646' title='bbox 2088 4043 2421 4116; x_wconf 72' lang='grc' dir='ltr'>επραξάμην</span> <span class='ocrx_word' id='word_1_647' title='bbox 2445 4047 2510 4100; x_wconf 72' lang='grc' dir='ltr'><strong>σι’.</strong></span> <span class='ocrx_word' id='word_1_648' title='bbox 2534 4040 2610 4101; x_wconf 64' lang='lat' dir='ltr'><strong>Oi)</strong></span> <span class='ocrx_word' id='word_1_649' title='bbox 2643 4049 2707 4118; x_wconf 84' lang='grc' dir='ltr'><strong>δὴ</strong></span> <span class='ocrx_word' id='word_1_650' title='bbox 2732 4050 2892 4121; x_wconf 84' lang='grc' dir='ltr'>χάριν</span> <span class='ocrx_word' id='word_1_651' title='bbox 2923 4068 3002 4118; x_wconf 89' lang='grc' dir='ltr'><strong>σε,</strong></span> <span class='ocrx_word' id='word_1_652' title='bbox 3045 4054 3313 4119; x_wconf 83' lang='grc' dir='ltr'>Δέσποτα,</span> <span class='ocrx_word' id='word_1_653' title='bbox 3341 4057 3666 4127; x_wconf 79' lang='grc' dir='ltr'>παρακαλῶ,</span> 
     </span>
    </p>
   </div>
   <div class='ocr_carea' id='block_1_87' title="bbox 2087 4135 3666 4217">
    <p class='ocr_par' dir='ltr' id='par_1_87' title="bbox 2087 4135 3666 4217">
     <span class='ocr_line' id='line_1_87' title="bbox 2087 4135 3666 4217; baseline 0.011 -30"><span class='ocrx_word' id='word_1_654' title='bbox 2087 4135 2181 4189; x_wconf 85' lang='grc' dir='ltr'><strong>τὸν</strong></span> <span class='ocrx_word' id='word_1_655' title='bbox 2212 4136 2391 4190; x_wconf 85' lang='grc' dir='ltr'>πάντα</span> <span class='ocrx_word' id='word_1_656' title='bbox 2423 4138 2609 4206; x_wconf 82' lang='grc' dir='ltr'>σαφῶς</span> <span class='ocrx_word' id='word_1_657' title='bbox 2632 4141 3019 4213; x_wconf 83' lang='grc' dir='ltr'>ἐπιστάμενον,</span> <span class='ocrx_word' id='word_1_658' title='bbox 3051 4144 3273 4199; x_wconf 88' lang='grc' dir='ltr'>δικάσαι</span> <span class='ocrx_word' id='word_1_659' title='bbox 3302 4164 3393 4217; x_wconf 87' lang='grc' dir='ltr'><strong>μοι</strong></span> <span class='ocrx_word' id='word_1_660' title='bbox 3421 4149 3666 4213; x_wconf 78' lang='grc' dir='ltr'>δικαίως⁸</span> 
     </span>
    </p>
   </div>
   <div class='ocr_carea' id='block_1_88' title="bbox 2090 4227 3671 4313">
    <p class='ocr_par' dir='ltr' id='par_1_88' title="bbox 2090 4227 3671 4313">
     <span class='ocr_line' id='line_1_88' title="bbox 2090 4227 3671 4313; baseline 0.011 -35"><span class='ocrx_word' id='word_1_661' title='bbox 2090 4227 2184 4280; x_wconf 80' lang='grc' dir='ltr'><strong>καὶ</strong></span> <span class='ocrx_word' id='word_1_662' title='bbox 2218 4228 2347 4281; x_wconf 81' lang='grc' dir='ltr'>εἴτι</span> <span class='ocrx_word' id='word_1_663' title='bbox 2383 4229 2593 4283; x_wconf 76' lang='grc' dir='ltr'>τοιοῦτο</span> <span class='ocrx_word' id='word_1_664' title='bbox 2613 4230 2849 4303; x_wconf 81' lang='grc' dir='ltr'>δέδρακα</span> <span class='ocrx_word' id='word_1_665' title='bbox 2883 4234 3129 4303; x_wconf 81' lang='grc' dir='ltr'>πώποτε,</span> <span class='ocrx_word' id='word_1_666' title='bbox 3163 4238 3261 4308; x_wconf 85' lang='grc' dir='ltr'>τῆς</span> <span class='ocrx_word' id='word_1_667' title='bbox 3299 4239 3400 4309; x_wconf 85' lang='grc' dir='ltr'>μὲν</span> <span class='ocrx_word' id='word_1_668' title='bbox 3437 4242 3537 4312; x_wconf 84' lang='grc' dir='ltr'>σῆς</span> <span class='ocrx_word' id='word_1_669' title='bbox 3573 4259 3671 4313; x_wconf 74' lang='grc' dir='ltr'>κηο</span> 
     </span>
    </p>
   </div>
   <div class='ocr_carea' id='block_1_89' title="bbox 2087 4318 3669 4399">
    <p class='ocr_par' dir='ltr' id='par_1_89' title="bbox 2087 4318 3669 4399">
     <span class='ocr_line' id='line_1_89' title="bbox 2087 4318 3669 4399; baseline 0.01 -28"><span class='ocrx_word' id='word_1_670' title='bbox 2087 4318 2338 4387; x_wconf 88' lang='grc' dir='ltr'>δεμονίας</span> <span class='ocrx_word' id='word_1_671' title='bbox 2392 4322 2715 4393; x_wconf 84' lang='grc' dir='ltr'>γυμνῶσαι·</span> <span class='ocrx_word' id='word_1_672' title='bbox 2770 4326 2932 4380; x_wconf 81' lang='grc' dir='ltr'>τοῦτο</span> <span class='ocrx_word' id='word_1_673' title='bbox 2963 4328 3071 4399; x_wconf 79' lang='grc' dir='ltr'>γὰρ</span> <span class='ocrx_word' id='word_1_674' title='bbox 3118 4330 3299 4398; x_wconf 82' lang='grc' dir='ltr'>λέγει,</span> <span class='ocrx_word' id='word_1_675' title='bbox 3357 4350 3377 4384; x_wconf 78' lang='grc' dir='ltr'><strong>ι</strong></span> <span class='ocrx_word' id='word_1_676' title='bbox 3433 4332 3669 4387; x_wconf 77' lang='grc' dir='ltr'>Ἀποπέ-</span> 
     </span>
    </p>
   </div>
   <div class='ocr_carea' id='block_1_90' title="bbox 364 4412 1996 4499">
    <p class='ocr_par' dir='ltr' id='par_1_90' title="bbox 364 4427 1983 4499">
     <span class='ocr_line' id='line_1_90' title="bbox 364 4427 1983 4499; baseline 0.001 -20"><span class='ocrx_word' id='word_1_677' title='bbox 364 4436 584 4482; x_wconf 66' lang='lat' dir='ltr'><strong>&quot;autem</strong></span> <span class='ocrx_word' id='word_1_678' title='bbox 651 4427 892 4485; x_wconf 87' lang='lat' dir='ltr'><strong>inimicis</strong></span> <span class='ocrx_word' id='word_1_679' title='bbox 948 4428 1086 4483; x_wconf 85' lang='lat' dir='ltr'><strong>meis</strong></span> <span class='ocrx_word' id='word_1_680' title='bbox 1118 4428 1404 4499; x_wconf 89' lang='lat' dir='ltr'><strong>subjicias,</strong></span> <span class='ocrx_word' id='word_1_681' title='bbox 1450 4428 1621 4483; x_wconf 88' lang='lat' dir='ltr'><strong>sicut</strong></span> <span class='ocrx_word' id='word_1_682' title='bbox 1659 4440 1767 4482; x_wconf 91' lang='lat' dir='ltr'><strong>non</strong></span> <span class='ocrx_word' id='word_1_683' title='bbox 1804 4428 1983 4484; x_wconf 89' lang='lat' dir='ltr'><strong>solum</strong></span> 
     </span>
    </p>
   </div>
   <div class='ocr_carea' id='block_1_91' title="bbox 2097 4412 3668 4499">
    <p class='ocr_par' dir='ltr' id='par_1_91' title="bbox 2097 4412 3668 4497">
     <span class='ocr_line' id='line_1_91' title="bbox 2097 4412 3668 4497; baseline 0.011 -34"><span class='ocrx_word' id='word_1_684' title='bbox 2097 4427 2243 4481; x_wconf 88' lang='grc' dir='ltr'>σοιμι</span> <span class='ocrx_word' id='word_1_685' title='bbox 2270 4412 2380 4485; x_wconf 80' lang='grc' dir='ltr'>ἄρα</span> <span class='ocrx_word' id='word_1_686' title='bbox 2411 4414 2519 4468; x_wconf 80' lang='grc' dir='ltr'><strong>ἀπὸ</strong></span> <span class='ocrx_word' id='word_1_687' title='bbox 2554 4415 2664 4487; x_wconf 82' lang='grc' dir='ltr'><strong>τῶν</strong></span> <span class='ocrx_word' id='word_1_688' title='bbox 2690 4417 2904 4488; x_wconf 83' lang='grc' dir='ltr'>ἐχθρῶν</span> <span class='ocrx_word' id='word_1_689' title='bbox 2928 4437 3031 4490; x_wconf 91' lang='grc' dir='ltr'><strong>μου</strong></span> <span class='ocrx_word' id='word_1_690' title='bbox 3059 4422 3217 4486; x_wconf 83' lang='grc' dir='ltr'>κενός</span> <span class='ocrx_word' id='word_1_691' title='bbox 3245 4440 3258 4454; x_wconf 76' lang='grc' dir='ltr'><strong><em>ο</em></strong></span> <span class='ocrx_word' id='word_1_692' title='bbox 3295 4443 3315 4477; x_wconf 77' lang='grc' dir='ltr'><strong>ι</strong></span> <span class='ocrx_word' id='word_1_693' title='bbox 3354 4423 3668 4497; x_wconf 83' lang='grc' dir='ltr'>ὑποχείριον</span> 
     </span>
    </p>
   </div>
   <div class='ocr_carea' id='block_1_92' title="bbox 344 4517 1982 4591">
    <p class='ocr_par' dir='ltr' id='par_1_92' title="bbox 344 4517 1982 4591">
     <span class='ocr_line' id='line_1_92' title="bbox 344 4517 1982 4591; baseline 0.001 -21"><span class='ocrx_word' id='word_1_694' title='bbox 344 4525 355 4542; x_wconf 86' lang='grc'><strong>’</strong></span> <span class='ocrx_word' id='word_1_695' title='bbox 388 4517 569 4586; x_wconf 78' lang='lat' dir='ltr'><strong>gloria</strong></span> <span class='ocrx_word' id='word_1_696' title='bbox 603 4526 659 4574; x_wconf 88' lang='lat' dir='ltr'><strong>et</strong></span> <span class='ocrx_word' id='word_1_697' title='bbox 684 4535 853 4591; x_wconf 87' lang='lat' dir='ltr'><strong>regno</strong></span> <span class='ocrx_word' id='word_1_698' title='bbox 876 4534 906 4574; x_wconf 83' lang='lat' dir='ltr'><strong>a</strong></span> <span class='ocrx_word' id='word_1_699' title='bbox 939 4528 992 4575; x_wconf 91' lang='lat' dir='ltr'><strong>te</strong></span> <span class='ocrx_word' id='word_1_700' title='bbox 1022 4519 1155 4573; x_wconf 87' lang='lat' dir='ltr'><strong>mihi</strong></span> <span class='ocrx_word' id='word_1_701' title='bbox 1189 4520 1319 4575; x_wconf 89' lang='lat' dir='ltr'><strong>dato</strong></span> <span class='ocrx_word' id='word_1_702' title='bbox 1349 4534 1435 4573; x_wconf 90' lang='lat' dir='ltr'><strong>me</strong></span> <span class='ocrx_word' id='word_1_703' title='bbox 1457 4518 1694 4589; x_wconf 83' lang='lat' dir='ltr'><strong>privent,</strong></span> <span class='ocrx_word' id='word_1_704' title='bbox 1725 4519 1820 4574; x_wconf 91' lang='lat' dir='ltr'><strong>sed</strong></span> <span class='ocrx_word' id='word_1_705' title='bbox 1851 4518 1982 4574; x_wconf 80' lang='lat' dir='ltr'><strong>ridi-</strong></span> 
     </span>
    </p>
   </div>
   <div class='ocr_carea' id='block_1_93' title="bbox 401 4606 1977 4679">
    <p class='ocr_par' dir='ltr' id='par_1_93' title="bbox 401 4606 1977 4679">
     <span class='ocr_line' id='line_1_93' title="bbox 401 4606 1977 4679; baseline -0.001 -17"><span class='ocrx_word' id='word_1_706' title='bbox 401 4609 537 4664; x_wconf 59' lang='lat' dir='ltr'><strong>cule</strong></span> <span class='ocrx_word' id='word_1_707' title='bbox 561 4610 721 4665; x_wconf 89' lang='lat' dir='ltr'><strong>morti</strong></span> <span class='ocrx_word' id='word_1_708' title='bbox 758 4626 844 4666; x_wconf 88' lang='lat' dir='ltr'><strong>me</strong></span> <span class='ocrx_word' id='word_1_709' title='bbox 870 4609 1106 4665; x_wconf 83' lang='lat' dir='ltr'><strong>tradant.</strong></span> <span class='ocrx_word' id='word_1_710' title='bbox 1140 4606 1275 4663; x_wconf 85' lang='lat' dir='ltr'><strong>Nam</strong></span> <span class='ocrx_word' id='word_1_711' title='bbox 1313 4607 1365 4663; x_wconf 90' lang='lat' dir='ltr'><strong>id</strong></span> <span class='ocrx_word' id='word_1_712' title='bbox 1396 4607 1723 4679; x_wconf 82' lang='lat' dir='ltr'><strong>signiﬁcavit</strong></span> <span class='ocrx_word' id='word_1_713' title='bbox 1749 4606 1977 4662; x_wconf 88' lang='lat' dir='ltr'><strong>dicens:</strong></span> 
     </span>
    </p>
   </div>
   <div class='ocr_carea' id='block_1_94' title="bbox 409 4699 1655 4774">
    <p class='ocr_par' dir='ltr' id='par_1_94' title="bbox 409 4699 1655 4774">
     <span class='ocr_line' id='line_1_94' title="bbox 409 4699 1655 4774; baseline -0.002 -19"><span class='ocrx_word' id='word_1_714' title='bbox 409 4717 427 4749; x_wconf 75' lang='grc' dir='ltr'><strong>ι</strong></span> <span class='ocrx_word' id='word_1_715' title='bbox 463 4699 704 4756; x_wconf 83' lang='lat' dir='ltr'><strong>Gloriam</strong></span> <span class='ocrx_word' id='word_1_716' title='bbox 736 4718 913 4758; x_wconf 86' lang='lat' dir='ltr'><strong>meam</strong></span> <span class='ocrx_word' id='word_1_717' title='bbox 947 4703 1000 4758; x_wconf 88' lang='lat' dir='ltr'><strong>in</strong></span> <span class='ocrx_word' id='word_1_718' title='bbox 1025 4702 1304 4774; x_wconf 85' lang='lat' dir='ltr'><strong>pulverem</strong></span> <span class='ocrx_word' id='word_1_719' title='bbox 1337 4700 1593 4756; x_wconf 87' lang='lat' dir='ltr'><strong>deducat.</strong></span> <span class='ocrx_word' id='word_1_720' title='bbox 1637 4719 1655 4752; x_wconf 74' lang='grc' dir='ltr'><strong>ι</strong></span> 
     </span>
    </p>
   </div>
   <div class='ocr_carea' id='block_1_95' title="bbox 474 4940 1976 5017">
    <p class='ocr_par' dir='ltr' id='par_1_95' title="bbox 474 4940 1976 5017">
     <span class='ocr_line' id='line_1_95' title="bbox 474 4940 1976 5017; baseline 0.005 -22"><span class='ocrx_word' id='word_1_721' title='bbox 474 4940 638 4997; x_wconf 73' lang='lat' dir='ltr'><strong>Vrsas.</strong></span> <span class='ocrx_word' id='word_1_722' title='bbox 675 4942 729 4998; x_wconf 81' lang='grc' dir='ltr'><strong>Ἰ.</strong></span> <span class='ocrx_word' id='word_1_723' title='bbox 767 4962 785 4995; x_wconf 78' lang='grc' dir='ltr'><strong>ι</strong></span> <span class='ocrx_word' id='word_1_724' title='bbox 823 4944 1090 5017; x_wconf 73' lang='lat' dir='ltr'><strong>Exsurge,</strong></span> <span class='ocrx_word' id='word_1_725' title='bbox 1127 4945 1380 5009; x_wconf 86' lang='lat' dir='ltr'><strong>Domine,</strong></span> <span class='ocrx_word' id='word_1_726' title='bbox 1410 4944 1463 4998; x_wconf 92' lang='lat' dir='ltr'><strong>in</strong></span> <span class='ocrx_word' id='word_1_727' title='bbox 1499 4945 1578 5000; x_wconf 86' lang='lat' dir='ltr'><strong>ira</strong></span> <span class='ocrx_word' id='word_1_728' title='bbox 1615 4954 1728 5011; x_wconf 88' lang='lat' dir='ltr'><strong>tua,</strong></span> <span class='ocrx_word' id='word_1_729' title='bbox 1756 4959 1807 5002; x_wconf 90' lang='lat' dir='ltr'><strong>et</strong></span> <span class='ocrx_word' id='word_1_730' title='bbox 1830 4948 1976 5003; x_wconf 74' lang='lat' dir='ltr'><strong>exal-</strong></span> 
     </span>
    </p>
   </div>
   <div class='ocr_carea' id='block_1_96' title="bbox 401 5036 1984 5111">
    <p class='ocr_par' dir='ltr' id='par_1_96' title="bbox 401 5036 1984 5111">
     <span class='ocr_line' id='line_1_96' title="bbox 401 5036 1984 5111; baseline 0.006 -22"><span class='ocrx_word' id='word_1_731' title='bbox 401 5042 521 5091; x_wconf 86' lang='lat' dir='ltr'><strong>tare</strong></span> <span class='ocrx_word' id='word_1_732' title='bbox 557 5036 608 5088; x_wconf 89' lang='lat' dir='ltr'><strong>in</strong></span> <span class='ocrx_word' id='word_1_733' title='bbox 638 5036 836 5093; x_wconf 87' lang='lat' dir='ltr'><strong>linibus</strong></span> <span class='ocrx_word' id='word_1_734' title='bbox 868 5038 1218 5095; x_wconf 87' lang='lat' dir='ltr'><strong>inimicorum</strong></span> <span class='ocrx_word' id='word_1_735' title='bbox 1248 5053 1519 5095; x_wconf 90' lang='lat' dir='ltr'><strong>meorum.</strong></span> <span class='ocrx_word' id='word_1_736' title='bbox 1562 5059 1582 5092; x_wconf 82' lang='grc'>›</span> <span class='ocrx_word' id='word_1_737' title='bbox 1621 5039 1984 5111; x_wconf 81' lang='lat' dir='ltr'><strong>Symmachus</strong></span> 
     </span>
    </p>
   </div>
   <div class='ocr_carea' id='block_1_97' title="bbox 2088 4502 3667 4590">
    <p class='ocr_par' dir='ltr' id='par_1_97' title="bbox 2088 4502 3667 4590">
     <span class='ocr_line' id='line_1_97' title="bbox 2088 4502 3667 4590; baseline 0.011 -34"><span class='ocrx_word' id='word_1_738' title='bbox 2088 4502 2147 4556; x_wconf 76' lang='grc' dir='ltr'>δὲ</span> <span class='ocrx_word' id='word_1_739' title='bbox 2176 4506 2290 4568; x_wconf 81' lang='grc' dir='ltr'>τοῖς</span> <span class='ocrx_word' id='word_1_740' title='bbox 2339 4505 2669 4578; x_wconf 85' lang='grc' dir='ltr'>δυσμενέσιν</span> <span class='ocrx_word' id='word_1_741' title='bbox 2712 4511 2994 4565; x_wconf 77' lang='grc' dir='ltr'>ἐκδοῦναι·</span> <span class='ocrx_word' id='word_1_742' title='bbox 3043 4512 3116 4577; x_wconf 77' lang='grc' dir='ltr'>ὡς</span> <span class='ocrx_word' id='word_1_743' title='bbox 3148 4516 3213 4568; x_wconf 83' lang='grc' dir='ltr'><strong>ἂν</strong></span> <span class='ocrx_word' id='word_1_744' title='bbox 3250 4517 3326 4588; x_wconf 84' lang='grc' dir='ltr'>μὴ</span> <span class='ocrx_word' id='word_1_745' title='bbox 3366 4517 3531 4587; x_wconf 91' lang='grc' dir='ltr'>μόνον</span> <span class='ocrx_word' id='word_1_746' title='bbox 3569 4518 3667 4590; x_wconf 84' lang='grc' dir='ltr'>τῆς</span> 
     </span>
    </p>
   </div>
   <div class='ocr_carea' id='block_1_98' title="bbox 2090 4593 3661 4678">
    <p class='ocr_par' dir='ltr' id='par_1_98' title="bbox 2090 4593 3661 4678">
     <span class='ocr_line' id='line_1_98' title="bbox 2090 4593 3661 4678; baseline 0.011 -33"><span class='ocrx_word' id='word_1_747' title='bbox 2090 4593 2245 4663; x_wconf 80' lang='grc' dir='ltr'>παρὰ</span> <span class='ocrx_word' id='word_1_748' title='bbox 2299 4595 2393 4649; x_wconf 82' lang='grc' dir='ltr'>σοῦ</span> <span class='ocrx_word' id='word_1_749' title='bbox 2456 4613 2526 4667; x_wconf 89' lang='grc' dir='ltr'><strong>με</strong></span> <span class='ocrx_word' id='word_1_750' title='bbox 2570 4598 2731 4671; x_wconf 81' lang='grc' dir='ltr'>δόξης</span> <span class='ocrx_word' id='word_1_751' title='bbox 2792 4601 2888 4654; x_wconf 79' lang='grc' dir='ltr'>καὶ</span> <span class='ocrx_word' id='word_1_752' title='bbox 2950 4602 3235 4673; x_wconf 87' lang='grc' dir='ltr'>βασιλείας</span> <span class='ocrx_word' id='word_1_753' title='bbox 3291 4608 3661 4678; x_wconf 83' lang='grc' dir='ltr'>γυμνώσαιεν,</span> 
     </span>
    </p>
   </div>
   <div class='ocr_carea' id='block_1_99' title="bbox 2090 4684 3663 4771">
    <p class='ocr_par' dir='ltr' id='par_1_99' title="bbox 2090 4684 3663 4771">
     <span class='ocr_line' id='line_1_99' title="bbox 2090 4684 3663 4771; baseline 0.011 -36"><span class='ocrx_word' id='word_1_754' title='bbox 2090 4684 2229 4737; x_wconf 88' lang='grc' dir='ltr'><strong>ἀλλά</strong></span> <span class='ocrx_word' id='word_1_755' title='bbox 2264 4686 2359 4739; x_wconf 73' lang='grc' dir='ltr'>καὶ</span> <span class='ocrx_word' id='word_1_756' title='bbox 2396 4689 2789 4762; x_wconf 83' lang='grc' dir='ltr'>καταγελάστῳ</span> <span class='ocrx_word' id='word_1_757' title='bbox 2841 4693 3139 4765; x_wconf 82' lang='grc' dir='ltr'>παραδοῖεν</span> <span class='ocrx_word' id='word_1_758' title='bbox 3205 4697 3448 4771; x_wconf 80' lang='grc' dir='ltr'>θανάτῳ.</span> <span class='ocrx_word' id='word_1_759' title='bbox 3496 4700 3663 4753; x_wconf 85' lang='grc' dir='ltr'>Τοῦτο</span> 
     </span>
    </p>
   </div>
   <div class='ocr_carea' id='block_1_100' title="bbox 2089 4776 3660 4862">
    <p class='ocr_par' dir='ltr' id='par_1_100' title="bbox 2089 4776 3660 4862">
     <span class='ocr_line' id='line_1_100' title="bbox 2089 4776 3660 4862; baseline 0.009 -34"><span class='ocrx_word' id='word_1_760' title='bbox 2089 4776 2197 4846; x_wconf 76' lang='grc' dir='ltr'><strong>γὰρ</strong></span> <span class='ocrx_word' id='word_1_761' title='bbox 2230 4777 2509 4849; x_wconf 82' lang='grc' dir='ltr'>ἐσήμανεν</span> <span class='ocrx_word' id='word_1_762' title='bbox 2555 4782 2816 4853; x_wconf 76' lang='grc' dir='ltr'>εἰρηκὼς,</span> <span class='ocrx_word' id='word_1_763' title='bbox 2850 4802 2868 4833; x_wconf 84' lang='grc' dir='ltr'><strong>ι</strong></span> <span class='ocrx_word' id='word_1_764' title='bbox 2928 4785 3034 4857; x_wconf 81' lang='grc' dir='ltr'><strong>Τὴν</strong></span> <span class='ocrx_word' id='word_1_765' title='bbox 3069 4787 3227 4853; x_wconf 78' lang='grc' dir='ltr'>δόξαν</span> <span class='ocrx_word' id='word_1_766' title='bbox 3271 4806 3372 4861; x_wconf 87' lang='grc' dir='ltr'><strong>μου</strong></span> <span class='ocrx_word' id='word_1_767' title='bbox 3420 4794 3500 4855; x_wconf 84' lang='grc' dir='ltr'><strong>είς</strong></span> <span class='ocrx_word' id='word_1_768' title='bbox 3534 4789 3660 4862; x_wconf 83' lang='grc' dir='ltr'>χοῦν</span> 
     </span>
    </p>
   </div>
   <div class='ocr_carea' id='block_1_101' title="bbox 2086 4869 2598 4941">
    <p class='ocr_par' dir='ltr' id='par_1_101' title="bbox 2086 4869 2598 4941">
     <span class='ocr_line' id='line_1_101' title="bbox 2086 4869 2598 4941; baseline 0.012 -21"><span class='ocrx_word' id='word_1_769' title='bbox 2086 4869 2530 4941; x_wconf 86' lang='grc' dir='ltr'>κατασκηνὼσαι.</span> <span class='ocrx_word' id='word_1_770' title='bbox 2581 4892 2598 4925; x_wconf 76' lang='grc' dir='ltr'><strong>ι</strong></span> 
     </span>
    </p>
   </div>
   <div class='ocr_carea' id='block_1_102' title="bbox 2163 4959 3662 5044">
    <p class='ocr_par' dir='ltr' id='par_1_102' title="bbox 2163 4959 3662 5044">
     <span class='ocr_line' id='line_1_102' title="bbox 2163 4959 3662 5044; baseline 0.007 -30"><span class='ocrx_word' id='word_1_771' title='bbox 2163 4959 2229 5022; x_wconf 79' lang='grc' dir='ltr'><strong>ζ’.</strong></span> <span class='ocrx_word' id='word_1_772' title='bbox 2257 4979 2276 5011; x_wconf 81' lang='grc' dir='ltr'><strong>ι</strong></span> <span class='ocrx_word' id='word_1_773' title='bbox 2299 4961 2612 5035; x_wconf 80' lang='grc' dir='ltr'>Ἀνάστηοι,</span> <span class='ocrx_word' id='word_1_774' title='bbox 2632 4968 2827 5037; x_wconf 83' lang='grc' dir='ltr'>Κύριε,</span> <span class='ocrx_word' id='word_1_775' title='bbox 2849 4970 2907 5023; x_wconf 82' lang='grc' dir='ltr'><strong>ἐν</strong></span> <span class='ocrx_word' id='word_1_776' title='bbox 2926 4972 3061 5043; x_wconf 79' lang='grc' dir='ltr'>ὀργῇ</span> <span class='ocrx_word' id='word_1_777' title='bbox 3084 4989 3199 5025; x_wconf 70' lang='grc' dir='ltr'>σουο</span> <span class='ocrx_word' id='word_1_778' title='bbox 3222 4973 3467 5044; x_wconf 81' lang='grc' dir='ltr'>ὑψώθητι</span> <span class='ocrx_word' id='word_1_779' title='bbox 3483 4973 3538 5026; x_wconf 87' lang='grc' dir='ltr'><strong>ἐν</strong></span> <span class='ocrx_word' id='word_1_780' title='bbox 3553 4974 3662 5035; x_wconf 85' lang='grc' dir='ltr'>τοῖς</span> 
     </span>
    </p>
   </div>
   <div class='ocr_carea' id='block_1_103' title="bbox 2094 5049 3666 5135">
    <p class='ocr_par' dir='ltr' id='par_1_103' title="bbox 2094 5049 3666 5135">
     <span class='ocr_line' id='line_1_103' title="bbox 2094 5049 3666 5135; baseline 0.018 -34"><span class='ocrx_word' id='word_1_781' title='bbox 2094 5049 2296 5121; x_wconf 82' lang='grc' dir='ltr'>πέρασι</span> <span class='ocrx_word' id='word_1_782' title='bbox 2321 5051 2364 5082; x_wconf 78' lang='grc'><strong>⁶¹</strong></span> <span class='ocrx_word' id='word_1_783' title='bbox 2400 5054 2508 5107; x_wconf 85' lang='grc' dir='ltr'>τῶν</span> <span class='ocrx_word' id='word_1_784' title='bbox 2543 5056 2756 5128; x_wconf 79' lang='grc' dir='ltr'>ἐχθρῶν</span> <span class='ocrx_word' id='word_1_785' title='bbox 2787 5078 2888 5131; x_wconf 84' lang='grc' dir='ltr'><strong>μου</strong></span> <span class='ocrx_word' id='word_1_786' title='bbox 2919 5064 2984 5114; x_wconf 67' lang='grc'><strong>⁸³.</strong></span> <span class='ocrx_word' id='word_1_787' title='bbox 3032 5083 3050 5115; x_wconf 76' lang='grc' dir='ltr'><strong>ι</strong></span> <span class='ocrx_word' id='word_1_788' title='bbox 3092 5064 3153 5117; x_wconf 84' lang='grc' dir='ltr'>Ὀ</span> <span class='ocrx_word' id='word_1_789' title='bbox 3207 5064 3307 5135; x_wconf 79' lang='grc' dir='ltr'>μὲν</span> <span class='ocrx_word' id='word_1_790' title='bbox 3330 5063 3426 5119; x_wconf 76' lang='grc' dir='ltr'><strong>οὖν</strong></span> <span class='ocrx_word' id='word_1_791' title='bbox 3459 5063 3504 5097; x_wconf 74' lang='grc'><strong>⁸³</strong></span> <span class='ocrx_word' id='word_1_792' title='bbox 3529 5065 3666 5134; x_wconf 83' lang='grc' dir='ltr'><strong>Σύμ-</strong></span> 
     </span>
    </p>
   </div>
   <div class='ocr_carea' id='block_1_104' title="bbox 1521 5172 2543 5242">
    <p class='ocr_par' dir='ltr' id='par_1_104' title="bbox 1521 5172 2543 5242">
     <span class='ocr_line' id='line_1_104' title="bbox 1521 5172 2543 5242; baseline 0.019 -18"><span class='ocrx_word' id='word_1_793' title='bbox 1521 5172 1753 5230; x_wconf 70' lang='grc' dir='ltr'>νΑιιιΑῑ</span> <span class='ocrx_word' id='word_1_794' title='bbox 1789 5177 2171 5239; x_wconf 76' lang='lat' dir='ltr'><strong>LECTIONES</strong></span> <span class='ocrx_word' id='word_1_795' title='bbox 2204 5184 2292 5238; x_wconf 84' lang='lat' dir='ltr'><strong>ET</strong></span> <span class='ocrx_word' id='word_1_796' title='bbox 2333 5185 2543 5242; x_wconf 63' lang='grc' dir='ltr'><strong>ΝΟΤΛΕ</strong></span> 
     </span>
    </p>
   </div>
   <div class='ocr_carea' id='block_1_105' title="bbox 471 5280 1411 5353">
    <p class='ocr_par' dir='ltr' id='par_1_105' title="bbox 471 5280 1411 5353">
     <span class='ocr_line' id='line_1_105' title="bbox 471 5280 1411 5353; baseline 0.002 -18"><span class='ocrx_word' id='word_1_797' title='bbox 471 5282 515 5314; x_wconf 77' lang='grc'>⁸⁸</span> <span class='ocrx_word' id='word_1_798' title='bbox 550 5280 766 5353; x_wconf 62' lang='grc' dir='ltr'>Αὐτός.</span> <span class='ocrx_word' id='word_1_799' title='bbox 807 5281 929 5336; x_wconf 86' lang='lat' dir='ltr'><strong>eod.</strong></span> <span class='ocrx_word' id='word_1_800' title='bbox 965 5291 1193 5353; x_wconf 84' lang='lat' dir='ltr'><strong>uterque</strong></span> <span class='ocrx_word' id='word_1_801' title='bbox 1222 5283 1411 5337; x_wconf 76' lang='grc' dir='ltr'>αὐτοῦ.</span> 
     </span>
    </p>
   </div>
   <div class='ocr_carea' id='block_1_106' title="bbox 1517 5284 1996 5333">
    <p class='ocr_par' dir='ltr' id='par_1_106' title="bbox 1517 5284 1996 5333">
     <span class='ocr_line' id='line_1_106' title="bbox 1517 5284 1996 5333; baseline 0 0"><span class='ocrx_word' id='word_1_802' title='bbox 1517 5284 1565 5316; x_wconf 75' lang='grc'><strong>⁸³</strong></span> <span class='ocrx_word' id='word_1_803' title='bbox 1604 5286 1737 5333; x_wconf 74' lang='grc' dir='ltr'><strong>Τῆρ-</strong></span> <span class='ocrx_word' id='word_1_804' title='bbox 1787 5290 1906 5333; x_wconf 65' lang='lat' dir='ltr'><strong>cmi</strong></span> <span class='ocrx_word' id='word_1_805' title='bbox 1945 5299 1996 5333; x_wconf 87' lang='lat' dir='ltr'><strong>nl</strong></span> 
     </span>
    </p>
   </div>
   <div class='ocr_carea' id='block_1_107' title="bbox 2097 5284 3600 5333">
    <p class='ocr_par' dir='ltr' id='par_1_107' title="bbox 2097 5300 3600 5333">
     <span class='ocr_line' id='line_1_107' title="bbox 2097 5300 3600 5333; baseline 0 0"><span class='ocrx_word' id='word_1_806' title='bbox 2097 5308 2175 5333; x_wconf 38' lang='lat' dir='ltr'><strong>tum</strong></span> <span class='ocrx_word' id='word_1_807' title='bbox 2218 5309 2382 5333; x_wconf 69' lang='lat' dir='ltr'><strong>nrmm</strong></span> <span class='ocrx_word' id='word_1_808' title='bbox 2439 5300 2506 5333; x_wconf 68' lang='grc' dir='ltr'>..τι</span> <span class='ocrx_word' id='word_1_809' title='bbox 2633 5301 2680 5333; x_wconf 75' lang='lat' dir='ltr'><strong>sa</strong></span> <span class='ocrx_word' id='word_1_810' title='bbox 2713 5304 2812 5333; x_wconf 67' lang='grc' dir='ltr'><strong>ηηιῑ</strong></span> <span class='ocrx_word' id='word_1_811' title='bbox 2885 5315 3070 5333; x_wconf 61' lang='grc' dir='ltr'>..Ληιλ-</span> <span class='ocrx_word' id='word_1_812' title='bbox 3102 5320 3325 5333; x_wconf 56' lang='grc' dir='ltr'><strong>-.η-ω--</strong></span> <span class='ocrx_word' id='word_1_813' title='bbox 3358 5312 3517 5333; x_wconf 72' lang='grc' dir='ltr'><strong>ι--ι--.</strong></span> <span class='ocrx_word' id='word_1_814' title='bbox 3552 5313 3600 5333; x_wconf 39' lang='grc' dir='ltr'><strong>-.ο</strong></span> 
     </span>
    </p>
   </div>
   <div class='ocr_carea' id='block_1_108' title="bbox 399 5290 3665 5477">
    <p class='ocr_par' dir='ltr' id='par_1_108' title="bbox 399 5290 3665 5477">
     <span class='ocr_line' id='line_1_108' title="bbox 471 5290 3665 5420; baseline 0.009 -84"><span class='ocrx_word' id='word_1_815' title='bbox 471 5290 515 5314; x_wconf 79' lang='grc'><strong><em>⁵³</em></strong></span> <span class='ocrx_word' id='word_1_816' title='bbox 550 5290 766 5345; x_wconf 74' lang='grc' dir='ltr'>Αὐτός.</span> <span class='ocrx_word' id='word_1_817' title='bbox 807 5290 929 5336; x_wconf 81' lang='lat' dir='ltr'><strong>eod.</strong></span> <span class='ocrx_word' id='word_1_818' title='bbox 965 5291 1193 5365; x_wconf 68' lang='lat' dir='ltr'><strong>uterque</strong></span> <span class='ocrx_word' id='word_1_819' title='bbox 1222 5290 1411 5370; x_wconf 59' lang='grc' dir='ltr'>αὐτοῦ.</span> <span class='ocrx_word' id='word_1_820' title='bbox 1517 5290 1565 5316; x_wconf 90' lang='lat'><strong>&quot;</strong></span> <span class='ocrx_word' id='word_1_821' title='bbox 1604 5290 1737 5355; x_wconf 78' lang='grc' dir='ltr'><strong>Τῆς.</strong></span> <span class='ocrx_word' id='word_1_822' title='bbox 1787 5290 1909 5344; x_wconf 89' lang='lat' dir='ltr'><strong>cod.</strong></span> <span class='ocrx_word' id='word_1_823' title='bbox 1945 5299 2175 5362; x_wconf 85' lang='lat' dir='ltr'><strong>uterque</strong></span> <span class='ocrx_word' id='word_1_824' title='bbox 2218 5309 2406 5364; x_wconf 75' lang='lat' dir='ltr'><strong>prtem.</strong></span> <span class='ocrx_word' id='word_1_825' title='bbox 2439 5300 2528 5420; x_wconf 58' lang='grc' dir='ltr'><strong>τηἑ</strong></span> <span class='ocrx_word' id='word_1_826' title='bbox 2633 5301 2680 5333; x_wconf 83' lang='grc'>⁸³</span> <span class='ocrx_word' id='word_1_827' title='bbox 2711 5304 2833 5359; x_wconf 90' lang='lat' dir='ltr'><strong>cod.</strong></span> <span class='ocrx_word' id='word_1_828' title='bbox 2885 5315 3070 5361; x_wconf 88' lang='lat' dir='ltr'><strong>noster</strong></span> <span class='ocrx_word' id='word_1_829' title='bbox 3102 5320 3329 5380; x_wconf 82' lang='lat' dir='ltr'><strong>uterque</strong></span> <span class='ocrx_word' id='word_1_830' title='bbox 3358 5312 3522 5367; x_wconf 86' lang='lat' dir='ltr'><strong>habet</strong></span> <span class='ocrx_word' id='word_1_831' title='bbox 3546 5309 3665 5365; x_wconf 74' lang='grc' dir='ltr'><strong>οὐδὲ</strong></span> 
     </span>
     <span class='ocr_line' id='line_1_109' title="bbox 399 5352 3664 5477; baseline 0.007 -71"><span class='ocrx_word' id='word_1_832' title='bbox 579 5352 651 5407; x_wconf 88' lang='lat' dir='ltr'><strong>Ita</strong></span> <span class='ocrx_word' id='word_1_833' title='bbox 682 5366 900 5429; x_wconf 87' lang='lat' dir='ltr'><strong>quaque</strong></span> <span class='ocrx_word' id='word_1_834' title='bbox 923 5352 1026 5423; x_wconf 89' lang='lat' dir='ltr'><strong>leg.</strong></span> <span class='ocrx_word' id='word_1_835' title='bbox 1055 5369 1108 5439; x_wconf 73' lang='lat' dir='ltr'><strong>In</strong></span> <span class='ocrx_word' id='word_1_836' title='bbox 1135 5355 1258 5408; x_wconf 89' lang='lat' dir='ltr'><strong>cod.</strong></span> <span class='ocrx_word' id='word_1_837' title='bbox 1292 5353 1533 5408; x_wconf 74' lang='lat' dir='ltr'><strong>[‘lurent.</strong></span> <span class='ocrx_word' id='word_1_838' title='bbox 1567 5371 1731 5426; x_wconf 84' lang='lat' dir='ltr'><strong>supra</strong></span> <span class='ocrx_word' id='word_1_839' title='bbox 1771 5373 2219 5446; x_wconf 69' lang='lat' dir='ltr'><strong>commemorato.</strong></span> <span class='ocrx_word' id='word_1_840' title='bbox 2262 5365 2310 5398; x_wconf 70' lang='grc'><strong>⁵⁸</strong></span> <span class='ocrx_word' id='word_1_841' title='bbox 2332 5368 2455 5421; x_wconf 84' lang='lat' dir='ltr'><strong>cod.</strong></span> <span class='ocrx_word' id='word_1_842' title='bbox 2533 5369 2631 5424; x_wconf 87' lang='lat' dir='ltr'><strong>lor.</strong></span> <span class='ocrx_word' id='word_1_843' title='bbox 2665 5371 2873 5459; x_wconf 60' lang='grc' dir='ltr'>θαρρῶ.</span> <span class='ocrx_word' id='word_1_844' title='bbox 2971 5379 3017 5410; x_wconf 80' lang='grc'><strong><em>⁸⁸</em></strong></span> <span class='ocrx_word' id='word_1_845' title='bbox 3046 5378 3169 5434; x_wconf 75' lang='grc' dir='ltr'>Ἐν.</span> <span class='ocrx_word' id='word_1_846' title='bbox 3198 5382 3366 5436; x_wconf 77' lang='lat' dir='ltr'><strong>Abest</strong></span> <span class='ocrx_word' id='word_1_847' title='bbox 3396 5398 3426 5435; x_wconf 67' lang='grc' dir='ltr'><strong>τι</strong></span> <span class='ocrx_word' id='word_1_848' title='bbox 3457 5385 3580 5438; x_wconf 73' lang='lat' dir='ltr'><strong>cod.</strong></span> <span class='ocrx_word' id='word_1_849' title='bbox 3611 5382 3664 5434; x_wconf 70' lang='lat'><strong>2.</strong></span> 
     </span>
     <span class='ocr_line' id='line_1_110' title="bbox 528 5423 3642 5477; baseline 0 -1"><span class='ocrx_word' id='word_1_850' title='bbox 528 5433 839 5477; x_wconf 74' lang='grc' dir='ltr'>εοιφεοων.</span> <span class='ocrx_word' id='word_1_851' title='bbox 898 5424 1161 5476; x_wconf 58' lang='lat' dir='ltr'><strong>Iustam».</strong></span> <span class='ocrx_word' id='word_1_852' title='bbox 1195 5425 1314 5477; x_wconf 90' lang='lat' dir='ltr'><strong>cod.</strong></span> <span class='ocrx_word' id='word_1_853' title='bbox 1351 5423 1495 5477; x_wconf 84' lang='lat' dir='ltr'><strong>Flor.</strong></span> <span class='ocrx_word' id='word_1_854' title='bbox 1551 5429 1879 5477; x_wconf 61' lang='lat' dir='ltr'><strong>sumet-Eam-</strong></span> <span class='ocrx_word' id='word_1_855' title='bbox 1922 5432 2201 5477; x_wconf 61' lang='lat' dir='ltr'><strong>ixatsunw,</strong></span> <span class='ocrx_word' id='word_1_856' title='bbox 2286 5436 2330 5468; x_wconf 73' lang='grc' dir='ltr'>υτ</span> <span class='ocrx_word' id='word_1_857' title='bbox 2361 5439 2477 5477; x_wconf 66' lang='lat' dir='ltr'><strong>0nd,</strong></span> <span class='ocrx_word' id='word_1_858' title='bbox 2520 5437 2646 5477; x_wconf 70' lang='lat' dir='ltr'><strong>mm.</strong></span> <span class='ocrx_word' id='word_1_859' title='bbox 2719 5444 2932 5477; x_wconf 48' lang='grc' dir='ltr'><strong>λειω...</strong></span> <span class='ocrx_word' id='word_1_860' title='bbox 3057 5449 3102 5477; x_wconf 76' lang='grc' dir='ltr'>η</span> <span class='ocrx_word' id='word_1_861' title='bbox 3139 5453 3201 5477; x_wconf 81' lang='lat' dir='ltr'><strong>m</strong></span> <span class='ocrx_word' id='word_1_862' title='bbox 3237 5467 3309 5477; x_wconf 73' lang='lat'><strong>--</strong></span> <span class='ocrx_word' id='word_1_863' title='bbox 3333 5453 3642 5477; x_wconf 73' lang='lat'><strong>.-.-__-.--_-_</strong></span> 
     </span>
    </p>
   </div>
   <div class='ocr_carea' id='block_1_109' title="bbox 528 5439 593 5491">
    <p class='ocr_par' dir='ltr' id='par_1_109' title="bbox 528 5439 593 5491">
     <span class='ocr_line' id='line_1_111' title="bbox 528 5439 593 5491; baseline 0 0"><span class='ocrx_word' id='word_1_864' title='bbox 528 5439 593 5491; x_wconf 79' lang='grc' dir='ltr'><strong>εΡ</strong></span> 
     </span>
    </p>
   </div>
   <div class='ocr_carea' id='block_1_110' title="bbox 598 5423 1996 5499">
    <p class='ocr_par' dir='ltr' id='par_1_110' title="bbox 598 5423 1996 5499">
     <span class='ocr_line' id='line_1_112' title="bbox 598 5423 1996 5499; baseline 0.006 -25"><span class='ocrx_word' id='word_1_865' title='bbox 598 5425 851 5499; x_wconf 35' lang='grc' dir='ltr'>φέρων.)-</span> <span class='ocrx_word' id='word_1_866' title='bbox 898 5424 1161 5499; x_wconf 36' lang='lat' dir='ltr'><strong>(unsafe.</strong></span> <span class='ocrx_word' id='word_1_867' title='bbox 1195 5423 1495 5499; x_wconf 22' lang='lat' dir='ltr'><strong>cod_.AFlor.</strong></span> <span class='ocrx_word' id='word_1_868' title='bbox 1551 5423 1880 5499; x_wconf 76' lang='grc' dir='ltr'>παραφέρω,</span> <span class='ocrx_word' id='word_1_869' title='bbox 1922 5432 1996 5482; x_wconf 87' lang='grc' dir='ltr'><strong>ίκε</strong></span> 
     </span>
    </p>
   </div>
   <div class='ocr_carea' id='block_1_111' title="bbox 2097 5423 2951 5499">
    <p class='ocr_par' dir='ltr' id='par_1_111' title="bbox 2097 5423 2951 5499">
     <span class='ocr_line' id='line_1_113' title="bbox 2097 5423 2951 5499; baseline 0.016 -14"><span class='ocrx_word' id='word_1_870' title='bbox 2097 5434 2202 5489; x_wconf 64' lang='grc' dir='ltr'>ιων.</span> <span class='ocrx_word' id='word_1_871' title='bbox 2286 5436 2330 5468; x_wconf 81' lang='grc'>⁸⁷</span> <span class='ocrx_word' id='word_1_872' title='bbox 2361 5439 2483 5492; x_wconf 92' lang='lat' dir='ltr'><strong>cod.</strong></span> <span class='ocrx_word' id='word_1_873' title='bbox 2519 5423 2951 5499; x_wconf 51' lang='grc' dir='ltr'>Ριοίοῖἑὲὲξιὶια.</span> 
     </span>
    </p>
   </div>
   <div class='ocr_carea' id='block_1_112' title="bbox 2665 5371 3664 5444">
    <p class='ocr_par' dir='ltr' id='par_1_112' title="bbox 2665 5371 3664 5444">
     <span class='ocr_line' id='line_1_114' title="bbox 2665 5371 3664 5444; baseline 0.008 -19"><span class='ocrx_word' id='word_1_874' title='bbox 2665 5371 2873 5444; x_wconf 80' lang='grc' dir='ltr'>θαρῤῶ.</span> <span class='ocrx_word' id='word_1_875' title='bbox 2971 5379 3017 5410; x_wconf 80' lang='grc'><strong><em>⁸⁸</em></strong></span> <span class='ocrx_word' id='word_1_876' title='bbox 3046 5378 3169 5434; x_wconf 75' lang='grc' dir='ltr'><strong>Ἐν.</strong></span> <span class='ocrx_word' id='word_1_877' title='bbox 3198 5371 3366 5436; x_wconf 79' lang='lat' dir='ltr'><strong>Abest</strong></span> <span class='ocrx_word' id='word_1_878' title='bbox 3396 5398 3426 5435; x_wconf 91' lang='lat' dir='ltr'><strong>a</strong></span> <span class='ocrx_word' id='word_1_879' title='bbox 3457 5385 3580 5438; x_wconf 86' lang='lat' dir='ltr'><strong>cod.</strong></span> <span class='ocrx_word' id='word_1_880' title='bbox 3611 5382 3664 5434; x_wconf 71' lang='lat'><strong>2.</strong></span> 
     </span>
    </p>
   </div>
   <div class='ocr_carea' id='block_1_113' title="bbox 3057 5449 3660 5519">
    <p class='ocr_par' dir='ltr' id='par_1_113' title="bbox 3057 5449 3660 5519">
     <span class='ocr_line' id='line_1_115' title="bbox 3057 5449 3660 5519; baseline 0.002 -17"><span class='ocrx_word' id='word_1_881' title='bbox 3057 5449 3102 5481; x_wconf 80' lang='grc'><strong>⁸⁸</strong></span> <span class='ocrx_word' id='word_1_882' title='bbox 3137 5453 3201 5502; x_wconf 85' lang='lat' dir='ltr'><strong>Ol</strong></span> <span class='ocrx_word' id='word_1_883' title='bbox 3232 5453 3660 5519; x_wconf 73' lang='grc' dir='ltr'>πολεμοῦντες.</span> 
     </span>
    </p>
   </div>
   <div class='ocr_carea' id='block_1_114' title="bbox 401 5491 1996 5592">
    <p class='ocr_par' dir='ltr' id='par_1_114' title="bbox 401 5491 1996 5592">
     <span class='ocr_line' id='line_1_116' title="bbox 401 5491 1996 5592; baseline 0.004 -46"><span class='ocrx_word' id='word_1_884' title='bbox 401 5492 767 5592; x_wconf 46' lang='grc' dir='ltr'>Βοεέἰιιοριί.</span> <span class='ocrx_word' id='word_1_885' title='bbox 795 5491 843 5592; x_wconf 62' lang='lat'>1:</span> <span class='ocrx_word' id='word_1_886' title='bbox 841 5495 963 5592; x_wconf 52' lang='lat' dir='ltr'><strong>lor;</strong></span> <span class='ocrx_word' id='word_1_887' title='bbox 1021 5491 1406 5592; x_wconf 43' lang='grc' dir='ltr'>Ἔμξζτιξῦηθρ.</span> <span class='ocrx_word' id='word_1_888' title='bbox 1431 5496 1600 5592; x_wconf 41' lang='lat' dir='ltr'><strong>abest</strong></span> <span class='ocrx_word' id='word_1_889' title='bbox 1631 5491 1816 5592; x_wconf 33' lang='lat' dir='ltr'><strong>traced.</strong></span> <span class='ocrx_word' id='word_1_890' title='bbox 1843 5491 1897 5553; x_wconf 70' lang='grc' dir='ltr'><strong>Ξ.</strong></span> <span class='ocrx_word' id='word_1_891' title='bbox 1946 5501 1996 5592; x_wconf 52' lang='grc' dir='ltr'>ιθ</span> 
     </span>
    </p>
   </div>
   <div class='ocr_carea' id='block_1_115' title="bbox 2097 5491 3663 5592">
    <p class='ocr_par' dir='ltr' id='par_1_115' title="bbox 2097 5491 3663 5592">
     <span class='ocr_line' id='line_1_117' title="bbox 2097 5491 3663 5592; baseline 0.013 -36"><span class='ocrx_word' id='word_1_892' title='bbox 2097 5506 2293 5592; x_wconf 62' lang='grc' dir='ltr'>ῑοςεπρ,</span> <span class='ocrx_word' id='word_1_893' title='bbox 2326 5508 2493 5592; x_wconf 77' lang='lat' dir='ltr'><strong>codex</strong></span> <span class='ocrx_word' id='word_1_894' title='bbox 2510 5491 3050 5592; x_wconf 30' lang='lat' dir='ltr'><strong>ttutérqué&#39;éfébru.</strong></span> <span class='ocrx_word' id='word_1_895' title='bbox 3091 5491 3663 5592; x_wconf 50' lang='grc' dir='ltr'><strong>ρῖἰεῖἶῖτῗᾷἆξᾶεἰῆἶιξ</strong></span> 
     </span>
    </p>
   </div>
   <div class='ocr_carea' id='block_1_116' title="bbox 401 5560 2003 5631">
    <p class='ocr_par' dir='ltr' id='par_1_116' title="bbox 401 5560 2003 5631">
     <span class='ocr_line' id='line_1_118' title="bbox 401 5560 2003 5631; baseline 0.007 -17"><span class='ocrx_word' id='word_1_896' title='bbox 401 5562 445 5631; x_wconf 14' lang='grc' dir='ltr'>⁶μ¹</span> <span class='ocrx_word' id='word_1_897' title='bbox 483 5562 588 5615; x_wconf 84' lang='grc' dir='ltr'><strong>Ἐν</strong></span> <span class='ocrx_word' id='word_1_898' title='bbox 614 5563 738 5629; x_wconf 78' lang='grc' dir='ltr'>τοῖς</span> <span class='ocrx_word' id='word_1_899' title='bbox 766 5564 1005 5631; x_wconf 81' lang='grc' dir='ltr'>πέρασι.</span> <span class='ocrx_word' id='word_1_900' title='bbox 1042 5560 1273 5631; x_wconf 80' lang='lat' dir='ltr'><strong>Propius</strong></span> <span class='ocrx_word' id='word_1_901' title='bbox 1299 5569 1365 5618; x_wconf 88' lang='lat' dir='ltr'><strong>ad</strong></span> <span class='ocrx_word' id='word_1_902' title='bbox 1431 5563 1592 5619; x_wconf 86' lang='lat' dir='ltr'><strong>Ilebr.</strong></span> <span class='ocrx_word' id='word_1_903' title='bbox 1630 5569 1907 5623; x_wconf 78' lang='lat' dir='ltr'><strong>veritatem</strong></span> <span class='ocrx_word' id='word_1_904' title='bbox 1946 5570 2003 5625; x_wconf 90' lang='lat' dir='ltr'><strong>h.</strong></span> 
     </span>
    </p>
   </div>
   <div class='ocr_carea' id='block_1_117' title="bbox 399 5629 1368 5690">
    <p class='ocr_par' dir='ltr' id='par_1_117' title="bbox 399 5629 1368 5690">
     <span class='ocr_line' id='line_1_119' title="bbox 399 5629 1368 5690; baseline 0.004 -8"><span class='ocrx_word' id='word_1_905' title='bbox 399 5629 596 5685; x_wconf 83' lang='lat' dir='ltr'><strong>deinde</strong></span> <span class='ocrx_word' id='word_1_906' title='bbox 651 5649 679 5685; x_wconf 87' lang='lat' dir='ltr'><strong>a</strong></span> <span class='ocrx_word' id='word_1_907' title='bbox 735 5629 934 5690; x_wconf 73' lang='lat' dir='ltr'><strong>Nostro</strong></span> <span class='ocrx_word' id='word_1_908' title='bbox 994 5629 1368 5688; x_wconf 79' lang='lat' dir='ltr'><strong>recensentur.</strong></span> 
     </span>
    </p>
   </div>
   <div class='ocr_carea' id='block_1_118' title="bbox 390 5695 1343 5773">
    <p class='ocr_par' dir='ltr' id='par_1_118' title="bbox 390 5695 1343 5773">
     <span class='ocr_line' id='line_1_120' title="bbox 390 5695 1343 5773; baseline 0.004 -21"><span class='ocrx_word' id='word_1_909' title='bbox 390 5699 451 5730; x_wconf 59' lang='grc'><strong>*³</strong></span> <span class='ocrx_word' id='word_1_910' title='bbox 480 5695 626 5756; x_wconf 70' lang='grc' dir='ltr'><strong>Οὗν.</strong></span> <span class='ocrx_word' id='word_1_911' title='bbox 652 5703 817 5759; x_wconf 78' lang='lat' dir='ltr'><strong>Abest</strong></span> <span class='ocrx_word' id='word_1_912' title='bbox 846 5705 915 5761; x_wconf 89' lang='lat' dir='ltr'><strong>ab</strong></span> <span class='ocrx_word' id='word_1_913' title='bbox 948 5713 1181 5773; x_wconf 76' lang='lat' dir='ltr'><strong>utroque</strong></span> <span class='ocrx_word' id='word_1_914' title='bbox 1216 5703 1343 5756; x_wconf 88' lang='lat' dir='ltr'><strong>cod.</strong></span> 
     </span>
    </p>
   </div>
   <div class='ocr_carea' id='block_1_119' title="bbox 1484 5573 3667 5667">
    <p class='ocr_par' dir='ltr' id='par_1_119' title="bbox 1484 5573 3667 5667">
     <span class='ocr_line' id='line_1_121' title="bbox 1484 5573 3667 5667; baseline 0.011 -46"><span class='ocrx_word' id='word_1_915' title='bbox 1484 5573 1932 5667; x_wconf 32' lang='lat' dir='ltr'><strong>inﬁxerit-attento</strong></span> <span class='ocrx_word' id='word_1_916' title='bbox 1946 5573 2076 5667; x_wconf 40' lang='grc' dir='ltr'><strong>1η]ἶ</strong></span> <span class='ocrx_word' id='word_1_917' title='bbox 2133 5573 2485 5667; x_wconf 72' lang='lat' dir='ltr'><strong>accesserunt</strong></span> <span class='ocrx_word' id='word_1_918' title='bbox 2509 5573 2716 5650; x_wconf 81' lang='lat' dir='ltr'><strong>Symm.</strong></span> <span class='ocrx_word' id='word_1_919' title='bbox 2747 5593 2798 5637; x_wconf 88' lang='lat' dir='ltr'><strong>et</strong></span> <span class='ocrx_word' id='word_1_920' title='bbox 2824 5573 3161 5667; x_wconf 63' lang='lat' dir='ltr'><strong>&#39;i‘heedotio,</strong></span> <span class='ocrx_word' id='word_1_921' title='bbox 3191 5573 3351 5667; x_wconf 66' lang='lat' dir='ltr'><strong>cujus</strong></span> <span class='ocrx_word' id='word_1_922' title='bbox 3388 5573 3667 5667; x_wconf 53' lang='lat' dir='ltr'><strong>itefsiim&#39;es</strong></span> 
     </span>
    </p>
   </div>
   <div class='ocr_carea' id='block_1_120' title="bbox 1508 5639 3661 5731">
    <p class='ocr_par' dir='ltr' id='par_1_120' title="bbox 1508 5639 3661 5731">
     <span class='ocr_line' id='line_1_122' title="bbox 1508 5639 3661 5731; baseline 0.012 -42"><span class='ocrx_word' id='word_1_923' title='bbox 1508 5643 1529 5673; x_wconf 82' lang='grc'>¹</span> <span class='ocrx_word' id='word_1_924' title='bbox 1559 5640 1708 5691; x_wconf 83' lang='grc' dir='ltr'>Μου.</span> <span class='ocrx_word' id='word_1_925' title='bbox 1747 5640 1866 5695; x_wconf 89' lang='lat' dir='ltr'><strong>cod.</strong></span> <span class='ocrx_word' id='word_1_926' title='bbox 1898 5639 1933 5694; x_wconf 77' lang='grc'>2</span> <span class='ocrx_word' id='word_1_927' title='bbox 1985 5643 2151 5701; x_wconf 88' lang='lat' dir='ltr'><strong>habet</strong></span> <span class='ocrx_word' id='word_1_928' title='bbox 2194 5662 2311 5713; x_wconf 87' lang='grc' dir='ltr'>σου,</span> <span class='ocrx_word' id='word_1_929' title='bbox 2347 5656 2399 5704; x_wconf 91' lang='lat' dir='ltr'><strong>et</strong></span> <span class='ocrx_word' id='word_1_930' title='bbox 2443 5648 2523 5704; x_wconf 90' lang='lat' dir='ltr'><strong>sic</strong></span> <span class='ocrx_word' id='word_1_931' title='bbox 2551 5639 2793 5724; x_wconf 64' lang='lat' dir='ltr'><strong>&#39;quoque</strong></span> <span class='ocrx_word' id='word_1_932' title='bbox 2833 5639 3661 5731; x_wconf 52' lang='lat' dir='ltr'><strong>teg.iii&#39;é¢iii.&#39;.iiiifdtinuit:</strong></span> 
     </span>
    </p>
   </div>
  </div>
