4038 6214
391 345 499 411 θέὶθ

1800 333 1883 393 IN
1926 332 2130 392 PSAL.
2160 331 2292 392 VII.

3560 307 3673 405 910'

394 468 591 524 μαχος,
627 449 697 504 ὲν
716 449 904 522 χόλῳ,
929 446 959 500 ὁ
1000 447 1056 501 δὲ
1083 445 1402 511 Θεοδοτίων,
1439 445 1506 499 ἐν
1535 442 1719 513 θυμῷ,
1759 445 1784 497 ὁ
1813 443 1870 496 δέ
1910 461 1973 511 γε

2089 440 2301 510 quidem
2331 438 2387 494 in
2417 438 2895 507 bileﬂlteodotion
2914 424 2976 496 in
3001 442 3201 511 furore,
3220 444 3416 515 Aquila
3448 463 3576 505 vero
3611 454 3665 506 in

405 544 667 610 Ἀκύλας,
700 542 770 597 ἐν
804 542 1216 610 ἀνυπερθεσίᾳ
1261 540 1603 612 ἡρμήνευσε.
1662 536 1980 605 Παρακαλεί

2081 532 2351 587 celeritate
2402 531 2740 603 interpretati
2782 541 2932 589 sunt.
2969 535 3230 590 Obsecrat
3269 538 3433 609 igitur
3456 541 3665 610 justum

391 637 573 692 τοίνυν
594 635 685 689 τὸν
715 633 924 688 δίκαιον
950 633 1143 704 κριτὴν
1178 631 1379 705 μηκέτι
1418 629 1775 703 μακροθυμίᾳ
1794 669 1809 689 ,
1844 628 1980 681 ἀλλὰ

2089 624 2342 693 iudicem,
2393 641 2461 681 ne
2510 624 2747 696 amplius
2779 625 3208 698 longanimitate,
3245 635 3339 686 sed
3365 632 3514 703 justa
3544 650 3668 691 seu-

394 726 577 798 δικαίᾳ.
605 727 958 797 χρησάμενον
991 722 1179 795 ψήφῳ,
1244 723 1347 793 τὴν
1386 721 1665 793 τιμωρίαν
1705 717 1978 772 ἐπιθεῖναι

392 821 502 880 τοῖς
542 815 815 870 ἀδικοῦσι.
841 814 914 867 Τὸ
945 815 1080 886 γὰρ,
1103 812 1425 882 ἀνάστηθι,
1458 812 1578 866 ἀντὶ
1615 810 1737 876 τοῦ,
1778 809 1978 880 μηκέτι

394 907 859 981 μακροθυμήσης,
880 906 1095 961 τέθεικε
1112 923 1126 937 ·
1147 904 1393 960 τοιοῦτόν
1423 907 1542 960 ἐστι
1562 905 1643 971 τὸ,
1668 923 1687 956 ι
1727 903 1979 975 Ἑξεγέρ-

390 1002 563 1073 θητι,
598 998 687 1054 ἵνα
746 999 802 1051 τί
852 998 1065 1063 ὑπνοῖς,
1097 998 1294 1069 Κύριε.
1341 1017 1359 1049 ι
1399 999 1493 1051 καὶ
1514 997 1626 1069 γὰρ
1656 997 1776 1051 ἐκεῖ
1813 995 1980 1049 ὕπνον

387 1095 489 1166 τὴν
530 1091 919 1165 μακροθυμίαν
953 1091 1206 1145 ἐκάλεσε.
1241 1091 1371 1154 Καὶ,
1412 1108 1432 1142 ι
1489 1090 1746 1155 Ἀνάστα,
1780 1088 1976 1160 Κύριε,

391 1186 662 1258 βοήθησον
692 1186 847 1256 ἡμῖν.
892 1204 911 1236 ι
945 1185 1006 1238 '0
1036 1184 1228 1252 καιρὸς
1254 1184 1362 1255 γὰρ
1386 1183 1446 1235 ού
1474 1182 1520 1213 θ’
1542 1181 1976 1252 φιλανθρωπίας,

389 1277 527 1331 ἀλλὰ
564 1277 781 1340 δικαίας
834 1274 1030 1346 ὀργῆς.
1087 1273 1308 1337 Ἐπίθες
1379 1273 1563 1325 τοίνυν
1605 1274 1718 1336 τοῖς
1763 1271 1979 1341 ἐχθροῖς

394 1389 499 1442 μου
549 1373 609 1426 τὸ
666 1372 877 1444 πέρας,
942 1369 1041 1442 τὴν
1092 1370 1279 1427 ἄδικον
1337 1368 1521 1423 αὐτῶν
1569 1368 1757 1439 ἔφοδον
1809 1384 1979 1423 κατα-

399 1464 643 1530 παύσας.

460 1563 531 1629 η⁹.
570 1577 590 1609 ι
629 1555 739 1611 Καὶ
763 1556 1109 1628 ἐξεγέρθητι,
1145 1556 1319 1627 Κύριε
1351 1556 1379 1609 δ
1405 1555 1538 1620 Θεὸς
1570 1572 1695 1626 μου,
1724 1556 1782 1609 ὲν
1806 1570 1980 1626 προσ-

388 1651 636 1722 τάγματι
674 1643 718 1718 ᾧ
755 1651 1025 1704 ὲνετείλω.
1070 1670 1090 1704 ι
1133 1652 1205 1705 Σὺ
1253 1652 1362 1722 γὰρ
1416 1650 1822 1721 ὲνομοθέτησας
1864 1649 1979 1711 τοῖς

390 1745 772 1816 ἀδικουμένοις
801 1742 1053 1815 ἀμύνειν.
1099 1746 1165 1798 ’Ὀ
1202 1747 1384 1800 τοίνυν
1409 1746 1521 1808 τοῖς
1559 1742 1744 1806 ἄλλοις
1774 1742 1978 1795 ἐνετεί-

2083 718 2250 773 teutia
2303 728 2488 784 utens,
2534 718 2601 774 iis
2635 719 2727 789 qui
2764 719 3023 790 iujuriam
3060 718 3308 777 inferunt
3341 737 3560 793 poenam
3592 726 3668 780 ir-

2082 820 2254 882 roget.
2295 810 2538 883 Exsurge
2575 815 2749 880 enim,
2783 830 2883 886 pro
2912 814 2991 872 Ne
3022 817 3263 885 amplius
3297 816 3372 873 sis
3420 818 3671 889 longani-

2082 904 2204 966 mis,
2237 906 2438 974 posuit.
2475 906 2604 962 Tale
2630 915 2714 964 est
2740 909 2875 964 illud
2901 909 3065 965 etiam
3094 929 3109 966 ι
3145 930 3162 963 ι
3198 909 3468 983 Exsurge,
3496 927 3671 983 quare

2081 996 2384 1065 obdormis,
2422 998 2649 1057 Domine
2681 998 2695 1052 i
2734 1002 2757 1055 ?
2795 1021 2814 1055 ι
2846 1000 2984 1058 Nam
3020 1004 3094 1060 ibi
3121 1005 3671 1076 somnum‘longani-

2082 1091 2325 1146 mitatem
2345 1091 2657 1163 appellavit.
2693 1094 2758 1148 Et
2789 1113 2802 1149 :
2838 1113 2857 1146 ι
2893 1095 3162 1168 Exsurge,
3190 1096 3441 1165 Domine,
3468 1097 3670 1168 adjuva

2081 1198 2184 1240 nos
2203 1184 2251 1240 ιι.
2287 1204 2305 1235 ι
2337 1184 2577 1256 Tempus
2602 1188 2746 1242 enim
2769 1204 2876 1242 non
2900 1190 3249 1262 benignitatis
3268 1200 3369 1258 est,
3391 1192 3484 1247 sed
3509 1190 3671 1261 justas

2083 1275 2199 1330 irae.
2256 1276 2477 1347 lmpone
2514 1278 2679 1349 igitur
2731 1279 2970 1337 inimicis
3007 1281 3142 1338 meis
3176 1284 3361 1351 linem,
3399 1282 3667 1354 injustum

2081 1384 2273 1424 eorum
2306 1370 2570 1441 impetum
2602 1387 2959 1444 compescens
2993 1390 3007 1428 :

2154 1556 2320 1613 Vens.
2346 1558 2397 1613 8.
2439 1578 2458 1612 ι
2496 1557 2560 1615 Et
2592 1574 2846 1631 exsurge,
2882 1562 3111 1619 Domine
3158 1562 3301 1619 Deus
3322 1565 3416 1632 mi,
3453 1565 3507 1619 in
3539 1578 3673 1635 prae-

2082 1660 2241 1721 cepto
2273 1653 2420 1722 quod
2461 1653 2756 1709 mandasti.
2798 1673 2817 1706 »
2852 1655 2871 1676 ¹
2902 1653 2984 1711 Tu
3030 1656 3175 1711 enim
3206 1656 3418 1727 jussisti
3460 1666 3521 1713 ut
3574 1673 3672 1713 eos

2084 1751 2342 1799 tueamur
2375 1745 2473 1816 qui
2510 1746 2716 1816 injuria
2776 1747 3109 1804 alliciuntur.
3144 1748 3299 1816 Quod
3335 1750 3503 1822 igitur
3545 1751 3638 1805 alii

390 1836 468 1891 λω
497 1809 693 1900 ποιεῖν,
727 1809 951 1910 δρᾶσον,
987 1830 1033 1890 ὦ
1063 1834 1337 1901 Δέσποτα,
1367 1837 1462 1889 καὶ
1491 1838 1591 1906 τῆς
1624 1836 1727 1905 σῆς
1757 1851 1848 1905 μοι
1881 1850 1976 1900 με·

2089 1834 2194 1888 lieri
2227 1838 2555 1907 praecepisti,
2584 1836 2671 1893 lac
2703 1855 2869 1905 nunc,
2891 1856 2923 1894 ο
2950 1841 3196 1907 Domine,
3228 1853 3481 1912 tuamque
3511 1855 3667 1911 opem

389 1931 550 1994 τάδος
580 1931 771 2002 ῥοπῆς.
809 1948 829 1981 ι
873 1930 985 1983 Καὶ
1037 1928 1334 1998 συναγωγὴ
1363 1927 1512 1981 λαῶν
1570 1926 1846 1980 κυκλώσει
1891 1943 1972 1981 σε.

394 2024 505 2077 Καὶ
535 2022 677 2095 ὑπὲρ
715 2021 923 2093 ταύτης
960 2024 1041 2086 είς
1081 2020 1214 2092 ὕψος
1264 2019 1613 2092 ὲπίστρεψον.
1680 2040 1699 2072 ι
1758 2018 1977 2091 Ταύτης

395 2116 502 2186 γάρ
542 2131 637 2168 σου
670 2117 770 2184 τῆς
796 2113 1056 2184 προνοίας
1088 2112 1418 2183 δειχθείσης,
1452 2110 1692 2174 ἅπαντές
1737 2127 1821 2163 σοι
1850 2112 1977 2172 τοὺς

394 2207 596 2277 ὕμνους
628 2207 1004 2287 προσοίσουσι,
1039 2206 1134 2260 καὶ
1174 2205 1309 2259 Θεὸν
1338 2203 1566 2275 ὕψιστον
1598 2203 1976 2260 ἀποκαλέσου-

2080 1925 2214 1980 mihi
2262 1927 2565 1996 impertias.
2605 1948 2624 1981 ι
2656 1928 2722 1984 Ει
2753 1945 3039 2003 synagoga
3071 1932 3397 2002 populorum
3431 1931 3671 1988 circum-
3768 1968 3779 1975 ρ

2079 2017 2232 2075 dabit
2290 2031 2360 2074 te.
2414 2020 2480 2076 Et
2534 2031 2756 2092 propter
2807 2022 2953 2078 bane
2986 2023 3038 2077 in
3071 2024 3241 2078 altum
3291 2025 3601 2095 regredere.
3645 2042 3665 2077 ι

2080 2112 2293 2168 Etenim
2350 2131 2478 2170 cum
2534 2116 2674 2170 banc
2726 2124 2870 2171 tuam
2912 2116 3305 2184 providentiam
3341 2117 3673 2190 ostenderis,

2079 2219 2274 2260 omnes
2312 2205 2547 2277 hymnos
2600 2206 2829 2262 oﬂ‘ereut
2876 2206 2991 2273 tibi,
3029 2206 3309 2278 Deumque
3340 2207 3670 2263 altissimum

394 2317 481 2353 σιν
511 2300 579 2367 ⁸⁵,
608 2298 644 2353 ὅ.
670 2317 730 2352 τε
750 2299 813 2370 δὴ
842 2300 1020 2353 πάντα
1042 2296 1353 2368 ἐφορῶντα,
1384 2299 1480 2350 καὶ
1506 2298 1606 2369 τὴν
1636 2297 1798 2362 ἀξίαν
1820 2296 1979 2366 δίκην

2089 2307 2136 2353 te
2168 2299 2582 2369 uuncupabunt,
2616 2308 2677 2354 ut
2704 2298 2868 2371 647
2896 2300 3079 2354 omnia
3109 2300 3553 2371 prospicientem,
3585 2301 3668 2356 di-

391 2393 509 2455 τοῖς
540 2390 823 2445 ἀδικοῦσιν
881 2389 1220 2444 ἐπιτιθέντα.
1253 2389 1328 2442 Τὸ
1359 2389 1491 2459 γὰρ,
1528 2407 1546 2440 ι
1583 2390 1663 2452 είς
1695 2387 1828 2458 ὕψος
1862 2386 1980 2442 ἐπί-

2089 2405 2357 2461 guamque
2409 2406 2625 2461 pmnam
2667 2390 3116 2461 delinquentibus
3146 2392 3503 2461 irrogautem.
3533 2390 3671 2447 Nam

394 2483 648 2554 στρεψον,
687 2504 706 2536 ι
737 2484 860 2538 ἀντὶ
889 2481 1007 2550 τοῦ,
1035 2482 1261 2552 ὕψιστος
1295 2482 1372 2536 ὢν
1395 2481 1583 2552 φύσει,
1605 2481 1757 2553 παρὰ
1782 2481 1840 2535 δὲ
1864 2473 1980 2545 τοῖς

2089 2501 2109 2533 ‹
2146 2481 2432 2551 regredere
2473 2482 2529 2537 in
2569 2482 2763 2548 altum,
2797 2500 2815 2533 ι
2852 2481 2998 2536 idem
3020 2488 3105 2537 est
3128 2482 3298 2553 quod,
3322 2498 3449 2537 cum
3473 2492 3671 2537 natura

393 2577 611 2643 πολλοῖς
657 2580 1044 2652 ἀγνοούμενος,
1104 2578 1348 2651 δείχθητι
1400 2579 1540 2649 ὅπερ
1592 2578 1864 2648 ὑπάρχεις
1893 2575 1980 2632 διὰ

2089 2573 2389 2629 altissimus
2443 2575 2543 2640 sis,
2592 2575 2733 2644 apud
2786 2574 2990 2630 multos
3030 2588 3160 2629 vero
3199 2572 3538 2645 incognitus,
3575 2589 3667 2632 os-

392 2671 497 2740 τῆς
526 2672 654 2743 περὶ
678 2674 810 2737 τοὺς
859 2673 1259 2745 ἀδικουμένους
1290 2671 1643 2743 κηδεμονίας.
1684 2665 1817 2725 Εἶτα
1848 2685 1980 2739 προ-

2089 2670 2246 2724 tende
2279 2670 2426 2739 quod
2457 2684 2538 2735 es,
2591 2685 2688 2740 per
2733 2661 3179 2734 sollicitudinem,
3213 2685 3378 2740 quam
3415 2670 3561 2727 circa
3588 2671 3669 2725 in-

397 2765 670 2836 φητικῶς·

471 2949 538 3005 θ’.
574 2967 595 3002 ι
628 2948 832 3021 Κύριος
863 2951 1045 3020 κρινεῖ
1086 2948 1271 3012 λαούς.
1311 2967 1330 2998 ι
1373 2948 1450 3001 Οὐ
1499 2946 1610 3018 γὰρ
1669 2946 1833 3017 μόνον
1883 2945 1982 3016 τὴν

396 3042 540 3115 ἐμὴν
571 3041 726 3113 δίκην
754 3042 992 3105 δικάσει,
1030 3041 1166 3096 ἀλλὰ
1191 3041 1287 3094 καὶ
1320 3040 1477 3113 πάσῃ
1527 3040 1595 3111 τῇ
1624 3038 1735 3092 τῶν
1770 3036 1984 3108 ανθρώ-

2080 2757 2227 2827 juria
2263 2757 2486 2815 aﬂ‘eetos
2519 2759 2711 2815 babes.
2745 2757 2950 2814 Deinde
2976 2759 3326 2815 vaticinantis
3360 2774 3513 2815 more
3542 2762 3673 2817 sub-

2082 2846 2264 2918 jungit
2292 2864 2306 2901 :

2159 2936 2323 2994 Vens.
2376 2936 2432 2994 9.
2487 2958 2505 2990 ι
2550 2939 2814 2998 Dominus
2870 2940 3138 3013 iudicabit
3192 2940 3446 3011 populos.
3488 2957 3508 2993 ι
3548 2937 3671 2994 Non

2087 3029 2266 3085 solum
2302 3046 2482 3087 meam
2516 3048 2745 3090 causam
2775 3035 3064 3106 judicabit,
3111 3048 3301 3089 verum
3339 3035 3503 3088 etiam
3547 3032 3674 3088 uni-

402 3150 520 3188 πων
551 3132 734 3203 φύσει.
772 3151 792 3185 ι
822 3133 1027 3204 Κρϊνόν
1058 3150 1127 3205 με
1151 3133 1221 3198 ⁸⁸,
1261 3130 1457 3202 Κύριε,
1485 3130 1630 3186 κατὰ
1659 3130 1757 3203 τὴν
1774 3130 1980 3185 δικαιο-

2089 3136 2259 3179 versa
2295 3124 2581 3181 hominum
2614 3135 2844 3182 naturae.
2883 3146 2902 3180 ι
2941 3128 3133 3184 Judiea
3163 3142 3273 3194 me,
3310 3126 3559 3193 Domine,
3585 3141 3674 3182 se-

400 3225 572 3299 σύνην
602 3243 728 3298 μου,
761 3225 856 3279 καὶ
891 3225 1033 3279 κατὰ
1063 3224 1162 3296 τὴν
1200 3224 1442 3278 ἀκακίαν
1490 3241 1596 3294 μου
1624 3223 1712 3277 ἐπ’
1753 3222 1899 3296 ἐμοί.
1959 3241 1979 3275 ι

399 3317 476 3370 Οὐ
502 3315 853 3388 δικαιοσύνην
871 3314 1054 3388 ἑαυτῷ
1082 3315 1172 3370 διὰ
1198 3315 1409 3370 τούτων
1431 3315 1542 3369 τῶν
1571 3315 1747 3383 λόγων
1769 3331 1986 3386 μεμαρ-

398 3408 642 3480 τύρηκεν
687 3410 718 3462 6
782 3408 927 3472 θεῖος
955 3409 999 3441 ⁸⁷
1049 3408 1217 3463 Δαδίδ
1243 3422 1258 3438 ⁸
1312 3408 1578 3464 τάναντία
1635 3408 1746 3481 γὰρ
1817 3406 1985 3463 αὑτοῦ

403 3498 637 3569 βοῶντος
678 3499 993 3570 ἀκούομεν,
1052 3517 1072 3551 ι
1124 3500 1244 3553 Ὅτι
1304 3498 1408 3571 τὴν
1468 3498 1705 3570 ἀνομίαν
1741 3516 1844 3571 μου
1875 3497 1988 3567 ἐγὼ

400 3592 678 3661 γινώσκω,
712 3593 809 3645 καὶ
842 3593 875 3662 ἡ
910 3591 1157 3663 ἁμαρτία
1203 3609 1306 3663 μου
1347 3591 1581 3647 ἐνώπιόν
1624 3591 1727 3663 μού
1757 3594 1875 3646 ἐστι
1898 3591 1989 3648 διὰ

402 3680 632 3749 παντός·
664 3703 684 3736 ι
721 3684 845 3738 καί·
881 3702 900 3736 ι
938 3680 1107 3751 Εἷπα,
1154 3683 1533 3760 Ἐξαγορεύσω
1563 3687 1684 3740 κατ’
1713 3686 1849 3758 ἐμοῦ
1883 3686 1985 3758 τὴν

400 3773 636 3845 ἀνομίαν
669 3791 771 3844 μου
807 3773 885 3845 τῷ
914 3774 1106 3845 Κυρίῳ
1147 3774 1224 3806 ⁸⁸·
1265 3793 1285 3827 ι
1326 3774 1467 3829 ἀλλὰ
1506 3774 1857 3846 δικαιοσύνην
1886 3776 1986 3848 τὴν

400 3868 461 3920 ἐν
497 3866 574 3938 τῷ
608 3867 956 3937 προκειμένῳ
983 3867 1274 3939 πράγματι
1307 3868 1488 3936 λέγει·
1532 3867 1672 3922 Οὕτε
1712 3867 1844 3939 γὰρ,
1878 3885 1984 3938 φη-

400 3958 457 4010 σὶ
481 3956 550 4024 ⁶⁹,
580 3957 671 4010 τὸν
716 3956 1073 4027 Ἀὗεσσαλὼμ
1101 3958 1341 4029 ἠδίκηκά
1368 3976 1441 4023 τι,
1479 3957 1602 4012 οὕτε
1633 3958 1723 4013 τὸν
1774 3958 1984 4029 Ἀχιτό-

402 4049 525 4121 φελ,
554 4048 679 4103 οὕτε
703 4050 830 4113 τοὺς
860 4047 1002 4119 μετὰ
1021 4048 1229 4103 τούτων
1258 4049 1378 4103 κατ’
1398 4050 1535 4119 ἐμοῦ
1563 4048 1981 4120 στρατεύοντας.

405 4142 565 4196 Κατὰ
594 4142 802 4212 ταύτην
824 4142 1008 4194 τοίνυν
1043 4141 1144 4212 τὴν
1180 4142 1555 4210 δικαιοσύνην,
1591 4143 1686 4195 καὶ
1716 4141 1813 4212 τὴν
1842 4143 1983 4195 ἀκα-

399 4234 525 4289 κίαν
558 4235 630 4299 ⁷⁸,
672 4234 933 4305 κριθῆναι
980 4232 1310 4304 παρακαλῶ,
1344 4235 1440 4287 καὶ
1472 4233 1546 4304 μὴ
1574 4234 1717 4287 κατὰ
1753 4235 1852 4297 τὰς
1882 4234 1980 4304 ἤδη

398 4328 531 4398 παρ’
564 4325 700 4397 ὲμοῦ
737 4327 1114 4398 γεγενημένας
1146 4324 1547 4396 πλημμελείας.
1576 4325 1758 4396 Αὐτὴν
1791 4327 1835 4357 ⁷¹
1861 4325 1982 4379 κατ’

397 4419 570 4490 αὐτὴν
592 4420 850 4496 κριθῆναι
880 4419 979 4490 τὴν
1005 4418 1287 4488 παροῦσαν
1310 4417 1570 4471 ὑπόθεσιν
1598 4416 1852 4481 ἱκετεύω,
1887 4419 1982 4471 καὶ

400 4512 479 4583 μὴ
507 4511 712 4582 ἐτέρων
737 4511 836 4565 νῦν
890 4514 935 4543 ’³
964 4511 1152 4565 δοῦναι
1201 4509 1356 4574 δίκας
1384 4510 1823 4581 ἁμαρτημάτων.

473 4610 527 4657 ι’.
563 4623 583 4657 ι
629 4604 1043 4674 Συντελεσϐήτω
1088 4603 1153 4673 δὴ
1197 4602 1435 4674 πονηρία
1467 4600 1837 4671 ἁμαρτωλῶν,
1884 4603 1983 4656 καὶ

396 4698 753 4762 κατευθυνεῖς
786 4699 1016 4752 δίκαιον.
1063 4716 1080 4747 ι
1154 4697 1301 4749 Ἀντὶ
1326 4695 1444 4762 τοῦ,
1489 4694 1984 4760 συντελεσθήτω,

398 4789 883 4860 ἀπαρτισθήτωό
942 4789 1239 4859 Σύμμαχος
1290 4788 1559 4842 τέθεικεν.
1621 4787 1684 4839 ΕΞ
1736 4787 1986 4856 ματαία,

402 4883 573 4956 φησὶ,
613 4880 850 4951 δειχθείη
900 4880 1008 4934 τῶν
1056 4880 1229 4950 κακίᾳ
1276 4878 1566 4942 συζώντων
1632 4879 1664 4947 ἡ
1722 4880 1983 4950 πονηρία,

405 4974 826 5046 σπουδαιότερον
857 4977 904 5028 οί
957 4974 1057 5044 τῆς
1086 4973 1289 5044 ἀρετῆς
1324 4973 1583 5043 τρόφιμοι
1622 4971 1721 5042 τὴν
1749 4987 1979 5040 προκει-

410 5065 577 5136 μένην
599 5067 767 5137 αὐτῆς
784 5068 831 5099 ⁷³
883 5068 1110 5136 πορείαν
1155 5066 1493 5133 ποιήσονται.

482 5176 501 5208 ι
546 5158 780 5225 Ἐτάςων
829 5160 1057 5230 καρδίας
1111 5159 1208 5213 καὶ
1260 5157 1493 5227 νεφροὺς
1549 5157 1576 5207 ὁ
1625 5155 1777 5213 Θεὸς.
1808 5152 1974 5225 [ια’.]

470 5274 489 5323 l'
538 5275 680 5336 Psal.
726 5294 880 5343 mu,
909 5258 1003 5332 "25.
1084 5278 1108 5316 Ιι
1140 5275 1288 5331 Psal.
1316 5291 1396 5338 ιιι,
1428 5276 1480 5326 7.

2089 3213 2330 3269 cundum
2347 3214 2617 3285 justitiam
2653 3232 2854 3285 meam,
2878 3226 2933 3272 et
2963 3217 3267 3274 secundum
3298 3218 3699 3274 innocentiam,

2089 3318 2269 3360 meam
2301 3318 2468 3375 super
2498 3321 2608 3360 me.
2651 3325 2670 3358 ι
2711 3307 2814 3361 Per
2859 3307 2975 3363 haec
3019 3309 3183 3363 verba
3234 3309 3453 3363 divinus
3503 3309 3675 3365 David

2089 3411 2199 3450 non
2231 3411 2387 3451 suam
2412 3406 2650 3452 ostentat
2669 3397 2941 3467 justitiam
2976 3417 2987 3453 :
3017 3400 3292 3456 contraria
3317 3400 3461 3455 eriim
3491 3400 3673 3473 ipsum

2090 3487 2364 3543 dicentem
2403 3488 2705 3545 audimus:
2744 3507 2763 3540 ι
2806 3489 3079 3557 Quoniam
3110 3493 3452 3563 iniquitatem
3491 3507 3673 3549 meam

2088 3592 2191 3650 ego
2220 3594 2517 3651 cognosco,
2570 3592 2622 3637 El
2663 3592 2945 3654 peccatum
3002 3601 3185 3641 meum
3227 3597 3416 3644 contra
3462 3606 3549 3645 me
3589 3601 3675 3647 εει

2090 3688 2306 3745 semper
2339 3673 2380 3726 1.
2420 3693 2441 3729 ι
2491 3676 2556 3730 Ει
2592 3694 2604 3731 :
2649 3696 2668 3729 ι
2706 3677 2865 3745 Dixi,
2918 3679 3220 3735 conﬁtebor
3268 3682 3532 3740 adversus
3584 3701 3673 3741 me

2090 3767 2439 3838 iniquitatem
2491 3786 2666 3825 meam
2714 3770 2947 3826 Domino
2971 3780 3033 3827 ³³.
3071 3791 3089 3824 ι
3148 3771 3354 3830 Verum
3398 3775 3672 3847 justitiam

2087 3860 2246 3926 dicit,
2280 3877 2405 3932 quae
2436 3862 2492 3918 in
2520 3878 2581 3920 re
2612 3867 2867 3935 praesenti
2895 3867 3094 3923 elucet.
3128 3866 3246 3924 Non
3276 3870 3444 3937 enim,
3469 3870 3669 3941 inquit,

2086 3952 2447 4009 Absalomum
2481 3955 2708 4020 oﬂ‘eudi,
2744 3972 2845 4013 nec
2877 3958 3288 4030 Achitophelem
3310 4002 3326 4027 ,
3368 3977 3466 4018 nec
3508 3962 3629 4019 illos
3651 4003 3669 4028 ,

2088 4046 2183 4114 qui
2216 4062 2323 4102 una
2353 4062 2482 4103 cum
2537 4049 2673 4118 ipsis
2724 4050 2927 4106 bellum
2958 4066 3155 4123 gerunt
3188 4063 3382 4109 contra
3419 4070 3526 4109 me.
3576 4056 3674 4112 Se-

2088 4140 2327 4195 cundum
2381 4142 2523 4197 hanc
2555 4158 2690 4214 ergo
2718 4144 2994 4215 justitiam
3044 4154 3212 4217 atque
3258 4148 3662 4228 innocentiam,

2089 4243 2148 4288 ut
2181 4250 2269 4291 me
2301 4235 2516 4305 judices
2551 4253 2766 4308 precor,
2804 4247 2859 4293 et
2904 4255 3011 4293 non
3067 4241 3370 4296 secundum
3425 4252 3669 4310 peccata.

2086 4342 2210 4396 quae
2246 4343 2276 4382 a
2313 4344 2400 4384 me
2428 4339 2589 4383 antea
2621 4330 2917 4385 commissa
2952 4329 3176 4385 fuerunt
3204 4349 3217 4385 :
3250 4333 3343 4387 sed
3375 4331 3547 4401 ipsam
3575 4347 3672 4400 per

2086 4434 2147 4473 se
2179 4434 2295 4475 rem
2341 4432 2666 4490 praesentem
2714 4431 2779 4477 ut
2803 4422 3018 4492 judices
3066 4437 3187 4487 oro,
3229 4437 3405 4493 neque
3438 4424 3668 4477 aliorum

2018 4523 2062 4577 ι)
2092 4510 2423 4580 ﬂagitiorum
2456 4528 2488 4567 a
2522 4528 2609 4568 me
2636 4527 2783 4568 nunc
2830 4528 3048 4584 poenam
3079 4513 3289 4582 exigas.

2159 4602 2326 4659 Vens.
2366 4605 2453 4660 10.
2496 4624 2515 4657 ι
2553 4604 2987 4661 Consummetur
3018 4605 3262 4672 nequitia
3295 4612 3667 4674 peccatorum,
3732 4674 3737 4679 η

2083 4706 2135 4751 et
2170 4696 2377 4767 diriges
2397 4697 2638 4768 justum.
2670 4715 2688 4748 ι
2718 4696 2825 4752 Pro
2856 4705 3270 4762 consummatur,
3306 4695 3670 4767 Symmachus

2085 4791 2271 4857 posuit
2301 4792 2635 4861 perﬁciatur.
2672 4790 2728 4845 Si
2761 4791 2915 4845 irrita
2955 4789 3122 4845 fuerit
3150 4789 3394 4855 reddita,
3449 4789 3666 4860 inquit,

2085 4883 2329 4952 nequitia
2385 4899 2602 4948 eorum,
2659 4883 2754 4953 qui
2811 4882 3018 4937 malitia
3080 4897 3396 4947 assuevere,
3446 4881 3667 4936 virtutis

2088 4976 2294 5030 alumni
2322 4976 2624 5032 studiosius
2657 4976 2777 5046 ejus
2810 4977 3146 5045 propositum
3175 4974 3278 5031 iter
3315 4974 3537 5030 facient.

2160 5150 2329 5204 Vens.
2386 5153 2468 5203 Η.
2517 5169 2533 5198 ι
2579 5150 2843 5205 Scrutans
2896 5150 3059 5205 corda
3110 5160 3164 5206 et
3231 5166 3390 5206 renes
3436 5150 3599 5206 Deus.
3638 5167 3657 5200 ι

1565 5268 1583 5308 1
1626 5271 1768 5326 Psal.
1809 5288 1857 5335 L,
1898 5272 1952 5324 '5.
2027 5280 2065 5306 π’
2108 5268 2254 5323 Psal.
2298 5285 2446 5328 xxxi,

1473 5404 1709 5461 VARIAE
1754 5402 2137 5460 LECTIONES
2178 5404 2268 5458 ET
2308 5405 2543 5461 ΝΟΤΑΞ.

459 5531 506 5564 ⁵⁵
534 5531 601 5583 '0
630 5558 704 5568 —-
728 5529 819 5583 οὐ.
855 5525 975 5580 cod.
1009 5532 1257 5592 uterque,
1285 5523 1347 5576 οὐ
1388 5522 1577 5592 καιρὸς
1609 5519 1739 5594 γάρ.
1777 5516 1850 5570 Ita
1882 5532 1980 5594 quo

2089 5532 2098 5567 ξ
2133 5519 2266 5594 cod.
2292 5519 2434 5594 Flor.
2467 5531 2518 5575 et
2545 5520 2710 5594 βοτά.
2733 5521 2769 5574 l.
2803 5535 2853 5575 c.
2902 5515 3659 5594 _":A:zqgca;lea'ovqrr.cod:

395 5602 431 5656 2
463 5600 907 5654 ἐπικαλέσουσιν.
983 5594 1029 5625 ⁸⁸
1068 5586 1169 5647 Me.
1194 5594 1316 5647 cod.
1343 5594 1378 5645 2
1412 5586 1522 5661 μοι,
1549 5600 1608 5643 ιιι
1635 5586 1795 5661 habet
1818 5586 1939 5661 cod.

2094 5604 2145 5641 ιι.
2224 5592 2269 5623 ⁸⁷
2311 5591 2496 5656 Θεῖος.
2534 5592 2697 5645 Abest
2728 5607 2757 5645 a
2818 5589 2941 5661 cod.
2977 5589 3032 5661 2.
3112 5589 3154 5620 ⁸⁸
3194 5586 3664 5661 Τὰναντίαή-ζῷ

400 5671 615 5740 Κυρίῳ.
656 5668 780 5740 Des.
817 5664 959 5733 apud
1009 5662 1418 5740 βοτὰ-μηδ.

1525 5663 1568 5693 θθ
1599 5658 1775 5726 Φησί.
1833 5658 2005 5711 Abest
2036 5672 2066 5711 ιι
2100 5661 2223 5714 eod.
2265 5662 2318 5714 2.

2437 5655 2483 5693 ⁷ί⁰
2514 5662 2812 5715 Ἀκακίαν.
2845 5659 2966 5715 cod.
3000 5660 3025 5712 1
3074 5657 3296 5713 κακίαν.
3384 5656 3427 5687 ⁷¹
3456 5655 3664 5722 Αὐτὴν

396 5769 466 5781 -
482 5726 701 5809 iniam.
734 5726 868 5791 nes:
891 5733 1034 5801 apud
1060 5726 1297 5809 _(,2(_)rd'._l.
1331 5748 1382 5786 ο.
1403 5733 1503 5809 υτ]
1567 5733 1717 5786 Νῦν.
1737 5728 1903 5783 Abest
1927 5743 1957 5783 a

2090 5769 2101 5781 .
2135 5733 2187 5785 2.
2266 5735 2313 5766 ⁷³
2343 5731 2563 5802 Αὐτῆς.
2600 5731 2827 5787 Prmstat
2858 5730 3020 5787 lectio
3045 5729 3335 5799 utriusque
3386 5727 3509 5783 cod.
3559 5726 3663 5779 αύ-

398 5801 540 5875 τοῖςῖ
573 5801 647 5864 lt'a
676 5822 896 5875 quoque
935 5801 1075 5873 apud
1108 5801 1271 5858 (Iord.
1304 5816 1357 5870 p.
1398 5802 1520 5857 19.6.
