4038 6214
351 273 455 339 919

1331 271 1821 331 ΤΗΕΟΟΟΒΕΤΙ
1858 269 2198 330 EPJSCOPI
2260 267 2632 329 CYRENSIS

3514 265 3622 327 92']
3637 285 3640 288 '

347 386 703 442 minutionem
757 386 918 449 sedit,
972 400 1246 455 superque
1294 401 1456 441 omne
1515 399 1735 450 nomen,
1783 384 1921 454 quod

2035 385 2128 437 καὶ
2157 384 2501 453 κυριότητος,
2542 380 2636 434 καὶ
2670 379 2868 442 παντὺς
2895 377 3159 448 ὀνόματος
3189 376 3620 448 ὀνομαζομένου,

347 479 686 540 nominatur,
721 492 829 531 non
880 485 1094 531 tantum
1144 479 1199 531 in
1234 477 1338 532 hoc
1371 476 1593 539 εαιουιο,
1635 476 1728 530 sed
1771 485 1825 530 et
1871 474 1926 528 in

346 572 536 627 futuro
569 590 582 625 :
615 572 914 641 omniaque
939 572 1044 626 sub
1078 571 1308 642 pedibus
1339 572 1454 626 suis
1477 570 1783 636 constituit,
1814 586 1922 625 non

346 663 526 718 solum
561 676 712 726 oves,
753 670 919 731 atque
975 663 1142 718 boves
1193 676 1405 727 omnes,
1469 677 1658 715 verum
1707 675 1925 714 onmem

344 763 685 816 creaturam,
718 752 834 808 sive
868 753 1156 817 visibilem,
1204 753 1318 808 sive
1349 752 1699 807 iuvisibilem.
1733 752 1796 807 Et
1824 752 1926 806 ho-

347 859 469 898 rum
503 843 669 915 655
701 845 855 900 testis
887 855 970 900 est
1007 846 1224 900 divinus
1253 845 1549 914 Apostolus
1587 853 1772 914 aperte
1814 845 1928 899 cla-

347 952 504 992 nians
540 957 551 991 :
593 956 610 989 ι
658 937 795 992 Eum
832 947 1038 1002 autem,
1071 939 1162 1006 qui
1194 937 1475 1006 paululum
1524 937 1705 990 minor
1751 935 1928 992 [actus

345 1037 467 1084 erat
517 1029 746 1099 angelis,
805 1030 1050 1084 videmus
1101 1027 1288 1084 Jesum
1339 1035 1562 1097 propter
1611 1026 1925 1096 passionem

346 1122 542 1177 mortis
572 1123 745 1193 gloria
796 1132 850 1178 et
893 1123 1098 1177 honore
1145 1129 1470 1176 coronatum
1496 1120 1546 1172 b.
1581 1137 1600 1170 ι
1650 1117 1716 1172 Ει
1768 1118 1929 1187 paulo

346 1215 640 1284 superius:
674 1235 692 1267 ι
729 1213 920 1270 Omnia
953 1215 1122 1277 enim,
1159 1214 1353 1283 inquit,
1387 1213 1669 1284 subjecisti
1698 1212 1928 1282 pedibus

347 1308 468 1378 ejus
496 1319 542 1361 ο.
583 1326 602 1359 ι
643 1309 706 1361 ΕΙ,
735 1308 802 1362 ad
833 1306 1148 1361 Corinthios
1182 1306 1258 1360 ait
1285 1324 1296 1358 :
1336 1324 1354 1357 ι
1387 1307 1524 1360 Cum
1553 1315 1734 1361 autem
1759 1305 1928 1369 dicat,

345 1402 532 1455 omnia
562 1400 808 1470 subjecta
837 1409 965 1456 sunt
992 1400 1065 1464 ei,
1097 1406 1246 1470 patet
1276 1399 1453 1470 excipi
1481 1415 1630 1465 eum,
1672 1399 1764 1468 qui
1793 1397 1926 1453 sub-

339 1493 472 1560 jecit
500 1493 546 1547 ei
580 1493 764 1546 omnia
787 1490 837 1547 δ.
877 1511 895 1542 ι
934 1491 1062 1547 Sola
1088 1493 1236 1547 enim
1269 1507 1378 1547 non
1412 1501 1593 1558 creata
1631 1500 1823 1546 natura
1857 1493 1927 1545 ab

345 1586 449 1638 hac
483 1585 824 1654 subiectione
871 1594 1129 1654 tanquam
1165 1584 1332 1640 libera
1363 1596 1613 1654 separata
1654 1595 1759 1640 est.
1801 1583 1928 1639 llaac

343 1681 550 1740 autem,
582 1689 705 1744 qua:
745 1674 814 1728 ab
848 1673 936 1728 illa
977 1683 1034 1728 ut
1075 1679 1221 1728 esSet
1251 1675 1492 1742 accepit,
1525 1674 1926 1744 qualiscunque

341 1765 434 1831 sit,
478 1766 595 1821 sive
639 1765 896 1832 visibilis,
934 1767 1048 1820 sive
1101 1766 1425 1830 invisibilis,
1471 1766 1692 1825 subdita
1732 1774 1836 1828 est,
1873 1773 1926 1820 et

342 1866 606 1926 tauquam
642 1858 772 1920 Deo,
805 1866 861 1912 et
885 1867 1142 1928 tanquam
1172 1857 1398 1923 homini,
1429 1857 1660 1914 Domino
1684 1859 1921 1915 Christo.

342 1945 579 2002 Tantum
611 1948 875 2003 honorem
911 1963 940 2001 a
985 1948 1098 2003 Deo
1143 1949 1528 2003 universorum
1563 1951 1799 2004 humana
1829 1964 1926 2003 na-

343 2049 466 2093 turu
511 2043 777 2109 suscepit.
826 2038 1063 2096 Proinde
1111 2055 1307 2095 rursus
1353 2041 1681 2110 principium
1728 2041 1924 2111 psalmi

342 2132 396 2188 in
425 2131 532 2187 line
558 2133 745 2202 posuit
771 2151 784 2187 ;

417 2221 580 2276 Vnus.
616 2222 701 2278 10.
741 2242 760 2273 ι
799 2222 1026 2278 Domine
1054 2223 1319 2280 Dominus
1356 2235 1562 2290 uoster,
1621 2239 1786 2294 quam
1822 2225 1923 2278 ad-

341 2314 594 2369 mirabile
631 2323 714 2369 est
745 2329 943 2369 nomen
975 2325 1127 2370 tuum
1164 2316 1216 2368 in
1253 2317 1507 2372 universa
1542 2327 1682 2372 terra
1711 2321 1722 2371 !
1750 2339 1768 2370 ι

767 2449 1088 2506 INTERI’R.
1120 2451 1370 2505 PSALMI
1403 2451 1493 2506 IX.

414 2584 576 2639 Vens.
614 2586 662 2640 l.
702 2604 720 2636 ‹
763 2584 822 2640 In
856 2587 1017 2640 linem
1055 2601 1155 2656 pro
1204 2587 1439 2643 occultis
1495 2589 1614 2653 lilii,
1672 2590 1919 2659 psalmus

339 2675 530 2731 David.
595 2696 614 2729 ι
674 2677 1042 2749 Symmachus
1108 2679 1329 2749 quidem
1409 2682 1780 2751 triumphalem
1853 2684 1919 2736 de

338 2778 505 2843 mque
531 2768 636 2838 ﬁlii
667 2770 1058 2840 interpretatus
1085 2781 1208 2841 est;
1241 2774 1436 2844 Aquila
1471 2790 1624 2842 vero,
1671 2775 1918 2832 Victoria:

335 2864 546 2916 auctori
564 2863 860 2930 jtwentutis
895 2866 909 2883 ’
938 2865 1082 2934 ﬁlii;
1108 2875 1163 2921 et
1207 2867 1536 2936 Theodotio,
1593 2868 1657 2924 de
1720 2869 1918 2937 florida

335 2957 490 3004 a'tale
518 2951 642 3020 ﬁlii.
674 2952 810 3007 Cum
849 2953 1015 3023 igitur
1043 2970 1236 3011 omnes
1266 2957 1410 3014 inter
1448 2973 1509 3014 se
1573 2960 1918 3015 consentien-

339 3055 440 3108 tes,
476 3045 809 3100 intentionem
837 3046 1041 3104 iaciant
1075 3049 1142 3105 de
1192 3051 1325 3117 lilio,
1368 3052 1567 3106 docent
1625 3067 1724 3109 uos
1774 3055 1919 3107 hunc

335 3136 500 3190 etiam
533 3138 808 3206 psalmum
842 3142 1125 3196 continere
1181 3143 1597 3211 praedictionem
1654 3145 1914 3210 victori-ee,

336 3243 500 3296 quam
552 3229 816 3287 Dominus
846 3234 1100 3289 Christus
1135 3244 1329 3290 contra
1362 3245 1590 3291 mortem
1650 3253 1921 3292 consecu-

335 3329 426 3376 tus
454 3331 554 3376 est.
590 3322 828 3379 Fortiter
853 3327 996 3381 enim
1024 3338 1078 3382 et
1106 3337 1327 3383 strenue
1357 3330 1572 3385 devicto
1599 3329 1765 3400 656
1795 3346 1920 3399 pec-

335 3423 480 3490 cato,
512 3432 690 3488 neque
721 3419 826 3474 ulla
865 3421 1087 3488 praahita
1124 3423 1433 3488 occasione,
1469 3431 1527 3477 ut
1577 3439 1729 3478 mors
1765 3424 1916 3477 illum

336 3512 792 3578 apprehenderet,
826 3513 944 3582 ejus
977 3517 1146 3569 robur
1174 3516 1390 3570 evertit.
1426 3515 1712 3570 Occultum
1735 3524 1917 3570 autem

337 3599 441 3655 hoc
480 3606 784 3673 mysterium
818 3604 1173 3675 Septuaginta
1205 3617 1623 3678 nuncuparunt:
1651 3623 1775 3664 nam
1793 3625 1918 3662 cum

336 3691 478 3746 alios
511 3709 722 3761 omucs,
753 3705 864 3750 tum
904 3698 1069 3750 etiam
1106 3699 1256 3767 ipsos
1301 3701 1580 3769 apostolos
1639 3701 1744 3756 hoc
1780 3703 1918 3756 late-

340 3782 450 3836 bat.
501 3784 671 3854 Cujus
717 3789 794 3841 rei
831 3789 1163 3858 evangelista
1207 3793 1360 3846 testis
1422 3802 1526 3848 est.
1587 3791 1722 3849 Cum
1773 3789 1917 3849 enim

338 3893 482 3946 sa'pe
515 3876 777 3934 Dominus
830 3881 910 3934 eis
963 3882 1232 3936 dixisset:
1303 3903 1318 3932 ι
1365 3885 1504 3938 Ecce
1567 3887 1920 3943 ascendimus

335 3969 796 4040 Hierosolymam,
836 3981 891 4025 et
938 3972 1112 4028 Filius
1143 3975 1382 4030 hominis
1412 3978 1676 4044 tradetur,
1705 3990 1763 4034 ut
1787 3995 1919 4034 cru-

334 4062 607 4132 mitigatur,
638 4073 692 4118 et
738 4065 991 4120 occident
1021 4067 1196 4132 illum,
1263 4078 1317 4124 et
1370 4071 1534 4126 tertio
1596 4072 1685 4128 die
1728 4089 1917 4128 resur-

335 4165 491 4222 gete,
529 4175 548 4208 ι
581 4157 869 4226 subjunxit
901 4163 1271 4231 evangelista:
1328 4182 1346 4215 ι
1383 4165 1449 4218 Et
1502 4176 1619 4221 erat
1653 4166 1759 4222 hoe
1819 4183 1916 4222 oc-

333 4249 538 4304 cultum
573 4251 642 4305 ab
681 4254 860 4308 oculis
889 4254 1131 4324 ipsorum
1168 4255 1211 4310 ί.
1263 4276 1279 4310 ι
1311 4256 1656 4327 Quapropter
1720 4260 1917 4318 beatus

330 4343 498 4397 etiam
534 4343 738 4399 Paulus
765 4346 1008 4399 clamat;
1054 4366 1070 4397 ι
1110 4347 1445 4417 Sapientiam
1481 4350 1760 4420 loquimur
1818 4351 1915 4407 Dei

2029 475 2090 527 ού
2141 475 2304 544 μόνον
2329 476 2386 526 έν
2423 473 2501 543 τῷ
2540 472 2698 526 αἰῶνι
2736 472 2934 539 τούτῳ,
2975 470 3114 524 ἀλλὰ
3147 471 3241 524 καὶ
3274 471 3332 523 ἐν
3377 469 3458 541 τῷ
3494 469 3627 540 μέλ-

2029 568 2176 620 λοντι
2204 584 2218 598 ·
2250 568 2346 620 καὶ
2384 566 2565 620 πάντα
2597 564 2866 630 ὑπέταξεν
2908 563 3014 618 ὑπὸ
3042 563 3171 626 τοὺς
3204 563 3372 626 πόδας
3410 562 3574 616 αὑτοῦ
3601 579 3618 595 ⁸

2029 660 2089 714 οὑ
2121 659 2372 730 πρόϐατα
2403 661 2498 712 καὶ
2530 658 2660 728 βόας
2693 657 2934 718 ἁπάσας,
2965 655 3104 709 ἀλλὰ
3132 657 3316 709 πᾶσαν
3347 656 3448 725 τὴν
3476 656 3622 726 ὁρω-

2033 753 2203 822 μένην
2253 753 2349 804 καὶ
2397 752 2632 821 ἀόρατον
2687 750 2887 803 κτίσιν.
2927 749 3038 801 Καὶ
3083 747 3290 801 τούτων
3344 749 3558 817 μάρτυς
3593 747 3623 799 6

2030 845 2173 907 θεῖος
2215 844 2536 906 Ἀπόστολος
2557 843 2598 876 ³³
2635 842 2932 914 διαρρήδην
2960 840 3130 911 βοῶν·
3167 857 3186 890 ι
3221 839 3327 893 Τὸν
3357 839 3416 892 δὲ
3445 837 3619 909 βραχύ

2031 956 2080 990 τι
2123 941 2254 1008 παρ’
2292 937 2563 1005 ἀγγέλους
2607 936 2991 1006 ἠλαττωμένον
3042 931 3316 1002 βλέπομεν
3376 930 3618 1001 Ἰησοῦν,

2028 1030 2116 1084 διὰ
2140 1031 2202 1082 τὸ
2236 1031 2470 1101 πάθημα
2498 1030 2588 1083 τοῦ
2623 1028 2855 1082 θανάτου
2897 1026 3022 1097 δόξῃ
3056 1027 3148 1079 καὶ
3198 1026 3333 1095 τιμῇ
3383 1025 3620 1090 ἐστεφα-

2029 1123 2292 1192 νωμένον.
2333 1142 2352 1174 ι
2388 1122 2499 1174 Καὶ
2534 1121 2731 1192 μικρὸν
2761 1118 3041 1188 ἀνωτέρω*
3072 1135 3090 1167 ι
3133 1116 3316 1170 Πάντα
3345 1115 3476 1184 γὰρ,
3507 1132 3617 1184 φη-

2031 1216 2135 1278 σὶν,
2169 1215 2446 1280 ὑπέταξας
2483 1215 2588 1268 ὑπὸ
2620 1215 2746 1276 τοὺς
2775 1213 2941 1275 πόδας
2969 1212 3158 1266 αὑτοῦ.
3205 1231 3224 1264 ι
3253 1210 3358 1264 Kal
3390 1210 3437 1242 ³⁸
3461 1212 3519 1262 ὲν
3548 1210 3616 1278 τῇ

2030 1308 2166 1376 πρὸς
2212 1306 2566 1372 Κορινθίους,
2632 1324 2649 1357 ι
2699 1306 2871 1359 Ὅταν
2901 1305 2991 1366 δὲ,
3051 1303 3249 1373 φησὶν,
3303 1302 3476 1371 εἴπῃ,
3533 1301 3614 1352 ὅτι

2030 1399 2206 1452 πάντα
2230 1398 2620 1462 ὑποτέτακται,
2646 1397 2803 1466 δῆλον
2824 1399 2907 1450 ὅτι
2935 1395 3090 1458 ὲκτδς
3115 1393 3210 1448 τοῦ
3245 1394 3621 1460 ὑποτάξαντος

2028 1490 2177 1561 αὑτῷ
2226 1490 2294 1542 τὰ
2331 1491 2532 1544 πάντα.
2571 1510 2590 1542 ι
2629 1491 2784 1560 Μόνη
2809 1489 2917 1560 γὰρ
2954 1490 2986 1558 ἡ
3019 1489 3274 1550 ἄκτιστος
3309 1485 3474 1556 φύσις
3517 1486 3618 1556 τῆς

2029 1585 2309 1653 ὑποταγῆς
2338 1583 2542 1652 ταύτης
2573 1583 2648 1646 ὡς
2681 1581 2945 1652 ἐλευθέρα
2971 1581 3324 1651 κεχώρισται.
3370 1580 3433 1633 Ἦ
3463 1579 3521 1634 δέ
3550 1597 3615 1648 γε

2030 1677 2184 1748 παρὰ
2207 1676 2413 1745 ταύτης
2445 1676 2506 1729 τὸ
2537 1671 2678 1730 εἶναι
2715 1675 2989 1745 δεξαμένη
3009 1715 3024 1737 ,
3053 1674 3214 1728 ὁποία
3254 1674 3320 1727 ἂν
3358 1673 3465 1744 εἴη,
3500 1674 3612 1728 εἴτε

2027 1771 2217 1841 ὁρατὴ,
2251 1770 2360 1824 εἴτε
2391 1771 2643 1840 ἀόρατος,
2684 1771 2779 1824 καὶ
2820 1769 2898 1832 ὡς
2930 1767 3068 1839 Θεῷ,
3106 1769 3202 1821 καὶ
3228 1767 3305 1830 ὡς
3338 1768 3614 1840 ἀνθρώπῳ

2027 1864 2313 1917 ὑπόκειται
2357 1863 2436 1917 τῶ
2476 1863 2719 1934 Δεσπότῃ
2755 1861 2976 1935 Χριστῷ
2994 1862 3062 1916 ³³.
3110 1860 3392 1931 Τοσαύτην
3437 1865 3471 1931 ἡ
3501 1861 3610 1914 τῶν

2026 1955 2330 2027 ἀνθρώπων
2364 1955 2527 2025 φύσις
2571 1957 2722 2028 παρά
2763 1955 2856 2009 τοῦ
2887 1953 3025 2008 Θεοῦ
3071 1953 3181 2007 τῶν
3215 1954 3355 2008 ὅλων
3392 1953 3612 2018 ἐδέξατο

2024 2050 2124 2119 τὴν
2164 2051 2352 2120 τιμήν.
2390 2049 2480 2103 Διὸ
2535 2049 2697 2106 πάλιν
2725 2048 2859 2102 αὑτὸ
2887 2047 2930 2079 ³⁸
2963 2047 3025 2101 τὸ
3059 2047 3349 2117 προοίμιον
3381 2047 3610 2116 ἀκροτε-

2023 2142 2234 2196 λεύτιον
2263 2142 2529 2195 τέθεικεν·

2095 2233 2150 2290 ι’.
2195 2253 2214 2285 ι
2267 2235 2443 2306 Κύριε
2487 2235 2516 2286 ὁ
2563 2233 2772 2303 Κύριος
2822 2233 3017 2306 ἡμῶν,
3070 2233 3146 2296 ὡς
3193 2229 3510 2302 θαυμαστὸν
3545 2229 3605 2283 τὸ

2024 2328 2198 2395 ὗνομά
2224 2345 2316 2380 σου
2345 2330 2401 2380 ὲν
2429 2327 2580 2397 πάσῃ
2610 2328 2674 2397 τῇ
2711 2329 2803 2396 γῇ.
2847 2346 2865 2378 ι

2364 2466 2628 2520 EPMIIN.
2670 2465 2808 2518 ΤΟΥ
2845 2465 2900 2517 Θ¹
2938 2463 3262 2518 ΨΑΛΜΟΥ.

2091 2617 2160 2662 α’.
2219 2626 2237 2656 ι
2281 2607 2377 2670 Εἰς
2420 2606 2482 2657 τὸ
2514 2603 2666 2666 τέλος
2699 2603 2842 2672 ὑπὲρ
2870 2601 2980 2656 τῶν
3030 2599 3280 2672 κρυφίων
3312 2598 3408 2653 τοῦ
3443 2597 3560 2652 υίοῦ
3587 2638 3602 2663 ,
3639 2609 3642 2612 '

2019 2701 2232 2773 ψαλμδς
2261 2696 2338 2768 τῷ
2367 2697 2549 2749 Δαϐίδ.
2586 2715 2603 2747 ι
2653 2695 2710 2747 Ὀ
2748 2695 2847 2764 μὲν
2868 2693 2912 2725 ³⁸
2956 2691 3278 2762 Σύμμαχος,
3307 2692 3608 2746 ἐπινίκιον

2019 2793 2152 2861 περὶ
2197 2791 2306 2844 τοῦ
2362 2786 2621 2842 θανάτου
2670 2785 2778 2840 τοῦ
2819 2784 2988 2839 υἱοῦ·
3041 2786 3069 2837 6
3110 2783 3168 2836 δὲ
3211 2783 3478 2848 Ἀκύλας,
3528 2780 3606 2847 τῷ

2019 2880 2303 2947 νικοποιῷ
2344 2881 2738 2944 νεανεότητος
2758 2879 2803 2910 ³⁸
2847 2877 2955 2930 τοῦ
2989 2877 3156 2941 υἱοῦ,
3194 2877 3292 2929 καλ⁸
3337 2876 3365 2927 6
3408 2875 3604 2928 θεοδο-

2020 2979 2190 3044 τίων,
2251 2973 2404 3040 ὑπὲρ
2445 2970 2644 3040 ἀκμῆς
2693 2971 2804 3025 τοῦ
2854 2968 3011 3024 υἱοῦ.
3061 2968 3382 3040 Συμφὼνως
3424 2967 3605 3021 τοίνυν

1945 3078 1988 3136 C
2022 3073 2262 3133 ἅπαντες
2321 3069 2416 3121 τοῦ
2492 3066 2609 3119 υίοῦ
2681 3063 3191 3136 μνημονεύσαντες,
3257 3061 3604 3116 διδάσκουσιν

2023 3166 2190 3236 ἡμᾶς,
2225 3163 2302 3224 ὡς
2346 3159 2688 3230 προφητείαν
2717 3157 2814 3213 καὶ
2845 3152 3000 3217 οὗτος
3042 3160 3070 3211 6
3105 3157 3320 3227 ψαλμὺς
3358 3153 3603 3224 περιέχει

2021 3257 2124 3325 τῆς
2149 3254 2290 3308 κατὰ
2318 3253 2413 3306 τοῦ
2432 3253 2475 3285 ³⁷
2512 3251 2748 3305 θανάτου
2787 3250 2944 3321 νίκης
2976 3247 3070 3302 τοῦ
3103 3249 3376 3302 Δεσπότου
3396 3247 3440 3280 ³
3470 3247 3603 3316 Χρι-

2025 3347 2172 3400 στοῦ.
2242 3344 2538 3414 Ἀνδρικῶς
2590 3343 2701 3413 γάρ
2752 3341 2850 3394 καὶ
2903 3339 3170 3404 νεανικῶς
3223 3339 3452 3409 νικήσας
3505 3337 3603 3408 τὴν

2024 3438 2299 3511 ἁμαρτίαν
2321 3479 2336 3501 ,
2379 3438 2474 3492 καὶ
2509 3435 2684 3505 λαϐῆς
2699 3435 2743 3467 ³’
2776 3434 3034 3506 ἀφορμὴν
3060 3431 3316 3502 οὐδεμίαν
3355 3428 3604 3492 δεδωκὼς

2022 3531 2100 3601 τῷ
2131 3530 2380 3600 θανάτῳ,
2413 3527 2708 3582 κατέλυσεν
2757 3526 2926 3580 αὐτοῦ
2970 3525 3032 3580 τὸ
3066 3525 3286 3596 κράτος.
3338 3524 3606 3591 Κούριον

2023 3624 2078 3676 δὲ
2110 3623 2268 3676 τοῦτο
2299 3621 2364 3675 τὸ
2383 3619 2727 3690 μυστήριον
2772 3618 2823 3671 οἱ
2869 3616 3275 3688 Ἐὄδομήκοντα
3330 3613 3604 3685 προσηγὸ-

2027 3732 2254 3787 ρευσαν,
2295 3712 2485 3783 ἐπειδὴ
2535 3712 2631 3766 καὶ
2682 3710 2811 3773 τοὺς
2859 3709 3055 3771 ἄλλους
3109 3709 3389 3770 ἅπαντας,
3444 3703 3603 3759 καὶ⁸⁶

2023 3807 2220 3869 αὐτοὺς
2262 3806 2391 3868 τοὺς
2423 3803 2758 3865 ἀποστόλους
2799 3800 3138 3856 ὲλάνθανεδι.
3175 3800 3287 3854 Καὶ
3334 3799 3546 3870 μάρτυς
3575 3797 3604 3848 6

2023 3897 2451 3967 εὑαγγελιστής·
2511 3895 2605 3949 τοῦ
2656 3895 2766 3964 γὰρ
2826 3893 3035 3963 Κυρίου
3100 3891 3364 3954 πολλάκις
3419 3890 3605 3952 αὐτοῖς

2023 3987 2341 4058 εἰρηκότος,
2397 4004 2416 4036 ‹
2471 3984 2599 4039 Ἰδοὺ
2647 3984 3016 4052 ἀναϐαίνομεν
3071 3985 3150 4047 είς
3213 3981 3601 4054 Ἱεροσόλυμα,

2024 4080 2118 4134 καὶ
2144 4080 2172 4131 6
2189 4078 2318 4143 Υἱὸς
2342 4077 2435 4130 τοῦ
2460 4077 2750 4148 ἀνθρώπου
2779 4076 3226 4148 παραδοθήσεται
3253 4077 3334 4138 εἰς
3354 4073 3416 4127 τδ
3443 4089 3606 4127 σταυ-

2026 4171 2302 4242 ρωθῆναι,
2352 4170 2446 4223 καὶ
2477 4168 2874 4223 ἀποκτενοῦσιν
2929 4168 3130 4231 αὑτὸν,
3184 4167 3282 4222 καὶ
3335 4168 3402 4237 τῇ
3444 4166 3602 4237 τρίτῃ

2023 4263 2208 4334 ἡμέρᾳ
2256 4261 2654 4332 ἐγερθήσεται·
2715 4281 2734 4313 ι
2777 4263 3060 4331 ἐπήγαγεν
3098 4263 3126 4315 6
3169 4258 3595 4329 εὑαγγελιστής·

2029 4373 2048 4406 ι
2092 4355 2202 4408 Καὶ
2242 4350 2310 4427 ἦν
2354 4354 2513 4408 τοῦτο
2557 4356 2942 4427 κεκρυμμένον
2988 4355 3096 4408 ἀπὸ
3145 4353 3256 4408 τῶν
3304 4350 3600 4421 ὀφθαλμῶν

331 4436 385 4490 iu
423 4438 684 4509 mysterio
745 4439 1105 4505 reconditam,
1167 4457 1331 4511 quant
1384 4459 1547 4498 nemo
1603 4444 1913 4514 principum

2025 4445 2222 4499 αὑτῶν.
2323 4446 2413 4498 Διὸ
2446 4446 2540 4500 καὶ
2568 4448 2596 4500 ό
2627 4421 2899 4517 μακάριος
2933 4445 3145 4510 Παῦλος
3171 4446 3300 4516 βοᾷ·
3343 4463 3362 4496 ι
3398 4442 3598 4513 Σοφίαν

331 4530 516 4584 δευουιὶ
547 4531 714 4602 hujus
751 4533 947 4586 novit:
987 4535 1032 4588 si
1065 4536 1210 4588 enim
1275 4539 1580 4600 novissent,
1629 4554 1912 4608 nunquam

331 4620 628 4678 Dominum
689 4625 877 4695 gloria:
939 4627 1345 4683 crueilixissent
1382 4639 1427 4683 ις.
1469 4649 1487 4682 ι
1555 4629 1621 4685 Et
1677 4644 1912 4686 rursus:

2022 4539 2292 4611 λαλοῦμεν
2329 4540 2464 4594 Θεοῦ
2501 4543 2558 4594 ὲν
2605 4541 2889 4613 μυστηρίῳ
2931 4541 3030 4609 τὴν
3061 4537 3592 4608 ἀποκεκρυμμένην,

2021 4634 2087 4702 ἣν
2118 4634 2294 4696 οὐδεὶς
2348 4636 2458 4687 τῶν
2508 4635 2790 4704 ἀρχόντων
2823 4634 2918 4687 τοῦ
2951 4633 3147 4695 αἰῶνος
3181 4631 3390 4685 -τούτου
3436 4629 3598 4699 ἐγνω-

336 4732 353 4763 ι
392 4711 710 4783 Mysterium
745 4720 1022 4775 occultum
1056 4737 1085 4775 a
1121 4723 1362 4806 sacculis,
1394 4732 1448 4777 et
1476 4738 1506 4777 a
1534 4723 1906 4794 generationi-

2025 4740 2111 4776 ιιεν
2132 4742 2145 4754 ·
2177 4726 2226 4776 εἱ
2257 4723 2367 4794 γὰρ
2407 4722 2677 4792 ἔγνωσαν,
2713 4723 2816 4776 οὐκ
2847 4722 2916 4777 ἂν
2955 4725 3049 4778 τὸν
3078 4722 3284 4794 Κύριον
3312 4721 3416 4792 τῆς
3443 4721 3600 4790 δόξης

400 4909 428 4950 ³³
473 4913 637 4969 llebr.
670 4933 732 4986 ιι,
762 4920 819 4974 9.
898 4933 919 4961 ε
957 4923 1088 4980 ibid.
1117 4927 1178 4980 ‘8.
1258 4925 1286 4964 ά
1330 4885 1498 4982 lCor.
1537 4941 1626 4992 xv,
1691 4926 1783 4980 27.
1887 4938 1911 4966 ο
1952 4924 2084 4981 Luc.
2122 4940 2280 4990 xvut,
2308 4925 2372 4979 31
2409 4939 2563 4995 seqq.
2647 4924 2665 4963 ί
2703 4924 2837 4980 ibid.
2871 4925 2960 4978 ⁸54.
3043 4927 3067 4964 ε
3109 4925 3125 4978 l
3157 4923 3285 4980 Cor.
3324 4939 3384 4990 ll,
3419 4922 3472 4990 7,
3507 4921 3563 4976 8.

1413 5105 1650 5164 VARIE
1685 5103 2073 5165 LECTIONES
2109 5104 2198 5159 ET
2223 5104 2457 5161 ΝΟΤΛΕ.

391 5276 1046 5362 υ.’.ιλ,ττόέττολοςίῃίζοεξζ
1072 5282 1368 5362 ξ-Παῦλος.
1419 5290 1494 5343 lta
1530 5305 1749 5362 quoque
1774 5292 1880 5361 leg.
1920 5333 1921 5336 η

2032 5291 2062 5346 d
2093 5290 2257 5346 Cord.
2286 5305 2339 5360 p.
2371 5287 2502 5362 A165:
2557 5290 2624 5362 _“
2655 5285 3418 5362 Kal-j-a’ieo’lgdszXptazé.
3472 5286 3594 5362 Des.

327 5349 470 5432 apud
508 5347 671 5432 Certi.
708 5349 926 5432 p._iEi5.
970 5347 1672 5432 ’³³-Κορινθίουςηςοιίδ
1706 5347 1919 5432 2(λῖῙῶ

2025 5347 2322 5432 ἑπιστολῇδν
2364 5360 2410 5392 ³⁵
2459 5358 2596 5414 Cod.
2654 5359 2690 5412 2
2741 5357 2925 5432 αὐτός.
3003 5347 3153 5432 ":39
3189 5347 3328 5426 ᾑὲν,
3359 5347 3412 5411 κ.
3481 5358 3596 5413 τ.λ.

327 5417 454 5498 [Istic
510 5420 594 5498 bis
645 5417 789 5498 apud
847 5419 1010 5475 (ἴοι-(1.
1058 5417 1334 5498 legu_ntur.
1362 5417 1425 5497 p.'
1463 5430 1582 5497 172,
1619 5433 1708 5486 ubi
1747 5431 1863 5486 sine
1903 5434 2146 5487 auctoris
2181 5417 2404 5486 nomine
2437 5445 2532 5498 per
2561 5417 2964 5498 compendium
2994 5417 3353 5493 exhibe-titur,
3387 5436 3443 5482 et
3473 5443 3595 5498 pag.

329 5488 454 5572 με),
487 5491 580 5543 ubi
599 5493 789 5572 eadem
825 5488 1139 5572 recurrunt,
1168 5488 1460 5572 Theodoro
1489 5488 1750 5572 ascripta.

1831 5504 1876 5535 ³³³
1909 5503 2044 5557 Cod.
2084 5503 2108 5555 l
2150 5496 2522 5572 νεανιότητος.
2552 5499 2645 5555 Sic
2669 5496 2889 5572 quoque
2919 5497 3117 5572 Menti.
3146 5499 3181 5572 l.
3214 5514 3263 5553 c.
3294 5515 3346 5568 p.
3381 5496 3524 5572 £83,.
3546 5496 3598 5572 ft

330 5555 528 5639 ilosius
566 5563 632 5614 ad
667 5564 722 5639 li.
767 5564 804 5618 l.
841 5563 1050 5639 Aquila:
1086 5555 1371 5622 lectionem
1403 5555 1746 5639 exprimunt.
1781 5573 1921 5627 Cede

2025 5573 2056 5625 2
2102 5555 2264 5628 habet.
2303 5555 2540 5638 νεότητι,
2570 5587 2669 5637 pro
2689 5555 2959 5638 ’νεότητος
2987 5579 3046 5623 ιιι
3072 5555 3308 5639 videtur;
3385 5569 3430 5639 ξ’
3463 5555 3593 5622 Τοῦ.

327 5629 719 5722 alfstancojl.’
741 5639 808 5722 ΞΑ
868 5629 918 5722 ξε
947 5639 1278 5722 ρος-πόρουἒ
1345 5629 1574 5722 Αιιθέιιι
1608 5643 1810 5722 co_d_._f.’..
1843 5713 1852 5722 _
1888 5644 1921 5722 δῖ

2025 5642 2209 5722 αϐᾔς..
2229 5645 2363 5698 Cod.
2399 5645 2418 5697 l
2449 5629 2686 5711 ’βλάδηα
2731 5640 2807 5693 lta
2835 5629 3232 5722 iluoqueapud
3265 5637 3437 5695 Cord.
3468 5653 3590 5709 pag.

329 5699 452 5753 189.
531 5699 575 5732 ⁸⁸
611 5704 740 5756 Καί.
771 5704 906 5761 Cod.
942 5707 993 5771 1,
1019 5706 1053 5761 2
1082 5709 1173 5761 καὶ
1212 5708 1309 5779 μέν
1338 5728 1420 5763 τοι
1451 5713 1562 5766 καί.

1643 5716 1682 5746 ⁵¹
1716 5713 2060 5770 Ἐλάνθανες.
2101 5715 2232 5771 Cod.
2263 5727 2492 5785 uterque
2529 5728 2715 5785 praem.
2754 5711 2859 5782 πρὸ

2895 5711 2989 5765 τοῦ
3031 5711 3241 5773 τέλους.
