4038 6214
453 250 560 315 923
1454 238 1947 309 THEODORETI
1975 243 2316 307 EPISCOPI
2345 244 2714 307 CYRENSIS
3623 245 3727 311 92L

531 365 694 423 Vens.
729 365 786 421 6.
821 383 839 417 ι
877 363 1175 434 lncrepasti
1217 374 1428 435 gentes,
1474 374 1531 419 et
1585 365 1748 434 periit
1796 363 2031 434 impius:

2215 361 2290 428 ς’.
2328 380 2348 415 ι
2384 362 2761 433 Ἐπετίμησας
2789 358 2991 426 ἔθνεσι,
3021 359 3116 414 καὶ
3144 356 3396 413 ἀπώλετο
3427 359 3459 412 ό
3487 362 3719 433 ἀσεϐήςο

459 475 658 515 nomen
689 460 811 530 ejus
844 458 1091 514 delevisti
1122 459 1178 513 in
1209 468 1501 523 aeternum,
1556 467 1615 513 et
1668 458 1724 513 in
1776 460 2038 514 saeculum

2158 456 2202 509 ιδ
2236 455 2408 527 ὄνομα
2447 453 2614 509 αὐτοῦ
2645 453 2937 525 ἐξήλειψας
2989 454 3071 517 εἰς
3123 452 3220 505 τὸν
3269 452 3461 518 αἰῶνα,
3511 455 3602 507 καί
3637 458 3717 519 εἰς

458 553 720 608 saeculi.»
759 551 876 607 Non
900 551 1045 607 enim
1077 551 1321 607 tolerasti
1342 591 1358 617 ,
1398 551 1592 620 inquit,
1616 551 1823 606 diutius
1859 550 2041 604 homi-

2158 547 2233 602 τὸν
2270 547 2445 601 αἰῶνα
2478 547 2577 601 τοῦ
2625 546 2842 610 αἰῶνος.
2902 566 2922 600 ›
2965 547 3044 600 υὺ
3074 544 3186 617 γὰρ
3228 546 3487 616 ἠνέσχου,
3526 549 3710 619 φησὶν,

461 662 591 700 num
635 657 887 700 naturam
917 643 1219 712 despicere,
1254 645 1324 699 ab
1352 644 1551 699 acerbo
1582 652 1814 715 tyranno
1845 643 1897 698 in
1922 658 2041 699 ser-

2158 639 2237 692 int
2265 639 2517 693 πλεῖστον
2550 638 2814 711 περιῖδεϊν
2846 637 2958 693 τῶν
2982 637 3289 709 ἀνθρώπων
3311 637 3409 707 τὴν
3434 638 3596 706 φύσιν
3616 638 3719 694 ὑπὸ

461 739 689 793 vitutem
733 739 876 793 male
940 738 1243 803 redactam,
1304 739 1397 794 sed
1446 747 1705 809 tanquam
1768 738 2041 809 quispiam

2158 731 2238 785 toﬁ
2272 729 2469 802 πικροῦ
2498 732 2764 802 τυράννου
2806 729 3175 801 δουλουμένην
3209 729 3421 794 κακῶς,
3469 729 3583 785 ἀλλ’
3608 726 3717 785 οἷόν

458 832 626 898 jndex
659 846 827 901 super
847 831 986 885 solio
1020 831 1261 901 quodam
1316 831 1427 885 alto
1476 837 1529 885 et
1599 830 1826 887 terribili
1862 831 2041 885 tribu-

465 919 574 974 nali
610 921 828 984 sedeus,
853 921 1016 974 talem
1047 920 1149 991 ipsi
1183 935 1401 989 poenam
1438 919 1771 990 imposuisti,
1817 929 1880 976 ut
1928 930 2045 977 me-

466 1010 638 1063 moria
673 1009 836 1078 hujus
866 1010 1201 1079 sempiterna
1243 1009 1522 1064 oblivione
1546 1010 1889 1066 obscuretur.
1919 1010 2045 1068 Haec

467 1109 649 1154 autem
681 1100 885 1154 verba:
926 1117 946 1150 ι
987 1096 1285 1169 lncrepasti
1317 1108 1533 1169 gentes,
1602 1108 1659 1156 et
1723 1101 1885 1171 periit
1939 1102 2044 1157 im-

469 1190 615 1261 pius,
662 1209 682 1242 ›
732 1191 877 1246 hunc
902 1191 1104 1247 habent
1130 1205 1388 1246 sensum:
1419 1189 1526 1246 Per
1551 1206 1741 1248 saeros
1769 1194 2046 1262 apostolos

469 1291 518 1336 el
549 1297 644 1352 per
674 1293 950 1351 praecones
981 1279 1252 1346 veritatis,
1283 1281 1378 1351 qui
1434 1290 1559 1351 post
1611 1282 1737 1338 illos
1801 1281 2043 1350 fuerunt,

2142 841 2229 890 τις
2263 822 2546 895 δικαστής,
2597 823 2693 877 ἐπὶ
2722 823 2913 896 θρόνου
2942 823 3088 887 τινὸς
3122 822 3331 894 ὑψηλοῦ
3366 823 3460 876 καλ¹
3490 823 3717 894 φοϐεροῦ

2147 916 2390 988 βήματος
2442 917 2677 980 καθίσας
2713 917 2780 983 ⁸³,
2816 915 3076 988 τοιαύτην
3125 915 3272 987 αὐτῷ
3304 915 3576 988 τιμωρίαν
3630 919 3721 969 ἐπ-

2145 1010 2385 1081 ήνεγκας
2399 1050 2413 1076 ,
2443 1007 2584 1061 ὥστε
2601 1006 2738 1081 λήθῃ
2757 1007 3014 1062 παντελεῖ
3032 1007 3224 1061 τούτου
3240 1007 3609 1080 παραδοθῆναι
3626 1008 3722 1079 τὴν

2150 1103 2389 1172 μνήμην.
2427 1101 2502 1154 Τὸ
2529 1099 2588 1154 δέ
2628 1116 2721 1169 γε,
2764 1119 2783 1152 ι
2820 1100 3199 1171 Ἐπετίμησας
3250 1099 3454 1166 ἔθνεσι,
3488 1101 3580 1155 καὶ
3624 1101 3723 1154 ἀπο

2145 1193 2315 1246 ὡλετο
2334 1194 2365 1246 ό
2386 1192 2623 1261 ἀσεϐὴς,
2655 1211 2675 1246 ι
2704 1191 2912 1264 ταύτην
2942 1191 3057 1263 ἔχει
3080 1192 3183 1263 τὴν
3217 1191 3590 1246 διάνοιανθΔιά
3620 1191 3725 1245 τῶν

2151 1285 2312 1355 ίερῶν
2366 1286 2715 1351 ἀποστόλων,
2750 1285 2845 1339 καὶ
2884 1282 3148 1355 τῶν·μετ⁹
3180 1282 3430 1347 ἐκείνους
3478 1282 3577 1353 τῆς
3607 1281 3723 1353 ἀληο

468 1374 716 1430 obtulisti
763 1374 1022 1445 gentibus
1074 1372 1261 1428 divina
1305 1373 1604 1445 dogmata:
1636 1374 1742 1430 illa:
1776 1388 2044 1430 verocum

2158 1377 2298 1442 θείας
2325 1378 2587 1450 κηρύκων
2603 1378 2670 1442 ⁸³,
2705 1378 3086 1448 προσήνεγκες
3107 1375 3157 1409 ⁸⁸
3184 1378 3298 1440 τοῖς
3324 1374 3507 1429 ἔθνεσι
3522 1376 3591 1429 τά
3613 1375 3722 1432 θεῖα

468 1467 834 1537 accepissent,
867 1473 921 1521 et
976 1466 1044 1521 ab
1080 1480 1271 1522 errore
1322 1466 1565 1521 liberata:
1624 1475 1828 1530 essent,
1887 1468 2051 1537 periit

2158 1470 2394 1540 δόγματα
2419 1470 2488 1503 ⁸⁵⁸
2532 1468 2761 1523 ἐκείνων
2797 1469 2854 1522 δὲ
2900 1467 3246 1538 δεξαμένων,
3278 1467 3372 1523 καὶ
3405 1469 3507 1538 τῆς
3527 1466 3723 1539 πλάνης

468 1559 688 1628 impius,
717 1574 825 1614 non
858 1559 1094 1630 amplius
1137 1560 1346 1616 habens
1393 1560 1649 1617 seductos
1706 1561 2046 1619 adoratores.

2158 1560 2581 1630 ἀπαλλαγέντων
2607 1601 2621 1626 ,
2654 1558 2904 1614 ἀπώλετο
2932 1560 2961 1613 ὁ
2996 1558 3223 1630 ἀσεϐής,
3257 1559 3386 1621 τοὺς
3438 1555 3725 1626 ἀπατωμέ-

469 1652 561 1708 Sic
597 1652 874 1709 Barnabas
936 1665 992 1708 et
1018 1652 1223 1709 Paulus
1277 1652 1583 1724 Lyeaones,
1641 1654 1733 1724 qui
1771 1654 2050 1709 conaban-

2158 1668 2276 1717 νους
2315 1651 2412 1706 καὶ
2453 1651 2902 1723 προσκυνοῦντας
2928 1651 3030 1704 οὐκ
3070 1650 3230 1721 ἔχων.
3260 1647 3487 1703 υῦτω⁵⁸
3523 1646 3724 1718 Βαρνά-

469 1753 558 1799 tur
586 1743 722 1812 ipsis
754 1743 1090 1806 sacriﬁcare,
1145 1744 1570 1814 increpaverunt
1621 1744 1995 1801 vociferantes
2031 1761 2047 1800 :

476 1854 495 1887 ι
525 1834 667 1902 Quid
689 1835 900 1903 facitis,
928 1836 1076 1890 viri?
1101 1843 1157 1891 et
1184 1851 1285 1892 nos
1307 1836 1568 1892 mortales
1597 1852 1813 1904 sumus,
1847 1837 2052 1893 similes

470 1926 625 1981 vobis
662 1925 935 1988 homines,
968 1933 1348 1981 eonvertentes
1381 1940 1483 1982 vos
1515 1927 1584 1982 ab
1615 1927 1703 1983 his
1736 1928 1901 1984 rebus
1960 1944 2054 1982 va-

469 2018 558 2073 nis
595 2018 662 2072 ad
704 2018 871 2072 Deum
903 2026 953 2072 ιι.
996 2037 1016 2071 ι
1048 2018 1139 2074 Sic
1162 2018 1328 2073 etiam
1370 2017 1570 2074 beatus
1625 2018 1831 2075 Paulus
1877 2020 2056 2074 incre-

469 2106 618 2176 pavit
655 2105 879 2161 Galatas
912 2124 925 2161 :
983 2124 1002 2159 ι
1037 2106 1081 2161 Ο
1104 2107 1283 2162 stolidi
1332 2105 1561 2175 Galatae,
1602 2108 1727 2178 quis
1753 2092 1852 2164 vos
1887 2110 2052 2165 fasci-

2153 1744 2252 1808 ϐας
2280 1744 2376 1797 καί
2420 1743 2636 1808 Παῦλος
2684 1742 2846 1798 θῦσαι
2897 1742 3208 1813 πειραθεῑσι
3238 1742 3515 1796 Λυκάοσιν
3556 1737 3728 1794 ἐπετί-

2156 1851 2336 1906 μησαν
2389 1835 2654 1905 βοῶντεςο
2713 1854 2732 1887 ι
2766 1835 2832 1889 Τί
2886 1837 3091 1889 ποιεῖτε
3119 1873 3135 1900 ,
3168 1834 3398 1905 ἄνδρες
3433 1833 3527 1886 καὶ
3576 1833 3726 1903 ἡμεῖς

2151 1927 2504 2000 ὁμοιοπαθεῖς
2532 1929 2702 1999 ἐσμεν
2736 1928 2866 2000 ὑμῖν
2896 1927 3200 1999 ἄνθρωποι,
3231 1926 3342 1981 ἀπὸ
3372 1924 3580 1979 τούτων
3620 1924 3722 1978 τῶν

2156 2020 2402 2091 ματαίων
2448 2020 2588 2092 πρὸς
2631 2020 2724 2074 τὸν
2775 2019 2911 2073 Θεὸν
2963 2020 3110 2091 ὑμᾶς
3148 2017 3653 2090 ἐπιστρέφοντεςσῆ
3700 2032 3720 2066 ι

2155 2110 2308 2165 Οὕτω
2346 2112 2621 2176 Γαλάταις
2653 2113 2681 2165 ὁ
2720 2111 2994 2184 μακάριος
3026 2110 3394 2182 ἐπετίμησε⁶⁸
3439 2108 3643 2172 Παῦλος
3659 2108 3721 2141 ⁸⁸·

471 2198 644 2263 navit,
677 2198 879 2267 quibus
908 2206 1035 2253 ante
1067 2199 1258 2253 oculos
1282 2197 1444 2256 Jesus
1496 2198 1754 2257 Christus
1792 2203 2048 2272 praeseri-

2158 2198 2223 2257 Ὦ
2249 2204 2465 2276 ἀνόητοι
2494 2203 2753 2271 Γαλάται,
2783 2204 2869 2268 τίς
2907 2204 3052 2275 ὑμᾶς
3089 2201 3396 2256 ἐϐάσκανεν
3410 2201 3479 2269 ⁷⁸,
3506 2197 3584 2264 οἷς
3613 2197 3726 2253 κατ’

471 2299 601 2360 ptus
632 2299 718 2347 est
750 2291 1046 2347 cruciﬁxus
1072 2291 1135 2346 οἳ
1165 2309 1187 2345 ι
1226 2291 1319 2348 Sic
1344 2292 1412 2348 ad
1442 2291 1765 2350 Corinthios
1791 2311 1806 2349 :
1865 2313 1884 2347 ι
1923 2293 2054 2350 0m-

2158 2294 2469 2366 ὀφθαλμοὺς
2501 2293 2712 2367 Ἰησοῦς
2741 2293 2979 2366 Χριστὸς
3008 2296 3341 2365 προεγράφη
3387 2289 3727 2363 ἐσταυρωμέ-

472 2382 608 2438 nino
632 2386 653 2407 ⁶
682 2383 908 2439 auditur
932 2383 1074 2438 inter
1099 2396 1201 2440 vos
1228 2381 1542 2452 fornicatio,
1576 2393 1632 2441 et
1648 2385 1775 2443 talis
1807 2385 2054 2444 fornica-

2158 2403 2274 2453 νος;
2314 2403 2334 2438 ι
2370 2385 2529 2441 Οὕτω
2576 2385 2888 2457 Κορινθίοις
2911 2399 2926 2416 ο
2963 2401 2985 2438 ι
3021 2384 3199 2449 ὀλως
3227 2382 3492 2438 ἀκούεται
3518 2384 3576 2437 ἐν
3611 2381 3730 2453 ὑμῖν

474 2472 570 2537 tio,
605 2474 784 2542 qualis
814 2487 990 2544 neque
1020 2471 1187 2545 659
1216 2472 1361 2528 inter
1384 2483 1573 2545 gentes
1605 2476 1916 2532 nominatur
1947 2486 1995 2535 P.
2029 2495 2050 2529 ι

2158 2477 2401 2551 πορνεία,
2457 2478 2554 2534 καὶ
2587 2477 2816 2550 τοιαύτη
2855 2477 3107 2551 πορνεία,
3160 2476 3251 2532 οἴα
3267 2477 3313 2511 ’⁸
3361 2476 3474 2532 οὐδ’
3522 2477 3579 2531 ἐν
3626 2475 3729 2538 τοῖς

471 2563 614 2635 Ergo
640 2564 943 2635 increpavit
973 2574 1187 2635 gentes,
1221 2574 1278 2621 et
1304 2566 1469 2636 periit
1497 2567 1720 2638 impius,
1760 2577 1816 2623 et
1844 2583 2047 2625 nomen

2158 2570 2363 2624 ἔθνεσιν
2390 2571 2742 2641 ὀνομάζεται.
2765 2588 2785 2622 ι
2832 2568 3169 2640 Ἐπετίμησε
3195 2568 3385 2623 τοίνυν
3410 2566 3609 2633 ἔθνεσι,
3643 2563 3729 2621 καὶ

470 2657 590 2725 ejus
622 2657 824 2711 delevit
862 2658 916 2712 in
970 2659 1231 2714 saeculum
1294 2659 1503 2715 saeculi.
1574 2658 1857 2717 Exstincta
1904 2662 2053 2716 enim

2158 2659 2405 2714 ἀπώλετο
2448 2660 2478 2712 ό
2510 2657 2736 2729 ἀσεϐὴς,
2782 2659 2878 2713 καὶ
2919 2660 2981 2713 τὸ
3025 2658 3200 2731 δνομα
3244 2657 3418 2713 αὐτοῦ
3464 2655 3729 2726 ἐξήλειψεν

472 2764 700 2820 prorsus
732 2760 863 2806 sunt
889 2751 1198 2821 impietatis
1232 2766 1413 2819 sacra,
1465 2760 1522 2809 et
1567 2753 1850 2809 oblivione
1905 2769 2054 2809 sem-

2158 2752 2234 2816 εἰς
2281 2751 2374 2805 τὸν
2404 2749 2578 2805 αἰῶνα
2607 2748 2651 2782 ⁷⁸
2682 2750 2778 2805 τοῦ
2808 2749 3024 2815 αἰῶνος.
3061 2749 3436 2821 Ἐσϐέσθησαν
3474 2748 3580 2821 γὰρ
3607 2762 3730 2801 παν-

472 2839 685 2909 piterna
716 2841 892 2895 deleta
926 2850 1075 2904 sunt,
1112 2850 1173 2897 ut
1199 2857 1360 2897 nemo
1411 2859 1480 2898 ex
1530 2843 1849 2901 hominibus
1888 2844 2054 2917 hujus

2158 2841 2324 2906 τελῶς
2353 2841 2455 2913 τῆς
2504 2841 2766 2904 ἀσεϐείας
2798 2844 2855 2896 αἰ
2898 2841 3136 2909 τελεταὶ,
3170 2843 3268 2897 καὶ
3299 2841 3443 2914 λήθῃ
3491 2838 3730 2896 παντελεῖ

473 2933 741 3003 temporis
774 2934 912 2989 sciat
943 2933 1245 3004 impietatis
1274 2935 1556 3005 mysteria.

2155 2932 2538 3005 παρεδόθησαν
2562 2973 2577 2997 ,
2612 2933 2690 2996 ὡς
2724 2932 2929 3004 μηδένα
2965 2932 3078 2987 τῶν
3110 2931 3209 2988 νῦν
3251 2931 3566 3006 ἀνθρώπων
3604 2928 3728 2983 εἰδέ-

2016 3028 2031 3039 ’
2080 3044 2128 3105 ο
2156 3042 2247 3080 ναι
2275 3024 2344 3077 τὰ
2376 3025 2474 3095 τῆς
2507 3024 2767 3089 ἀσεϐείας
2800 3025 3104 3097 μυστήρια.

546 3112 712 3167 Vens.
750 3114 801 3168 7.
841 3113 1093 3170 «Inimici
1120 3112 1702 3184 defeceruntgladiiin
1730 3122 2054 3184 perpetuum

474 3214 529 3259 et
557 3204 805 3259 civitates
834 3204 1173 3263 destruxisti.
1217 3224 1236 3257 ι
1284 3203 1537 3275 Propriis
1564 3203 1710 3257 enim
1739 3203 1910 3257 armis
1962 3217 2055 3257 or-

476 3296 638 3349 batus
666 3304 804 3356 erat,
831 3310 952 3349 cum
996 3295 1294 3364 impietatis
1332 3295 1618 3351 ministros
1655 3309 1766 3350 non
1811 3295 2055 3351 haberet.

478 3385 581 3451 Qui
616 3401 745 3440 vero
771 3401 830 3441 se
853 3385 1005 3455 ipsos
1032 3386 1401 3442 instrumenta
1435 3385 1732 3457 impietatis
1751 3386 1900 3442 illius
1923 3401 2059 3441 con-

479 3480 790 3542 stituerant,
822 3479 872 3533 hi
930 3494 1077 3534 nunc
1139 3480 1358 3545 mutati,
1401 3479 1605 3535 bellum
1642 3489 1832 3536 contra
1900 3481 2055 3536 illum

479 3579 854 3642 susceperant.
898 3569 966 3626 Et
1006 3571 1278 3635 civitates,
1340 3586 1532 3628 eversa
1568 3572 1869 3652 impietate,
1937 3588 2060 3643 qua:

481 3663 538 3718 in
580 3664 721 3734 ipsis
752 3663 885 3718 olim
940 3664 1121 3718 locum
1176 3664 1434 3732 habebat,
1482 3665 1698 3735 pietatis
1740 3665 2061 3721 aediﬁcatio-

480 3768 604 3806 nem
660 3762 1042 3822 susceperunt.
1087 3752 1206 3808 Non
1236 3753 1382 3808 enim
1409 3753 1528 3809 ﬁeri
1559 3762 1774 3825 poterat
1799 3761 1861 3809 ut
1884 3755 2059 3824 pietas

481 3845 868 3912 aediﬁcaretur,
911 3845 1014 3900 nisi
1065 3845 1220 3915 prius
1248 3845 1501 3915 impietas
1529 3847 1712 3902 diruta
1743 3855 1909 3903 esset.
1943 3845 2061 3903 Hoc

480 3951 535 3997 et
568 3942 790 3997 divinus
812 3942 1108 4011 Apostolus
1136 3941 1272 3996 dixit
1309 3959 1322 3995 :
1360 3960 1380 3993 ι
1425 3942 1694 4013 Apparuit
1739 3944 1914 4014 gratia
1963 3943 2061 3998 Dei

481 4035 738 4090 salutaris
761 4034 1017 4089 omnibus
1047 4034 1377 4100 hominibus,
1412 4037 1670 4092 erudiens
1696 4051 1822 4100 nos,
1851 4044 1913 4091 ut
1960 4036 2060 4093 ab-

479 4133 745 4196 negantes
773 4125 1107 4195 impietatem
1140 4133 1196 4180 et
1229 4125 1513 4181 saecularia
1542 4127 1838 4195 desideria,
1871 4127 2057 4184 sobrie

478 4233 531 4273 οι
554 4218 640 4290 pie
668 4219 917 4273 vivamus
946 4218 999 4272 in
1034 4219 1137 4274 hoc
1163 4219 1423 4287 sacculos,
1463 4238 1483 4272 ι
1510 4228 1707 4290 etquae
1734 4231 2058 4289 sequuntur.

479 4312 572 4368 Sic
602 4312 833 4382 quilibet
867 4327 976 4366 non
1010 4327 1137 4366 eum
1165 4310 1390 4368 Christo
1423 4311 1681 4382 resurgit,
1740 4312 2059 4381 priusquam

2234 3117 2299 3183 ζ’.
2335 3136 2353 3169 ι
2377 3116 2484 3170 Τοῦ
2515 3117 2712 3188 ἐχθροῦ
2738 3116 2988 3184 ἐξέλιπον
3008 3118 3066 3172 αἰ
3099 3119 3383 3189 ρομφαῖαι
3407 3118 3454 3150 ’⁸
3474 3116 3551 3180 εἰς
3572 3113 3729 3178 τέλος,

2162 3211 2259 3264 καὶ
2295 3210 2484 3273 πόλεις
2517 3210 2788 3274 καθεῖλες.
2832 3228 2851 3261 ι
2902 3209 3228 3281 Ἐγυμνῶθη
3262 3210 3384 3282 γὰρ
3410 3208 3517 3263 τῶν
3538 3207 3734 3263 οἰκείων

2163 3302 2362 3366 ὅπλων,
2398 3302 2497 3356 οὐκ
2528 3301 2669 3373 ἔχων
2698 3302 2801 3372 τῆς
2829 3302 3089 3366 ἀσεϐείας
3137 3303 3265 3365 τοὺς
3310 3300 3647 3372 ὑπουργούς·
3683 3296 3729 3350 οἰ

2161 3392 2219 3446 δὲ
2253 3394 2394 3463 σφᾶς
2423 3393 2622 3457 αὐτοὺς
2663 3392 2876 3447 ἐκείνου
2909 3394 3364 3464 καταστήσαντες
3392 3394 3614 3465 ὄργανα,
3645 3381 3726 3442 οῦ-

2162 3503 2246 3541 τοι
2280 3483 2376 3541 νῦν
2425 3484 2865 3557 μεταταξάμενοι
2901 3485 2950 3519 "
2982 3485 3074 3539 τὸν
3107 3485 3230 3539 κατ’
3264 3486 3479 3540 ἐκείνου
3510 3483 3727 3554 πόλεμον

2164 3575 2510 3644 ἀνεδέξαντο.
2559 3576 2673 3631 Καὶ
2699 3577 2756 3631 αἰ
2782 3569 2965 3639 πόλεις
2990 3575 3051 3629 δέ
3079 3576 3146 3643 ⁷⁸,
3172 3576 3273 3646 τῆς
3320 3578 3380 3631 ὲν
3424 3577 3607 3638 αὐταῖς
3634 3573 3726 3628 πά-

2163 3667 2255 3721 λαι
2305 3666 2733 3738 πολιτευομένης
2786 3667 3046 3732 ἀσεϐείας
3098 3666 3535 3740 καταλυθείσης,
3592 3667 3724 3721 εὐσε-

2166 3759 2318 3824 ϐείας
2346 3759 2394 3791 "
2415 3758 2517 3829 τήν
2552 3758 2865 3829 οἰκοδομίαν
2911 3758 3254 3825 ἀνεδέξαντο.
3291 3760 3416 3813 Τῶν
3472 3759 3727 3814 ἀδυνάτων

2165 3850 2276 3922 γάρ
2303 3845 2373 3921 ἦν
2409 3848 2700 3920 δείμασθαι
2746 3850 2791 3882 ⁷⁸
2826 3848 2927 3921 τήν
2953 3851 3000 3883 ⁷⁸
3035 3850 3326 3905 εὐσέϐειαν
3372 3852 3446 3922 μὴ
3483 3849 3728 3921 πρότερον

2167 3941 2584 4005 καταλύσαντας
2623 3940 2724 4013 τὴν
2777 3940 3056 3999 ἀσέϐειαν.
3108 3941 3280 3996 Τοῦτο
3313 3943 3362 3976 ⁸ο
3403 3942 3497 3997 καὶ
3538 3944 3565 3995 ὁ
3604 3939 3728 4000 θεῖος

2180 4031 2505 4097 ’Λπόστολος
2532 4033 2576 4065 ⁸⁸
2611 4030 2753 4102 ἔφη*
2812 4051 2832 4083 ι
2889 4031 3163 4104 Ἐπεφάνη
3207 4035 3239 4105 ή
3290 4035 3452 4106 χάρις
3490 4034 3578 4106 τοῦ
3607 4029 3728 4087 Θεοῦ

2168 4124 2203 4194 ή
2240 4124 2513 4195 σωτήριος
2545 4125 2711 4179 πᾶσιν
2759 4123 3094 4194 ἀνθρώποις,
3133 4104 3468 4182 διδάσκουσα
3503 4104 3552 4159 δ’
3600 4123 3729 4194 ἡμᾶς

2169 4216 2239 4272 ἵν’
2288 4215 2663 4289 ἀρνησάμενοι
2708 4216 2811 4288 τὴν
2854 4217 3138 4285 ἀσέϐειαν,
3187 4218 3284 4272 καί
3335 4219 3436 4283 τὰς
3481 4215 3728 4288 κοσμικὰς

2170 4309 2488 4378 ἐπιθυμίας,
2526 4308 2825 4381 σωφρόνως
2872 4310 2969 4362 καὶ
3020 4309 3259 4375 εὐσεϐῶς
3305 4312 3353 4344 ⁸³
3397 4312 3642 4383 ζήσωμεν
3678 4308 3728 4359 ἐν

479 4404 674 4459 mortis
733 4403 1290 4458 communicationem
1351 4404 1641 4473 acceperit.
1707 4403 2054 4472 Quapropter

2166 4398 2244 4468 τῷ
2275 4397 2370 4450 νῦν
2405 4398 2587 4463 αἰῶνι,
2627 4417 2646 4450 ι
2688 4399 2785 4452 καὶ
2812 4397 2881 4452 τὰ
2919 4399 3069 4469 ἑξῆς.
3106 4399 3296 4465 Οὕτως
3332 4402 3562 4465 ἕκαστος
3590 4399 3634 4431 ⁸*
3672 4396 3725 4449 οὗ

477 4497 699 4551 divinus
733 4494 936 4551 Paulus
975 4495 1089 4549 ait:
1147 4512 1167 4546 ι
1208 4495 1266 4549 Si
1298 4495 1445 4549 enim
1499 4495 1726 4565 plantati
1790 4493 2059 4549 fuerimus

478 4603 602 4640 cum
635 4603 700 4641 eo
730 4586 1091 4641 similitudine
1129 4585 1323 4641 mortis
1362 4585 1501 4655 ejus,
1559 4583 1725 4639 simul
1757 4592 1813 4638 et
1873 4598 2060 4637 resur—

482 4680 742 4735 rectionis
777 4681 1072 4751 participes
1105 4677 1315 4735 erimus
1372 4687 1420 4731 ι’.
1454 4698 1473 4731 ο
1509 4676 1581 4731 Ει
1641 4692 1839 4732 rursus
1869 4694 1883 4732 :
1944 4694 1961 4728 ι
2000 4675 2059 4731 Si

554 4843 582 4871 ιι
611 4833 731 4889 Aet.
773 4851 881 4900 xxv,
916 4837 1001 4892 l5.
1081 4842 1107 4871 °
1142 4835 1320 4892 Galat.
1351 4850 1429 4899 Ill,
1460 4833 1513 4888 1.
1592 4844 1617 4884 P
1646 4833 1666 4888 1
1693 4833 1821 4889 Cor.
1852 4849 1905 4900 v,
1943 4834 1994 4888 1.

2158 4831 2228 4892 'Jl.
2264 4848 2324 4899 tt,
2361 4834 2446 4894 11.
2498 4834 2584 4888 12.

2162 4489 2429 4561 πρότερον
2460 4489 2849 4545 συνανίσταται
2879 4491 2925 4523 ⁸⁵
2954 4490 3032 4561 τῷ
3056 4493 3301 4564 Χριστῷ,
3332 4495 3465 4562 πρὶν
3492 4490 3723 4558 δέξασθαι

2159 4580 2256 4634 τοῦ
2309 4580 2544 4635 θανάτου
2595 4582 2695 4653 τὴν
2741 4582 3046 4636 κοινωνίαν.
3101 4584 3192 4636 Διὸ
3244 4586 3341 4638 καὶ
3387 4587 3416 4638 ό
3463 4581 3722 4639 θεσπέσιος

2161 4671 2374 4736 Παῢλός
2422 4689 2587 4744 φησιν
2619 4689 2633 4704 ·
2668 4691 2687 4725 ι
2735 4673 2796 4727 Εἰ
2845 4674 2954 4745 γὰρ
2990 4673 3263 4746 σύμφυτοι
3314 4676 3617 4752 γεγόναμεν
3657 4665 3723 4737 τῷ

2665 4843 2687 4871 τ
2719 4832 2880 4889 Rom.
2920 4850 2993 4903 Vl,
3032 4836 3087 4895 5.

1622 5001 1855 5058 νΑιιιΑε
1895 4999 2279 5057 LECTIONES
2319 5000 2406 5055 ET
2446 4998 2677 5055 ΝΟΤιΕ.
2775 5052 2784 5060 .

559 5117 763 5192 "Coll.
798 5127 1028 5192 uterque
1066 5122 1427 5192 προκαθίσας.

1537 5122 1584 5155 ⁸³
1619 5120 1727 5176 Kal
1753 5138 1865 5190 κηρ

488 5190 533 5222 ⁸³
551 5191 836 5259 Δόγματα.
862 5190 1153 5259 (ΣθιΙ.διδάγ

489 5330 813 5404 ἐϐάσκηνεν.
868 5329 912 5364 ’⁸
936 5330 1062 5383 Οἴα.
1087 5329 1291 5404 Οοι1έ1,
1384 5334 1527 5404 ἥτις.

490 5398 699 5488 τρῖ)νῖ
728 5400 1169 5488 1)·εξξεῑοιηιιιιιιοηι
1204 5402 1257 5454 ἰι.
1283 5403 1319 5456 l.
1342 5398 1723 5488 interpretatio
1751 5402 1958 5488 Athilte
2010 5399 2078 5452 τὰ
2100 5398 2303 5479 ἔρημα.

1674 5451 1727 5541 ᾗ.
1752 5451 2054 5539 him-aen

2325 5469 2371 5502 ""
2402 5451 2803 5541 God.:utcrque
2909 5451 3094 5541 TC'ord.
3121 5469 3395 5541 ἐδέξαντοΖ
3438 5462 3514 5541 ,⁷⁸
3542 5451 3724 5541 (ξοιικε

489 5545 546 5591 et
572 5539 734 5596 Cord.
761 5540 1124 5610 6::p5601t.__
1150 5540 1193 5571 ⁷⁸
1244 5541 1379 5605 Τήν.
1407 5542 1538 5595 Coll.
1572 5543 1594 5593 1
1638 5539 1825 5609 prmm.
1852 5541 1974 5610 καί.
2051 5543 2054 5567 ¹

2158 5539 2337 5610 "vero,
2373 5558 2427 5593 κ.
2461 5539 2512 5594 λ.
2544 5539 2647 5593 Des
2710 5539 2854 5608 apud
2886 5539 3053 5594 Cord.
3084 5540 3119 5592 1.
3152 5555 3202 5594 c.

489 5468 538 5500 ⁷⁸
569 5472 919 5537 Εἰνσεϐείας.
953 5468 1090 5522 Cod.
1114 5478 1361 5539 uterque,
1388 5480 1441 5525 et
1471 5468 1632 5525 (ἴοι-(1.

1868 5122 2050 5176 ύκων.

2158 5135 2203 5174 s.
2238 5119 2290 5172 in
2331 5118 2453 5173 cod.
2484 5117 2636 5174 Flor.
2711 5119 2757 5152 “
2779 5119 2915 5174 Cod.
2945 5119 3088 5174 Flor.
3113 5127 3167 5174 et
3192 5117 3357 5174 Cord.
3384 5114 3720 5187 προσήνεγκα

1160 5210 1327 5271 ματα.
1383 5179 1448 5271 _'“
1478 5193 1663 5257 Οὕτω,
1700 5210 1753 5246 κ.
1777 5179 1905 5271 εῗλ.
1934 5190 2054 5271 Des.

2158 5190 2430 5271 adi-«1'9-
2463 5189 2708 5271 P~J7.3-.
2748 5191 2802 5271 ‘1
2834 5188 2991 5271 Ἀπί).
3013 5219 3090 5271 —_
3107 5179 3582 5271 έέτιεγτρέιιεςδτξέ·
3611 5179 3720 5271 99%;

370 5292 377 5298 -
488 5259 543 5313 in
577 5245 861 5314 οοίῘἘΙοιο.
936 5260 983 5292 ⁸⁸
1041 5245 1339 5330 Μαῖάριοξ-
1370 5245 1752 5331 existumem}.
1780 5261 1901 5316 Des.
1933 5261 2067 5314 ibid.
2125 5245 2189 5293 ’θ’
2229 5245 2486 5326 Παῦλοέ.
2515 5258 2648 5314 Cod.
2688 5261 2740 5324 1,
2769 5260 2823 5324 2,
2888 5259 3097 5315 addunt
3130 5245 3300 5330 βοῶνῖ
3353 5245 3423 5288 ’⁷⁸
3459 5245 3590 5309 Coll.
3621 5249 3668 5312 1.
3692 5245 3723 5298 9

489 5330 813 5399 ἐϐάσκηνεν.
868 5329 912 5364 ’⁸
936 5330 1062 5383 Οἴα.
1087 5330 1290 5395 Οοι1.1,
1318 5335 1353 5385 2
1384 5334 1527 5399 ἥτις.
1604 5334 1648 5363 ⁷³
1666 5331 1878 5385 Alﬁum.
1902 5330 1955 5383 In
1977 5330 2314 5399 cod.‘2seqn.
2341 5331 2533 5392 καὶείς
2560 5329 2652 5382 τὸν
2672 5331 2863 5383 αἰῶνα.
2906 5398 2911 5399 ί
2939 5329 2985 5361 ⁷³
3002 5332 3066 5383 ΑΙ
3082 5327 3391 5399 ῥομφᾳῖαι.
3414 5323 3721 5399 .l_ux_taﬂvcr§.

2381 5399 2428 5433 ⁷⁸
2463 5384 2598 5453 Clu].
2628 5400 2664 5451 ἓ
2695 5384 3142 5469 μεταδεξάμενόι.
3161 5384 3172 5398 ’
3204 5384 3267 5431 ⁸⁷⁸
3297 5395 3389 5449 Δὲ.
3414 5384 3719 5469 ΟρςΙοιβξαίς

3284 5537 3326 5567 ⁸³
3361 5532 3526 5597 Θεῖος
3564 5523 3724 5597 Ἀεότ

495 5613 736 5691 (traice.
767 5587 1223 5691 Cgﬁ._9_ﬂ162.o;.
1301 5587 1347 5643 δ’
1380 5587 1787 5691 Διδίζσκοῖυσα.
1827 5609 1967 5691 901i.
2016 5610 2038 5662 1

2158 5587 3273 5691 .;a.ij.tga._"'1;ga_pa.fsaginatas
3313 5587 3517 5691 εετεης
3550 5587 3727 5691 ξιιιωι

495 5679 775 5746 εὐσεϐῶς.
807 5682 942 5741 Cod.
976 5683 996 5735 1
1025 5690 1080 5736 et
1107 5680 1142 5733 2
1165 5695 1351 5751 ιιιίειιι.
1387 5682 1479 5735 καὶ
1503 5681 1748 5744 δικαίως.
1826 5682 1873 5714 ⁸⁷⁵
1908 5681 2054 5735 ’Ἕκα

2158 5697 2233 5745 ος.
2267 5678 2400 5735 Cod.
2438 5681 2488 5747 1,
2524 5680 2559 5733 2
2582 5674 2707 5736 add.
2735 5674 2914 5752 ἡμῶν.
2995 5680 3040 5713 ⁸⁵
3070 5678 3204 5734 Cod.
3231 5675 3271 5729 2
3302 5674 3630 5727 συνίσταται.
