4038 6214
329 239 439 307 933

1746 235 1829 297 IN
1870 233 2081 295 PSA'L.
2109 230 2216 290 1X.

3500 228 3610 291 934

396 354 474 414 ς’.
500 366 519 398 ι
564 338 705 399 Εἶπε
727 345 837 418 γὰρ
872 347 931 400 ὲν
953 345 998 378 ⁸⁸
1021 345 1217 419 καρδίᾳ
1243 344 1411 401 αὑτοῦ
1443 361 1455 377 ³
1475 345 1551 400 Οὐ
1578 344 1655 417 μὴ
1679 344 1925 401 σαλευθῶ

2098 338 2266 395 Vens.
2307 338 2361 394 ϐ.
2413 357 2432 390 ι
2481 337 2630 395 Dixit
2656 337 2804 394 enim
2844 338 2901 392 in
2932 337 3098 394 corde
3129 352 3251 405 suo,
3284 355 3394 409 non
3422 356 3612 400 move-

318 442 432 498 ἀπὸ
466 439 666 508 γενεᾶς
710 439 790 502 είς
835 439 1032 506 γενεὰν
1078 439 1211 494 ἄνευ
1262 438 1459 494 κακοῦ.
1515 459 1534 490 ι
1571 437 1923 509 Σαφέστερον

321 531 482 586 τοῦτο
512 532 541 584 6
580 528 875 600 Σύμμαχος
904 530 1288 600 ήρμήνευσενο
1333 549 1354 584 ι
1392 530 1468 584 Οὐ
1509 531 1926 600 περιτραπήσο-

331 641 431 694 μοι
475 624 554 686 είς
600 622 794 689 γενεὰν
835 621 933 675 καὶ⁵
977 623 1194 691 γενεὰν,
1235 622 1364 677 οὔτε
1393 622 1596 693 ἔσομαι
1632 623 1692 676 ὲν
1737 620 1923 676 κακώ-

331 734 435 773 σει.
475 738 495 771 ι
530 717 643 771 Καὶ
672 715 845 787 ταύτῃ
876 714 1145 786 κέχρηται
1175 719 1243 788 τῇ
1280 717 1586 789 θρασύτητι
1606 730 1618 746 ·
1651 715 1746 768 καὶ
1774 714 1926 785 ἠγεῖ-

324 832 419 869 ται
460 812 628 884 μηδὲν
656 809 845 864 δεινὸν
893 809 1304 881 ὑποστήσεσθαι
1349 809 1533 864 πάντα
1578 807 1780 881 μετιὼν
1823 807 1924 878 τῆς

324 906 527 969 κακίας
556 903 628 958 τά
654 902 794 975 εἴδη.

396 993 465 1060 ζ’.
513 1015 532 1047 ι
596 989 670 1049 Οὖ
719 996 861 1066 ἀρᾶς
898 993 961 1047 τὸ
1004 995 1184 1065 στόμα
1232 992 1398 1048 αὐτοῦ
1442 993 1627 1063 γέμει,
1680 993 1776 1047 καὶ
1819 1010 1914 1046 πι-

324 1090 512 1159 κρίας,
559 1089 654 1142 καὶ
696 1087 888 1141 δόλου·
944 1087 1051 1140 ὑπὸ
1076 1087 1175 1157 τὴν
1206 1086 1464 1155 γλῶσσαν
1510 1086 1677 1141 αὑτοῦ
1727 1086 1923 1152 κόπος,

296 1182 423 1234 -καὶ
463 1179 646 1244 πόνος.
699 1196 717 1229 ι
753 1178 951 1241 Δόλους
980 1178 1090 1248 γὰρ
1117 1178 1335 1248 ράπτει,
1372 1177 1469 1230 καὶ
1493 1175 1715 1248 τυρεύει
1755 1176 1925 1239 κακὰ,

326 1275 424 1328 καὶ
445 1274 558 1345 βίον
574 1272 685 1343 ἔχει
713 1271 811 1336 τὰς
837 1271 979 1325 κατά
1004 1269 1110 1323 τῶν
1128 1272 1379 1342 πενήτων
1402 1267 1715 1331 ἐπιϐουλάς.
1738 1267 1808 1340 [⁸ο
1828 1268 1931 1322 K6-

328 1384 432 1431 πος
473 1366 732 1437 ἀνόνητος
774 1363 869 1417 καὶ
911 1363 1074 1425 πόνος
1107 1362 1382 1433 ἀκερδής·
1419 1361 1546 1433 δίχα
1585 1361 1780 1415 τούτου
1827 1361 1928 1431 τὴν

327 1456 587 1525 γλῶσσαν
628 1455 688 1508 οὐ
726 1453 870 1506 κινεῖ
898 1452 997 1505 καὶ
1031 1450 1298 1524 σαλεύει.]

397 1547 471 1618 η’.
529 1566 549 1599 ι
603 1543 939 1615 Ἐγκάθηται
973 1544 1108 1596 sv-“
1145 1544 1338 1617 ἐνέδρᾳ
1379 1543 1518 1615 μετά
1556 1542 1831 1597 πλουσίων
1868 1542 1928 1594 έν

330 1640 717 1711 ἀποκρύφοις,
767 1639 861 1693 τοῦ
904 1639 950 1671 ⁶¹
1005 1638 1327 1692 ἀποκτεῖναι
1369 1636 1567 1692 ἀθῶον.
1626 1654 1645 1688 ι
1702 1636 1814 1690 Καὶ
1868 1636 1928 1688 ὲν

2028 434 2129 488 hor
2180 447 2210 486 a
2257 431 2612 503 generatione
2669 433 2725 485 iu
2767 432 3176 501 generationem
3219 432 3336 488 sine
3385 435 3551 489 malo.
3588 454 3608 487 ι

2027 528 2374 584 Manifestius
2435 529 2584 584 hunc
2633 527 2817 584 locum
2870 527 3232 593 Symmachus
3276 530 3549 598 expressit
3597 548 3611 585 :

2035 641 2054 673 ι
2091 620 2209 676 Non
2248 631 2464 677 evertar
2516 622 2569 676 in
2613 620 3024 692 generationem
3079 629 3137 676 et
3181 623 3614 692 generationem,

2027 726 2205 783 neque
2239 712 2292 766 in
2333 711 2630 768 alllictione
2658 726 2774 769 ero.
2814 730 2836 764 ι
2873 713 3053 782 Atque
3078 710 3182 767 hac
3209 712 3441 768 audacia
3476 728 3614 769 usus

2029 809 2138 864 est,
2170 807 2225 857 et
2254 799 2461 871 cogitat
2488 815 2549 858 se
2595 799 2735 856 nihil
2764 800 2898 856 mali
2927 801 2946 823 ⁶
2985 814 3281 871 passurum
3311 816 3458 867 esse,
3486 816 3611 858 cum

2026 907 2218 949 omnes
2250 893 2472 948 malitiae
2502 893 2715 963 species
2744 893 2903 965 quasi
2932 894 3287 964 percurrerit.

2099 985 2272 1041 Vsus.
2317 987 2365 1042 7.
2416 1004 2436 1039 ι
2475 987 2647 1057 Cujus
2673 1003 2736 1043 os
2761 987 3144 1043 maledictione
3175 988 3392 1059 plenum
3423 998 3527 1055 est,
3559 998 3615 1045 et

2030 1082 2431 1145 amaritudine,
2455 1090 2512 1135 et
2533 1081 2660 1136 dolo
2692 1098 2706 1135 :
2739 1080 2844 1136 sub
2875 1081 3062 1151 lingua
3091 1080 3212 1151 ejus
3240 1081 3397 1136 labor
3426 1092 3532 1149 est,
3560 1092 3615 1138 et

2028 1172 2207 1227 dolor.
2243 1191 2263 1224 ι
2305 1172 2469 1229 Dolos
2517 1173 2665 1228 enim
2715 1173 2900 1238 struit,
2943 1180 2999 1227 et
3044 1174 3396 1229 machinatur
3445 1174 3611 1241 mala,

2028 1268 2311 1337 vitamque
2354 1266 2409 1322 in
2452 1268 2669 1323 insidiis
2715 1275 2907 1323 contra
2948 1282 3216 1338 pauperes
3248 1271 3380 1336 agit.
3414 1267 3615 1340 [Labor

2029 1359 2243 1417 inutilis
2274 1370 2331 1417 et
2360 1362 2609 1417 studium
2643 1361 2852 1418 fructus
2880 1376 3075 1432 expers
3108 1379 3122 1416 :
3153 1362 3315 1433 667
3347 1360 3617 1418 Praeterea

2028 1452 2270 1524 linguam
2294 1470 2395 1509 nec
2424 1464 2608 1510 movet
2636 1470 2737 1510 nec
2765 1453 2987 1526 agitat.]

2098 1544 2264 1602 Vens.
2307 1549 2361 1603 8.
2408 1565 2428 1600 ι
2479 1545 2641 1603 Sedet
2673 1548 2728 1602 in
2757 1546 2973 1603 insidiis
2995 1562 3124 1602 cum
3145 1547 3406 1605 divitibus
3438 1548 3493 1603 in
3522 1563 3618 1604 oc-

2029 1639 2215 1706 cultis,
2250 1649 2313 1695 ut
2344 1640 2639 1695 interﬁciat
2677 1639 3052 1695 innocentem.
3091 1659 3110 1692 ι
3144 1638 3212 1694 Ει
3243 1639 3297 1694 in
3329 1639 3619 1695 conventi-

336 1731 623 1800 συλλόγοις
657 1732 736 1798 δὲ,
769 1731 869 1786 καὶ
899 1732 958 1784 έν
998 1729 1297 1801 συνεδρίοις
1338 1728 1672 1798 καθήμενος,
1704 1727 1927 1796 ἐνέδρας

2038 1731 2161 1799 bus,
2197 1740 2252 1787 et
2288 1734 2342 1786 in
2376 1732 2736 1788 consessibus
2764 1732 2985 1796 sedens,
3018 1732 3244 1787 insidias
3268 1734 3535 1801 quasdam
3564 1738 3622 1787 et

333 1824 489 1888 τινὰς
526 1824 619 1877 καὶ
676 1822 929 1895 μηχανὰς
956 1825 1070 1887 τοῖς
1106 1821 1373 1884 ἀναιτίοις
1409 1821 1455 1852 ⁸³
1503 1820 1925 1882 κατασκευάζει.

336 1914 455 1988 [0i
511 1914 869 1978 πλουτοῦντες
911 1916 979 1986 τῇ
1035 1912 1261 1984 ἀσεϐείᾳ
1327 1912 1624 1976 διαπαντὸς
1674 1913 1740 1981 τῇ
1771 1914 1932 1981 εἰρω-

336 2007 462 2080 νείᾳ
510 2005 682 2072 ζῶσιν
713 2024 728 2039 ·
763 2005 1113 2077 ἐνεδρεύουσι
1140 2006 1251 2076 γάρ
1282 2006 1410 2068 τοὺς
1438 2005 1681 2067 ἀκάκους
1705 2021 1720 2036 ο
1752 2003 1932 2067 ἄλλως

336 2117 399 2153 τε
446 2101 545 2153 καὶ
587 2100 637 2152 οί
701 2097 956 2151 πλούσιοι
995 2094 1340 2168 ἐνεδρεύουσι
1375 2095 1504 2158 τοὺς
1550 2095 1809 2165 πένητας.
1873 2094 1931 2147 ὐ

337 2192 588 2255 διάδολος
648 2189 954 2260 λεληθότως
1021 2187 1132 2260 γάρ
1197 2187 1288 2242 τὸν
1359 2187 1597 2257 Χριστὸν
1663 2186 1932 2260 ἐζήτησεν

341 2285 664 2337 ἀποκτεῖναι
690 2299 704 2314 ·
734 2281 914 2344 ἀθῶος
947 2280 1055 2352 γὰρ
1097 2281 1222 2344 ταῖς
1272 2281 1430 2351 χερσὶ
1466 2278 1562 2332 καὶ
1594 2277 1836 2351 καθαρὸς
1863 2280 1931 2350 τῇ

342 2376 542 2446 καρδίᾳ
582 2374 740 2446 μόνος
766 2376 794 2427 6
833 2373 967 2435 Θεός
999 2372 1065 2426 ⁸³.
1101 2370 1120 2443 ]

414 2468 480 2528 0’,
515 2473 564 2520 ι’.
613 2485 632 2517 ι
679 2468 740 2519 Οἱ
769 2462 1041 2534 ὀφθαλμοὶ
1095 2461 1261 2516 αὑτοῦ
1297 2463 1377 2524 είς
1428 2461 1519 2514 τὸν
1557 2460 1763 2531 πένητα
1790 2463 1932 2514 ἀπο-ο

349 2560 643 2613 ϐλέπουσιν
673 2574 687 2588 ·
740 2555 1020 2625 ὲνεδρεύει
1049 2557 1106 2608 ὲν
1140 2553 1468 2624 ἀποκρύφῳ,
1504 2553 1578 2617 ὡς
1614 2552 1750 2607 λέων
1778 2555 1837 2607 ὲν
1866 2555 1932 2624 τῇ

353 2650 567 2721 μάνδρᾳ
615 2647 782 2703 αὑτοῦ
811 2663 825 2678 ⁶
873 2645 1150 2717 ὲνεδρεύει
1196 2644 1291 2698 τοῦ
1343 2645 1590 2713 ἁρπάσαι
1642 2648 1859 2715 πτωχὸν
1888 2645 1933 2677 ⁵⁸

345 2746 407 2799 ὲν
425 2742 506 2813 τῷ
529 2741 756 2796 ἐλκῦσαι
780 2757 817 2795 α
832 2740 979 2792 ὐτόν.
1044 2739 1132 2791 Ἐν
1149 2740 1214 2807 τῇ
1247 2737 1436 2805 παγίδι
1464 2736 1630 2791 αὑτοῦ
1662 2735 1936 2790 ταπεινὼη

354 2851 440 2889 σει
465 2833 654 2890 αὐτόν.
685 2851 704 2883 ι
746 2830 1014 2901 Καθάπερ
1046 2831 1074 2883 6
1096 2829 1236 2881 λέων
1265 2828 1391 2897 τῇδε
1431 2828 1654 2881 κάκεῖσε
1696 2828 1937 2898 μεταφέ-

354 2943 442 2997 ρει
468 2925 530 2979 τὸ
564 2924 718 2996 ὄμμα
745 2921 918 2993 Θήραν
941 2920 1215 2991 ἐπιζητῶν
1240 2934 1254 2949 ο
1273 2916 1442 2981 οὕτως
1474 2918 1519 2951 ⁸⁸
1547 2912 1700 2983 οὗτος
1722 2917 1936 2989 νύκτωρ

2032 1832 2177 1878 artes
2208 1823 2596 1878 innocentibus
2631 1829 2922 1893 praeparat.
2958 1821 3085 1895 [Qui
3116 1824 3397 1880 abundant
3427 1825 3621 1895 impie-

2033 1922 2163 1980 tate,
2193 1915 2248 1970 in
2271 1915 2709 1971 dissimulatione
2733 1915 2940 1969 vivunt.
2972 1914 3204 1970 Insidias
3224 1914 3371 1969 enim
3399 1924 3621 1970 struunt

2033 2008 2440 2064 innocentibus.
2486 2006 2723 2075 Insuper
2765 2021 2986 2077 quoque
3027 2006 3222 2063 divites
3258 2006 3488 2064 insidias
3516 2022 3619 2078 pa-

2033 2108 2162 2153 rant
2191 2099 2547 2170 pauperibus.
2599 2101 2832 2156 Satanas
2874 2114 3098 2171 quoque
3136 2099 3421 2156 Christum
3473 2101 3618 2156 clam

2034 2190 2348 2247 interﬁcere
2387 2192 2622 2248 studuit.
2658 2190 2932 2248 lnnoeens
2960 2192 3109 2249 enim
3149 2191 3404 2250 manibus
3434 2200 3491 2248 et
3515 2207 3621 2265 pu-

2036 2297 2134 2338 rus
2165 2282 2335 2339 corde
2354 2293 2441 2340 est
2470 2285 2623 2341 solus
2652 2283 2846 2355 Deus.]

2108 2455 2273 2512 Vsus.
2328 2458 2385 2520 9,
2428 2459 2512 2513 l0.
2575 2478 2594 2512 ι
2638 2458 2794 2514 Oculi
2837 2458 2959 2529 ejus
3003 2460 3058 2514 in
3104 2475 3405 2531 pauperem
3442 2464 3619 2534 respi-

2035 2549 2210 2615 ciunt,
2262 2552 2554 2606 insidiatur
2602 2552 2657 2606 in
2694 2553 3044 2619 abscondito,
3086 2555 3245 2623 quasi
3287 2556 3372 2610 leo
3408 2556 3461 2611 in
3495 2572 3620 2626 spe—

2036 2642 2196 2696 lunca
2243 2657 2366 2696 sua.
2417 2641 2717 2698 lnsidiatur
2751 2653 2812 2698 ut
2839 2645 3015 2714 rapiat
3040 2660 3358 2715 pauperem,
3390 2646 3519 2702 dum
3546 2658 3623 2704 at-

2038 2734 2206 2789 trahit
2247 2750 2398 2790 eum.
2430 2734 2655 2805 Laqueo
2679 2751 2785 2792 suo
2814 2737 3123 2793 Itumiliabit
3163 2754 3311 2795 eum.
3353 2758 3373 2791 ι
3418 2738 3622 2806 Quem-

2036 2827 2331 2881 admodum
2380 2828 2464 2881 leo
2500 2827 2606 2882 huc
2639 2836 2693 2881 ct
2730 2827 2862 2882 illuc
2890 2828 3148 2884 transfert
3180 2830 3422 2896 oculum,
3456 2847 3622 2886 vena-

2038 2937 2151 2977 tum
2206 2938 2481 2991 quaerens,
2533 2923 2615 2979 sic
2659 2923 2763 2979 iste
2809 2922 2928 2978 dies
2972 2932 3267 2994 noctesque
3313 2925 3519 2995 rapinae
3567 2933 3621 2983 et

348 3017 449 3070 καὶ
495 3016 615 3087 μεθ’
669 3012 882 3085 ἡμέραν
932 3010 1191 3082 ἁρπαγῆς
1231 3010 1325 3063 καὶ
1379 3008 1690 3074 πλεονεξίας
1737 3011 1931 3063 ἐπινοεῖ

2042 3015 2290 3070 avaritiae
2320 3024 2465 3070 artes
2492 3016 2788 3086 excogitat.
2819 3014 2925 3070 Sed
2958 3023 3136 3070 tamen
3175 3035 3193 3068 ι
3230 3017 3516 3072 inclinabit
3538 3033 3618 3084 se,

355 3109 602 3178 μηχανάς
629 3123 643 3138 ·
671 3105 785 3160 ἀλλ’
827 3106 976 3175 ὅμως
1011 3123 1030 3156 ι
1070 3104 1235 3173 κύψει
1280 3102 1376 3157 καὶ
1417 3105 1681 3157 πεσεῖται.
1730 3121 1748 3154 ι
1800 3102 1936 3174 [Ὧς

349 3203 380 3254 6
426 3201 567 3254 λέων
619 3202 675 3252 ὲν
718 3197 794 3269 τῷ
848 3195 1101 3269 σπηλαίῳ
1173 3194 1263 3250 ἀεὶ
1308 3195 1581 3267 ὲνεδρεύει
1647 3196 1933 3266 ἁρπάσαι,

350 3288 501 3343 οὕτω
537 3288 634 3342 καὶ
659 3290 688 3341 6
714 3286 962 3348 διάϐολος
992 3288 1048 3339 ἐν
1092 3288 1159 3356 τῇ
1191 3285 1486 3355 συναγωγῇ
1518 3283 1629 3337 τῶν
1668 3283 1937 3338 Ἰουδαίων

353 3383 432 3446 ὡς
480 3383 540 3434 ιν
575 3380 790 3451 μάνδρᾳ
810 3377 1074 3449 ἐθήρευσε
1098 3377 1188 3430 τὶν
1214 3377 1473 3448 Χριστὸν,
1509 3373 1742 3446 νομίσας
1775 3374 1938 3427 αὑτὸν

353 3474 509 3544 ψιλὸν
528 3473 814 3545 ἄνθρωπον
840 3466 978 3524 εἶναι
1008 3468 1101 3542 ⁶⁷.]
1120 3487 1138 3520 ι
1163 3470 1252 3523 Ἐν
1274 3469 1352 3539 τῷ
1377 3468 1542 3522 αὑτὸν
1571 3464 1940 3537 κατακυριεῦ-

358 3583 451 3619 σαι
472 3565 582 3618 τῶν
602 3564 876 3635 πενήτων.
900 3582 919 3615 ι
944 3562 1111 3615 Ὅταν
1132 3560 1240 3630 γὰρ
1256 3562 1300 3592 ⁸⁸
1317 3561 1537 3613 πάντων
1556 3557 1935 3629 περιγένηται,

354 3658 560 3727 ἥκιστα
594 3654 944 3723 διαφεύξεται
976 3652 1018 3684 ⁸⁸
1059 3650 1154 3704 τοῦ
1185 3650 1417 3704 Θανάτου
1454 3649 1515 3701 τὸ
1550 3649 1725 3718 στόμα
1750 3663 1761 3676 ·
1802 3646 1941 3700 ἀλλὰ

354 3751 470 3812 τοῖς
504 3747 687 3809 ἄλλοις
716 3743 1113 3816 παραπλησίως
1166 3740 1445 3820 τῷὶτάφῳ
1472 3738 1935 3811 παραδοθήσεται.

360 3838 667 3911 [Ἑνόμισε
721 3834 816 3888 οὖν
864 3836 891 3886 6
947 3831 1141 3904 ἐχθρὸς
1191 3830 1285 3883 καὶ
1323 3829 1507 3882 αὐτῶν
1547 3827 1658 3880 τῶν
1708 3826 1940 3881 ἀποστό-

355 3930 468 3984 λων
502 3926 799 3998 κυριεύειν,
826 3924 964 3978 ἀλλά
1005 3924 1101 3976 καὶ
1145 3921 1255 3976 τῶν
1308 3919 1606 3992 μαρτύρων
1634 3934 1648 3948 ο
1689 3918 1816 3971 ὅταν
1846 3916 1940 3974 οὖν

357 4020 504 4085 εδοξε
547 4022 764 4074 πάντων
801 4016 1229 4088 κεκρατηκέναι,
1260 4014 1380 4067 τότε
1417 4011 1723 4094 συντριϐεὶς
1754 4010 1939 4063 ἔπεσε·

356 4115 551 4185 τὸγὰρ
582 4115 764 4180 saw-et
799 4110 1154 4181 συντριὸἧναι
1170 4107 1420 4177 δηλοῦται
1442 4106 1509 4160 ⁷ο.
1545 4103 1558 4176 ]

435 4213 525 4260 ια’.
572 4226 590 4257 ι
630 4201 764 4257 Εἷπε
791 4207 899 4273 γὰρ
929 4204 985 4255 ἐν
1022 4200 1219 4271 καρδίᾳ
1270 4197 1458 4260 αὑτοῦ,
1487 4195 1866 4265 Ἐπιλέλησται
1915 4195 1943 4247 6

278 4295 295 4308 ’
359 4305 518 4370 Θεὸς,
543 4302 851 4371 ἀπέστρεψε
875 4300 934 4353 τὸ
962 4299 1253 4370 πρόσωπον
1290 4295 1457 4350 αὑτοῦ
1483 4294 1577 4348 τοῦ
1614 4292 1688 4364 μὴ
1718 4292 1934 4361 βλέπειν

2039 3116 2096 3162 et
2132 3108 2307 3162 cadet.
2346 3127 2364 3160 ι
2406 3106 2503 3178 [Ut
2539 3108 2625 3162 leo
2664 3108 2718 3162 in
2747 3117 2903 3162 antro
2932 3123 3033 3163 suo
3058 3122 3275 3178 semper
3305 3109 3615 3175 insidiatur,

2040 3207 2100 3274 ut
2134 3199 2330 3267 rapiat,
2373 3199 2447 3252 ita
2474 3214 2698 3269 quoque
2726 3199 2978 3255 diabolus
3010 3200 3062 3253 in
3096 3210 3369 3270 Synagoga
3398 3197 3617 3257 Iudaeo-

2039 3305 2161 3345 rum
2222 3299 2483 3359 tanquam
2533 3289 2589 3344 in
2639 3298 2799 3344 anno
2842 3289 3071 3345 insidias
3119 3289 3329 3358 paravit
3379 3288 3619 3356 Christo,

2037 3397 2164 3436 eum
2198 3381 2402 3435 nudum
2439 3395 2561 3435 esse
2585 3379 2859 3435 hominem
2890 3380 3265 3453 existimans.]
3299 3399 3319 3433 ι
3352 3382 3488 3437 Cum
3519 3383 3620 3437 do-

2039 3471 2284 3526 minatus
2322 3468 2487 3524 luerit
2540 3469 2595 3523 in
2648 3484 2935 3539 pauperes.
2973 3490 2993 3525 ι
3027 3470 3165 3526 Cum
3191 3475 3336 3527 enim
3364 3472 3622 3528 omnibus

2041 3560 2293 3629 superior
2318 3558 2494 3614 factus
2516 3557 2700 3624 fuerit,
2736 3559 2962 3615 minime
2978 3568 3158 3617 tamen
3190 3561 3411 3634 ell'ogiet
3432 3565 3623 3620 mortis

2039 3650 2253 3716 fauces,
2292 3652 2385 3705 sed
2424 3666 2576 3720 aeque
2611 3666 2675 3705 ac
2714 3653 2894 3705 earteri
2936 3654 3187 3708 homines
3227 3655 3479 3723 sepulcro
3511 3664 3623 3709 tra-

2039 3744 2217 3798 detur.
2253 3742 2493 3814 [Putavit
2519 3742 2739 3813 quidem
2763 3743 2960 3809 hostis,
2984 3758 3043 3799 se
3068 3746 3121 3798 in
3147 3746 3291 3815 ipsos
3319 3747 3618 3815 apostolos,

2040 3836 2151 3891 imo
2232 3851 2454 3906 quoque
2526 3836 2580 3890 in
2655 3845 2944 3907 martyres,
3002 3852 3124 3892 esse
3187 3838 3617 3896 dominaturutn.

2040 3927 2176 3983 Cum
2208 3926 2370 3998 igitur
2405 3943 2598 3983 omnes
2643 3929 2903 3983 subactos
2936 3943 3059 3984 esse
3087 3930 3447 3998 existimaret,
3491 3942 3621 3989 tunc

2042 4021 2158 4089 ipse
2191 4019 2464 4075 contritus
2490 4020 2692 4076 cecidit
2717 4038 2731 4074 :
2762 4019 3096 4075 attritionem
3114 4021 3267 4076 enim
3292 4037 3392 4077 vox
3422 4024 3508 4078 illa
3530 4025 3619 4079 ιη-

2044 4111 2262 4165 clinabit
2290 4128 2344 4166 se
2374 4111 2623 4182 indicaL]

2117 4201 2281 4259 Vens.
2322 4205 2410 4259 ll.
2458 4221 2477 4255 ι
2525 4203 2834 4258 Dixitenim
2866 4203 2919 4258 in
2957 4205 3122 4261 corde
3158 4220 3280 4273 suo,
3310 4206 3513 4261 oblitus
3540 4217 3624 4263 est

2044 4295 2400 4367 6680mm,
2449 4296 2645 4351 avertit
2685 4295 2879 4352 faciem
2927 4312 3104 4361 suam,
3157 4313 3225 4352 ne
3262 4298 3441 4352 videat
3471 4299 3521 4351 in
3564 4299 3625 4353 ft-

360 4401 444 4461 εἰς
494 4398 665 4459 τέλος.
700 4415 718 4447 ι
772 4394 791 4467 [
826 4393 1012 4448 Ταῦτα
1042 4391 1101 4444 δὲ
1136 4391 1315 4444 πάντα
1344 4388 1371 4439 ὁ
1406 4385 1606 4457 ἀσεϐὴς
1658 4385 1801 4438 κατὰ
1839 4384 1931 4437 τῶι

2049 4404 2194 4442 nem.
2234 4407 2252 4440 ι
2290 4387 2441 4460 [Haec
2468 4391 2651 4444 omnia
2676 4401 2858 4445 autem
2892 4389 3094 4458 impius
3131 4399 3321 4444 contra
3360 4405 3625 4460 pauperes

360 4488 614 4558 πενήτων
655 4485 749 4540 τοῦ
806 4483 942 4539 Θεοῦ
998 4482 1418 4550 διαπράττεται*
1484 4477 1678 4531 ἑαυτὸν
1717 4475 1931 4529 ἀπατῶι

2048 4480 2144 4535 Dei
2181 4480 2310 4549 agit,
2343 4497 2402 4537 se
2435 4482 2612 4551 ipsum
2655 4481 2955 4552 decipiens,
2992 4496 3117 4536 cum
3163 4482 3304 4551 apud
3367 4497 3426 4537 se
3475 4484 3625 4553 cogi-

361 4582 462 4638 καὶ
514 4585 627 4645 τοῖς
669 4579 864 4635 ἑαυτοῦ
903 4577 1180 4647 λογισμοῖς
1235 4574 1309 4646 μὴ
1357 4568 1500 4626 εἶναι
1563 4571 1695 4624 Θεὸν
1751 4569 1931 4639 ἔφοροι

2048 4582 2149 4635 tat,
2184 4570 2447 4629 tton'esse
2493 4572 2663 4627 Deum
2713 4573 2806 4644 qui
2848 4572 3123 4642 inspiciat.
3161 4572 3303 4627 Dicit
3338 4573 3524 4643 itaque
3568 4576 3622 4629 in

361 4675 764 4745 διανοούμενος.
789 4668 921 4725 Εἷπε
951 4669 1080 4739 γοῦν
1108 4670 1165 4720 ὲν
1194 4670 1259 4738 τῇ
1297 4666 1494 4736 καρδίᾳ
1514 4663 1702 4728 αὑτοῦ,
1733 4661 1931 4715 Ἐπιλέ-

2047 4663 2214 4718 corde
2251 4679 2377 4729 suo,
2415 4664 2624 4720 oblitus
2655 4673 2738 4719 est
2773 4663 2935 4727 Deus,
2981 4667 3182 4719 avertit
3216 4664 3408 4720 {aciem
3442 4680 3621 4732 suam,

366 4768 562 4836 λησται
586 4768 613 4818 ὁ
648 4766 798 4829 Θεδς,
826 4761 1140 4833 ἀπέστρεψε
1181 4759 1241 4813 τὸ
1277 4760 1570 4831 πρόσωπον
1619 4755 1810 4821 αὐτοῦ,
1849 4754 1931 4809 τοῐ

2054 4772 2118 4811 ue
2151 4757 2407 4827 inspiciat
2436 4758 2487 4811 in
2531 4758 2905 4828 perpetuum]
2951 4758 3136 4828 Neque
3166 4760 3309 4813 enim
3345 4760 3425 4813 vel
3456 4761 3622 4829 impia

374 4856 451 4926 μὴ
478 4854 791 4908 ὲπιὸλέπειν
810 4854 887 4915 είς
920 4852 1071 4914 τέλος
1091 4848 1184 4921 ⁷¹.]
1212 4849 1380 4901 Kal."
1410 4848 1559 4901 οὐδὲν
1583 4848 1744 4901 αὐτὸν
1767 4846 1924 4917 ὀνήσε

2052 4848 2216 4904 verba
2247 4848 2330 4904 vel
2357 4848 2720 4919 cogitationes
2741 4849 2883 4918 quod
2904 4850 3169 4905 Deusnon
3201 4850 3292 4910 sit.
3323 4850 3621 4921 quidquam

376 4948 444 5000 τὰ
463 4946 699 5015 δυσσεϐῆ
723 4947 964 5016 ῥήματα,
1000 4944 1092 4996 καὶ
1115 4944 1164 4996 οἱ
1184 4942 1473 5012 ἀθεότητος
1492 4940 1742 5009 λογισμοί
1770 4954 1784 4968 ·
1813 4939 1931 4992 ἀλλά

2052 4938 2320 5009 iuvabunt
2364 4940 2568 5008 ipsum,
2622 4942 2714 4994 sed
2773 4954 2839 4992 ex
2902 4940 3063 4995 rebus
3120 4941 3255 5011 ipsis
3308 4950 3621 5013 cognoscet,

379 5037 446 5089 δι’
478 5037 651 5090 αὐτῶν
680 5035 948 5104 γνώσεται
975 5036 1083 5087 τῶν
1115 5035 1457 5105 πραγμάτων
1483 5032 1550 5096 ⁷³,
1575 5032 1649 5094 ὡς
1685 5033 1858 5103 ἐφορᾷ
1882 5030 1931 5083 τὲ

2058 5031 2225 5085 Deum
2264 5032 2512 5086 omnium
2564 5030 2848 5100 praesidem
2882 5045 2971 5086 res
3022 5031 3291 5088 humanas
3334 5033 3620 5103 inspicere.

378 5126 690 5200 ἀνθρώπεια
718 5128 827 5181 τῶν
850 5128 985 5182 ὅλων
1016 5130 1043 5180 ὁ
1078 5126 1362 5196 πρύτανις.
1418 5123 1511 5175 Ἐκ
1536 5123 1644 5175 τῶν
1676 5123 1931 5175 δυσσεὸῶτ

2058 5121 2162 5177 Per
2203 5121 2367 5190 impia
2404 5122 2518 5175 haec
2546 5120 2713 5176 verba
2755 5120 3022 5191 propheta
3071 5122 3268 5176 mirum
3303 5123 3356 5177 in
3402 5122 3620 5180 modum

1462 5239 1699 5295 VARIA‘J
1742 5239 2128 5295 LECTIONES
2166 5239 2254 5293 ET
2291 5237 2527 5294 ΝΟΤίΕ.

442 5365 489 5399 ³⁸
529 5365 650 5418 Ἐν.
690 5363 827 5418 Cod.
876 5370 898 5415 1
941 5364 1090 5417 addit
1135 5364 1224 5433 τῇ.
1332 5363 1375 5390 ⁸⁸³
1402 5376 1432 5416 e
1470 5361 1596 5416 cod.
1628 5360 1663 5413 ξ).
1694 5361 1872 5430 suppl.

379 5428 424 5460 ω
460 5434 769 5460 u--...-!..._
823 5434 932 5460 ραι
993 5432 1117 5460 CL...
1166 5433 1428 5460 z......_:...-
1528 5431 1572 5460 es
1602 5432 1638 5460 I.‘
1671 5434 1766 5460 ιιηΑ
1833 5434 1866 5460 σι
1901 5446 1924 5460 ι.

2043 5360 2348 5460 "EnuDes‘.
2400 5358 2454 5412 in
2517 5357 2820 5460 codicibus;
2904 5357 2973 5460 ιζ’
3017 5357 3217 5410 Τοῦ.Α

2295 5431 2308 5449 ο
2363 5428 2582 5460 Anthr".
2623 5444 2781 5460 σφι-μυ
2824 5442 2859 5460 ν
2953 5427 3217 5460 ηηηιῖιιιιιί

460 5434 788 5514 Ἀναιιζίρνιε.
822 5434 953 5514 God.
992 5432 1137 5514 ξιον.
1164 5423 1446 5514 ἐναντίοις.
1528 5431 1572 5463 ⁵⁵
1599 5432 1640 5485 Ε
1669 5423 1813 5514 cod-.-
1833 5434 1868 5484 2
1897 5446 1931 5514 Ξ

2038 5431 2081 5484 ιι.
2120 5501 2132 5514 _
2181 5430 2230 5514 ξδ’
2295 5426 2877 5514 Ἀρπιξςαέιπτῳχόν.
2902 5424 3404 5514 Ιὶιιροιιὶιηυηιιθφιιῖ
3439 5423 3541 5514 Q‘e:
3563 5424 3617 5484 '5,

373 5514 433 5557 ut
462 5502 606 5574 apud
635 5491 797 5558 LXX.
876 5505 920 5536 ⁶⁶
958 5500 1168 5569 Οὗτος.
1226 5505 1360 5559 Cod.
1404 5491 1436 5556 9
1481 5517 1670 5571 praem.
1703 5501 1817 5555 καί.
1896 5501 1931 5531 ⁸⁷

374 5572 546 5627 φύγῃ.
608 5574 744 5627 Cod.
788 5575 821 5627 5
849 5572 1215 5627 διαφεύξεται.
1292 5572 1399 5627 "°E
1427 5574 1549 5627 cod.
1586 5572 1622 5624 2
1651 5571 1829 5627 StIDDI.
1906 5574 1926 5605 ⁷

2038 5501 2154 5554 cod.
2180 5500 2214 5553 2
2249 5491 2427 5570 suppl.
2454 5498 2498 5530 ⁸⁸
2527 5498 2672 5566 Γὰρ.
2705 5491 2869 5550 Aliost
2896 5511 2926 5550 a
2963 5491 3151 5550 cod.'5.
3228 5496 3271 5527 ⁸³
3294 5492 3427 5548 Cod.
3457 5494 3475 5545 1
3510 5491 3619 5544 δια-

2038 5587 2063 5623 x
2106 5572 2229 5626 eod.
2262 5572 2295 5624 5
2323 5569 2590 5627 suDDleta.
2667 5569 2713 5600 ⁷³
2740 5567 2849 5622 Καὶ
2880 5598 2950 5607 -
2975 5566 3188 5627 λέγων.
3213 5565 3417 5619 llorutn
3446 5563 3624 5617 locum

374 5572 546 5655 ςρύγῂ.
608 5574 744 5628 Cod.
788 5575 821 5628 5
849 5572 1215 5641 διαφεύξεται.
1292 5572 1399 5654 ξ’θΕ
1427 5574 1549 5627 cod.
1586 5572 1622 5624 2
1651 5572 1829 5640 suppl.
1906 5574 1926 5605 ⁷

375 5643 645 5767 Exegi-2
665 5659 728 5699 ea
759 5653 1049 5713 occupant,
1078 5658 1199 5713 quae
1247 5642 1574 5699 Strtnondus
1609 5640 1673 5695 ad
1706 5657 1759 5696 v.
1794 5639 1861 5693 l2
1890 5657 1931 5696 rt

2038 5587 2063 5623 κ
2106 5572 2229 5626 eod.
2262 5572 2295 5624 5
2323 5572 2590 5639 suppleta.
2667 5572 2713 5600 ⁷³
2740 5572 2849 5622 Kal
2880 5598 2950 5607 —-
2975 5572 3188 5634 λέγων.
3216 5572 3417 5619 llorutn
3446 5572 3624 5617 locum

2038 5642 2097 5695 it.
2175 5640 2222 5672 ⁷³
2261 5639 2383 5695 Τῶν
2436 5639 2811 5709 πραγμάτων.
2846 5636 2981 5692 Cod.
3020 5636 3042 5688 1
3083 5650 3268 5705 ρνωιιι.
3308 5634 3415 5687 τῶν
3446 5634 3627 5704 ῥημά-

375 5728 482 5768 των
512 5728 628 5768 κιὶ-

2930 5355 2973 5387 ⁶²
3017 5310 3344 5410 Τοῦ.Α1›οει
3364 5368 3393 5406 a
3418 5352 3540 5407 cod.
3569 5353 3620 5407 l.
