4038 6214
426 262 544 321 939

1420 264 1918 325 THEODORETI
1956 261 2301 325 EPISCOPI
2325 262 2697 325 CYRENSIS

3591 267 3701 332 940

432 396 643 448 arcum,
684 387 1020 451 paraverunt
1049 379 1280 451 sagittas
1317 378 1371 433 in
1405 379 1684 450 pharetra,
1726 387 1786 433 ιιι
1812 378 2011 433 feriant

2120 377 2425 450 ἡτοίμασαν
2464 377 2592 448 βέλη
2627 378 2707 440 εἰς
2751 375 3050 455 φαρέτραν,
3092 374 3190 430 τοῦ
3224 375 3615 443 κατατοξεῦσαι
3642 383 3702 432 ἐν

430 472 483 527 in
519 471 758 526 obscuro
796 479 975 527 rectos
1026 470 1213 525 corde.
1253 489 1272 524 ι
1316 468 1577 525 Nonnulli
1623 480 1679 525 et
1726 471 1841 525 hmo
1870 486 2011 525 .emu

432 579 599 635 supra
634 564 798 619 dictis
842 564 1096 619 versibus
1146 562 1556 634 coniunxerunt
1590 580 1604 619 :
1637 564 1730 619 sed
1779 579 1841 618 ea
1894 578 2016 632 quae

434 665 743 726 sequuntur
781 656 885 711 hoc
920 670 1027 710 non
1075 657 1418 726 permittunt.
1473 657 1766 727 Subjungit
1809 656 1953 711 enim
1998 674 2012 709 :

510 749 673 803 Vsus.
701 749 755 802 4.
781 766 800 798 ι
823 747 1094 814 Quoniam
1118 764 1241 819 quae
1261 748 1531 819 perfer-isti
1549 749 1688 801 desti
1706 755 1961 801 uxerunt.
1991 766 2008 798 ι

438 837 572 893 Iline
606 847 788 893 autem
817 839 1081 894 discimus
1104 839 1434 909 Prophetam
1472 839 1812 893 convertisse
1850 840 2013 892 verha

436 932 502 986 ad
532 932 700 986 Deum
733 931 1014 1000 colloquio
1040 932 1204 1003 672
1239 940 1506 995 utentem,
1540 931 1938 1000 docentemque
1964 940 2017 985 et

378 1096 381 1101 θ
436 1040 599 1080 arcus
647 1036 699 1079 et
729 1024 911 1094 iacula
942 1027 1178 1079 hostium
1211 1034 1398 1094 parata
1433 1039 1573 1089 esse,
1625 1035 1788 1093 atque
1823 1039 2013 1077 eorum

439 1134 673 1187 scopum
701 1134 822 1173 esse
854 1130 936 1181 ut,
967 1117 1133 1172 veluti
1168 1119 1220 1172 in
1249 1118 1503 1180 obscuro.
1536 1129 1587 1173 et
1619 1120 1671 1172 in
1704 1129 1862 1174 nocte
1894 1120 2017 1173 illu-

438 1211 516 1275 ni,
549 1210 835 1266 fraudibus
871 1219 925 1266 et
958 1210 1173 1264 insidiis
1201 1219 1391 1265 contra
1428 1227 1528 1265 nos
1564 1220 1810 1265 utantur.
1848 1212 2007 1267 Clan-

436 1302 678 1358 destinas
730 1304 929 1374 quippe
972 1302 1203 1357 insidias
1235 1312 1289 1356 ct
1340 1304 1618 1366 occultas.
1670 1305 2017 1375 σκοτομήνην

436 1395 748 1466 appellavit.
790 1396 905 1451 lloe
937 1404 1120 1452 autem
1155 1411 1354 1450 nomen
1404 1406 1619 1452 noctem
1654 1397 1781 1451 luna
1823 1412 2014 1451 caren-

438 1495 543 1540 tem
579 1486 870 1555 signiﬁcat.
920 1486 1106 1541 Recto:
1141 1503 1272 1542 vero
1317 1488 1476 1542 corde
1524 1488 1852 1551 nominavit,
1904 1504 2013 1541 non

435 1591 705 1632 summam
737 1578 840 1633 sibi
872 1578 1132 1634 virtutem
1177 1580 1504 1635 vindicans:
1549 1582 1643 1636 sed
1686 1595 1810 1635 cum
1852 1581 2017 1635 sciret

436 1670 572 1723 nihil
603 1686 663 1725 se
699 1686 943 1742 unquam
976 1672 1158 1743 egisse
1209 1684 1268 1728 ut
1303 1674 1527 1729 Sanlem
1561 1675 1881 1740 oil‘enderrt,
1918 1673 2015 1728 sed

2118 473 2436 542 σκοτομήνῃ
2464 470 2594 534 τοὺς
2629 469 2807 533 εὖθεῖς
2831 471 2897 541 τῇ
2921 468 3139 541 καρδίᾳ.
3160 470 3317 534 Τινὲς
3335 471 3383 503 ’³
3415 470 3706 527 καὶταῦτα

2117 561 2364 631 συνῆψαν
2404 563 2518 626 τοῖς
2564 562 2880 632 εἰρημένοις
2909 562 3113 633 στίχοις
3131 562 3211 595 ’⁸ο
3245 560 3384 617 ἀλλά
3410 562 3477 615 τά
3510 564 3705 633 ἐπιφε-

2122 657 2331 728 ρόμενα
2354 656 2455 710 οὐκ
2481 656 2566 726 ἐᾷ.
2615 654 2844 722 Ἐπάγει
2868 653 2980 724 γάρ
3007 670 3021 684 ·

2185 750 2250 805 δ’.
2292 769 2311 801 ι
2353 750 2477 803 Ὀτι
2537 747 2576 802 ὃ.
2624 748 2688 801 σὺ
2739 746 3077 819 κατηρτίσω,
3139 747 3298 800 αὐτοὶ
3356 746 3626 803 καθεῖλον.
3676 766 3700 799 ι

2128 838 2415 894 Ἐντεῦθεν
2448 839 2506 893 δὲ
2531 837 2920 909 διδασκόμεθα,
2950 839 3027 900 ὡς
3061 838 3197 908 πρὸς
3223 839 3315 891 τὸν
3342 836 3478 892 Θεὸν
3508 838 3705 911 ἔτρεψε

2115 936 2243 998 τοὺς
2276 933 2469 1001 λόγους
2497 934 2525 986 6
2559 932 2873 1003 προφήτης,
2934 931 3174 996 ἐντεύξει
3236 931 3543 1002 χρώμενος,
3607 933 3706 985 καὶ

2114 1025 2387 1079 διδάσκων
2435 1024 2512 1088 ὡς
2541 1022 2782 1094 εὐτρεπῆ
2818 1022 2927 1074 τῶν
2963 1022 3262 1092 πολεμίων,
3316 1023 3413 1077 καὶ
3446 1024 3517 1077 τὰ
3547 1023 3702 1088 τόξα,

2117 1118 2212 1169 καὶ
2246 1115 2317 1169 τά
2365 1116 2518 1188 βέλη,
2571 1117 2668 1169 καὶ
2706 1114 2912 1177 σκοπὸς
2944 1115 3131 1178 αὐτοῖς
3161 1108 3275 1169 οἷον
3306 1118 3362 1168 ὲν
3393 1119 3709 1189 σκοτομήνη

2114 1209 2223 1262 τινὶ
2263 1208 2358 1263 καὶ
2381 1208 2630 1279 ἀσελήνῳ
2647 1207 2826 1269 νυκτὶ,
2860 1209 2972 1271 τοῖς
2988 1207 3168 1277 λόχοις
3191 1209 3286 1259 καὶ
3315 1211 3436 1271 ταῖς
3460 1209 3708 1281 ἐνέδραις

2115 1300 2426 1373 χρήσασθαι
2485 1299 2607 1353 καθ’
2656 1298 2836 1371 ἡμῶν.
2888 1299 2963 1352 Τὸ
3015 1299 3124 1370 γὰρ
3161 1299 3209 1330 ⁸⁸
3259 1301 3357 1371 τῆς
3406 1299 3708 1371 ἐπιϐουλῆς

2116 1392 2375 1464 λαθραῖον
2427 1394 2525 1446 καὶ
2571 1391 2957 1463 κεκρυμμένον
3006 1390 3404 1460 σκοτομήνηιν
3444 1390 3706 1446 ἐκάλεσε·

2114 1482 2276 1536 τοῦτο
2307 1482 2365 1536 δὲ
2391 1481 2453 1535 τὸ
2482 1482 2653 1552 ὄνομα
2672 1480 2771 1553 τὴν
2791 1480 3057 1551 ἀσέληνον
3077 1480 3249 1536 νύκτα
3277 1483 3451 1553 δηλοῖ.
3491 1483 3712 1550 Εὑθεῖς

2114 1575 2171 1629 δὲ
2193 1574 2269 1646 τῇ
2300 1575 2516 1644 καρδίᾳ
2532 1575 2840 1645 ὠνόμασεν,
2869 1574 2932 1627 οὐ
2949 1574 3048 1646 τὴν
3065 1575 3242 1646 ἄκραν
3258 1575 3462 1648 ἀρετὴν
3479 1577 3647 1648 ἑαυτῇ
3659 1578 3711 1609 ’³

2123 1666 2416 1738 μαρτυρῶν
2441 1683 2455 1697 ·
2497 1665 2615 1720 ἀλλ’
2660 1664 2817 1729 εἰδὼς
2859 1665 2941 1718 ὅτι
2987 1665 3124 1736 πρὸς
3160 1665 3368 1737 βλάϐην
3396 1666 3492 1718 τοῦ
3534 1666 3711 1721 Σαοὺλ

434 1776 652 1816 summa
684 1764 1064 1819 benevolentia
1098 1764 1152 1818 in
1195 1766 1371 1835 ipsum
1410 1782 1627 1837 semper
1660 1782 1782 1822 esse
1829 1781 2013 1822 usum.

2120 1758 2270 1811 οὐδὲν
2316 1757 2614 1827 εἰργάσατο
2649 1756 2893 1823 πώποτε,
2932 1757 3047 1811 ἀλλ’
3079 1759 3266 1830 εὐνοίᾳ
3306 1758 3542 1832 πλείστῃ
3577 1759 3712 1830 περὶ

437 1860 453 1870 ·
500 1871 519 1904 ι
553 1853 824 1917 Quoniam
855 1870 978 1922 qua:
1002 1865 1056 1909 tu
1081 1855 1382 1926 perfecisti,
1416 1858 1516 1926 ipsi
1548 1857 1965 1913 destruxerunt.
1994 1876 2014 1910 >

434 1946 556 1998 Non
608 1948 788 2016 rapui,
828 1948 1024 2018 inquit,
1068 1964 1322 2019 regnum,
1369 1952 1461 2005 sed
1504 1965 1534 2004 a
1589 1961 1678 2006 tua
1712 1951 1885 2021 gratia
1935 1968 2020 2007 re-

436 2040 637 2103 gnandi
660 2039 985 2094 electionem
1011 2042 1226 2110 suscepi
1255 2061 1267 2095 :
1303 2042 1382 2097 illi
1406 2050 1591 2097 autem
1619 2044 1903 2098 destruere
1933 2059 2020 2099 me

436 2140 710 2182 conantur
739 2137 933 2183 contra
972 2140 1119 2185 tuam
1146 2132 1476 2187 sententiam
1513 2134 1731 2188 armati.

514 2320 533 2353 ι
550 2300 737 2358 Justus
760 2313 938 2357 autem
956 2304 1085 2373 quid
1108 2303 1266 2359 ferit?
1283 2303 1472 2377 [Vsus
1488 2304 1541 2369 5,
1555 2306 1638 2378 6.]
1658 2306 1920 2363 Dominus
1936 2319 2021 2363 est

438 2393 491 2447 in
527 2394 730 2464 templo
745 2404 934 2449 sancto
954 2410 1078 2461 suo,
1094 2395 1361 2451 Dominus
1382 2397 1435 2450 in
1456 2398 1596 2453 cado
1617 2398 1802 2454 sedem
1828 2398 2013 2453 habet.

436 2482 592 2539 Oculi
615 2487 734 2556 ejus
751 2487 805 2540 in
831 2495 1031 2542 terram
1049 2489 1372 2557 respiciunt,
1394 2490 1667 2560 palpebras
1694 2491 1816 2561 ejus
1836 2491 2017 2561 inqui-

436 2585 565 2629 runt
601 2577 655 2630 in
693 2576 831 2632 ﬁlios
854 2577 1158 2633 hominum.
1187 2579 1452 2636 Dominus
1480 2582 1707 2651 inquirit
1729 2582 2013 2655 injustam

434 2678 489 2721 et
510 2668 759 2737 impium.
795 2687 815 2719 ι
841 2668 920 2723 llli
945 2669 1110 2740 igitur
1127 2687 1225 2726 sua
1249 2672 1470 2742 quidem
1493 2674 1699 2728 malitia
1716 2683 1904 2728 contra
1929 2690 2015 2729 me

435 2768 688 2814 utuntur:
706 2769 762 2815 ιιι
782 2762 1308 2833 verojustusjudex,
1327 2764 1571 2819 insidens
1606 2766 1922 2821 coelestibus
1939 2781 2017 2821 se-

434 2851 617 2919 dibus,
638 2860 690 2905 ct
716 2854 790 2906 tui
815 2864 1168 2924 conspectum
1192 2856 1244 2909 in
1268 2863 1485 2911 terreno
1508 2858 1706 2926 templo
1727 2858 2011 2921 exhibens,

436 2944 660 3013 inspicis
684 2944 903 3014 quidem
931 2946 1243 3001 universam
1269 2955 1496 3010 terram,
1525 2947 1801 3002 subiciunt
1831 2957 2011 3002 autent

436 3034 531 3088 tibi
569 3034 836 3090 duntaxat
868 3037 1155 3091 oculorum
1190 3038 1495 3108 palpebrae;
1528 3046 1586 3092 ut
1622 3039 1861 3093 humana
1893 3054 2013 3093 om-

2117 1849 2283 1903 αὑτὸν
2329 1851 2677 1921 χρησάμενος
2723 1850 3046 1905 διετέλεσεν.
3098 1869 3118 1903 ι
3161 1851 3283 1905 Ὅτι
3316 1851 3352 1905 ἃ
3397 1852 3464 1906 σὺ
3502 1868 3709 1924 κατηρα

2115 1943 2274 2010 τίσω,
2322 1943 2479 1996 αὐτοὶ
2533 1943 2805 1997 καθεῖλον.
2849 1961 2869 1997 ι
2920 1943 3034 2014 Οὐχ
3099 1943 3350 2014 ἥρπασα,
3404 1944 3559 2014 φησι,
3606 1945 3709 2016 τὴν

2119 2035 2398 2105 βασιλείαν
2417 2036 2495 2102 ⁸⁸,
2542 2034 2681 2089 ἀλλά
2719 2035 2819 2105 τὴν
2867 2036 3206 2106 χειροτονίαν
3273 2035 3427 2108 παρὰ
3471 2036 3573 2105 τῆς
3606 2036 3706 2106 σῆς

2114 2128 2339 2199 χάριτος
2357 2127 2647 2199 ἐδεξάμην.
2686 2127 2916 2181 Ἐκεῖνοι
2943 2129 3000 2181 δέ
3035 2146 3102 2200 με
3128 2126 3432 2182 καταλῦσαι
3466 2130 3705 2200 πειρῶν-

2117 2239 2208 2275 ται
2236 2221 2379 2277 κατά
2408 2220 2512 2291 τῆς
2550 2220 2651 2290 σῆς
2681 2221 3028 2293 ὀπλιζόμενοι
3052 2222 3260 2293 ψήφου.

2192 2330 2212 2363 ι
2254 2311 2314 2364 '0
2338 2311 2394 2365 δὲ
2414 2310 2624 2375 δίκαιος
2641 2311 2696 2364 τί
2727 2312 2989 2382 ὲποίησε;
3023 2312 3112 2383 [ε’,
3143 2312 3250 2385 qh}
3271 2312 3477 2385 Κύριος
3505 2313 3564 2366 ὲν
3595 2310 3706 2383 ναῷ

2118 2402 2260 2473 ἁγίῳ
2288 2400 2480 2466 αὑτοῦ,
2522 2399 2731 2470 Κύριος
2774 2402 2835 2456 ἑν
2869 2401 3092 2473 οὐρανῷ
3127 2404 3156 2456 6
3190 2402 3380 2475 θρόνος
3425 2402 3625 2456 αὐτοῦ·
3654 2403 3705 2455 οἱ

2115 2495 2388 2566 ὀφθαλμοὶ
2438 2494 2606 2548 αὐτοῦ
2641 2494 3004 2549 ἐπιϐλέπουσι
3048 2496 3150 2565 τὴν
3185 2495 3512 2568 οἰκουμένην
3532 2495 3601 2563 ’⁷,
3636 2495 3706 2549 τὰ

2117 2589 2362 2660 βλέφαρα
2407 2588 2575 2641 αὐτοῦ
2606 2587 2851 2654 ἐξετάζει
2893 2589 3020 2652 τοὺς
3061 2588 3211 2652 υἱοὺς
3242 2588 3351 2642 τῶν
3378 2588 3701 2659 ἀνθρώπων.

2116 2682 2324 2752 Κύριος
2380 2680 2625 2747 ἐξετάζει
2701 2680 2793 2733 τὸν
2846 2681 3080 2744 δίκαιον,
3148 2682 3245 2735 καὶ
3300 2681 3392 2736 τὸν
3443 2680 3637 2751 ἀσεϐῆ.
3676 2697 3697 2733 ι

2129 2774 2360 2826 Ἐκεῖνοι
2393 2774 2492 2842 μὲν
2534 2767 2629 2825 οὖν
2651 2774 2717 2844 τῇ
2752 2773 2874 2825 κατ’
2914 2771 3050 2843 ἐμοῦ
3097 2774 3398 2845 κέχρηνται
3426 2772 3660 2845 πονηρίᾳ
3682 2787 3701 2805 ⁶

2118 2869 2182 2919 σὺ
2239 2865 2294 2919 δὲ
2340 2865 2368 2917 6
2406 2865 2612 2928 δίκαιος
2672 2865 2864 2937 κριτὴς
2907 2864 3283 2934 ἐγκαθήμενος
3320 2869 3433 2930 τοῖς
3458 2866 3504 2897 ’⁸
3537 2868 3702 2937 οὐρα-

2116 2958 2247 3021 νίοις
2299 2957 2535 3024 θώκοις,
2579 2956 2675 3010 καὶ
2713 2957 2815 3028 τὴν
2857 2957 3064 3010 οἰκείαν
3079 2959 3125 2990 ²⁹
3167 2956 3497 3027 ἐπιφάνειαν
3537 2960 3596 3011 ὲν
3626 2957 3702 3029 τῷ

2116 3047 2229 3116 ναῷ
2274 3046 2351 3116 τῷ
2396 3047 2488 3099 ὲπὶ
2534 3049 2639 3118 γῆς
2691 3046 3038 3116 ποιούμενος,
3080 3048 3408 3112 ὲποπτεύεις
3456 3049 3556 3119 μὲν
3605 3048 3702 3120 τὴν

435 3125 526 3178 nia
552 3140 770 3179 noscas.
790 3126 946 3181 Nosti
974 3141 1100 3181 vero
1121 3136 1310 3182 exacte
1333 3136 1383 3181 et
1401 3128 1677 3198 justorum
1707 3139 1760 3182 et
1783 3129 2013 3199 injusto-

2122 3112 2452 3209 οἰκουμένην
2476 3112 2719 3202 ἃπασαν,
2748 3112 2911 3209 ἀρκεῖ
2931 3138 2987 3192 δέ
3018 3156 3100 3191 σοι
3127 3140 3290 3209 μόνον
3311 3140 3357 3171 ³⁸
3388 3112 3498 3194 τεῦ-ι
3521 3112 3700 3211 ὀμμά-

437 3232 556 3271 rum
575 3217 842 3276 actiones.
866 3217 1095 3288 etdigna
1121 3218 1377 3288 operibus
1397 3220 1670 3289 rependis.
1716 3219 2010 3276 Sciendum

434 3319 516 3363 est
538 3324 720 3378 porro,
743 3318 798 3364 et
828 3308 1039 3377 oculos,
1063 3322 1115 3365 et
1140 3311 1446 3382 palpebras,
1471 3323 1526 3367 et
1547 3315 1725 3377 sedes,
1747 3325 1800 3369 et
1820 3324 2013 3370 caetera

435 3400 704 3469 ejusmodi
744 3413 1002 3472 tanquam
1037 3404 1103 3457 de
1140 3418 1197 3457 re
1217 3418 1479 3475 corporea
1503 3404 1634 3471 diei,
1666 3406 1734 3460 ab
1758 3405 2013 3461 humanis

433 3492 598 3565 673
627 3493 793 3549 rebus
827 3510 912 3549 res
943 3494 1160 3548 divinas
1208 3496 1458 3552 homines
1495 3496 1797 3561 edocendo,
1835 3505 1890 3552 et
1931 3499 2013 3553 di-

436 3585 580 3639 vinis
615 3584 925 3640 actionibus
957 3585 1324 3646 humanorum
1351 3587 1725 3642 membrorum
1772 3589 2012 3658 appella-

437 3678 614 3732 tiones
641 3677 994 3746 imponendo.
1042 3696 1061 3729 ι
1093 3676 1197 3743 Qui
1231 3687 1411 3733 autem
1436 3680 1612 3750 diligit
1642 3679 2013 3751 iniquitatem,

437 3770 555 3824 odit
577 3770 815 3824 animam
853 3786 1029 3824 suam.
1069 3786 1088 3821 ι
1125 3770 1230 3836 Qui
1259 3774 1495 3827 animam
1526 3773 1723 3844 diligit,
1751 3774 2016 3845 iniquita-

441 3872 548 3913 tem
578 3861 738 3913 odit:
775 3859 867 3928 qui
909 3861 1044 3914 bene
1078 3875 1207 3931 erga
1244 3861 1383 3916 hanc
1417 3861 1645 3918 all'cetus
1681 3872 1786 3928 est,
1830 3864 2014 3933 perni-

438 3952 579 4006 ciem
607 3952 807 4006 animae
829 3967 941 4007 suae
972 3954 1352 4021 machinatur;
1386 3964 1646 4025 provocat
1680 3956 1826 4012 enim
1875 3956 2016 4011 divi-

438 4059 563 4099 nam
597 4044 757 4108 iram,
789 4045 856 4099 de
881 4059 984 4114 qua
1024 4045 1303 4116 prophetze
1338 4061 1517 4102 sermo
1543 4056 1751 4102 narrat.

437 4138 590 4207 μισεῖ
611 4137 693 4167 ³³·
721 4139 749 4190 ὁ
780 4136 838 4190 δὲ
879 4137 1008 4208 περὶ
1046 4137 1262 4208 ἐκείνην
1332 4135 1391 4193 εὖ
1456 4139 1823 4211 διακείμενος,
1870 4136 2092 4209 ὄλεθρον
2124 4144 2190 4213 τῇ
2244 4143 2389 4215 ψυχῇ
2444 4145 2753 4215 μηχανᾶται
2793 4161 2808 4177 ’

432 4227 624 4298 ὀργὴν,
657 4229 785 4300 περὶ
804 4223 870 4299 ἧς
890 4228 919 4281 6
948 4229 1286 4301 προφητικὸς
1302 4229 1523 4297 διέξεισι
1552 4230 1729 4299 λόγος.

2123 3247 2231 3283 των
2268 3230 2334 3282 τά
2370 3230 2634 3302 βλέφαρα,
2669 3230 2737 3283 τά
2784 3229 3101 3303 ἀνθρώπεια
3132 3232 3312 3287 πάντα
3343 3232 3696 3302 καταμαθεῖν.

2124 3319 2293 3375 Οἶσθα
2315 3322 2371 3376 δὲ
2397 3323 2645 3393 ἀκριϐῶς
2678 3322 2774 3378 καὶ
2812 3323 3014 3378 ἀδίκων
3052 3325 3147 3377 καὶ
3168 3324 3392 3379 δικαίων
3423 3325 3522 3389 τὰς
3562 3325 3701 3396 πρά-

2122 3415 2252 3482 ξεις,
2311 3416 2405 3469 καὶ
2451 3415 2802 3479 ταλαντεύεις
2854 3419 2967 3480 τοῖς
3013 3416 3199 3490 ἔργοις
3241 3417 3339 3482 τάς
3382 3418 3697 3481 ἀντιδόσεις.

2131 3506 2329 3560 Ὶστέον
2384 3506 2464 3571 δὲ,
2507 3509 2587 3562 ὅτι
2640 3508 2731 3561 καὶ
2770 3508 3119 3581 ὀφθαλμοὺς,
3156 3508 3250 3562 καὶ
3288 3507 3557 3581 βλέφαρα,
3611 3523 3699 3562 και

2117 3594 2361 3668 θρόνους,
2395 3599 2491 3651 καὶ
2528 3596 2695 3652 τᾶλλα
2728 3598 2829 3651 ὃσα
2876 3597 3129 3667 τοιαῦτα,
3168 3598 3633 3670 σωματικώτερον
3655 3598 3698 3629 ³¹

2116 3688 2285 3756 λέγει,
2317 3689 2426 3742 ἀπὸ
2473 3689 2581 3743 τῶν
2636 3688 2992 3764 ἀνθρωπίνων
3037 3691 3384 3763 πραγμάτων
3433 3690 3561 3756 τοὺς
3609 3691 3700 3744 ἀν-

2118 3778 2373 3851 θρώπους
2429 3780 2498 3835 τά
2553 3783 2672 3835 θεῖα
2723 3782 3014 3850 διδάσκων,
3052 3783 3148 3837 καὶ
3179 3785 3298 3847 ταῖς
3346 3782 3519 3847 θείαις
3552 3784 3700 3852 ἐνερ-

2118 3872 2297 3937 γείαις
2321 3873 2365 3904 ³²
2405 3872 2514 3925 τῶν
2543 3874 2902 3944 ἀνθρωπίνων
2942 3873 3150 3946 μορίων
3197 3874 3298 3939 τὰς
3333 3878 3698 3946 προσηγορίας

2117 3958 2308 4023 τιθείς.
2349 3979 2367 4012 ι
2412 3960 2471 4013 ’0
2499 3962 2558 4015 δὲ
2591 3961 2824 4031 ἀγαπῶν
2853 3962 2950 4033 τὴν
2981 3963 3216 4030 ἀδικίαν,
3252 3966 3402 4035 μισεῖ
3430 3965 3530 4036 τὴν
3577 3964 3698 4018 ἐαυ-

2117 4049 2212 4102 τοῦ
2249 4049 2451 4123 ψυχήν.
2505 4071 2523 4104 ι
2568 4051 2626 4105 '0
2669 4053 2767 4124 τὴν
2824 4052 3003 4125 ψυχὴν
3065 4054 3318 4124 ἀγαπῶν,
3352 4055 3452 4126 τὴν
3491 4056 3698 4109 ἀδικίαν

2864 4145 3168 4200 ἐπισπᾶται
3236 4145 3344 4218 γάρ
3400 4146 3499 4218 τὴν
3554 4146 3697 4201 θείαν

506 4326 672 4383 Vsus.
723 4326 775 4381 7.
816 4347 834 4379 ι
881 4326 1158 4394 Quoniam
1219 4328 1438 4398 depluet
1488 4343 1655 4399 super
1697 4340 2013 4399 peccatores

2187 4326 2255 4394 ζ’.
2290 4347 2310 4381 ι
2365 4328 2488 4383 ’Ότι
2512 4328 2558 4361 ³⁸
2587 4327 2864 4401 ἐπιόρέξει
2899 4329 2993 4383 ἐπὶ
3037 4329 3398 4401 ἁμαρτωλοὺς
3438 4329 3689 4398 παγίδας,

430 4423 681 4492 laqueos,
720 4421 863 4493 ignis
893 4430 947 4477 et
969 4421 1293 4491 sulphur,et
1323 4423 1551 4492 spiritus
1572 4423 1958 4494 procellarum.
1982 4445 2001 4478 ι

432 4516 514 4570 Ab
542 4515 609 4571 iis
642 4529 763 4584 quae
804 4513 1059 4569 Sodomis
1086 4513 1199 4585 jam
1231 4515 1575 4577 acciderunt,
1611 4516 1780 4570 sumit
1804 4515 2011 4572 descri-

434 4608 677 4678 ptionem
706 4608 1136 4679 suppliciorum;
1195 4608 1395 4663 etenim
1444 4609 1499 4664 in
1547 4610 1668 4665 illas
1704 4610 1728 4650 ἀ
1763 4612 2012 4667 civitates

441 4701 647 4771 depluit
698 4700 963 4759 Dominus
1016 4718 1046 4757 a
1087 4701 1319 4757 Domino
1361 4703 1562 4769 ignem,
1611 4712 1664 4757 et
1713 4703 1942 4773 sulphur
1986 4719 2016 4758 e

442 4796 605 4849 malo.
639 4793 762 4849 lla-c
802 4797 965 4867 igitur
998 4806 1053 4851 et
1084 4795 1268 4851 hocin
1298 4796 1420 4851 loco
1461 4795 1702 4851 minatus
1753 4805 1857 4862 cst,
1911 4813 2015 4850 non

439 4898 499 4942 ut
534 4889 648 4942 haec
683 4890 906 4943 omnino
942 4889 1295 4955 inducturus,
1335 4888 1432 4945 sed
1461 4903 1559 4960 per
1610 4889 1724 4946 haec
1770 4888 2019 4959 omnige-

506 5092 530 5132 εἴ
570 5088 709 5145 Gen.
740 5105 857 5156 XIX,
892 5090 984 5144 24.

2117 4425 2228 4496 πῦρ
2259 4423 2352 4477 καὶ
2398 4421 2565 4486 θεῖον,
2600 4423 2695 4477 καὶ
2743 4421 2965 4495 πνεῦμα
2998 4423 3337 4493 καταιγίδος.
3378 4444 3398 4477 ι
3437 4423 3571 4477 Ἀπὸ
3592 4421 3695 4476 τῶν

2118 4521 2217 4592 ἠδη
2260 4520 2387 4591 περὶ
2438 4518 2508 4571 τά
2550 4516 2759 4589 Σόδομα
2819 4515 3122 4587 γινομένων
3146 4517 3192 4550 ³⁵
3237 4517 3565 4589 σχηματίζει
3603 4513 3695 4577 τὰς

2118 4613 2392 4683 τιμωρίας
2417 4628 2432 4641 ⁵
2470 4611 2564 4665 καὶ
2589 4610 2699 4682 γὰρ
2729 4610 2810 4674 είς
2833 4610 2879 4641 ³⁸
2908 4610 3123 4673 ὲκείνας
3165 4610 3266 4674 τὰς
3295 4611 3480 4675 πόλεις
3514 4608 3693 4681 ἔϐρεξε

2124 4701 2335 4774 Κύριος
2368 4700 2520 4772 παρά
2543 4699 2751 4771 Κυρίου
2776 4699 2889 4772 πῦρ
2934 4700 3028 4754 καὶ
3062 4700 3206 4755 θεῖον
3230 4703 3296 4755 ὲκ
3318 4700 3413 4755 τοῦ
3443 4698 3691 4774 οὐρανοῦ.

2125 4796 2311 4850 Ταῦτα
2342 4793 2523 4848 τοίνυν
2563 4792 2846 4849 κάνταῦθα
2881 4792 3178 4865 ἠπείλησεν
3205 4811 3220 4827 ⁸
3251 4795 3351 4866 οὐχ
3379 4795 3456 4860 ὼς
3487 4796 3693 4855 πάντως

2126 4886 2299 4941 ταῦτα
2334 4885 2574 4954 ἐπάξων,
2619 4885 2758 4941 ἀλλά
2813 4886 2901 4942 διὰ
2935 4886 3142 4943 τούτων
3201 4886 3303 4951 τὰς
3352 4884 3695 4947 παντοδαπὰς

1524 5223 1759 5279 VARI/Ii
1801 5224 2187 5281 LECTIONES
2223 5223 2309 5279 ΕΤ
2344 5224 2575 5283 NOTAE.

510 5323 557 5356 ἰ
594 5319 787 5386 Τινὲς,
814 5336 867 5372 κ.
907 5318 958 5372 λ.
998 5318 1121 5373 Des.
1146 5320 1199 5373 in
1231 5319 1355 5373 cod.
1386 5318 1437 5383 l,
1466 5325 1520 5373 et
1546 5319 1689 5388 apud
1715 5318 1878 5373 Cord.
1899 5319 2013 5388 μοι

510 5394 578 5437 mi
613 5391 779 5437 (Iul-il.
858 5390 904 5420 ³⁸
936 5390 1058 5437 cod-
1090 5391 1125 5437 ἓ
1148 5398 1201 5437 et
1242 5389 1275 5437 5
1311 5388 1511 5437 ἑαυτῶ.
1591 5391 1636 5420 ²⁶
1674 5392 2013 5437 Βασιλείαν.

2170 5320 2214 5351 ’³
2239 5321 2495 5390 Στίχοις.
2530 5321 2697 5375 Abest
2719 5333 2746 5372 a
2771 5318 2893 5373 cod.
2927 5319 2982 5373 2.
3060 5320 3108 5351 ⁸⁸
3142 5317 3216 5372 Τὸ
3247 5316 3381 5385 γὰρ,
3413 5333 3469 5371 κ.
3490 5315 3542 5368 λ.
3575 5310 3697 5367 Des.

2120 5391 2191 5437 id-
2217 5391 2273 5437 2-
2308 5392 2667 5437 νειιοτονίαν-
2747 5392 2790 5423 ¹⁷
2825 5389 3059 5437 Ἐπιϐλ-
3097 5389 3213 5437 τὴν
3251 5389 3483 5437 οἱκουιι.
3513 5385 3635 5437 cod.
3665 5379 3701 5434 Ἰ

437 5394 578 5465 apud
613 5391 779 5447 Cord.
858 5390 904 5420 "
936 5390 1058 5444 cod.
1090 5391 1125 5443 2
1148 5398 1201 5443 et
1242 5389 1275 5442 5
1311 5389 1511 5460 ἐαυτῷ.
1591 5391 1636 5420 ²⁶
1674 5392 2024 5444 Βασιλείαν.
2071 5391 2191 5444 eod.
2217 5391 2273 5453 2.
2308 5389 2668 5462 χειροτονίαν.
2747 5392 2790 5423 ¹⁷
2825 5389 3059 5443 Ἐπιϐλ.
3097 5389 3213 5456 τὴν
3251 5389 3483 5455 οἱκουμ.
3513 5389 3635 5465 cod.
3665 5389 3696 5434 Ξ

435 5474 490 5519 et
518 5466 552 5520 5
581 5466 660 5527 είς
687 5461 780 5515 τὸν
809 5459 1017 5531 πένητα
1051 5458 1464 5531 επιδλέπουσιν.
1514 5459 1589 5531 Ita
1624 5458 1734 5531 fere
1761 5461 1809 5512 οί
1835 5460 1891 5513 0'
1929 5459 2046 5513 Vid.
2072 5460 2265 5515 Montf.
2314 5465 2348 5516 Ι.
2383 5478 2431 5516 c.
2467 5470 2505 5516 ι.
2533 5461 2573 5527 Ι,
2612 5477 2662 5530 p.
2698 5460 2826 5515 488.
2903 5460 2949 5491 ’⁸
2975 5458 3129 5526 Τοῖς.
3167 5460 3286 5513 cod.
3331 5457 3359 5531 i
3393 5468 3696 5531 ῃιίοιιιηενἔ

436 5535 480 5567 ¹⁹
529 5534 785 5587 Οὶκείαν.
811 5528 944 5586 (ξολ.
976 5532 995 5584 1
1042 5528 1216 5583 θείαν.
1295 5528 1340 5559 ³⁸
1361 5529 1494 5583 Cod.
1521 5529 1576 5582 2.
1612 5530 1706 5583 σοῦ

1744 5531 1904 5603 μόνα.
1966 5532 2180 5603 ἦξεοιί.
2216 5532 2338 5603 lict
2364 5534 2399 5586 2
2440 5531 2901 5603 σωματικώτερα.

3007 5530 3051 5564 ³³
3087 5520 3478 5600 Ἕνεργείαὶς.
3670 5520 3689 5573 ί

567 5603 898 5691 εὐεργείαις.
977 5601 1022 5632 ³³
1048 5597 1403 5691 ξΟᾹ-μισεῖ,
1438 5599 1563 5657 Des.
1587 5601 1645 5656 in
1670 5595 1791 5658 cod.
1828 5602 1880 5658 1.
1959 5601 2004 5634 ³⁷⁵

2120 5620 2178 5657 τι.
2203 5602 2372 5662 Abest
2413 5620 2443 5659 a
2495 5595 2657 5661 codd.
2697 5595 2922 5660 nostris.
3002 5601 3045 5633 ³⁵
3071 5600 3192 5661 cod.
3225 5595 3694 5668 ἵγεγενημὼων.

437 5672 635 5739 ³⁸Ἐὶς.
671 5669 795 5728 Des.
853 5674 906 5727 in
960 5671 1083 5727 coal.
1123 5669 1179 5723 2.
