4038 6214
366 389 476 454 945

706 506 973 562 ΕΡΜΗΝ.
1009 508 1146 560 ΤΟΥ
1173 506 1250 560 lB'
1281 507 1600 562 ΨΔΛΜΟΥ.

435 623 505 676 α’.
555 641 575 672 ι
631 621 728 685 Εἰς
778 622 840 674 τὸ
893 621 1070 687 τέλος,
1121 621 1336 692 ψαλμὸς
1391 621 1471 693 τῷ
1523 620 1710 675 Δαόίδ.
1752 641 1770 674 ι
1835 622 1946 675 Καὶ

372 715 554 770 τοῦτον
585 717 666 778 εἰς
703 713 896 767 ἑαυτὸν
940 715 1172 786 ἧνεγκεν
1185 715 1232 746 ⁷⁸
1261 715 1352 768 τὸν
1377 716 1598 786 ψαλμὸν
1617 717 1662 747 ⁷⁷
1693 717 1722 770 6
1769 717 1946 786 μέγας

369 805 546 864 Δαεὶδ,
575 804 636 858 οὐ
670 805 778 876 μὴν
815 805 925 859 ύπδ
963 805 1059 860 τοῦ
1091 807 1265 862 Σαοὺλ
1297 806 1651 880 διωκόμενος,
1691 807 1808 862 ἀλλ’
1838 808 1946 862 ὑπὸ

363 895 459 948 τοῦ
487 896 800 952 Ἀϐεσσαλὼ
807 915 848 967 μ
875 898 1006 952 πολε
1016 899 1117 970 μού
1127 915 1305 970 μενος.
1335 900 1420 954 Τὰ
1442 903 1542 972 μὲν
1562 901 1673 971 γὰρ
1694 901 1836 955 κατὰ
1852 900 1944 955 τὸν

365 987 539 1042 Σαοὺλ
567 987 673 1059 πρὸ
703 989 803 1058 τῆς
835 990 1116 1060 ἁμαρτίας
1166 987 1256 1062 ἦν,
1309 993 1404 1046 καὶ
1457 992 1546 1047 διὰ
1589 993 1752 1048 τοῦτο
1805 994 1946 1066 μετὰ

364 1079 566 1150 πολλῆς
597 1080 819 1148 ἐλέγετο
847 1083 1164 1152 παρρησίας
1183 1083 1250 1136 ⁷⁸.
1282 1082 1365 1138 Τὰ
1409 1085 1468 1138 δέ
1517 1101 1584 1153 γε
1645 1087 1786 1140 κατὰ
1843 1086 1939 1140 τὸν

376 1169 739 1242 ’Λὸεσσαλὼμ
767 1174 904 1243 μετὰ
929 1175 1028 1244 τὴν
1049 1176 1348 1250 ἁμαρτίαν·
1380 1177 1470 1231 διὰ
1486 1179 1530 1210 τ’
1550 1178 1712 1232 τοῦτο
1737 1177 1942 1232 κλαυθ-

365 1265 467 1332 μὸς
535 1265 630 1317 καὶ
683 1266 991 1337 στεναγμὸς
1045 1267 1091 1299 ³⁸
1146 1271 1262 1333 τοῖς
1330 1268 1512 1338 λόγοις
1577 1269 1938 1342 ἐγκέκραται.

367 1372 386 1404 ι
425 1355 572 1419 Ἕως
593 1356 751 1420 πότε,
782 1357 978 1428 Κύριε,
1010 1358 1246 1430 ἐπιλήσῃ
1272 1373 1375 1429 μου
1407 1363 1488 1424 εὶς
1508 1361 1700 1428 τέλος;
1727 1383 1745 1414 ι
1762 1362 1873 1434 Τὴν
1893 1363 1940 1396 ⁸⁸

361 1447 632 1519 ἀναϐολὴν
685 1451 784 1520 τῆς
847 1450 1101 1521 βοηθείας
1189 1453 1617 1524 ἐπιλησμονὴν
1663 1457 1942 1526 προσηγό-

363 1556 526 1610 ρευσε
543 1540 608 1594 ⁸⁸.
645 1542 966 1613 Παρακαλεί
996 1544 1052 1596 δὲ
1091 1545 1166 1617 μὴ
1225 1547 1308 1609 εἰς
1348 1545 1502 1610 τέλος
1533 1546 1895 1619 ὲπιλησθῆναι
1925 1566 1938 1580 ·

358 1633 611 1687 τουτέστι
649 1636 725 1705 μὴ
753 1637 1034 1701 παντελῶς
1069 1639 1170 1708 τῆς
1201 1638 1356 1702 θείας
1383 1639 1744 1710 γυμνωθῆναι
1802 1657 1940 1712 προ·

359 1726 536 1790 ν-τίας.
571 1747 588 1778 ι
638 1729 784 1793 Ἕως
821 1731 952 1784 πότε
997 1732 1369 1803 ἀποστρέφεις
1396 1733 1458 1786 τὸ
1512 1733 1804 1802 πρόσωπόν
1847 1749 1940 1787 σου

359 1817 458 1870 ἀπ’
484 1817 616 1888 ἐμοῦ
641 1836 656 1885 ;
695 1839 714 1870 ι
762 1818 860 1873 Ἐκ
889 1824 1208 1892 μεταφορᾶς
1229 1823 1336 1876 τῶν
1356 1823 1731 1896 ὀργιζομένων
1755 1826 1824 1888 ³⁸³,
1849 1826 1944 1879 καὶ

357 1909 488 1972 τοὺς
512 1913 1030 1982 προσκεκρουκότας
1063 1915 1196 1984 όρᾷν
1226 1915 1288 1967 οὐ
1319 1914 1682 1985 βουλομένων,
1725 1915 1940 1970 τέθεικε

361 2003 517 2054 τουτὶ
543 2001 606 2055 τδ
638 2004 822 2074 ῥητόν.
852 2003 942 2057 Διὸ
977 2005 1094 2075 μετ’
1127 2006 1285 2073 ὀλίγα
1317 2004 1488 2074 λέγει’
1534 2025 1552 2058 ι
1616 2006 1940 2078 Ἐπίὸλεψον

362 2093 452 2144 ἐπ’
479 2094 600 2163 ἐμὲ,
637 2095 729 2148 καὶ
752 2095 978 2166 ἐλέησόν
1013 2113 1106 2166 με,
1147 2117 1166 2150 ι
1202 2095 1330 2150 οὔτε
1366 2099 1666 2169 πρόσωπον
1699 2098 1838 2152 νοῶν
1879 2101 1942 2153 τὸ

361 2185 680 2254 πρόσωπον,
716 2186 838 2240 οὔτε
886 2189 1244 2260 ἀποστροφὴν
1269 2192 1372 2260 τὴν
1401 2191 1760 2261 ἀποστροφήν
1783 2208 1797 2222 ⁸
1825 2191 1942 2246 ἀλλ’

359 2280 472 2333 ἀπὸ
545 2281 655 2334 τῶν
744 2282 1104 2356 ἀνθρωπίνων
1181 2284 1344 2340 πάλιν
1433 2285 1766 2356 σχηματίζει
1849 2285 1943 2339 τὸν

360 2370 523 2439 λόγον
545 2372 612 2427 ⁸⁵.

436 2463 504 2533 β’.
543 2483 561 2514 ι
601 2465 750 2530 Ἕως
801 2466 946 2532 τίνος
995 2467 1237 2538 θήσομαι
1288 2467 1482 2540 βουλὰς
1533 2472 1592 2524 ἐν
1631 2471 1778 2542 ψυχῇ
1817 2488 1942 2542 μου,

360 2555 555 2618 οδύνας
588 2557 646 2608 ὲν
679 2556 877 2628 καρδίᾳ
941 2574 1044 2628 μου
1103 2558 1318 2629 ἡμέρας
1367 2561 1464 2612 καὶ
1493 2560 1723 2624 νυκτός;
1768 2579 1786 2612 ι
1826 2560 1940 2614 Νύ-

365 2665 518 2719 κτωρ
543 2645 590 2680 ⁸⁸
615 2649 709 2702 καὶ
755 2650 875 2719 μεθ’
929 2650 1146 2720 ἡμέραν
1183 2652 1520 2723 τρυχόμενος
1553 2653 1804 2718 διατελῶ,
1851 2653 1946 2707 καὶ

363 2744 496 2803 τοὺς
541 2741 838 2812 λογισμοὺς
893 2743 1146 2815 στρέφων
1197 2761 1256 2797 τε
1302 2745 1398 2798 xui.
1447 2745 1763 2810 ἀνελίττων,
1817 2747 1947 2799 ποτε

366 2833 471 2901 μὲν
501 2833 912 2889 ἀπολαύσεσθαι
934 2835 982 2868 ⁸⁸
1013 2836 1426 2909 φιλανθρωπίας
1473 2835 1680 2902 ἐλπίζω
1703 2838 1770 2904 ⁸⁷,
1815 2839 1948 2892 ποτὲ

366 2927 425 2980 δὲ
458 2925 784 2996 ἀμφιϐάλλω
803 2928 846 2960 ³⁸
875 2929 924 2981 εἰ
951 2928 1235 3000 τεύξομαι·
1290 2929 1480 2984 ἄλλοτε
1513 2930 1570 2984 δὲ
1608 2931 1944 3002 ἀπαγορεύω

371 3021 472 3084 τὰς
498 3021 870 3094 χρηστοτέρας
905 3021 1169 3086 ὲλπίδας.υ

441 3108 512 3179 γ’.
553 3129 572 3162 ι
621 3113 765 3176 Ἕως
821 3111 952 3166 πότε
987 3113 1336 3184 ὑψωθήσεται
1387 3117 1417 3168 6
1451 3115 1644 3186 ἐχθρός
1693 3132 1797 3184 μου
1859 3115 1949 3168 ἐπ’

1739 393 1822 454 IN
1863 394 2068 454 PSAL.
2107 393 2244 454 XII.

1978 519 2027 575 A

3525 395 3634 460 946

2369 527 2534 600 377
2589 526 2858 584 INTERP.
2891 525 3166 584 PSALnt.
3195 525 3311 582 xu.

2126 642 2292 698 Vsus.
2347 642 2398 697 l.
2457 661 2476 694 ι
2523 641 2580 696 ln
2627 643 2813 708 linem,
2854 641 3108 698 Psalmus
3152 643 3364 698 Davidi.
3415 662 3434 695 ι
3480 643 3634 698 Hune

2053 747 2276 804 quoque
2301 738 2573 804 psalmum
2599 736 2666 790 de
2693 750 2752 791 se
2781 735 2900 806 ipso
2924 751 3152 805 magnus
3181 735 3349 790 David
3367 736 3627 805 protulit,

2053 843 2161 881 non
2203 825 2423 882 Saulem
2463 827 2698 898 fugiens,
2746 843 2934 882 verum
2991 827 3060 882 ab
3106 828 3402 883 Absalomo
3444 828 3584 883 bello
3616 833 3632 850 '

2049 920 2275 989 petitus.
2306 919 2385 974 Ea
2433 921 2581 975 enim
2617 935 2740 989 quze
2788 919 2858 981 ad
2907 918 3129 974 Saulem
3186 919 3450 986 attinent,
3506 927 3633 975 ante

2051 1019 2332 1080 peccatum
2359 1009 2692 1076 acciderant,
2739 1021 2794 1066 et
2829 1011 2930 1066 hac
2957 1012 3022 1066 de
3063 1025 3226 1066 causa
3261 1026 3456 1082 magna
3503 1027 3628 1065 cum

2051 1100 2250 1156 liducia
2297 1101 2645 1158 dicebantur.
2696 1101 2770 1158 Ea
2825 1119 2954 1158 vero
3003 1118 3124 1173 qua:
3165 1103 3232 1158 ad
3269 1101 3628 1158 Ahsalomum

2050 1199 2320 1260 spectant,
2361 1199 2482 1260 post
2522 1200 2804 1261 peccatum
2839 1193 3118 1258 exstitere,
3149 1201 3203 1248 et
3229 1203 3514 1264 propterea
3547 1192 3632 1248 lu-

2050 1289 2172 1334 ctus
2209 1288 2265 1334 et
2317 1281 2553 1350 gemitus
2605 1281 2882 1337 immistus
2926 1291 3008 1338 est
3053 1281 3626 1354 verbis.iUsqucquo,

2049 1369 2300 1438 Domine,
2325 1371 2669 1428 Oblivisceris
2687 1373 2794 1428 mei
2822 1373 2875 1427 in
2903 1372 3104 1428 linem?
3131 1393 3150 1425 ι
3176 1373 3633 1430 Procrastinatio-

2049 1477 2174 1517 nem
2211 1461 2402 1517 auxilii
2435 1463 2750 1518 obliuionem
2789 1463 3081 1534 appellavit
3113 1482 3126 1518 :
3163 1463 3413 1520 obsecrat
3445 1474 3628 1521 autem

2049 1569 2116 1608 ne
2149 1554 2512 1610 obliviscatur
2543 1557 2596 1609 in
2627 1556 2812 1621 linem,
2845 1557 2951 1611 hoc
2975 1567 3077 1623 est,
3106 1571 3174 1612 ne
3194 1559 3419 1612 omnino
3445 1557 3627 1612 divina

2049 1646 2387 1716 providentia
2417 1646 2768 1702 destituatur.
2807 1664 2824 1698 ι
2857 1647 3154 1717 Usquequo
3194 1648 3395 1703 avertis
3431 1647 3628 1702 faciem

2049 1748 2198 1794 tuam
2234 1753 2265 1794 a
2299 1739 2418 1794 me?
2459 1758 2477 1790 ι
2511 1739 2616 1794 Per
2653 1739 3028 1810 metaphoram
3067 1741 3136 1794 ah
3183 1741 3250 1795 iis
3283 1743 3376 1811 qui
3429 1757 3630 1796 exean-

2047 1829 2299 1893 descunt,
2327 1844 2532 1899 eosque
2561 1830 2657 1899 qui
2686 1829 3032 1884 offenderunt
3059 1829 3244 1884 videre
3287 1830 3500 1894 nolunt,
3533 1829 3629 1885 dc-

2045 1931 2342 1991 sumptam,
2366 1921 2470 1975 hoc
2497 1921 2654 1976 dixit.
2673 1919 2802 1976 Ideo
2833 1921 2994 1990 paulo
3022 1929 3146 1989 post
3167 1921 3298 1975 dicit
3327 1937 3342 1974 :
3377 1942 3395 1972 ι
3437 1919 3630 1990 Respi-

2047 2025 2109 2066 ce
2146 2011 2336 2076 inme,
2361 2019 2416 2064 et
2442 2011 2702 2066 miserere
2743 2011 2872 2066 mei.
2913 2027 2932 2062 ι
2968 2009 3155 2081 Neque
3193 2009 3388 2066 faciem
3440 2021 3500 2065 ut
3547 2012 3629 2065 fa-

2041 2105 2182 2158 ciem
2217 2103 2492 2172 intelligit,
2526 2116 2704 2173 neque
2751 2103 3096 2159 aversionem
3133 2110 3192 2157 ut
3245 2103 3627 2170 aversionem;

2043 2199 2138 2254 sed
2171 2199 2242 2253 ah
2273 2199 2531 2255 humanis
2560 2198 2729 2254 rebus
2767 2211 2963 2254 rursus
2996 2197 3300 2254 orationem
3335 2197 3558 2253 format.

2115 2469 2280 2525 Vsus.
2331 2470 2389 2524 Ξ.
2444 2487 2464 2521 ι
2523 2467 2778 2534 Quandiu
2815 2481 3014 2538 ponam
3055 2465 3287 2522 consilia
3338 2466 3392 2520 in
3443 2466 3632 2520 anima

2045 2577 2186 2627 mea,
2219 2562 2468 2617 dolorem
2500 2561 2556 2616 in
2584 2560 2750 2616 corde
2780 2574 2900 2616 meo
2935 2574 3032 2630 per
3063 2557 3207 2614 diem
3239 2569 3294 2614 et
3320 2567 3533 2612 noctem
3552 2557 3623 2610 ί»

2045 2655 2250 2711 Noctes
2277 2654 2506 2723 diesque
2529 2668 2728 2718 vexor,
2784 2661 2839 2706 et
2890 2651 3254 2721 cogitationes
3294 2650 3517 2705 volvens
3564 2665 3628 2705 ac

2047 2749 2358 2812 revolvens,
2384 2746 2684 2817 aliquando
2723 2745 2945 2815 quidem
2979 2743 3372 2814 benignitatem
3397 2743 3628 2812 adipisci

2047 2856 2229 2906 spero,
2264 2837 2563 2908 aliquando
2600 2852 2731 2891 vero
2765 2835 2985 2904 ambigo
3033 2849 3103 2888 an
3138 2849 3367 2904 compos
3413 2829 3630 2888 futurus

2047 2933 2196 2988 sim:
2229 2931 2504 2986 interdum
2551 2945 2684 2984 vero
2737 2927 2956 3000 penitus
3007 2926 3176 2998 678
3231 2925 3433 2996 ahjicio
3479 2940 3628 2996 spem

2051 3024 2354 3079 meliorem.

2125 3115 2290 3170 Vens.
2322 3116 2376 3169 5.
2416 3133 2436 3166 ι
2480 3115 2782 3185 Usquequo
2810 3113 3140 3168 exaltabitur
3173 3111 3432 3166 inimicus
3477 3123 3631 3163 meus

367 3203 506 3274 ὲμέ;
541 3222 559 3256 ι
595 3205 781 3260 Ταῦτα
835 3209 930 3260 καὶ
982 3207 1116 3278 ἡμῖν
1168 3209 1432 3279 ἁρμόττει
1456 3209 1643 3278 λέγειν
1695 3209 1802 3261 ὑπὸ
1846 3208 1943 3260 τοῦ

2054 3225 2217 3278 super
2241 3207 2370 3263 me?
2411 3227 2429 3260 ι
2464 3208 2589 3264 llaec
2617 3217 2672 3262 et
2709 3207 2866 3262 nobis
2893 3205 2984 3274 qui
3018 3219 3048 3259 a
3079 3203 3298 3260 diabolo
3347 3203 3490 3259 bello
3534 3217 3632 3272 pe-

369 3295 621 3352 διαὸόλου
651 3297 1106 3369 πολεμουμένοις,
1137 3298 1232 3354 καὶ
1269 3300 1368 3368 τὴν
1394 3299 1547 3354 θείαν
1585 3300 1674 3353 ἀεὶ
1720 3317 1945 3370 συμμα-

369 3387 496 3456 χίαν
537 3389 743 3442 καλεῖν.
803 3391 914 3443 Καὶ
958 3389 1070 3462 γὰρ
1113 3393 1142 3444 6
1177 3391 1510 3456 θειότατος⁸⁹
1541 3391 1708 3445 Δαὸὶδ
1757 3393 1950 3461 ἠνιᾶτο

371 3487 498 3543 τοὺς
521 3480 814 3550 πολεμίους
838 3482 1338 3554 ἐπικρατεστέρους
1363 3483 1504 3553 ὀρῶν
1525 3481 1592 3537 ⁹⁰.

439 3571 525 3646 δ’..
548 3590 568 3624 ι
616 3572 959 3644 Ἐπίϐλεψον,
995 3574 1320 3627 εἰσάκουσόν
1377 3590 1501 3644 μου,
1537 3575 1710 3646 Κύριε
1740 3577 1770 3628 ὁ
1817 3575 1950 3638 Θεός

377 3681 502 3732 μἰυ,
533 3661 770 3731 φώτισον
792 3665 920 3728 τοὺς
947 3663 1260 3734 ὀφθαλμούς
1291 3681 1415 3733 μου,
1451 3665 1663 3734 μήποτε
1715 3663 1952 3716 ὑπνὼσω

378 3753 462 3816 εἰς
487 3751 741 3805 θάνατον.
781 3771 800 3803 ι
837 3752 916 3824 Τῇ
944 3754 1102 3807 νυκτὶ
1131 3753 1243 3807 τῶν
1267 3754 1564 3824 συμφορῶν
1615 3753 1949 3824 περιεχόμε-

375 3863 485 3909 νος,
514 3841 626 3898 οἷόν
653 3863 761 3900 τινι
807 3845 962 3918 ὖπνῳ
1008 3849 1076 3918 τῇ
1128 3846 1339 3918 ἀθυμίᾳ.
1398 3847 1728 3916 κατέχομαι.
1787 3847 1850 3899 Εἰ
1895 3845 1952 3898 δὲ

373 3937 570 4007 φανείη
602 3938 702 4007 τῆς
732 3937 831 4008 σῆς
857 3938 1180 4008 ἐπικουρίας
1207 3939 1270 3991 τὸ
1313 3941 1449 4007 φῶς,
1511 3941 1607 3991 καὶ
1650 3937 1749 4008 τὴν
1781 3937 1952 3991 νύκτα

379 4032 629 4086 σκεδάσει
667 4029 774 4082 τῶν
808 4031 1128 4100 συμφορῶν,
1158 4031 1372 4085 καὶτὸν
1396 4029 1564 4084 ὕπνον
1613 4031 1812 4086 παύσει
1852 4031 1954 4101 τῆς

371 4123 636 4194 ἀθυμίας.
675 4125 739 4176 Ei
769 4124 827 4177 δὲ
851 4125 1180 4188 ἀναϐάλλοις
1203 4123 1304 4196 τὴν
1337 4125 1620 4197 βοήθειαν,
1677 4126 1824 4179 δέδια
1877 4127 1952 4197 μὴ

374 4227 452 4280 εἰς
493 4217 724 4270 θάνατον
746 4219 774 4270 6
799 4216 968 4280 ὕπνος
994 4218 1305 4290 μεταπέσῃ,
1341 4218 1701 4288 ίσχυροτέρας
1731 4219 1828 4288 τῆς
1861 4218 1954 4272 λύ-

373 4326 485 4385 πης
511 4309 814 4380 γενομένης
840 4307 952 4362 τῶν
994 4308 1357 4378 λογισμῶν⁹“.

443 4407 506 4454 ε’.
529 4419 548 4452 ι
574 4401 812 4472 Μήποτε
835 4400 1005 4473 εῐπῃό
1024 4399 1217 4470 ἐχθρός
1240 4402 1599 4470 μου,Ἰσχυσα
1623 4401 1755 4470 πρὸς
1769 4401 1950 4454 αὐτόν.

2052 3302 2256 3364 timur,
2311 3301 2492 3356 dicere
2543 3299 2816 3363 convenit,
2873 3297 3225 3366 divinumque
3270 3311 3429 3365 opem
3485 3309 3630 3349 sem-

2053 3409 2148 3462 per
2175 3393 2491 3462 implorare.
2521 3390 2656 3445 Nam
2684 3402 2738 3446 et
2765 3389 2988 3445 divinus
3026 3387 3195 3444 David
3232 3389 3418 3443 hostes
3441 3395 3632 3458 poten-

2053 3484 2220 3538 tiores
2249 3483 2436 3537 videns
2475 3482 2757 3536 merebat.

2123 3574 2290 3630 Vens.
2329 3574 2381 3628 4.
2419 3593 2438 3626 ι
2477 3572 2730 3641 Respice,
2760 3579 2814 3628 et
2839 3571 3036 3627 exaudi
3085 3587 3194 3636 me,
3229 3562 3455 3628 Domine
3490 3572 3633 3626 Deus

2053 3665 2128 3718 mi
2169 3683 2184 3719 :
2229 3663 2478 3717 illumiua
2520 3663 2714 3718 oculos
2771 3676 2924 3716 meos
2951 3701 2966 3728 ,
3022 3677 3093 3716 ne
3143 3676 3389 3731 unquam
3431 3660 3633 3715 obdor—

2046 3757 2220 3824 Imiam
2248 3755 2302 3808 in
2337 3766 2535 3810 morte.
2577 3772 2595 3805 ι
2633 3752 2800 3810 Nocte
2827 3753 3206 3809 calamitatum
3237 3750 3632 3812 circumdatus,

2056 3851 2222 3907 veluti
2258 3851 2496 3919 quodam
2534 3863 2731 3904 somno
2751 3862 2988 3902 moerere
3012 3846 3280 3902 detineor.
3309 3844 3368 3899 Si
3392 3859 3522 3899 vero
3555 3843 3631 3898 tui

2057 3941 2249 3998 auxilii
2285 3941 2377 3994 lux
2415 3939 2700 4004 effulserit,
2732 3949 2788 3993 et
2820 3938 3196 3993 calamitatum
3234 3944 3449 3991 noctem
3473 3933 3636 3990 dissi-

2060 4035 2254 4106 pabit,
2307 4042 2362 4088 et
2421 4031 2697 4087 maestitiae
2754 4045 3010 4087 somnum
3051 4030 3288 4086 sedabit.
3341 4027 3399 4083 Si
3455 4035 3635 4082 autem

2056 4142 2212 4198 opem
2243 4123 2484 4192 differas,
2525 4124 2691 4180 timeo
2717 4137 2786 4178 ne
2813 4123 2868 4178 in
2893 4130 3123 4178 mortem
3149 4137 3380 4178 somnus
3410 4119 3632 4184 incidat,

2058 4236 2180 4276 eum
2211 4217 2432 4274 tristitia
2461 4216 2735 4287 potentior
2763 4215 3200 4285 cogitationibus
3233 4213 3374 4268 facta
3409 4211 3596 4266 fuerit.

2129 4393 2295 4448 Vsus.
2327 4393 2380 4448 5.
2412 4413 2430 4446 ι
2472 4392 2548 4448 Ne
2578 4392 2803 4463 quando
2827 4391 2976 4446 dicat
3003 4388 3264 4444 inimicus
3287 4385 3632 4452 meus,Pra:-

367 4495 438 4549 Οἱ
475 4492 754 4556 θλίὸοντές
783 4509 851 4562 με
897 4491 1344 4561 ἁγαλλιάσονται,
1374 4491 1470 4546 ἐὰν
1505 4492 1771 4546 σαλευθῶ.
1813 4511 1832 4544 ι
1859 4491 1945 4562 Μή

2059 4486 2204 4541 valui
2236 4485 2499 4539 adversus
2513 4499 2662 4538 eum.
2689 4481 2796 4549 Qui
2828 4481 3093 4536 tribulant
3120 4496 3228 4546 me,
3259 4475 3631 4539 exsultabant,

376 4602 446 4654 με
483 4587 596 4648 τοῖς
630 4561 952 4654 δυσμενέσιν
1007 4584 1296 4654 ἀποφήνῃς
1347 4583 1642 4654 ἐπίχαρτον
1674 4601 1688 4616 ο
1736 4561 1945 4638 πάντωι

2059 4579 2104 4634 si
2135 4591 2317 4633 metus
2350 4577 2524 4631 fuero.
2571 4594 2590 4626 ι
2623 4573 2702 4630 Ne
2735 4573 2973 4628 inimicis
3005 4571 3293 4626 ridiculum
3327 4584 3414 4623 me
3446 4573 3634 4622 osten-

371 4675 486 4748 γάρ
515 4693 607 4748 μοι
629 4678 739 4732 τῶν
767 4676 1007 4748 ἀνιαρῶν
1037 4675 1412 4746 ἀνιαρώτατον
1451 4679 1631 4730 τοῦτο.

446 4859 523 4918 ς’.
555 4871 575 4903 ι
628 4853 770 4922 Ἐγὼ
795 4855 853 4908 δὲ
879 4856 973 4908 ἐπὶ
991 4855 1038 4888 ⁹¹
1066 4854 1147 4925 τῷ
1188 4854 1330 4908 ὲλέει
1365 4871 1460 4908 σου
1491 4855 1720 4925 ἧλπισα.
1771 4875 1788 4904 ι
1847 4855 1958 4908 Καὶ

377 4945 630 4998 ἐντεῦθεν
659 4946 842 5016 δῆλον,
883 4947 959 5010 ὡς
994 4945 1134 5017 μετά
1187 4945 1286 5018 τὴν
1321 4947 1604 5017 ἁμαρτίαν
1643 4947 1833 4999 τοῦτον
1877 4945 1956 4997 εἴ-

384 5050 522 5104 ρηκε
549 5038 640 5092 τὸν
694 5039 932 5110 ψαλμὸν.
987 5039 1063 5091 Οὐ
1096 5040 1204 5110 γὰρ
1247 5039 1587 5108 δικαιοσύνῃ,
1649 5039 1765 5092 ἀλλ’
1821 5037 1957 5108 ἐλέῳ

2059 4673 2178 4737 das,
2215 4671 2318 4725 hoc
2343 4669 2487 4726 enim
2521 4669 2656 4722 mihi
2684 4667 2932 4723 omnium
2969 4665 3216 4737 gravium
3247 4660 3636 4733 gravissimum

2059 4771 2164 4820 est.

2135 4854 2299 4908 Vens.
2331 4853 2384 4908 6.
2428 4873 2446 4904 ι
2487 4851 2598 4924 Ego
2628 4862 2806 4906 autem
2840 4852 2892 4905 in
2923 4848 3296 4904 misericordia
3331 4858 3422 4902 tua
3451 4863 3638 4917 spera-

2061 4945 2136 4997 vi.
2178 4963 2197 4996 ι
2231 4945 2297 4997 Et
2321 4945 2448 4998 hinc
2487 4943 2834 4998 manifestum
2877 4952 2962 4996 est
3016 4955 3141 4996 eum
3184 4951 3306 5010 post
3351 4949 3636 5010 peccatum

2066 5036 2212 5090 hunc
2235 5033 2504 5104 psalmum
2537 5035 2764 5090 dixisse.
2807 5033 2926 5089 Non
2952 5034 3097 5089 enim
3133 5032 3379 5104 justitiae,
3409 5031 3501 5087 sed
3548 5032 3640 5086 he-

1465 5258 1700 5316 VAlile
1741 5259 2124 5316 LECTIONES
2159 5260 2249 5324 ET
2300 5257 2532 5314 NOTAE.

447 5415 495 5485 ’γ’
525 5415 797 5485 Ἵινετχνιε.
825 5411 951 5485 cod.
985 5413 1018 5468 3
1041 5412 1212 5467 εἶπεν.
1289 5414 1334 5447 ⁷⁷
1369 5412 1485 5466 Τὸν
1520 5415 1788 5485 ψαλμόν.
1827 5413 1945 5467 Des.

2079 5414 2213 5485 cod._
2241 5414 2282 5485 Ι,
2307 5425 2359 5468 et
2396 5416 2449 5467 εὶ.
2528 5413 2573 5485 τε
2600 5415 2709 5468 Kal
2739 5415 3102 5482 παρῤησιάς.
3137 5414 3260 5471 Des.
3291 5411 3432 5485 apud
3473 5411 3638 5485 Cord.

373 5500 432 5554 ιι.
453 5484 582 5554 233.
663 5483 706 5514 ⁷⁸
735 5482 866 5554 Atti.
907 5485 1037 5554 cod.
1077 5487 1322 5554 liprrem.
1360 5485 1475 5537 καί.
1505 5485 1625 5538 cod.
1652 5485 1686 5536 ὖ
1713 5484 1798 5536 διά
1836 5499 1940 5535 τοι.

2034 5485 2079 5515 ⁸⁸³
2114 5483 2236 5536 cod.
2264 5484 2300 5536 Ξ).
2333 5493 2388 5556 et
2414 5484 2576 5538 Cord.
2602 5486 2654 5556 Vl.
2681 5499 2737 5556 cf.
2769 5481 3076 5556 κλαυθμοὺς
3127 5488 3222 5539 καὶ
3273 5481 3637 5556 στεναγμούς.

373 5551 420 5591 δ’
450 5553 587 5615 Τὸν,
612 5569 735 5624 κ.τ.
767 5553 818 5624 λ.
851 5551 906 5624 In
943 5553 1064 5624 cod.
1096 5551 1242 5624 Flor.
1267 5555 1371 5608 alia
1405 5555 1598 5607 horum
1635 5555 1765 5624 loco?
1788 5554 1944 5620 legnn

2052 5595 2062 5616 ,
2093 5569 2286 5624 parum
2315 5555 2527 5608 diversa
2561 5555 2630 5608 ab
2665 5555 2773 5624 illis
2803 5571 2925 5624 quae
2946 5551 3142 5610 deinde
3175 5557 3240 5609 ad
3269 5571 3320 5609 v.
3345 5554 3380 5606 2
3405 5551 3643 5624 sequuti.

378 5635 489 5694 pur.
553 5624 614 5694 _"’
639 5623 762 5694 cod.
785 5623 828 5694 ζ)
859 5621 1306 5694 ἐπιλησμοσύνην
1349 5623 1656 5692 ὠνόμασεν.

377 5691 508 5748 Des.
549 5692 605 5748 in
636 5692 759 5746 cod.
783 5692 838 5746 5.
915 5691 960 5721 ³⁸
993 5689 1114 5745 cod.
1141 5689 1178 5744 2
1216 5689 1433 5755 νύκτάς.

1753 5623 1798 5694 εξ
1845 5622 2284 5694 Ὀργιῷμένῳν.
2318 5625 2436 5678 cod.
2467 5625 2500 5676 2
2535 5622 2974 5694 ἀγωνιζομένων.

3070 5625 3121 5656 ³⁶
3161 5626 3308 5678 Οὔτε
3333 5652 3398 5663 ——
3429 5622 3638 5688 λόγον.

1539 5694 1586 5724 ⁸⁸
1617 5692 1739 5746 cod.
1771 5691 1806 5744 2
1837 5693 1945 5744 ἀπο

2060 5690 2276 5746 σασθαι.
2309 5694 2430 5748 cod.
2469 5694 2502 5745 5
2531 5690 2861 5748 ἀπολαῦσαι.
2937 5695 2980 5727 ⁸⁷
3013 5695 3135 5750 cod.
3175 5695 3210 5746 2
3237 5705 3292 5749 et
3319 5694 3352 5748 5
3379 5690 3428 5744 ὲ)
3444 5691 3639 5751 πίξωνο

374 5759 429 5794 ⁸⁸
470 5761 832 5830 ἀμφιϐάλλω
864 5789 934 5830 -τ-
973 5759 1192 5813 ἄλλοτε
1231 5762 1316 5814 δέ.
1359 5763 1481 5817 Des.
1534 5764 1586 5816 in
1621 5765 1742 5816 cod.
1782 5763 1836 5816 ‘2.
1929 5763 1945 5793 ⁸

2052 5764 2129 5816 )d.
2171 5763 2206 5814 ‘2
2231 5763 2392 5826 θεῖος.

375 5829 697 5886 tribuuntur
733 5829 1025 5884 Theotimo
1053 5830 1307 5887 Antioch.
1383 5833 1423 5864 "
1457 5831 1784 5902 λογισμῶν.
1813 5831 1934 5887 cod.

2052 5835 2348 5904 ῖυμφορῶν.

2468 5766 2515 5796 ⁹⁰
2554 5763 2749 5817 Ταῦτα
2783 5795 2852 5803 ——
2887 5763 3062 5832 ὁρῶν.
3093 5765 3219 5821 llaec
3241 5765 3296 5820 in
3331 5762 3455 5820 cod.
3488 5757 3638 5816 Flor.

2426 5835 2470 5866 εί
2501 5836 2651 5890 Ἐπί.
2687 5834 2809 5890 cod.
2835 5835 2870 5887 2
2899 5837 2976 5890 ἐν.
