4038 6214
381 311 487 375 949

1733 321 1816 382 IN
1869 323 2074 382 PSAL.
2102 323 2276 382 XIII.

3538 336 3644 400 950

379 429 567 492 αὐτοῖς
609 423 758 484 οὗτοι
780 430 1085 500 γνώσονται
1136 433 1236 502 τὴν
1267 432 1362 487 τοῦ
1415 434 1553 488 Θεοῦ
1601 433 1858 506 δύναμιν,
1912 436 1958 488 oi

2064 435 2159 504 qui
2201 435 2465 492 adversus
2494 450 2591 494 eos
2623 439 2851 496 dimicat
2877 459 2889 496 :
2925 449 2978 496 et
3007 443 3137 499 inde
3167 445 3346 502 veniet
3370 446 3480 504 iliis
3531 457 3642 505 trc-

379 521 472 573 τὸν
529 521 658 575 λαὸν
693 525 860 578 αὑτοῦ
911 526 1034 580 ἀντὶ
1076 526 1244 598 ἄρτου
1298 527 1645 592 δαπανῶντες
1687 531 1782 583 καὶ
1833 545 1964 583 κατ-

387 613 693 680 εσθίοντες
741 617 854 671 Καὶ
903 617 1106 683 πάντες
1135 621 1496 690 γνωρίσουσιν
1531 622 1641 676 ἀπὸ
1676 621 1787 675 τῶν
1822 639 1964 693 πρα-

388 710 610 779 γμάτων
659 712 751 765 τὸν
793 713 1135 784 πολεμοῦντα
1177 717 1393 783 αὐτοῖς·
1443 718 1700 772 κάκεῖθεν
1728 720 1757 772 ὁ
1795 719 1960 788 φόϐος

383 799 564 862 αὐτοῖς
591 801 891 870 ἐλεύσεται,
911 805 1035 859 ὃθεν
1063 809 1126 860 οὐ
1155 808 1586 880 προσεδόκησαν.
1613 809 1726 864 Ποῦ
1749 809 1858 880 γάρ
1893 811 1961 864 ἂν

383 885 641 956 ᾠήθησαν
675 889 759 944 ὃτι
803 891 911 945 ὑπὸ
965 893 1202 962 ἀγγέλου
1253 896 1747 968 ἀναιρεθήσονται;
1799 899 1884 952 ὃτι
1933 901 1960 951 ὁ

381 973 513 1038 Θεὸς
533 975 754 1047 κήδεται
784 979 894 1034 τῶν
930 981 1236 1052 ἰουδαίων;
1279 987 1375 1039 καὶ
1420 989 1471 1040 oi
1517 989 1961 1060 μυκτηρίσαντες

379 1063 480 1136 τὴν
524 1067 716 1140 βουλὴν
764 1071 857 1126 τοῦ
911 1076 1132 1146 πτωχοῦ
1181 1078 1276 1131 καὶ
1335 1080 1764 1151 ταπεινόφρονος
1813 1083 1962 1146 Ἑζε-

382 1155 523 1221 κίου,
547 1157 667 1229 Θεῷ
691 1161 894 1232 μᾶλλον
926 1164 958 1234 ἦ
983 1165 1168 1232 ὅπλοις
1207 1168 1606 1240 θαρῤήσαντος,
1649 1173 1958 1241 νοήσουσιν,

380 1249 463 1301 ὅτι
491 1251 520 1302 ὁ
553 1251 745 1306 ἐαυτὸν
772 1254 867 1310 τοῦ
899 1256 1032 1310 Θεοῦ
1061 1261 1376 1329 ἀναρτήσας
1406 1260 1506 1333 τὴν
1535 1262 1612 1334 μὴ
1651 1265 1956 1334 καταισχύ-

379 1359 575 1397 νουσαν
628 1345 818 1400 ἐλπίδα
866 1348 1160 1420 ἐκτήσατο.
1209 1352 1304 1416 Τίς
1338 1351 1448 1422 γὰρ
1481 1353 1643 1418 ἄλλος
1688 1355 1722 1426 ἢ
1757 1359 1786 1409 ὁ
1823 1358 1961 1422 Θεὸς

381 1433 475 1486 καὶ
508 1436 634 1495 τοὺς
665 1437 1070 1508 άπομείναντας
1115 1443 1174 1495 ἐν
1225 1446 1292 1516 τῇ
1321 1443 1458 1499 Σιὼν
1503 1445 1689 1511 σώσει,
1727 1449 1823 1502 καὶ
1859 1449 1959 1513 τὰς

377 1523 480 1594 ἤδη
498 1527 1031 1599 αἰχμαλωτισθείσας
1057 1535 1229 1603 φυλὰς
1253 1536 1762 1610 ἐπαναγάγῃ,ὧστε
1780 1541 1959 1612 κοινὴν

377 1618 720 1692 εὐφροσύνην
758 1623 1010 1690 γενέσθαι
1073 1629 1193 1690 ταῖς
1227 1626 1435 1682 δώδεκα
1465 1633 1684 1700 φυλαῖς,
1721 1625 1798 1686 ὧν
1823 1631 1954 1703 ῥίζα

376 1711 474 1764 καὶ
502 1711 646 1786 ἁρχὴ
675 1714 705 1766 ὁ
739 1717 1086 1789 πατριάρχης
1139 1719 1333 1774 Ἰακὼϐ
1359 1723 1752 1793 ἐχρημάτισεν,
1803 1727 1830 1778 ὁ
1861 1726 1957 1779 καὶ

390 1803 424 1854 Ἰ
437 1802 610 1874 σραὴλ
638 1807 1100 1877 μετονομασθείς;
1127 1810 1288 1863 ’Ὥστε
1315 1811 1410 1864 ἀπ’
1438 1812 1604 1868 αὑτοῦ
1632 1814 1726 1866 καὶ
1751 1813 1956 1877 ταύτας

388 1892 586 1948 Ἰακὼὸ
639 1897 735 1950 καὶ
787 1897 1002 1970 Ἰσραὴλ
1049 1901 1440 1972 ὀνομάζεσθαι.
1474 1904 1588 1958 Καὶ
1629 1905 1806 1958 ταῦτα
1855 1905 1958 1976 μὲν

375 1989 502 2041 ὅσον
534 1989 672 2061 πρὸς
733 1993 1000 2064 ἱστορίαν,
1053 1995 1153 2064 τὴν
1197 1994 1256 2048 δέ
1308 1997 1602 2067 ἀναγωγὴν
1639 1999 1956 2069 ίσχνοτέραν

376 2080 792 2156 ἐξετάσωμεν.]
843 2102 862 2134 ι
889 2084 1276 2157 Διεφοάρησαν
1314 2088 1408 2142 καὶ
1451 2087 1853 2160 ἐϐδελύχθησαν
1899 2093 1958 2144 ἑν

375 2169 826 2241 ἐπιτηδεύμασιν,
876 2175 978 2228 οὐκ
1043 2175 1160 2229 ἐστι
1214 2169 1399 2230 ’ποιῶν
1465 2179 1874 2250 χρηστότητα⁸.
1933 2199 1951 2230 ι

387 2259 730 2336 Ὕποϐάθρα,
783 2266 944 2336 φησὶ,
979 2270 1076 2322 καὶ
1123 2258 1252 2340 ῥίζα
1306 2270 1406 2341 τῆς
1457 2271 1716 2336 ἀσεϐείας
1772 2275 1806 2344 ἡ
1859 2273 1956 2328 τοῦ

375 2353 494 2424 βίου
523 2355 814 2430 διαφθορά.
844 2361 941 2424 Ei;
961 2361 1260 2417 ἀκολασίαν
1287 2363 1392 2433 γὰρ
1425 2366 1564 2432 σφᾶς
1611 2365 1813 2430 αὐτοὺς
1859 2370 1957 2422 καὶ

375 2446 620 2518 θηριώδη
661 2449 777 2520 βίον
811 2452 1192 2519 ἐκδεδωκότες,
1253 2456 1350 2508 τοῦ
1406 2456 1542 2509 Θεοῦ
1591 2457 1691 2528 τὴν
1735 2461 1958 2531 μνήμην

372 2540 477 2610 τῆς
529 2541 769 2608 διανοίας
827 2545 1120 2612 ἐξέὅαλον·
1187 2547 1570 2618 ἠκολούθησαν
1615 2549 1674 2602 δὲ
1739 2553 1806 2620 τῇ
1861 2551 1955 2604 τοῦ

375 2634 684 2702 ἡγουμένου
743 2638 1104 2709 παραπληξία
1134 2641 1230 2692 καὶ
1285 2641 1337 2692 oi
1393 2639 1649 2710 ὑπήκοοι.
1681 2639 1729 2713 [⁸
1750 2641 1816 2696 Οἱ
1855 2643 1957 2712 μὲν

376 2723 560 2794 πάντη
587 2725 652 2778 τὸ
677 2725 835 2780 Θείον
869 2728 1268 2799 ἀρνησάμενοι,
1310 2733 1402 2784 καὶ
1453 2732 1590 2802 μηδέ
1627 2733 1728 2804 τὴν
1779 2735 1958 2806 ἀρχὴν

374 2815 516 2872 εἶναι
542 2819 678 2874 Θεὸν
703 2821 1140 2893 ἀποφηνάμενοι,
1168 2824 1436 2880 ὑπόκενον
1457 2827 1516 2880 δὲ
1533 2822 1672 2881 εἶναι
1691 2827 1954 2899 τοῦνομα,

377 2911 476 2963 καὶ
505 2911 647 2966 κατὰ
679 2912 956 2984 μηδεμιᾶς
982 2915 1172 2978 οὐσίας
1199 2915 1564 2988 ὑποκείμενον
1587 2920 1951 2990 τεταγμένον.

375 3005 443 3056 Οί
464 3003 544 3066 δέ,
561 3003 689 3069 τοὺς
713 3005 789 3074 μὴ
809 3005 970 3070 ὂντας
996 3007 1072 3068 ὡς
1095 3007 1255 3072 ὂντας
1280 3009 1436 3073 θεοὺς
1454 3010 1952 3083 ἀναγορεύσαντες,

374 3098 471 3151 καὶ
500 3097 592 3152 τὸν
619 3099 780 3169 μόνον
803 3100 934 3153 ὄντα
956 3102 1348 3171 παρωσάμενοι
1371 3119 1386 3132 ·
1427 3103 1481 3156 oi
1508 3103 1564 3156 δὲ
1589 3101 1730 3158 εἶναι
1759 3106 1859 3176 μὲν
1878 3106 1955 3176 τῷ
1981 3142 2024 3198 C

374 3187 522 3259 λόγῳ
575 3189 1040 3261 ὑποστησάμενοι,
1089 3191 1164 3262 μὴ
1199 3192 1308 3264 μὴν
1349 3192 1406 3246 δὲ
1437 3197 1688 3264 προνοεῖν
1719 3197 1828 3249 τῶν
1862 3198 1955 3250 ἐπὶ

372 3280 503 3348 γῆς,
542 3281 680 3350 μηδέ
711 3281 917 3352 ἐφορᾷ-θ
951 3281 1021 3335 τὰ
1067 3282 1391 3354 ἀνθρώπινα
1438 3286 1949 3358 παραδεδειγμένοι.

385 3372 624 3442 Ἀθρόως
653 3373 718 3445 δὴ
745 3370 839 3428 οὖν
871 3375 923 3428 oi
954 3375 1158 3439 πάντες
1183 3377 1265 3440 εἰς
1310 3377 1408 3430 ἕνα
1433 3377 1592 3447 λόγον
1623 3378 1954 3450 άρνησίοεον

372 3466 848 3538 περιετράπησαν,
886 3465 962 3538 μὴ
1007 3462 1149 3520 εἶναι
1205 3467 1339 3520 Θεὸν
1372 3468 1780 3538 διανοηθέντεςο
1831 3471 1954 3524 ἐπεὶ

370 3555 431 3607 δέ
461 3555 538 3625 μὴ
561 3557 806 3627 ἐτόλμων
835 3556 924 3610 διὰ
962 3555 1235 3626 στόματος
1264 3555 1427 3610 τοῦτο
1476 3559 1708 3626 φάσκειν
1727 3574 1742 3588 °
1789 3559 1954 3628 ἐνῆγε

373 3646 484 3716 γὰρ
509 3648 636 3710 τοὺς
671 3647 882 3712 πάντας
915 3647 984 3702 τά
1017 3649 1222 3718 φυσικά
1274 3649 1573 3720 σπέρματα
1608 3651 1704 3702 καὶ
1745 3651 1796 3703 oi
1826 3652 1953 3721 περὶ

370 3737 469 3792 τοῦ
495 3737 632 3791 Θεοῦ
681 3739 902 3808 φυσικοὶ
939 3739 1192 3809 λογισμοὶ
1223 3740 1318 3792 ἐπὶ
1365 3739 1465 3810 τὴν
1493 3741 1798 3812 ὁμολογίαν
1850 3742 1953 3812 τῆς

371 3828 470 3882 τοῦ
499 3829 636 3882 Θεοῦ
685 3830 970 3898 γνώσεως·
1021 3831 1105 3884 διὸ
1157 3830 1362 3901 χείλεσι
1400 3833 1497 3902 μέν
1548 3833 1647 3887 οὐκ
1708 3833 1953 3903 ἐτόλμων

371 3922 680 3994 ἀρνεῖσθαι,
703 3921 818 3976 ἀλλ’
853 3922 1053 3977 ειδέναι
1083 3923 1508 3994 προσεποιοῦντο
1544 3925 1604 3977 οὐ
1645 3927 1806 3992 μόνον
1831 3927 1951 3991 ἕνα,

369 4015 515 4070 ἀλλὰ
547 4017 645 4068 καὶ
683 4014 912 4086 μυρίους
945 4013 1122 4078 θεούς.
1155 4017 1235 4086 Τῇ
1269 4033 1333 4084 γε
1371 4015 1478 4087 μὴν
1505 4017 1704 4089 καρδίᾳ
1726 4019 1954 4082 ἑαυτοὺς

373 4108 596 4163 ἔπειθον
626 4107 988 4176 ἀφραίνοντες
1019 4106 1232 4176 άληθῶς
1270 4109 1364 4161 καὶ
1423 4109 1813 4178 μωραίνοντες,
1867 4111 1952 4164 ὅτι

376 4201 456 4271 μή
490 4199 638 4252 ἔστιν
681 4199 741 4250 ἐν
805 4197 884 4267 τῷ
931 4197 1094 4252 παντὶ
1128 4196 1296 4260 Θεόςο
1348 4197 1570 4268 ἔλεγχος
1615 4199 1674 4252 δέ
1728 4196 1797 4271 ἦν
1857 4201 1952 4254 τοῦ

373 4288 542 4344 ἀθέου
571 4287 750 4340 αὐτῶν
781 4285 1048 4356 λογισμοῦ
1093 4285 1164 4338 τά
1192 4285 1282 4338 ὑπ’
1307 4287 1486 4342 αὐτῶν
1516 4287 1775 4356 δρώμενα
1797 4307 1810 4320 ·
1844 4291 1954 4343 ἀπὸ

372 4380 486 4452 γάρ
537 4377 633 4432 τοῦ
685 4376 902 4449 καρποῦ
955 4377 1018 4432 τὸ
1057 4377 1275 4448 δένδρον
1323 4377 1777 4448 ἐπιγινώσκεται.
1813 4382 1947 4435 "Ore

2066 540 2208 592 mor,
2243 529 2388 582 unde
2417 527 2662 584 futurum
2690 545 2797 586 non
2837 533 3152 590 credebant.
3183 537 3286 603 Qui
3339 539 3489 594 enim
3541 557 3640 596 su-

2063 617 2256 687 spicati
2283 627 2468 675 essent
2503 637 2562 676 se
2617 622 2686 677 ab
2717 625 2912 694 angelo
2941 639 3062 696 esse
3120 629 3472 696 perdendus?
3528 631 3639 688 Deo

2060 709 2206 762 enim
2237 725 2383 764 curae
2411 720 2540 766 sunt
2587 711 2760 767 Judaei
2797 733 2809 768 :
2842 723 2896 769 et
2920 716 3014 786 qui
3071 716 3395 776 deridebant
3457 724 3640 776 consi-

2063 800 2195 854 lium
2230 801 2411 872 inOpis
2440 817 2506 858 ac
2535 805 2784 862 modeste
2814 807 2882 862 de
2931 824 2990 865 se
3040 811 3330 866 sentientis
3388 812 3638 870 Ezecltia:

2060 891 2116 946 in
2151 891 2262 948 Deo
2293 897 2468 964 magis
2495 911 2660 966 quam
2691 899 2745 952 in
2778 899 2948 954 armis
2979 915 3128 971 spem
3161 919 3316 958 suam
3354 905 3634 961 collocan-

2061 983 2151 1046 tis,
2185 983 2488 1056 intelligent
2531 1003 2656 1042 eum
2680 993 2774 1060 qui
2809 992 2973 1046 unius
3005 991 3098 1048 Dei
3127 995 3380 1064 praesidio
3407 1013 3467 1052 se
3487 1013 3640 1052 com-

2062 1073 2248 1138 mittit,
2281 1075 2484 1132 habere
2511 1093 2662 1148 spem
2695 1097 2817 1152 quae
2845 1099 2953 1137 non
2987 1083 3295 1141 confundit.
3330 1087 3464 1152 Quis
3487 1091 3632 1142 enim

2060 1173 2258 1233 prater
2284 1167 2454 1223 Deum
2483 1179 2537 1224 et
2561 1185 2658 1226 eos
2693 1173 2788 1242 qui
2817 1172 3053 1231 iuSione
3077 1177 3392 1246 manebant,
3425 1181 3640 1234 salvare

2058 1265 2246 1326 posset
2269 1266 2324 1314 et
2359 1271 2678 1318 convertere
2707 1266 3080 1336 captivitatem
3109 1269 3348 1324 tribuum
3377 1285 3500 1340 qua:
3525 1273 3636 1342 jam

2059 1357 2216 1404 erant
2263 1351 2318 1406 in
2349 1353 2668 1410 servitutem
2727 1357 2980 1423 redacta},
3017 1369 3078 1414 ut
3131 1369 3278 1416 esset
3329 1365 3640 1418 communis

2059 1440 2243 1496 laetitia
2293 1441 2582 1499 duodecim
2626 1447 2898 1513 tribubus,
2937 1465 3171 1518 quarum
3213 1453 3368 1507 radix
3409 1465 3462 1508 et
3487 1455 3639 1524 prin-

2059 1547 2186 1602 eeps
2219 1533 2527 1602 patriarcha
2556 1534 2728 1592 Jacob
2753 1539 3061 1608 appellatus
3092 1552 3197 1606 est,
3235 1543 3398 1615 σει
3441 1545 3533 1614 qui
3583 1557 3640 1599 et

2058 1623 2332 1682 lsraelcst
2362 1629 2804 1696 cegnominatus,
2837 1631 2912 1686 ita
2962 1642 3019 1688 ut
3047 1634 3116 1690 ab
3167 1649 3234 1690 eo
3300 1637 3430 1704 ipsae
3464 1636 3638 1692 tribus

2058 1712 2232 1770 Jacob
2262 1723 2312 1770 et
2350 1716 2517 1772 Israel
2547 1734 2750 1774 nomen
2781 1722 3114 1791 acceperint.
3167 1721 3231 1777 Et
3257 1723 3362 1779 ista
3416 1725 3635 1792 quidem

1991 1803 2034 1860 Β
2059 1816 2307 1874 spectant
2334 1809 2619 1864 historiam
2648 1828 2662 1866 :
2696 1811 3108 1884 intelligentiam
3144 1830 3274 1871 vero
3299 1815 3636 1872 subtiliorem

2059 1899 2500 1971 iuvestigemus,]
2563 1919 2582 1952 ι
2619 1901 2878 1973 Corrupti
2935 1915 3085 1973 sunt,
3137 1915 3194 1962 et
3244 1907 3636 1964 abominabiles

2061 1989 2187 2044 facti
2217 1993 2424 2046 suntin
2460 1993 2660 2049 studiis
2704 1993 2843 2060 suis,
2903 2012 3010 2051 non
3061 2006 3148 2053 est
3202 1999 3294 2068 qui
3338 1997 3504 2053 faciat
3542 2000 3637 2054 bo-

2059 2099 2213 2137 num.
2253 2103 2274 2136 ι
2307 2083 2782 2154 Fundamentum,
2817 2089 3014 2160 inquit,
3052 2101 3107 2145 et
3134 2091 3289 2146 radix
3321 2091 3637 2162 impietatis,

2061 2177 2185 2230 vitae
2199 2179 2510 2247 corruptela
2541 2189 2646 2234 est.
2664 2181 2801 2236 Cum
2834 2183 2980 2236 enim
2999 2198 3058 2239 se
3089 2183 3236 2253 ipsos
3269 2185 3639 2255 intemperan—

2059 2267 2148 2321 tia:
2175 2277 2340 2338 atque
2371 2268 2560 2325 ferina:
2581 2273 2706 2327 vitae
2727 2272 3088 2337 addixissent,
3123 2275 3141 2300 ‘
3183 2274 3281 2330 Dei
3315 2276 3634 2330 memoriam

2057 2378 2124 2417 ex
2166 2364 2351 2420 animo
2389 2381 2493 2422 suo
2519 2368 2839 2438 ejeeerunt:
2873 2369 3078 2425 subditi
3107 2379 3290 2426 autem
3341 2371 3502 2428 ducis
3549 2374 3636 2428 in—

2059 2455 2272 2510 saniam
2305 2457 2480 2512 secuti
2507 2469 2654 2512 sunt.
2682 2457 2964 2530 [Nonnulli
2993 2461 3214 2530 quidem
3252 2461 3422 2518 Deum
3479 2464 3638 2534 plane

2059 2554 2281 2615 negant,
2323 2563 2424 2603 nec
2460 2549 2630 2604 ullum
2673 2550 2794 2619 ejus
2819 2565 2942 2606 esse
2968 2550 3260 2622 imperium
3293 2555 3478 2624 palam
3504 2571 3636 2624 pro-

2059 2637 2300 2702 fitentur,
2333 2639 2522 2708 sicque
2559 2655 2758 2694 vanum
2800 2641 2906 2696 hoc
2935 2657 3058 2699 esse
3081 2659 3301 2712 nomen,
3337 2661 3440 2702 nec
3473 2647 3633 2702 talem

2059 2743 2304 2797 unquam
2360 2730 2726 2786 substantiam
2783 2731 2960 2792 fuisse
3011 2743 3281 2790 statuunt.
3331 2735 3439 2792 Alii
3506 2753 3637 2792 vero

2055 2819 2192 2874 deos
2220 2827 2515 2884 vocarunt.
2541 2820 2635 2890 qui
2663 2835 2770 2876 non
2803 2833 2965 2889 sunt;
2999 2839 3124 2878 eum
3156 2831 3339 2880 autem
3370 2827 3463 2896 qui
3485 2828 3637 2882 solus

2056 2921 2162 2976 est,
2196 2911 2524 2978 rejeeerunt.
2557 2913 2661 2967 Alii
2687 2913 2926 2985 denique
2979 2917 3162 2972 verbis
3223 2916 3443 2986 quidem
3497 2933 3632 2988 sup-

2056 3011 2360 3074 posuerunt
2423 3006 2594 3062 Deum
2679 3009 2984 3076 exsistere;
3047 3026 3172 3066 cum
3234 3019 3416 3068 autem
3477 3021 3636 3070 teme

2057 3096 2224 3165 hujus
2253 3111 2556 3168 eorumque
2585 3113 2705 3168 quae
2739 3102 2819 3155 ad-
2841 3101 3090 3158 homines
3120 3105 3414 3172 pertinent,
3443 3120 3630 3161 curam

2057 3203 2169 3241 non
2205 3201 2416 3258 gerere,
2453 3189 2708 3246 evincere
2737 3192 3045 3249 voluerunt.
3085 3193 3152 3248 Hi
3201 3207 3392 3251 omnes
3445 3196 3632 3268 itaque

2057 3279 2114 3333 in
2144 3281 2398 3336 eumdem
2437 3283 2692 3338 atheismi
2727 3299 2970 3340 errorem
3010 3287 3249 3356 prolapsi
3277 3297 3426 3352 sunt,
3459 3288 3628 3344 Deum

2058 3385 2167 3424 non
2225 3385 2348 3426 esse
2412 3381 2686 3443 putantes.
2747 3373 2886 3440 Quia
2935 3385 3118 3434 autem
3175 3393 3284 3433 non
3341 3380 3461 3435 ausi
3504 3390 3634 3437 sunt

2055 3477 2152 3517 ore
2188 3476 2290 3518 suo
2338 3463 2440 3516 hoc
2500 3465 2744 3535 protlteri
2791 3467 3005 3538 (omnes
3057 3470 3202 3524 enim
3263 3471 3387 3527 illos
3423 3481 3632 3531 naturae

2055 3555 2277 3624 quidam
2315 3554 2606 3612 instinctus
2649 3567 2702 3612 et
2731 3560 3006 3616 naturales
3030 3561 3480 3620 ratiocinationes
3534 3581 3630 3620 ιιι·⁴

2055 3645 2272 3714 gebant,
2304 3654 2364 3700 ut
2389 3647 2753 3718 cognitionem
2771 3651 2837 3704 de
2853 3649 2964 3706 Deo
2985 3652 3149 3724 682
3173 3653 3588 3725 confiterentur)
3617 3679 3627 3712 :

2059 3735 2180 3791 ideo
2211 3736 2366 3792 labiis
2390 3737 2611 3807 quidem
2647 3755 2754 3796 non
2787 3742 2904 3797 ausi
2954 3753 3084 3798 sunt
3131 3743 3302 3800 Deum
3336 3747 3630 3820 ahnegare,

2057 3830 2154 3885 sed
2197 3845 2255 3886 se
2283 3829 2427 3885 scire
2464 3831 2818 3901 simularunt,
2844 3850 2954 3890 non
3005 3852 3172 3892 unum
3227 3838 3322 3895 sed
3374 3841 3632 3898 innume-

2057 3934 2148 3974 ros
2175 3933 2296 3975 esse
2329 3919 2481 3975 deos.
2533 3919 2731 3977 Animo
2780 3917 2964 3996 itaque
3021 3941 3121 3982 suo
3185 3927 3264 3993 bi,
3311 3944 3452 4000 quos
3509 3947 3632 3986 vere

2057 4020 2301 4067 amentes
2347 4022 2402 4067 et
2453 4013 2725 4084 insipidos
2779 4015 3020 4084 dixeris,
3079 4033 3399 4086 persuasum
3458 4021 3632 4077 babe—

2058 4104 2188 4160 bant
2240 4105 2400 4175 plane
2427 4121 2534 4161 non
2562 4120 2684 4162 esse
2737 4108 2928 4164 Deum.
2993 4109 3263 4168 Atheismi
3301 4123 3488 4169 autem
3535 4129 3631 4169 eos

2059 4196 2230 4252 fuisse
2267 4211 2413 4263 reos,
2451 4198 2668 4270 patebat
2691 4214 2756 4254 ex
2775 4201 3033 4270 operibus
3084 4218 3272 4258 eorum
3337 4205 3389 4272 (e
3445 4203 3625 4259 fructu

2055 4287 2201 4342 enim
2233 4289 2573 4357 dignoscitur
2610 4289 2818 4361 arbor),
2852 4298 2966 4345 tum
2993 4306 3056 4346 ex
3083 4293 3419 4360 actionibus,
3460 4303 3573 4348 tum
3603 4313 3632 4348 e

2057 4391 2172 4436 toto
2216 4381 2430 4436 vivendi
2472 4396 2692 4452 genere.
2718 4381 2912 4436 Totam
2947 4383 3092 4436 enim
3140 4384 3379 4438 animam
3437 4387 3632 4456 depra-

370 4473 560 4526 τοίνυν
612 4472 735 4534 ταῖς
797 4469 1065 4541 πράξεσιν
1117 4471 1312 4534 αὑταῖς
1351 4472 1446 4524 καὶ
1493 4471 1570 4542 τῷ
1626 4472 1802 4544 λοιπῷ
1852 4475 1954 4548 βίῳ

2060 4479 2276 4536 varuut,
2307 4479 2362 4524 et
2401 4471 2519 4540 ipso
2550 4487 2772 4542 quoque
2819 4487 3054 4542 corpore
3111 4475 3454 4530 tradiderunt
3505 4492 3630 4532 sese

371 4567 562 4622 πᾶσαν
595 4563 775 4618 αὐτῶν
814 4561 912 4632 τὴν
947 4563 1126 4634 ψυχὴν
1157 4563 1668 4634 διέφθειρανιαῦτῷ
1704 4564 1943 4636 σώματι,

369 4661 456 4722 εἰς
513 4659 696 4710 πᾶσαν
773 4655 1118 4725 ἐκδεδομένοι
1172 4655 1401 4726 φθορὰν,
1457 4655 1534 4718 ὡς
1582 4655 1677 4710 καὶ
1715 4655 1954 4729 ἄρρενας
1989 4643 2004 4664 ⁸

372 4751 604 4824 ἄρρεσιν
628 4745 1039 4818 ἐπιμαίνεσθαι,
1064 4746 1158 4800 καὶ
1174 4745 1377 4812 πάσαις
1399 4747 1842 4818 ἁθεμιτουργίαις
1858 4751 1956 4803 καὶ

373 4842 799 4914 ἀρρητοποιΐαις
833 4838 1222 4910 καταφθείρειν
1249 4838 1476 4902 ἑαυτούς
1496 4855 1509 4868 ο
1545 4839 1868 4910 βδελυκτούς
1897 4859 1956 4895 τε

380 4927 608 4986 εἷναιδι⁹
647 4933 808 4988 αὑτά·
836 4932 956 4997 πῶς
977 4932 1079 4984 οὐκ
1111 4933 1178 4982 ἂν
1206 4931 1348 4982 εἰσὶν
1387 4930 1666 5001 πρόδηλοι,
1713 4932 1797 4984 ὅτι
1850 4932 1956 4986 κᾶν

386 5023 608 5094 μυρίους
653 5024 1076 5096 ἐπιγράφωνται
1128 5021 1284 5086 θεοὺς
1335 5021 1414 5092 τῷ
1457 5021 1630 5093 λόγῳ·
1669 5021 1774 5077 κᾶν
1801 5024 1958 5078 αὐτοὶ

2057 4567 2417 4635 corruptioni,
2461 4565 2533 4620 ita
2563 4573 2626 4618 ut
2667 4583 2847 4622 mares
2875 4583 3098 4638 quoque
3127 4584 3254 4640 erga
3308 4586 3490 4626 mares
3545 4573 3632 4624 in-

2059 4671 2194 4710 sano
2217 4671 2404 4711 amore
2445 4657 2752 4711 exarserint
2786 4668 2839 4712 et
2871 4660 3104 4713 nciando
3134 4661 3330 4730 quovis
3389 4660 3634 4717 facinore

2059 4765 2114 4804 se
2147 4751 2459 4820 polluerint,
2501 4753 2690 4822 sicque
2723 4753 3128 4810 abominabiles
3163 4771 3222 4810 se
3276 4756 3630 4812 reddiderint.

2055 4842 2248 4898 Nonne
2287 4844 2472 4913 itaque
2502 4845 2638 4899 satis
2671 4855 2919 4914 apertum
2949 4854 3034 4900 est
3063 4862 3178 4911 eos,
3216 4847 3344 4903 licet
3374 4849 3628 4904 innume-

2056 4949 2148 4987 ros
2175 4934 2308 4989 deos
2348 4935 2529 4990 verbis
2563 4937 2875 5002 statuerint,
2912 4952 3080 5006 seque
3114 4937 3282 4994 Deum
3315 4939 3406 5010 qui
3442 4939 3628 4995 omnia

2056 5025 2391 5092 moderatur,
2434 5026 2576 5081 scire
2601 5033 2656 5082 et
2683 5027 2954 5094 conﬁteri,
2995 5045 3089 5084 ore
3117 5029 3348 5099 professi
3404 5031 3630 5096 fuerint,

1509 5181 1742 5236 νΑιιιΑι
1782 5181 2162 5238 LECTIONES
2199 5183 2288 5238 ET
2325 5182 2554 5240 NOTE.

446 5326 469 5360 ⁵
497 5325 627 5407 Post
650 5325 991 5407 χρηστότητα
1027 5323 1230 5407 omissa
1262 5333 1392 5406 sunt
1434 5324 1606 5407 verba
1639 5332 1850 5407 textus.
1882 5324 1958 5378 ob:

2056 5343 2155 5379 mv
2193 5325 2298 5388 ἓως
2324 5328 2462 5407 ἑνόςζ
2498 5325 2622 5407 [nec
2656 5334 2716 5380 ut
2757 5326 2812 5380 in
2833 5323 3198 5407 “testunl'lebr.
3233 5325 3550 5407 itaqu/eque
3580 5322 3632 5376 iu

372 5399 508 5474 edit.
539 5385 752 5464 unﬁt:
789 5385 1027 5474 desunt.‘
1110 5399 1130 5427 ⁸
1163 5392 1290 5449 llaec
1330 5395 1384 5447 in
1415 5395 1536 5474 eod.
1575 5395 1609 5448 5
1647 5385 1878 5474 August.
1913 5411 1958 5462 pi

2056 5409 2193 5474 [titur
2222 5385 2366 5474 post
2408 5397 2691 5474 ἐξέϐαλον,
2735 5396 2958 5474 omissis
2992 5395 3098 5448 illis
3139 5385 3531 5474 monebat-{dm

373 5467 632 5539 ὑπήκοοι,
657 5461 779 5534 quae
804 5474 986 5539 tamen
1015 5465 1134 5518 loco
1168 5481 1271 5539 suo
1300 5463 1646 5539 moveri‘nnn
1678 5461 1996 5539 potuerunt.
2020 5464 2191 5539 Totus
2222 5461 2323 5520 iste
2355 5467 2508 5539 locus
2537 5467 2783 5539 ejusdem
2803 5473 2893 5539 est
2931 5461 3240 5539 argumenti
3268 5461 3636 5516 eum'Eusebii

373 5539 442 5593 ad
479 5532 537 5592 li.
559 5538 594 5590 Ι.
618 5532 1027 5614 commentario
1057 5533 1405 5614 apud_(_l‘ord._
1432 5549 1487 5614 p.
1518 5533 1646 5614 μδ,
1676 5543 1726 5587 et
1758 5532 1950 5614 Montf.
1978 5536 2038 5614 _in
2069 5536 2376 5614 Cullnuova
2401 5535 2504 5591 PP.
2533 5532 2580 5614 ιζ
2606 5537 2642 5599 l,
2676 5551 2730 5614 p_.
2758 5535 2825 5588 46
2857 5532 3252 5614 seq._‘tlterque
3283 5539 3633 5614 autemunon-

376 5607 487 5663 nisi
513 5621 688 5677 pauca
711 5605 980 5666 exhibuit,
1009 5602 1222 5684 quzensi
1249 5603 1464 5686 Eusebii
1489 5603 1618 5666 sint,
1643 5604 1857 5674 egregie
1887 5619 1952 5658 ex
1978 5604 2081 5659 hoc
2111 5605 2296 5660 codice
2327 5615 2510 5686 nostro
2541 5602 2962 5686 locupletantur.
2989 5603 3188 5686 Nostro
3217 5602 3636 5686 hmc_vltidiearc

375 5693 490 5732 non
513 5671 918 5735 dubitavimus,
947 5671 1058 5726 tum
1086 5673 1211 5741 quia
1241 5673 1456 5728 dicendi
1488 5689 1657 5742 genus
1681 5671 1804 5726 ‘non
1851 5683 2136 5742 repugnat,
2183 5685 2296 5728 tum
2328 5676 2456 5743 quia
2489 5677 2542 5729 in
2573 5671 2760 5730 codice
2795 5690 2901 5728 non
2931 5673 3229 5741 ascriptum
3265 5679 3348 5726 est
3375 5671 3636 5743 Εὑσεϐίου

379 5747 586 5822 ὁμοίως
623 5744 996 5816 Θεοδωρήτου,
1023 5752 1082 5796 ιιι
1117 5743 1224 5798 illis
1263 5744 1318 5798 in
1353 5741 1502 5800 locis
1528 5744 1648 5799 ﬁeri
1683 5743 1958 5800 observavi

2056 5759 2118 5814 ιε,
2151 5745 2244 5800 ubi
2275 5741 2468 5802 Noster
2509 5745 2713 5818 aliquid
2745 5760 2868 5802 cum
2917 5745 3023 5800 isto
3049 5757 3340 5800 commune
3379 5741 3564 5801 habet.
