4038 6214
509 236 614 300 955
1504 230 1996 295 'l‘IlEODORETI
2030 225 2377 289 EPISCOPI
2445 228 2808 290 CYllENSlS
3657 234 3757 298 956

508 350 726 418 qualem
757 348 904 404 hunc
924 361 1049 403 esse
1098 346 1375 411 convenit,
1407 352 1461 399 ct
1499 346 1700 415 quibus
1750 343 1949 398 studiis
1999 342 2076 395 uti

2187 340 2446 412 εδρεύειν,
2491 341 2585 395 καὶ
2613 341 2673 394 ὲν
2710 341 2777 410 τῇ
2829 337 2983 393 πόλει
3031 336 3299 408 βιοτεύειν
3333 341 3403 408 τῇ
3436 342 3539 411 si];
3585 344 3750 398 ὁποῖον

514 454 610 509 par
668 451 752 495 est
772 441 796 495 ?
818 441 950 494 Nam
981 437 1383 494 tabernaculum
1419 438 1511 492 Dei
1543 436 1801 504 templum
1826 435 2083 505 appellat,

511 540 743 585 montem
788 547 919 587 vero
950 541 1189 587 sam-tum
1224 530 1678 601 Hierosolymam.
1706 527 1845 583 Cum
1879 527 1962 583 sic
2002 527 2087 581 in-

512 632 867 694 terrogasset,
905 624 1317 695 responsionem
1353 621 1611 693 subjicit:

588 803 750 859 Vens.
780 802 835 856 2.
868 823 886 855 ι
922 801 1025 870 Qui
1061 801 1365 872 ingreditur
1391 799 1512 854 sine
1546 797 1781 864 macula,
1806 805 1862 852 et
1887 811 2089 867 Opera-

514 907 603 951 tur
639 896 936 967 justitiam.
972 915 991 948 ›
1047 894 1292 965 Oportet,
1326 894 1345 915 θ
1372 890 1568 961 inquit,
1624 890 1783 945 talem
1815 906 1939 944 esse
2001 904 2091 943 ex-

513 998 715 1060 pertem
755 989 992 1049 malitiae.
1017 996 1072 1042 et
1100 989 1169 1040 ab
1193 984 1344 1039 omni
1372 985 1801 1055 reprehensione
1826 984 2080 1046 liberum,

512 1095 842 1150 omnemque
874 1081 1130 1133 virtutem
1164 1074 1411 1132 studiose
1436 1075 1763 1131 consectari.
1799 1073 2088 1129 Justitiam

511 1169 656 1224 enim
692 1170 779 1224 hic
804 1168 1098 1240 perfectam
1129 1167 1386 1222 virtutem
1439 1168 1705 1233 nominat,
1745 1166 1905 1238 cujus
1962 1181 2088 1237 spe-

512 1262 626 1317 cies
655 1263 844 1317 sedulo
876 1268 1185 1315 enumerat.

582 1353 742 1407 Vens.
779 1352 832 1405 5.
871 1370 890 1402 ι
929 1350 1031 1417 Qui
1065 1351 1312 1421 loquitur
1350 1349 1638 1404 veritatem
1689 1351 1742 1403 in
1772 1349 1934 1403 corde
1960 1363 2084 1415 suo,

509 1444 605 1513 qui
626 1459 736 1498 non
791 1443 926 1499 fovit
954 1443 1142 1499 dolum
1177 1444 1231 1497 in
1269 1443 1455 1513 lingua
1487 1458 1611 1502 sua.
1660 1458 1761 1497 nec
1792 1440 1919 1497 fecit
1960 1457 2088 1511 pro-

508 1537 655 1590 ximo
688 1551 789 1590 suo
824 1536 1049 1591 malum.
1089 1554 1108 1587 ι
1142 1534 1279 1589 Nam
1333 1550 1438 1589 nun
1493 1543 1700 1589 tantum
1752 1534 1992 1604 linguam
2054 1548 2083 1588 a

507 1627 792 1683 mendacio
822 1645 1014 1699 puram
1040 1628 1242 1683 habere
1266 1627 1419 1681 illum
1445 1635 1678 1696 oportet,
1712 1642 1900 1681 verum
1919 1625 2082 1680 etiam

507 1729 747 1775 mentem
777 1738 791 1775 :
830 1736 859 1789 α
888 1721 1014 1776 dolo
1046 1730 1229 1777 autent
1262 1731 1316 1775 et
1346 1720 1538 1775 fraude
1585 1718 1800 1788 penitus
1845 1716 2081 1771 alienum

507 1827 648 1877 esse,
684 1819 743 1865 ut
784 1812 904 1881 ipse
963 1812 1176 1865 nullum
1235 1810 1498 1865 damnum
1560 1809 1809 1879 proximo
1864 1805 2083 1862 inferat.

507 1901 816 1957 Admodum
842 1911 1211 1973 congruenter
1241 1916 1369 1956 vero
1399 1899 1581 1956 cordis
1638 1898 1871 1967 primum
1935 1912 2089 1951 men-

510 1992 714 2045 tionem
751 1990 903 2056 fecit,
933 1991 1131 2046 deinde
1178 1991 1396 2061 liugum,
1429 1998 1483 2044 et
1531 1988 1745 2044 tandem
1802 1987 2033 2043 actionis
2070 2005 2083 2043 :

512 2098 650 2151 opus
675 2082 819 2137 enim
846 2083 1101 2152 prmcedit
1123 2099 1326 2149 sermo,
1350 2097 1659 2139 sermonem
1693 2089 1876 2135 autem
1908 2096 2084 2136 mens.

519 2191 537 2224 ι
578 2172 644 2227 Et
666 2173 1019 2243 Opprobrium
1079 2189 1185 2227 non
1228 2172 1434 2242 accepit
1492 2173 1753 2227 adversus
1809 2172 2088 2241 proximos

513 2280 666 2320 suos.
707 2285 725 2317 ι
772 2266 827 2321 Si
873 2281 1004 2321 vero
1062 2266 1229 2336 aliqui
1278 2266 1331 2320 in
1383 2266 1745 2321 calamitatem
1792 2264 2086 2335 quamdam

512 2356 824 2421 inciderint,
858 2357 1085 2412 irridere
1126 2367 1180 2412 et
1212 2357 1477 2412 insultare
1501 2373 1610 2411 non
1643 2356 1799 2412 decet
1832 2374 1845 2410 :
1900 2372 2087 2411 verum

510 2449 694 2518 potius
726 2449 1000 2504 maestitia:
1036 2448 1357 2518 participem
1405 2464 1547 2514 esse,
1606 2448 1915 2503 secundum
1946 2450 2091 2519 Apo-

509 2541 633 2596 stoli
659 2541 831 2610 legem
862 2552 923 2606 ω,
957 2556 1080 2610 qua:
1105 2541 1260 2611 jubet
1285 2542 1468 2611 lugere
1497 2557 1620 2595 cum
1647 2541 1982 2611 lugentibus.

583 2631 748 2713 erns.
781 2634 837 2687 4.
879 2651 899 2685 ι
944 2634 1023 2688 Ad
1059 2634 1290 2687 nihilum
1332 2633 1588 2688 redactus
1631 2643 1716 2689 est
1762 2634 1815 2687 iu
1856 2648 2088 2704 conspe-

509 2735 600 2782 ctu
639 2726 759 2795 ejus
793 2726 1088 2797 malignus.
1124 2744 1142 2777 ι
1183 2724 1237 2781 Si
1261 2726 1387 2796 quis
1436 2742 1565 2780 vero
1598 2726 1840 2796 iniquam
1865 2725 2091 2796 elegerit

508 2817 699 2882 vitam,
743 2818 890 2873 hunc
921 2817 1293 2873 miserrimum
1354 2832 1602 2883 censeas,
1648 2818 1775 2873 licet
1829 2817 2090 2873 secundis

511 2909 693 2964 ventis
748 2908 981 2973 feratur,
1041 2923 1311 2964 summam
1369 2909 1579 2964 habens
1647 2910 2085 2979 prosperitatem.

2189 427 2330 487 εἶναι
2361 433 2551 486 τοῦτον
2584 430 2888 504 προσήκει;
2930 430 3105 494 ποίοις
3136 430 3530 503 ἐπιτηδεύμασι
3568 449 3746 507 κεχρη-

2191 525 2386 596 μένον;
2442 523 2734 592 Σκήνωμα
2778 523 2887 594 γάρ
2929 522 3019 575 τὸν
3062 521 3158 576 τοῦ
3192 521 3327 575 Θεοῦ
3368 527 3747 596 προσαγορεύει

2187 617 2342 670 ναόν·
2376 616 2513 684 ὅρος
2543 616 2600 670 δὲ
2634 615 2828 685 ἅγιον,
2861 615 2961 686 τὴν
2992 614 3370 687 Ἰερουσαλήμ.
3417 615 3574 671 υῦτω
3600 620 3751 675 πυθό-

2190 725 2351 778 μενος
2379 709 2594 779 δέχεται
2620 708 2719 779 τὴν
2742 708 3035 779 ἀπόκρισιν
3056 724 3070 739 °

2261 800 2326 872 β’.
2372 820 2392 853 ι
2426 802 2801 872 Πορευόμενος
2848 802 3102 873 ἄμωμος,
3143 802 3239 855 καὶ
3283 802 3643 874 ἐργαζόμενος
3680 806 3752 858 ει-

2188 891 2505 965 καιοσύνην.
2536 911 2557 945 ι
2589 895 2703 960 Δεῖ,
2730 894 2885 964 φησὶ,
2910 893 3003 946 τὸν
3031 893 3273 949 τοιοῦτον
3301 895 3638 966 ἀπηλλάχθαι
3662 914 3751 951 κα-

2186 985 2333 1050 κίας,
2381 986 2475 1040 καὶ
2511 986 2707 1057 μώμου
2737 986 2939 1049 παντὸς
2967 985 3252 1058 ἐλεύθερον
3299 984 3460 1053 εἶναι,
3500 990 3673 1042 πᾶσαν
3699 990 3745 1043 δὲ

2186 1077 2389 1148 ἀρετὴν
2435 1076 2716 1148 ἐπιμελῶς
2751 1078 3017 1147 μετιέναι.
3068 1078 3183 1149 Τὴν
3232 1078 3343 1151 γὰρ
3372 1078 3749 1148 δικαιοσύνην

2186 1169 2423 1223 ἐνταῦθα
2454 1170 2556 1240 τὴν
2584 1169 2800 1224 τελείαν
2831 1170 3034 1243 ἀρετὴν
3069 1171 3358 1242 ὀνομάζει*
3411 1173 3600 1242 ἀμέλει
3633 1174 3742 1226 ταύ-

2184 1280 2284 1334 της
2310 1263 2378 1316 τὰ
2404 1263 2521 1333 εἴδη
2554 1263 2798 1329 διέξεισι.

2256 1362 2326 1423 γ’.
2391 1374 2409 1407 ι
2455 1355 2650 1410 Λαλῶν
2684 1354 2945 1426 ἀλήθειαν
2981 1355 3039 1408 ἐν
3085 1354 3282 1427 καρδίᾳ.
3321 1355 3495 1409 αὐτοῦ
3519 1372 3534 1387 ο
3579 1356 3634 1420 ὃς
3661 1357 3746 1410 οὐκ

2185 1447 2446 1501 ὲδόλωσεν
2497 1448 2556 1501 ἐν
2607 1447 2832 1519 γλώσσῃ
2876 1446 3067 1510 αὑτοῦ,
3119 1447 3213 1500 καλ⁸
3270 1448 3372 1501 οὐκ
3418 1449 3637 1519 ἐποίησε
3680 1448 3746 1518 τῷ

2187 1537 2416 1609 πλησίον
2448 1537 2612 1591 αὑτοῦ
2658 1537 2827 1591 κακόν
2846 1536 2909 1593 ⁸³.
2957 1557 2975 1588 ι
3035 1537 3156 1608 Χρὴ
3189 1537 3300 1609 γάρ
3343 1539 3509 1592 αὐτὸν
3542 1538 3745 1609 ψεύδους

2190 1631 2288 1700 μὲν
2318 1628 2612 1698 ἐλευθέραν
2646 1628 2791 1697 ἔχειν
2844 1629 2920 1699 μὴ
2957 1628 3116 1698 μόνον
3167 1628 3267 1699 τὴν
3324 1629 3592 1697 γλῶτταν,
3628 1630 3746 1684 ἀλλᾶ

2189 1723 2284 1776 καὶ⁵
2312 1722 2484 1792 αὐτὴν
2512 1721 2610 1792 τὴν
2638 1722 2881 1776 διάνοιαν
2903 1738 2915 1752 ·
2970 1721 3126 1775 δόλου
3154 1721 3212 1774 δὲ
3245 1723 3337 1776 καὶ
3373 1723 3596 1793 διπλόης
3624 1740 3743 1776 παν-

2186 1812 2358 1876 τελῶς
2391 1813 2741 1883 ἀπηλλάχθαι
2766 1830 2779 1842 ·
2817 1813 2955 1866 ὥστε
2986 1814 3258 1885 μηδεμίαν
3286 1815 3421 1886 παρ’
3448 1815 3605 1868 αὑτοῦ
3634 1814 3744 1885 put.

2189 1905 2289 1975 δην
2317 1906 2397 1967 εἰς
2425 1905 2517 1958 τὸν
2550 1905 2716 1968 πέλας
2748 1910 2965 1975 χωρεῖν.
3005 1906 3166 1959 Μάλα
3196 1906 3253 1960 δὲ
3285 1905 3597 1971 ἀκολούθως
3626 1924 3743 1976 καρ-

2186 1996 2304 2058 δίας
2339 1996 2717 2065 ἐμνημόνευσε
2766 1996 3005 2068 πρῶτον,
3053 1993 3171 2050 εἶτα
3202 1997 3476 2071 γλώττης,
3525 1998 3612 2052 καὶ
3638 1996 3742 2050 τότε

2188 2086 2286 2156 τῆς
2314 2086 2568 2155 πράξεως
2597 2101 2610 2114 °
2661 2085 2824 2156 ἔργου
2855 2087 2965 2156 γάρ
2993 2087 3210 2156 ἡγεῖται
3244 2086 3430 2154 λόγος,
3472 2088 3621 2156 λόγου
3647 2087 3693 2139 δὲ
3719 2088 3743 2138 ὁ

2188 2177 2334 2241 νοῦς.
2379 2195 2397 2228 ι
2432 2178 2540 2230 Καὶ
2563 2178 2864 2249 ὀνειδισμὸν
2885 2180 2985 2232 οὐκ
3013 2177 3202 2233 ἔλαϐεν
3229 2180 3323 2233 ἐπὶ
3347 2183 3457 2244 τοῖς
3476 2180 3519 2211 ⁸³
3542 2180 3741 2249 ἔγγιστα

2189 2266 2379 2323 αὑτοῦ.
2414 2286 2432 2320 t
2477 2269 2541 2321 Et
2573 2269 2629 2322 δὲ
2660 2269 2756 2323 καί
2782 2287 2890 2323 τινι
2927 2272 3187 2342 συμφορᾷ
3222 2290 3370 2336 τινες
3400 2273 3739 2343 περιπέσοιεν,

2188 2361 2575 2430 ἐπικερτομεῖν
2621 2361 2680 2413 οὐ
2725 2361 2809 2415 δεῖ
2865 2362 2961 2415 καὶ
2993 2363 3378 2430 ἐπεμϐαίνειν,
3410 2364 3541 2417 ἀλλὰ
3566 2363 3742 2434 μᾶλλον

2190 2453 2468 2505 κοινωνεῖν
2495 2453 2595 2521 τῆς
2625 2452 2885 2523 ἀθυμίας,
2912 2454 3056 2507 κατὰ
3074 2453 3162 2508 τὸν
3187 2455 3549 2510 ἀποστολικδν
3575 2454 3740 2524 νόμον,

2188 2545 2280 2598 τὸν
2307 2543 2709 2614 παρεγγυῶντα
2745 2544 2956 2599 κλαίειν
2993 2548 3132 2616 μετά
3167 2547 3493 2603 κλαιόντων.

2257 2636 2322 2690 δ’.
2387 2654 2405 2688 ι
2448 2636 2836 2701 Ἐξουδένωται
2891 2637 3124 2693 ἐνώπιον
3171 2640 3341 2694 αὐτοῦ
3388 2642 3492 2704 πᾶς
3509 2640 3553 2672 ⁸⁵
3596 2656 3738 2708 πονη-

2191 2729 2505 2801 ρευόμενος.
2538 2747 2559 2781 ι
2607 2729 2669 2783 Εἰ
2696 2728 2753 2783 δέ
2784 2746 2869 2792 τις
2886 2729 2930 2761 ⁵⁵
2964 2729 3054 2785 τὸν
3084 2731 3406 2803 παράνομον
3429 2733 3593 2787 ἕλοιτο
3623 2731 3737 2802 βίον,

2188 2821 2377 2875 τοῦτον
2411 2820 2651 2892 ἡγείσθω
2680 2821 3012 2892 τρισάθλιον,
3061 2824 3165 2877 κᾶν
3206 2821 3267 2887 ἐξ
3313 2825 3508 2896 οὐρίων
3535 2824 3738 2894 φέρηται

2189 2913 2288 2985 τὴν
2329 2913 2506 2985 ἄκραν
2552 2912 2692 2984 ἔχων
2722 2913 3046 2984 εὐημερίαν.
3096 2914 3320 2986 Ἐπειδὴ
3349 2918 3458 2988 γὰρ
3486 2917 3549 2969 τὸ
3577 2914 3740 2968 ὀνειδί-

512 3001 784 3067 Qttouiam
816 3000 964 3054 enim
989 3000 1282 3070 opprobria
1314 3000 1524 3069 rejecit,
1557 3000 1722 3072 687
1760 3001 1954 3055 merito
1984 3001 2088 3054 hoc

2191 3005 2304 3065 ζειν
2329 3004 2603 3071 ἐξέϐαλεν,
2629 3005 2856 3068 εἰκότως
2874 3007 2918 3038 ⁸⁸
2938 3004 3097 3060 τοῦτο
3120 3009 3528 3078 προστέθεικεν,
3548 3006 3742 3075 ἀγαθῶν

512 3093 783 3164 apposuit,
814 3092 1081 3148 bonorum
1117 3092 1366 3146 virorum
1398 3101 1453 3146 et
1491 3092 1761 3146 malorum
1793 3092 2086 3147 discrimen

513 3188 720 3243 docens
753 3204 768 3241 :
804 3202 824 3236 ι
860 3184 1138 3240 Timentes
1164 3193 1347 3239 autem
1400 3182 1692 3239 Dominum
1742 3183 2030 3254 gloritirat.
2064 3202 2083 3234 ι

512 3277 669 3331 Pium
707 3285 889 3330 autem
921 3282 1007 3328 est
1030 3289 1126 3329 eos
1154 3274 1465 3340 observare,
1498 3282 1661 3342 atque
1688 3273 1839 3327 omni
1864 3286 2091 3327 venera-

514 3372 663 3426 tione
693 3378 744 3424 et
767 3369 977 3423 honore
1010 3366 1206 3438 dignos
1247 3374 1439 3437 putare
1466 3365 1559 3435 qui
1596 3380 1688 3420 res
1715 3365 1935 3421 divinas
1977 3364 2090 3435 plu-

514 3464 640 3519 rimi
691 3462 919 3517 faciunt.

589 3574 609 3607 ‹
640 3555 744 3621 Qui
779 3554 929 3623 jurat
956 3554 1212 3624 proximo
1241 3592 1256 3616 ,
1299 3563 1352 3606 et
1385 3568 1491 3607 non
1514 3552 1739 3622 decipit.
1780 3550 1971 3624 [Vens
1997 3550 2086 3622 5.]

514 3644 619 3715 Qui
642 3645 930 3715 pecuniam
955 3659 1111 3699 suam
1137 3657 1249 3699 non
1275 3643 1424 3698 dedit
1455 3644 1520 3698 ad
1553 3659 1798 3707 usuram,
1823 3653 1878 3698 et
1901 3659 2092 3697 mune-

518 3753 578 3796 ra
617 3748 813 3792 contra
852 3737 1171 3792 innocentes
1212 3751 1319 3792 non
1361 3735 1591 3805 aecepit.
1626 3755 1645 3786 ι
1698 3734 2089 3805 Jusjurandum

517 3829 735 3900 quidem
768 3828 968 3883 veritas
1001 3828 1321 3894 confirmet,
1353 3837 1408 3883 et
1443 3842 1574 3897 opes
1603 3827 1827 3881 avaritia
1866 3843 1972 3881 non
2009 3827 2093 3880 ἰη-ἱ

516 3925 743 3993 quinet:
786 3921 944 3978 fenus
974 3931 1155 3976 autem
1192 3919 1355 3991 hujus
1392 3929 1477 3976 est
1514 3920 1746 3988 species.
1775 3918 1880 3986 Qui
1909 3927 2090 3974 autem

511 4014 722 4085 jtnlicat
746 4055 761 4080 ,
798 4026 1025 4067 munera
1072 4027 1180 4067 non
1223 4012 1483 4083 accipiat,
1514 4020 1570 4065 et
1609 4027 1798 4081 puram
1832 4025 1862 4063 a
1896 4025 2090 4064 mune-

514 4103 669 4158 tibus
696 4103 1022 4158 sententiam
1054 4101 1317 4173 proferat.
1350 4101 1484 4156 Nam
1516 4116 1801 4156 munermu
1845 4100 2092 4170 acceptio

510 4195 782 4267 justitiam
816 4195 1135 4265 corrumpit.
1174 4213 1192 4245 ι
1222 4194 1326 4261 Qui
1360 4194 1489 4249 facit
1525 4194 1637 4247 hate
1665 4234 1678 4258 ,
1713 4208 1821 4246 non
1852 4192 2095 4246 movebi-

515 4299 605 4344 tur
644 4288 698 4343 in
729 4298 1012 4344 aeternum.
1054 4307 1073 4339 ι
1129 4286 1306 4358 llujus
1341 4296 1522 4341 autem
1564 4285 1779 4340 virtutis
1808 4286 2089 4354 praemium

2192 3099 2408 3169 ἀνδρῶν
2440 3101 2535 3152 καὶ
2568 3100 2755 3154 κακῶν
2800 3100 3065 3154 διδάσκων
3110 3103 3386 3174 διαφοράν
3408 3120 3422 3137 ⁸
3478 3123 3495 3157 ι
3527 3104 3652 3166 Τοὺς
3690 3101 3739 3155 δὲ

2192 3191 2568 3262 φοϐουμένους
2598 3192 2691 3245 τὸν
2734 3191 2944 3263 Κύριον
2987 3193 3221 3261 δοξάζει.
3255 3214 3275 3247 ι
3332 3194 3653 3259 ’Δπανταςδτ
3691 3192 3739 3245 δὲ

2190 3284 2316 3345 τοὺς
2343 3283 2472 3351 περὶ
2503 3281 2697 3336 πολλοῦ
2730 3281 2797 3335 τὰ
2828 3282 2946 3337 θεῖα
2976 3285 3344 3354 ποιουμένους
3383 3285 3556 3340 σέϐειν
3594 3284 3737 3347 ὅσιον,

2193 3374 2289 3428 καὶ
2318 3373 2500 3444 πάσης
2528 3374 2714 3439 ἀξιοῦν
2745 3372 2928 3439 αἰδοῦς
2962 3375 3058 3428 καὶ
3084 3375 3276 3447 τιμῆς.

2270 3567 2288 3601 ι
2323 3548 2383 3602 '0
2412 3549 2628 3618 ὀμνύων
2662 3549 2743 3620 τῷ
2783 3549 3011 3621 πλησίον
3057 3552 3246 3617 αὑτοῦ,
3283 3551 3386 3606 καὶ
3413 3553 3510 3607 οὐκ
3541 3549 3737 3606 ἀθετῶν.

2193 3640 2306 3712 ῘεἾ
2342 3641 2416 3695 Τὸ
2448 3641 2714 3713 ἀργύριον
2743 3641 2909 3695 αὑτοῦ
2940 3643 3039 3696 οὐκ
3082 3643 3284 3696 ἔδωκεν
3324 3644 3417 3697 ἐπὶ
3452 3645 3616 3713 τόκῳ,
3660 3640 3736 3693 καὶ

2191 3729 2341 3801 δῶρα
2387 3731 2473 3782 ἐπ’
2556 3728 2754 3795 θάὠοις
2786 3732 2886 3785 οὐκ
2919 3731 3101 3786 ἔλαϐε.
3138 3751 3156 3784 ι
3209 3733 3353 3799 Τοὺς
3386 3735 3482 3805 μὲν
3509 3731 3733 3804 δρκουςὴ

2190 3822 2419 3893 ἀλήθεια
2448 3821 2766 3892 βεδαιούτω,
2793 3824 2886 3875 καὶ
2907 3824 3005 3894 τὴν
3033 3826 3300 3896 εὐπορίαν
3327 3828 3361 3898 ἡ
3389 3823 3652 3889 πλεονεξία
3674 3821 3734 3892 μὴ

2197 3912 2474 3982 μολυνέτω
2490 3913 2557 3966 ⁸⁸.
2610 3908 2762 3976 Εἶδος
2793 3914 2850 3966 δὲ
2876 3914 3082 3984 ταύτης
3108 3917 3138 3967 ὁ
3182 3917 3367 3982 τόκος.
3406 3916 3733 3989 ’Λδωρότατος

2191 4002 2249 4055 δὲ
2279 4002 2423 4056 ἔστω
2449 4003 2706 4068 δικάζων,
2741 4004 2836 4058 καὶ
2866 4004 3111 4076 καθαρὰν
3141 4005 3332 4077 δώρων
3361 4007 3626 4078 ἐκφερέτω
3654 4003 3734 4071 τὴν

2192 4095 2389 4166 ψῆφον·
2426 4097 2492 4150 Ἦ
2519 4096 2629 4165 γὰρ
2658 4096 2953 4169 δωροδοκία
2981 4098 3284 4169 διαφθείρει
3312 4100 3373 4154 τὸ
3399 4100 3612 4155 δίκαιον.
3646 4115 3662 4147 ι
3685 4094 3734 4146 '0

2194 4188 2366 4241 ποιῶν
2396 4187 2570 4242 ταῦτα
2601 4189 2662 4241 οὗ
2691 4188 3084 4258 σαλευθήσεται
3112 4192 3190 4254 εἰς
3221 4192 3316 4245 τὸν
3349 4192 3535 4246 αἰῶνα.
3565 4210 3581 4241 ι
3610 4186 3708 4241 Ταῦ

2192 4297 2293 4350 της
2334 4280 2392 4334 δὲ
2438 4276 2601 4335 ἆθλον
2648 4282 2749 4349 τῆς
2797 4283 2996 4351 ἀρετῆς
3032 4283 3093 4335 τὸ
3137 4283 3239 4353 τῆς
3274 4285 3425 4348 θείας
3454 4278 3732 4351 ἐπικουρίας

514 4390 619 4448 est,
641 4381 824 4436 divina
852 4395 953 4451 ope
978 4381 1236 4436 continue
1262 4379 1497 4449 perfrui,
1530 4387 1585 4433 et
1613 4378 1667 4431 in
1710 4377 1895 4432 multis
1932 4376 2088 4431 bonis

2194 4372 2459 4441 διηνεκῶς
2510 4373 2829 4436 ἀπολαύειν,
2884 4374 2978 4425 καὶ
3030 4373 3089 4425 ἐν
3136 4374 3354 4439 πολλοῖς
3392 4373 3604 4441 ἀγαθοῖς
3636 4369 3731 4421 ﬁta-—

516 4473 753 4544 degere,
795 4484 849 4528 et
901 4483 1159 4527 attentam
1209 4472 1376 4525 vitam
1415 4478 1754 4538 exspectare.
1814 4469 1936 4522 llzec
1982 4483 2089 4521 non

517 4566 702 4621 minus
745 4565 905 4621 nobis
956 4579 1121 4634 quam
1180 4563 1423 4633 antiquis
1463 4569 1790 4631 congruunt.
1821 4559 2093 4627 Quoniam

514 4664 713 4725 praeter
756 4657 1042 4725 antiquam
1087 4655 1263 4724 legem
1305 4658 1471 4710 etiam
1513 4666 1707 4710 novam
1758 4651 2091 4723 accepimus,

514 4756 569 4802 et
597 4747 791 4817 majori
824 4749 996 4818 gratia
1028 4747 1181 4819 potiti
1214 4762 1427 4802 sumus.

880 4844 916 4879 “
943 4860 1213 4916 INTERP.
1255 4856 1511 4917 PSALMI
1546 4857 1665 4914 xv.

588 4948 756 5005 Vsus.
796 4951 846 5004 1.
893 4970 912 5002 ι
944 4950 1113 5006 Tituli
1143 4949 1428 5019 inscriptio
1468 4966 1483 5002 :
1522 4950 1775 5005 Psalmus
1812 4948 2024 5002 Davidi.
2063 4966 2083 4999 ι

424 5044 438 5063 ⁴
517 5043 616 5098 llic
656 5042 870 5097 Domini
916 5054 1150 5097 mortem
1195 5053 1252 5099 et
1300 5042 1759 5099 resurrectionem
1804 5041 2087 5112 pradieit,

587 5173 627 5204 ιη
667 5161 827 5217 Rom.
864 5174 964 5225 ιιι,
998 5159 1086 5215 15.

2193 4465 2375 4534 μένειν
2397 4464 2465 4530 ⁸⁸,
2512 4465 2607 4518 καὶ
2637 4463 2734 4535 τὴν
2773 4462 2992 4518 αἰώνιον
3025 4466 3355 4536 προσμένειν
3383 4466 3544 4534 ζωήν.
3576 4457 3728 4514 Ταῦτα

2189 4558 2288 4627 οὐχ
2317 4552 2480 4629 ἦττον
2511 4558 2643 4627 ἡμῖν
2675 4556 2707 4626 ἢ
2744 4559 2855 4619 τοῖς
2886 4557 3053 4611 πάλαι
3080 4558 3343 4627 ἁρμόττει
3367 4573 3383 4588 ο
3413 4553 3591 4624 ἐπειδὴ
3618 4548 3728 4620 πρὸς

2188 4651 2257 4721 τῇ
2303 4649 2509 4719 παλαιᾷ
2557 4650 2653 4702 καὶ
2701 4648 2800 4719 τὴν
2860 4648 3054 4719 καινὴν
3087 4648 3412 4719 νομοθεσίαν
3441 4638 3731 4715 δεδέγμεθα,

2192 4740 2288 4797 καὶ
2323 4739 2572 4812 μείζονος
2603 4741 2823 4811 χάριτος
2856 4741 3258 4810 τετυχήκαμεν.

2528 4854 2793 4909 EPMHN.
2836 4853 2975 4907 ΤΟΥ
3013 4854 3093 4909 IE'
3127 4855 3442 4910 ΨΑΛΜΟΥ.

2259 4954 2331 5001 α’.
2375 4964 2395 4998 ε
2441 4945 2846 5017 Στηλογραφία,
2898 4945 2977 5018 τῷ
3026 4947 3206 5001 Δαΰίδ.
3253 4965 3272 4998 ι
3335 4942 3588 5000 Ἐνταῦθα
3628 4952 3734 5007 προ·

2196 5040 2452 5110 αγορεύει
2484 5036 2579 5092 τοῦ
2608 5038 2880 5093 Δεσπότου
2913 5037 2976 5092 τὸ
3004 5037 3174 5103 πάθος
3205 5035 3299 5091 καὶ
3330 5036 3427 5108 τὴν
3453 5034 3733 5090 ἀνάστασιῆ

1632 5281 1866 5339 VARI/ﬁ
1913 5277 2298 5335 LECTIONES
2333 5276 2418 5333 ET
2463 5273 2694 5332 NOTAE.

583 5385 633 5421 "
664 5382 772 5439 Καὶ
808 5410 878 5421 --
908 5378 1118 5433 κακόν.
1156 5379 1280 5433 Des.
1308 5378 1362 5434 in
1392 5378 1515 5434 cod.
1543 5377 1598 5431 ὅ.

1696 5374 1740 5407 ⁸³
1770 5372 1923 5439 Τοῖς.
1954 5372 2077 5428 eod.
2109 5372 2143 5426 5
2167 5370 2313 5433 τούς.

2408 5368 2453 5399 ⁸⁵
2488 5367 2636 5433 Πᾶς.
2667 5366 2834 5421 Abest
2866 5380 2896 5420 a
2931 5368 3053 5420 eod.
3093 5366 3114 5417 1
3160 5374 3213 5419 et
3237 5364 3317 5433 2.7
3384 5358 3525 5433 "HE!
3551 5352 3729 5433 δέιτίςε

592 5415 632 5421 ““
753 5415 772 5435 ο
808 5415 878 5421 ⁵-
908 5415 1081 5433 μιινννι
1102 5417 1118 5432 ο
1159 5415 1280 5433 vca-
1311 5415 1362 5434 III
1392 5415 1515 5434 υνιι.
1543 5415 1598 5431 νο
1771 5415 1790 5425 ι
1812 5415 1863 5427 ν·
1909 5415 1923 5426 ο
1955 5415 2077 5428 ννῑιυ

522 5473 566 5508 ιι.
601 5415 748 5509 «an:
792 5451 911 5505 Alia
964 5449 1160 5503 horum
1205 5450 1328 5503 loco
1366 5456 1584 5503 exstant
1612 5445 1665 5499 in
1707 5443 1832 5500 cod.
1869 5415 1921 5499 53
1957 5443 2088 5497 aser‘

2187 5415 2425 5511 iul‘iostt-i
2465 5415 3222 5511 (St-wiius‘ebiinnoniine.inc.
3243 5415 3523 5511 V’Eyzgﬁfla

1721 5497 1849 5638 ⁷3υῴ
1880 5497 2177 5569 exstant-in
2209 5509 2427 5566 Eusebii
2460 5509 2771 5561 Comment.
2813 5506 2880 5558 ad
2917 5505 2970 5559 it.
3008 5506 3043 5558 Ι.
3075 5507 3128 5558 in
3162 5501 3346 5558 Montf.
3372 5498 3585 5552 Collect.
3614 5497 3737 5543 no"

522 5594 743 5638 Patrum
767 5631 782 5638 -
823 5602 859 5638 ι.
886 5590 926 5638 Ι-
958 5602 1013 5638 n.
1045 5586 1134 5638 51.
1174 5587 1377 5638 Desunt
1409 5597 1588 5638 autem
1620 5600 1724 5638 anu
1799 5583 1963 5638 Coril.
2031 5582 2076 5615 “
2109 5581 2385 5638 Εἰκότως.
2426 5578 2585 5633 Abest
2609 5592 2640 5631 a
2665 5576 2788 5631 cod.
2827 5574 2883 5630 2.
2958 5574 3002 5607 ⁸⁷
3029 5575 3345 5637 ”Απαντας.
3375 5585 3429 5621 κ.
3457 5582 3506 5638 τ’.
3542 5563 3587 5614 λ.

522 5586 743 5647 Patrum
767 5631 783 5653 ,
823 5586 859 5645 t.
886 5590 926 5653 I,
958 5602 1013 5656 p.
1045 5586 1134 5641 51.
1174 5587 1377 5642 Desunt
1409 5597 1588 5642 autem
1620 5600 1724 5652 apu

525 5660 814 5719 Theodoro
842 5653 1157 5716 tribuuntur
1177 5660 1319 5730 apud
1340 5656 1504 5713 Cord.
1531 5672 1583 5727 p.
1611 5656 1737 5712 260.
1796 5653 2097 5711 “Molvré

1799 5583 1938 5638 Coril
1949 5622 1963 5636 .
2031 5582 2076 5615 “

2187 5556 2788 5645 .3;.:.:."u.éa';"caa.
2816 5556 2883 5630 ἶ
2918 5556 3002 5646 ξιτ
3029 5556 3429 5646 insertam.
3457 5582 3506 5646 τ’.
3542 5563 3587 5614 λ.
3628 5556 3733 5646 nec

2950 5622 3315 5716 -δίαλιιένίέιῖ
3330 5622 3451 5695 Des.
3482 5635 3534 5690 in
3554 5627 3665 5688 cod.
3686 5622 3729 5678 3.
