4038 6214
191 286 292 352 9θ1

184 487 502 556 αγγελίθιςο
557 505 576 538 ι
618 486 826 558 Πάτερ,
866 487 914 539 εί
959 487 1206 552 δυνατὸν,
1261 489 1582 560 παρελθέτω
1612 492 1778 546 τοῦτο

183 580 247 634 τδ
273 580 535 651 ποτήριον
553 577 600 610 ⁸⁸
631 578 729 632 ἀπ’
759 577 916 648 ἐμοῦ.
957 597 976 628 ι
1021 577 1262 650 [Ὡσεὶυ
1295 581 1630 651 σαφέστερον
1663 582 1777 634 ελε-

186 688 314 740 γεν·
347 671 458 725 Καὶ
485 669 584 740 τῆς
614 670 755 740 ἐμῆς
788 669 1141 739 Ἐκκλησίας,
1172 671 1294 742 ἥτις
1323 673 1474 725 ἐστὶν
1508 674 1542 744 ὴ
1579 673 1776 742 κληρο-

186 763 355 834 νομία
405 781 528 834 μου,
569 760 726 834 μερίς
760 763 910 816 ἐστιν
939 765 968 816 6
1003 763 1208 834 Κύριος
1239 781 1251 792 ·
1303 767 1332 818 6
1377 766 1540 828 αὐτὸς
1587 765 1644 819 δὲ
1678 766 1772 820 καὶ

183 856 280 908 τοῦ
305 855 568 924 ποτηρίου
601 870 729 924 μου,
758 855 1003 908 τουτέστι
1034 854 1130 909 τοῦ
1165 855 1396 910 θανάτου
1430 857 1590 928 μερὶς
1620 873 1775 926 γεγε-

181 963 244 1016 νη
255 947 416 1016 μένος
441 949 470 1001 6
492 945 712 1016 αὐτός]
749 964 768 998 ι
798 947 872 1000 Σὺ
893 942 944 999 εἷ
971 949 1002 1000 6
1025 949 1414 1004 ἀποκαθιστῶν
1441 951 1540 1022 τὴν
1567 950 1768 1021 κληρο-

177 1039 378 1108 νομίαν
414 1057 517 1110 μου
553 1040 696 1111 ἐμοὶ.
737 1061 754 1092 ι
809 1041 922 1093 Οὐκ
955 1037 1129 1095 εἶπεν·
1162 1045 1192 1095 6
1219 1043 1418 1108 διδοὺς,
1469 1044 1608 1108 ἀλλ’,
1646 1063 1664 1096 ι
1709 1045 1768 1098 ’0

176 1129 570 1184 ἁποκαθιστῶν
601 1130 761 1201 silv”
791 1131 1160 1204 κληρονομίαν
1191 1151 1317 1204 μου.
1349 1153 1368 1186 ι
1411 1136 1630 1208 Ἐπειδὴ
1659 1137 1766 1208 γὰρ

176 1221 342 1286 εὐθὺς
391 1221 821 1294 δημιουργηθεὶς
866 1225 895 1278 6
949 1225 1256 1296 ἄνθρωπος,
1303 1228 1563 1282 ἁπάντων
1607 1227 1768 1282 ἔλαϐε

176 1313 282 1381 τὴν
309 1313 583 1378 ἐξουσίαν,
605 1315 702 1368 καὶ
723 1313 870 1385 ζωὴν
899 1312 1046 1386 εῖχεν
1068 1317 1336 1372 ἀθάνατον
1363 1335 1376 1349 ·
1423 1321 1564 1390 μετᾶ
1591 1320 1648 1373 δὲ
1671 1321 1770 1392 τὴν

177 1405 498 1474 παράϐασιν
525 1406 853 1476 ἀμφοτέρων
881 1408 1130 1474 ἐξέπεσε,
1166 1411 1262 1462 καὶ
1287 1411 1388 1479 τῆς
1426 1411 1769 1474 δεσποτείας,

1565 291 1647 352 ΙΝ
1683 294 1887 355 l’SAL.
1931 297 2056 356 XV.
3115 354 3128 367 .

188 399 440 452 θάνατον.
475 390 635 447 οὕτω
666 391 776 466 γάρ
805 394 898 448 καὶ
930 393 988 448 ἐν
1025 396 1142 458 τοῖς
1182 395 1344 466 ίεροίς
1365 397 1412 428 ⁸³
1449 397 1636 466 ἔλεγεν
1675 400 1774 452 Εὑ-

1877 403 2021 456 eatis
2065 405 2166 459 iste
2202 412 2248 458 ι.
2283 403 2348 475 ι)
2391 403 2596 478 [Quasi
2655 408 2900 500 apertius
2943 409 3190 470 diceret:
3235 415 3300 471 Et
3335 436 3470 476 mea:

3363 311 3468 375 962

1885 491 2145 549 Ecclesiae
2169 536 2182 556 ,
2213 512 2336 562 quae
2375 507 2457 551 ιιδι
2494 497 2781 554 Ιιιιειοιίὶιιιε
2813 491 2930 554 inea
2951 519 3128 573 ,pa'rs
3161 517 3244 564 est
3280 507 3458 564 Domi-

1874 603 2016 651 nus,
2058 589 2150 656 qui
2181 589 2346 644 etiam
2383 591 2570 646 calieis
2607 593 2734 654 mei.
2773 596 2874 650 hoc
2911 606 2996 652 est
3027 601 3260 667 mortis,
3298 594 3491 672 parm.

1873 678 2102 746 ipsemet
2136 679 2311 736 factus
2339 680 2488 754 esl.]
2522 701 2541 733 ι
2576 681 2655 738 Τιι
2683 701 2772 752 es,
2802 688 2895 756 qui
2941 691 3199 746 restitues
3235 696 3469 754 haeredi-

1873 777 2036 824 tatem
2077 787 2254 826 meam
2299 775 2455 832 mihi.
2502 796 2522 828 ι
2563 775 2680 831 Non
2737 780 2880 836 dixit
2923 800 2937 836 :
2995 785 3090 853 qui
3145 787 3281 852 das,
3330 790 3462 856 sed,

1876 879 1893 910 ι
1917 860 2020 926 Qui
2055 864 2310 918 restitues
2336 866 2708 925 haereditatem
2738 876 3261 944 meamJQuoniam
3295 882 3463 952 enim,

1874 968 2000 1008 eum
2039 957 2273 1022 primum
2303 959 2560 1018 conditus
2591 961 2693 1017 fuit
2721 964 2905 1030 homo,
2937 972 3184 1026 omnium
3223 984 3466 1044 potesta-

1875 1052 1982 1098 tem
2013 1048 2260 1116 accepit,
2297 1057 2350 1102 et
2375 1059 2637 1106 aeternam
2673 1053 2864 1109 habuit
2895 1056 3091 1126 vitam,
3121 1074 3244 1129 post
3274 1079 3466 1134 pecca-

1875 1145 1990 1190 tum
2043 1149 2224 1193 autem
2275 1141 2524 1212 utrisque
2567 1144 2770 1200 excidit
2825 1145 3104 1219 (imperio
3149 1154 3363 1210 scilicet
3409 1165 3466 1213 et

1876 1231 2060 1302 vita),
2103 1233 2370 1290 Dominus
2399 1247 2457 1291 ut
2494 1238 2660 1296 homo
2695 1257 2795 1310 pro
2829 1241 3068 1300 humana
3102 1259 3298 1304 natura
3331 1267 3462 1322 pre-

1877 1340 1970 1378 ees
2010 1324 2222 1389 fundit,
2261 1329 2552 1396 pristinam
2581 1332 2750 1414 vitam
2798 1344 2854 1389 et
2891 1335 3182 1407 imperium
3213 1350 3272 1398 ut
3313 1358 3466 1400 recu-

1882 1427 2031 1483 pet-et
2068 1420 2376 1485 posmlaus.

163 1498 276 1560 Qui
305 1496 406 1564 τῆς
445 1495 631 1568 ζωῆς·
677 1498 1034 1570 ἀνθρωπίνως
1081 1503 1111 1555 6
1159 1504 1437 1574 Δεσπότης
1486 1504 1628 1576 ὑπὲρ
1664 1505 1766 1574 τῆς
1805 1507 2156 1579 ἀνθρωπείας
2213 1511 2258 1542 ⁸⁷
2326 1511 2542 1580 φύσεως
2581 1517 2816 1571 ποιεῖται
2859 1519 2959 1590 τὴν
3005 1521 3246 1590 αἴτησιν,
3295 1525 3463 1593 ἀξιῶν

177 1587 478 1642 ἀπολαϐεῖν
505 1588 603 1660 τὴν
629 1591 905 1662 προτέραν
945 1591 1094 1663 ζωήν
1125 1609 1187 1647 τε
1214 1595 1311 1648 καὶ
1347 1595 1691 1651 δεσποτείαν.

253 1690 328 1748 ς’.
378 1703 396 1736 ι
444 1685 660 1754 Σχοινία
695 1685 936 1741 ἐπέπεσέ
967 1686 1015 1720 ⁸⁸
1063 1705 1153 1759 μοι
1193 1691 1253 1743 ἐν
1299 1692 1412 1753 τοϊς
1455 1692 1770 1763 κρατίστοις

1944 1691 2108 1748 Vsns.
2155 1693 2209 1750 θ.
2268 1715 2288 1747 ι
2320 1695 2500 1753 anes
2537 1699 2854 1755 ceciderunt
2905 1703 3041 1758 mihi
3089 1705 3142 1759 in
3182 1709 3460 1776 prmclaris

181 1792 290 1845 μου
310 1790 324 1804 ·
356 1775 453 1830 καὶ
478 1777 640 1848 γὰρὴ
671 1777 1008 1850 κληρονομία
1044 1797 1148 1850 μου
1173 1783 1442 1855 κρατίστη
1469 1785 1559 1854 μοί
1582 1787 1717 1841 ἐστι.
1745 1803 1763 1836 ι

177 1868 404 1939 Ταύτης
432 1867 640 1934 ἕνεκεν,
677 1870 835 1940 φησὶ,
866 1875 966 1944 τῆς
1001 1873 1389 1945 κληρονομίας,
1419 1876 1520 1938 τὰς
1562 1878 1771 1946 παρού·

177 1978 284 2024 σας
309 1961 580 2032 ἐδεξάμην
611 1963 908 2028 ἐπιϐουλάς
927 1982 940 1995 ⁸
968 1968 1176 2036 exutan
1207 1965 1317 2037 γὰρ
1347 1966 1445 2030 τὰς
1476 1968 1770 2034 ἐπιϐουλὰς

177 2052 442 2124 ὀνομάζει
460 2069 476 2086 ο
509 2051 686 2119 οὕτως
713 2054 808 2109 καὶ
836 2057 895 2110 ἐν
924 2056 1096 2128 ἑτέρῳ
1121 2057 1271 2126 λέγει
1296 2057 1519 2130 ψαλμῷι
1556 2079 1573 2111 ι
1611 2061 1768 2130 Σχοι-

177 2146 270 2200 νία
301 2145 647 2216 ἁμαρτωλῶν
674 2147 1126 2219 περιεπλάκησάν
1170 2167 1282 2220 μοι,
1329 2152 1422 2204 καὶ
1459 2151 1555 2204 τοῦ
1599 2153 1767 2222 νόμου

181 2255 282 2292 σου
327 2239 430 2292 οὐκ
475 2237 847 2312 ἐπελαθόμην.
903 2258 923 2292 ι
973 2241 1139 2310 Λέγει
1185 2243 1388 2308 τοίνυν,
1425 2243 1509 2296 ὅτι
1549 2243 1767 2316 Ταύτης

178 2332 346 2386 ἕνεκα
372 2331 474 2402 τῆς
514 2332 815 2402 κρατίστης
846 2331 1236 2408 κληρονομίας,
1277 2334 1374 2388 καὶ
1402 2334 1503 2405 τῆς
1532 2334 1641 2387 τῶν
1671 2339 1768 2391 ἁνι-

180 2423 421 2494 θρὼπων
467 2424 627 2498 χάριν
677 2427 972 2496 σωτηρίας,
1009 2425 1106 2490 τὰς
1145 2425 1426 2498 παρούσας
1472 2427 1766 2492 ἐπιϐουλὰς

179 2517 465 2588 ὑπομένω.

251 2610 319 2674 ζ’.
365 2629 384 2662 ι
433 2610 729 2682 Εὑλογήσω
761 2612 856 2665 τὸν
897 2610 1102 2683 Κύριον
1141 2611 1235 2664 τὸν
1267 2612 1626 2666 συνετίσαντά
1659 2630 1762 2684 με·

178 2702 260 2756 ἔτι
289 2703 346 2756 δὲ
375 2701 467 2756 καὶ
489 2702 596 2768 ἕως
625 2705 818 2764 νυκτὸς
848 2703 1179 2758 ἐπαίδευσάν
1213 2721 1278 2774 με
1299 2706 1351 2758 οί
1371 2707 1560 2776 νεφροί
1588 2723 1711 2775 μου.
1739 2726 1759 2758 ι

191 2793 336 2848 Ἀλλ’
368 2795 416 2827 ⁸⁹
441 2794 592 2866 ὅμως
623 2795 670 2826 ⁹⁶
704 2794 810 2850 ὑπὸ
835 2793 934 2848 τοῦ
987 2794 1192 2866 Κυρίου
1243 2795 1623 2866 σοφιζόμενος,
1669 2799 1765 2850 καὶ

175 2885 428 2954 ἀρίστοις
459 2883 742 2956 χρώμενος
761 2883 1067 2954 λογισμοῖς,
1094 2887 1194 2955 τῆς
1219 2885 1314 2938 τοῦ
1339 2885 1546 2950 πάθους
1570 2887 1765 2950 νυκτὸς

177 2975 532 3046 περιέσομαι.
587 2976 792 3032 Νύκτα
837 2975 945 3046 γὰρ
996 2976 1222 3030 ἐκάλεσε
1268 2977 1330 3030 τὸ
1374 2977 1612 3046 ζοφῶδες
1655 2979 1764 3032 τών

1873 1785 2043 1850 int-is,
2079 1787 2282 1842 etenim
2328 1789 2620 1846 han-editas
2661 1807 2779 1847 mea
2825 1795 3086 1863 praeclara
3127 1809 3213 1854 est
3247 1802 3400 1858 mihi.
3435 1822 3456 1856 ι

1879 1890 1897 1922 ι
1932 1869 2124 1941 llujus,
2155 1875 2355 1944 inquit,
2389 1877 2720 1934 haereditatis
2747 1897 2910 1937 causa
2932 1923 2950 1951 ,
2988 1898 3284 1954 praesentes
3312 1891 3462 1947 insi-

1869 1965 1991 2021 dias
2021 1967 2302 2036 amplexus
2329 1985 2476 2023 sum.
2518 1969 2696 2026 Funes
2733 1973 2878 2028 enim
2912 1976 3142 2032 insidias
3179 1981 3452 2039 nominat.

1873 2057 2132 2112 Similiter
2173 2068 2226 2112 et
2281 2060 2335 2114 in
2375 2061 2482 2115 alio
2523 2064 2734 2132 psalmo
2768 2066 2845 2120 ait
2880 2084 2892 2120 :
2944 2085 2964 2120 ι
3001 2066 3184 2125 Funes
3211 2083 3462 2141 peccato-

1870 2164 1990 2203 rum
2026 2151 2262 2220 amplexi
2299 2161 2428 2208 sunt
2463 2169 2583 2221 me,
2615 2164 2668 2208 et
2703 2156 2838 2226 legis
2870 2167 2976 2212 tua:
3013 2177 3123 2215 non
3159 2178 3279 2218 sum
3321 2167 3460 2220 0Μὶ-

1871 2249 1960 2295 tus
1980 2249 2030 2294 1.
2061 2259 2080 2292 ι
2120 2241 2256 2297 Dicit
2283 2242 2471 2312 igitur,
2507 2243 2740 2315 Pmpter
2771 2247 2911 2302 hanc
2940 2249 3104 2321 692
3135 2255 3456 2322 pricclaram

1869 2331 2265 2398 haereditatem,
2301 2345 2467 2404 atque
2499 2338 2570 2391 ob
2602 2339 2888 2394 hominum
2918 2343 3148 2400 salutem
3170 2384 3186 2408 ,
3220 2361 3459 2416 praesen-

1870 2432 1950 2477 tes
1985 2425 2214 2480 insidias
2247 2427 2516 2482 sustineo.

1939 2594 2106 2653 Vens.
2145 2600 2195 2656 7.
2247 2619 2267 2651 ι
2310 2600 2631 2660 Bcnedicam
2689 2605 2921 2664 Domino
2955 2613 3050 2683 qui
3093 2615 3284 2672 tribuit
3318 2619 3452 2675 mihi

1868 2687 2232 2755 intellectum,
2273 2692 2498 2764 insuper
2537 2704 2594 2750 et
2639 2714 2812 2769 usque
2854 2703 2920 2756 ad
2969 2715 3181 2760 noctem
3221 2711 3457 2781 castiga-

1867 2787 1997 2833 ΐιΙΙΙι
2024 2797 2108 2834 me
2137 2797 2294 2837 I'CIICS
2329 2785 2454 2838 ιιιοί.
2498 2805 2517 2838 ι
2554 2785 2944 2846 Verumtamen
2985 2809 3016 2848 2
3055 2793 3287 2854 Domino
3323 2802 3456 2855 ειίοε-

1867 2879 2010 2933 ctus,
2042 2883 2095 2926 et
2120 2874 2344 2942 optimis
2369 2877 2796 2946 cogitationibus
2829 2895 3158 2951 usus,nocte
3181 2891 3456 2958 passionis

1869 2965 2120 3034 superior
2149 2982 2264 3020 ero.
2308 2966 2523 3024 Noctem
2553 2973 2724 3039 etiim,
2751 2979 3115 3034 tentationum
3141 2983 3451 3040 obscurita-

177 3045 528 3138 πειρασμῶν.
567 3067 775 3138 Μηδεὶς
801 3067 859 3121 δὲ
889 3045 1234 3138 ἀνάρμοστον
1267 3069 1508 3141 ἡγείσθω
1540 3071 1602 3123 τὸ
1635 3089 1760 3124 συν·
1788 3047 1803 3100 ί

1869 3063 1973 3110 tem
2013 3058 2323 3126 appellavit.
2365 3060 2536 3118 Nemo
2575 3074 2756 3120 autem
2793 3069 2896 3123 hoc
2933 3069 3233 3128 absurdum
3265 3085 3450 3144 putet,

176 3158 459 3221 ετίζεσθαι
509 3157 652 3212 κατὰ
691 3161 789 3230 τὴν
825 3157 1172 3230 ἀνθρωπείαν
1219 3161 1382 3229 φύσιν
1423 3161 1516 3215 τὸν
1557 3161 1764 3216 Δεσπό-

175 3267 278 3320 την
308 3251 354 3282 ’³
389 3250 650 3321 Χριστὸν,
683 3251 899 3305 ἁκούων
933 3250 1026 3305 τοῦ
1059 3253 1347 3307 Θεσπεσίου
1375 3255 1562 3310 Λουκᾶ
1581 3255 1766 3325 λέγον-

176 3361 270 3406 τος
289 3359 306 3375 ο
343 3361 364 3395 ι
417 3343 625 3414 Ἰησοῦς
653 3344 712 3398 δέ
742 3345 1052 3416 προέκοπτε
1083 3347 1248 3418 σοφίᾳ
1279 3349 1368 3401 καὶ
1397 3349 1582 3420 χάριτι
1615 3349 1767 3420 παρὰ

176 3436 300 3508 Θεῷ
346 3437 442 3491 καὶ
488 3436 818 3508 ἀνθρώποις.
876 3457 895 3491 ι
953 3440 1268 3494 Ἀκουσάτω
1309 3441 1368 3495 δέ
1401 3441 1567 3496 αὐτοῦ
1603 3444 1766 3498 πάλιν

175 3524 454 3592 λέγοντος,
487 3524 570 3578 ὅτι
601 3525 942 3580 δειλιάσαντα
978 3529 1128 3600 παρὰ
1165 3529 1228 3583 τὸ
1259 3531 1446 3596 πάθος,
1484 3533 1578 3586 καὶ
1609 3532 1766 3605 ίδρώ-

180 3632 356 3670 σαντα
392 3614 667 3687 θρόμϐους
713 3617 971 3688 αἵματος,
1030 3621 1262 3689 ἄγγελος
1310 3623 1624 3692 προσελθὼν
1665 3625 1766 3678 ὑπ-

179 3707 480 3780 εστήριξεν
500 3709 567 3765 ”.
589 3709 656 3764 Ei
670 3709 728 3763 δὲ
750 3711 1052 3782 ἀγγελικῆς
1069 3712 1262 3785 ἐδεήθη
1289 3715 1481 3786 ῥοπῆς,
1505 3716 1593 3770 ἵνα
1613 3717 1763 3789 δείξῃ

175 3801 279 3867 τὴν
308 3796 472 3868 φύσιν
505 3798 606 3868 τῆς
634 3798 730 3852 τοῦ
769 3799 958 3855 δούλου
995 3803 1244 3874 μορφῆς
1276 3804 1457 3876 πολλῷ
1495 3807 1764 3878 δήπουθεν

177 3891 338 3962 παρὰ
369 3890 471 3962 τῆς
518 3892 837 3964 ἐνοικούσης
885 3895 1140 3965 θεότητος
1173 3897 1475 3968 ἐσοφίζετο.
1517 3899 1764 3972 Ἀνθρω-

177 3999 283 4046 πος
313 3981 424 4051 γὰρ
456 3979 534 4034 ὣν
562 3983 657 4036 καὶ
697 3981 852 4048 Θεὸς,
885 3985 1171 4053 ἐσοφίζετο
1218 3987 1316 4058 μὲν
1345 3987 1421 4052 ὡς
1449 3986 1760 4059 ἄνθρωπος,

173 4073 334 4143 πηγὴ
363 4072 424 4126 δέ
458 4073 653 4143 σοφίας
685 4068 754 4146 ἦν
786 4074 863 4140 ὡς
902 4076 1056 4141 Θεός.

245 4170 424 4235 η’-ια¹.
482 4183 502 4216 ι
566 4165 924 4238 Προωρώμην
974 4167 1066 4222 τὸν
1108 4169 1315 4240 Κύριον
1377 4169 1611 4226 ἐνώπιόν
1659 4189 1760 4242 μου

170 4255 492 4320 διαπαντὸς,
516 4255 600 4309 ὄτι
628 4257 692 4310 ἐκ
717 4255 908 4322 δεξιῶν
933 4257 1034 4328 μού
1063 4258 1212 4311 ἐστιν
1248 4259 1334 4313 ἵνα
1371 4259 1446 4330 μὴ
1493 4259 1756 4316 σαλευθῶ.

173 4345 276 4398 Διὰ
308 4344 470 4400 τοῦτο
502 4345 783 4417 εὐφράνθη
822 4349 854 4417 ή
882 4347 1078 4418 καρδία
1115 4365 1236 4418 μου,
1265 4349 1357 4402 καὶ
1389 4349 1760 4418 ἠγαλλιάσατο
1792 4375 1835 4429 D

171 4438 207 4505 ή
241 4436 471 4505 γλῶσσά
503 4437 547 4470 ³³
590 4454 688 4506 μου
715 4453 728 4467 ·
779 4437 860 4490 ἔτι
893 4438 948 4490 δὲ
987 4439 1080 4491 καὶ
1107 4440 1141 4508 ἡ
1169 4439 1305 4511 σάρξ
1343 4457 1446 4510 μου
1482 4458 1760 4512 κατασκη-

169 4529 342 4584 νώσει
366 4529 456 4582 ἐπ’
485 4529 684 4585 ἐλπίδι.
717 4529 841 4584 Ὅτι
874 4531 974 4584 οὐκ
1006 4531 1420 4600 ἐγκαταλείψεις
1451 4532 1548 4603 τὴν
1575 4534 1756 4604 ψυχήν

123 4665 131 4674 .
172 4641 281 4694 μου
303 4625 387 4686 είς
417 4622 546 4695 ᾅδου
580 4623 648 4690 ’⁸,
681 4623 802 4677 οὐδὲ
834 4623 1026 4687 δώσεις
1053 4623 1147 4676 τὸν
1177 4625 1322 4678 ὅσιόν
1352 4642 1444 4678 σου
1484 4625 1610 4678 ἰδεῖν
1641 4626 1753 4679 δια-

169 4717 410 4788 φθοράν.
475 4715 811 4786 Ἐγνώρισάς
865 4735 954 4787 μοι
1012 4717 1166 4779 ὁδοὺς
1210 4715 1386 4786 ζωῆς·
1441 4716 1754 4788 πληρώσεις

175 4827 248 4880 με
297 4808 664 4880 εὐφροσύνης,
700 4802 836 4880 μετὰ
866 4809 959 4862 τοῦ
1007 4809 1302 4880 προσώπου
1345 4827 1473 4863 σου’
1523 4811 1756 4882 τερπνό-

176 4917 279 4968 της
317 4899 364 4932 ³⁸
397 4903 455 4953 ἐν
483 4903 550 4972 τῇ
576 4900 727 4972 δεξιᾷ
755 4918 848 4954 σου
877 4903 956 4964 είς
1012 4901 1186 4965 τέλος.
1229 4921 1246 4954 ι
1281 4901 1465 4955 Ταῦτα
1505 4902 1758 4973 περιττὸν

175 4992 333 5059 ἡμᾶς
385 4992 731 5064 ἑρμηνεύειν.
785 4995 880 5047 τοῦ
935 4993 1226 5048 θεσπεσίου
1282 4995 1514 5066 Πέτρου,
1573 4995 1668 5048 τοῦ
1707 4995 1755 5026 ³⁸

173 5084 276 5137 καὶ
306 5082 407 5154 τὴν
440 5087 584 5157 παρὰ
621 5086 715 5138 τοῦ
763 5085 992 5157 [ἰατρὸς.
1021 5087 1114 5140 καὶ
1141 5087 1241 5156 τὴν
1283 5087 1432 5156 παρὰ
1458 5084 1551 5138 τοῦ
1598 5085 1752 5152 Υίοῦ,

243 5210 271 5238 ι
301 5193 498 5250 Matth.
527 5213 674 5260 xxvx,
716 5197 805 5252 59.
847 5206 874 5244 γ
907 5195 1050 5252 Psal.
1086 5212 1276 5264 CXVIII,
1307 5197 1398 5252 Gl.

1478 5207 1501 5234 τ
1533 5197 1666 5252 Luc.
1702 5213 1777 5262 ιι,
1821 5195 1854 5251 5

1867 3145 2144 3202 Christum
2184 3149 2470 3207 Dominum
2512 3158 2809 3211 secnndum
2852 3159 3147 3216 humanam
3200 3175 3450 3222 naturam

1865 3239 2110 3308 erudiri,
2154 3255 2280 3296 cum
2331 3245 2517 3298 audiat
2567 3247 2809 3301 divinum
2867 3248 3068 3306 Lucam
3121 3255 3388 3312 dicentem
3434 3278 3449 3314 :

1873 3349 1890 3381 ι
1912 3330 2074 3388 Jcsus
2099 3335 2416 3395 proﬁciebat
2435 3337 2722 3406 sapientia,
2749 3347 2802 3394 et
2827 3343 3000 3410 gratia
3025 3345 3167 3413 apud
3197 3345 3364 3402 Deum
3399 3361 3453 3405 et

1867 3426 2118 3484 homines
2161 3439 2204 3484 τι.
2236 3449 2254 3482 ι
2293 3431 2355 3486 Ει
2386 3447 2580 3486 rursus
2611 3432 2799 3486 audiat
2833 3435 3084 3490 eumdem
3123 3437 3391 3496 dicentem
3423 3455 3448 3483 ιι

1866 3518 2120 3588 angelum
2166 3521 2214 3574 ei
2245 3519 2596 3590 apparuisse,
2642 3521 2732 3590 qui
2761 3538 2884 3577 eum
2921 3524 3161 3583 instante
3191 3531 3448 3600 passione

1866 3612 2223 3681 trepidantem
2267 3625 2319 3668 et
2350 3623 2530 3684 guttas
2565 3617 2850 3685 sanguinis
2891 3618 3179 3674 sudantem
3231 3623 3452 3679 confor-

1866 3703 2020 3756 tavit.
2055 3702 2110 3757 Si
2145 3712 2323 3758 autem
2353 3704 2528 3770 angeli
2557 3705 2765 3760 auxilio
2806 3707 3124 3777 indigebat,
3163 3717 3222 3764 ut
3263 3723 3450 3768 osten-

1865 3793 2017 3848 deret
2049 3802 2299 3848 uaturam
2339 3792 2531 3848 formae
2559 3796 2740 3862 servi,
2767 3799 2942 3853 multo
2971 3801 3146 3870 magis
3174 3815 3204 3856 a
3247 3802 3444 3859 divini—

1865 3893 2010 3950 tate,
2039 3902 2160 3955 quae
2201 3885 2254 3940 in
2303 3886 2420 3955 ipso
2455 3887 2768 3954 habitabat,
2803 3891 3116 3947 docebatur.
3151 3892 3286 3949 Nam
3321 3912 3446 3952 cum

1863 3986 2010 4032 esset
2037 3978 2198 4032 homo
2226 3986 2278 4031 et
2315 3977 2485 4041 Deus,
2519 3979 2893 4036 instruebatur
2915 3987 3131 4055 quidem
3173 3995 3232 4041 ιιι
3257 3988 3444 4057 homo,

1863 4069 1988 4125 fons
2019 4085 2147 4124 vero
2173 4070 2453 4140 Sapientiae
2484 4081 2600 4126 erat
2627 4083 2684 4128 ut
2719 4073 2874 4132 Deus.

1936 4162 2100 4217 Vsus.
2120 4162 2270 4216 8-H.
2307 4183 2326 4214 ι
2354 4164 2711 4220 Ριόνίιιιιιιιιιιι
2751 4166 3041 4222 Dominum
3071 4169 3122 4223 in
3154 4186 3444 4242 conspectu

1866 4269 1988 4310 meo
2005 4270 2238 4324 semper,
2267 4255 2522 4324 quoniam
2550 4270 2578 4310 a
2603 4255 2811 4312 dextris
2834 4267 2917 4313 est
2943 4261 3074 4314 mihi
3105 4275 3173 4316 ne
3202 4277 3446 4317 commo-

1864 4365 2012 4404 vear.
2036 4351 2053 4368 ‘
2083 4347 2311 4418 Propter
2335 4351 2436 4405 hoc
2465 4351 2702 4406 lactatum
2725 4359 2806 4406 est
2827 4367 2923 4407 cor
2945 4368 3144 4420 meum,
3177 4367 3228 4410 et
3257 4358 3445 4411 exsul-

1867 4441 2000 4495 tavit
2033 4441 2215 4511 lingua
2252 4457 2372 4496 mea
2407 4459 2420 4494 :
2455 4441 2678 4511 insuper
2721 4451 2772 4498 el
2811 4457 2942 4498 caro
2979 4460 3099 4499 mea
3140 4447 3446 4516 requiescet

1864 4533 1916 4586 in
1947 4548 2059 4602 spe.
2087 4532 2356 4598 Quoniam
2387 4549 2496 4589 non
2526 4533 2870 4604 derelinqucs
2901 4535 3138 4590 animam
3177 4552 3353 4593 mcam
3389 4540 3442 4593 in

1865 4623 2105 4690 inferno,
2133 4640 2310 4694 neque
2341 4625 2612 4679 concedes
2647 4636 2898 4679 sanctum
2925 4634 3078 4680 tuum
3112 4626 3292 4682 ridere
3317 4643 3444 4682 cor-

1865 4716 2192 4786 ruptionem.
2237 4714 2404 4772 Notas
2439 4717 2569 4770 mihi
2609 4715 2782 4771 iecisti
2829 4717 2946 4772 vias
2983 4718 3139 4784 vita),
3190 4717 3444 4788 implebis

1868 4825 1953 4862 tne
1978 4810 2162 4863 laetitia
2201 4825 2326 4862 cum
2359 4813 2506 4864 vultu
2547 4819 2676 4870 tuo,
2711 4808 3106 4864 delectationes
3141 4811 3194 4863 in
3221 4811 3442 4866 dextera

1869 4913 1957 4956 tua
1986 4913 2116 4956 sunt
2145 4903 2197 4954 in
2227 4913 2571 4972 perpetuum.
2601 4922 2618 4952 ι
2668 4901 2794 4956 Haec
2817 4917 3210 4972 supervacuum
3229 4913 3317 4976 est
3343 4921 3444 4961 nos

1863 4995 2178 5062 explanare.
2206 5009 2332 5048 eum
2357 4993 2516 5049 dirus
2543 4993 2738 5048 Petrus
2762 4993 2926 5064 693
2958 4996 3149 5048 horum
3173 4997 3298 5048 olim
3325 5011 3446 5049 ver-

1865 5087 2056 5140 borum
2087 5085 2590 5153 interpretationem
2613 5084 2834 5148 dixerit,
2867 5092 3091 5156 accepta
3119 5101 3148 5139 a
3177 5085 3354 5152 Patre,
3391 5097 3442 5142 et

1856 5198 1910 5252 '2.
1995 5209 2017 5237 ³
2058 5195 2190 5249 Luc.
2229 5211 2382 5258 xxii,
2415 5195 2519 5248 45.

1269 5307 1508 5362 νΑιιιίΕ
1552 5309 1938 5364 LECTIONES
1976 5309 2064 5362 ET
2105 5307 2336 5363 NOTAE.

231 5397 282 5430 υ
321 5395 543 5466 Ἱερᾶς,
589 5399 712 5455 eod.
757 5399 794 5452 ε).
823 5399 1008 5463 θείοις.

172 5466 359 5523 Menti.
387 5483 441 5523 c.
475 5483 530 5536 p.
569 5467 658 5522 55.

169 5538 393 5594 ἑπεσαν.

160 5767 319 5822 quam
352 5753 487 5804 lect.
526 5755 750 5803 secutus
781 5758 862 5802 est
899 5748 1116 5805 Carafa’.

1105 5401 1153 5434 "
1181 5401 1494 5468 Ποτήριον.
1534 5402 1656 5457 cod.
1701 5403 1734 5454 ὅ
1773 5401 1926 5457 addit
1958 5403 2134 5455 τοῦτο.

748 5470 796 5539 f'
824 5469 948 5538 Τὴν
979 5473 1153 5538 κληρ.
1177 5487 1316 5539 μου.
1357 5471 1478 5526 Des.
1507 5473 1566 5524 in
1591 5471 1711 5525 rod.
1743 5472 1796 5525 5.

478 5539 528 5610 ἐξ
561 5538 717 5592 Ἀλλ’
742 5537 901 5607 ὅμως
923 5568 994 5610 -_-
1021 5537 1384 5608 πειράσμῶν.
1407 5541 1530 5597 Des.
1555 5541 1696 5609 apud
1721 5539 1882 5596 Cord.
1917 5557 1969 5610 ι).
1986 5541 2112 5594 276.

168 5611 430 5682 σπότηιί.
457 5607 625 5682 Abest
649 5598 818 5682 acod.
842 5598 898 5661 λέ.
945 5598 1030 5682 ξθξ
1049 5598 1176 5682 ροῖί.
1207 5598 1314 5664 1ἰιι
1340 5611 1374 5662 ‘2
1405 5598 1792 5682 ὑπεστῆρισεν.

166 5680 294 5734 bent
321 5676 480 5743 δόξα.
561 5676 611 5709 ⁸⁸
641 5680 763 5732 cod.
791 5679 826 5730 2
863 5680 976 5750 et}
1007 5679 1158 5750 ᾅδην,
1185 5683 1494 5750 quagietiatn
1541 5676 1630 5735 est
1655 5682 1803 5736 lectic

1869 5683 1962 5735 od.
2005 5681 2176 5736 Vatic.
2218 5685 2272 5736 lt.
2305 5685 2340 5737 Ι.

2239 5402 2282 5472 δὲ
2316 5403 2355 5456 ις
2393 5403 2516 5458 eod.
2567 5403 2704 5470 Aug.
2740 5405 2774 5458 5
2810 5402 2990 5472 suppl.
3033 5402 3230 5460 Eadem
3283 5404 3444 5460 habet

1895 5470 1940 5503 ³¹
1973 5474 2094 5526 cod.
2128 5471 2164 5524 2
2192 5471 2561 5544 ἀνθρωπίνης.
2649 5473 2698 5506 ⁸⁸
2729 5473 2856 5529 llec.
2883 5470 3060 5528 lectio
3094 5475 3149 5528 h.
3179 5475 3217 5528 l.
3247 5483 3331 5527 est
3354 5477 3445 5527 ἐνί

1917 5541 2112 5598 ῐ).276.
2223 5543 2266 5574 ⁸ο
2289 5543 2494 5598 Ὅμως.
2537 5545 2659 5598 cod.
2692 5544 2742 5598 l.
2767 5543 2802 5597 2
2831 5545 3036 5598 addunt
3073 5543 3186 5598 καί.
3269 5543 3314 5576 ⁸⁸
3343 5546 3444 5596 Δε-

1869 5583 1882 5595 .
1917 5559 2112 5610 p.210.
2223 5559 2266 5574 ’ν
2311 5559 2494 5610 υμως.
2537 5559 2659 5598 con.
2692 5559 2742 5608 1,
2767 5559 2802 5597 2
2831 5559 3036 5598 auuunt
3073 5559 3186 5598 και.
3269 5559 3314 5576 ’-
3343 5559 3444 5596 Δε-

1861 5612 1908 5644 ”
1932 5610 2222 5684 rr4fDGCU.
2260 5613 2338 5666 Ita
2359 5613 2407 5664 οἱ
2433 5610 2511 5666 θ’.
2544 5629 2735 5684 omnes
2771 5615 2965 5684 reliqui
2995 5615 3094 5668 int.
3131 5611 3302 5684 Graeci
3341 5611 3444 5668 ha-

2418 5684 2607 5741 ”‘cod.
2652 5683 2826 5743 Vatic.
2851 5683 3018 5741 habet
3055 5683 3442 5757 τερπνότητες,
3543 5683 3554 5693 ’

1225 5751 1271 5783 ἰδ
1297 5749 1410 5806 Τοῦ
1444 5783 1511 5794 --
1543 5751 1898 5822 δεξαμένου.
1935 5753 2055 5807 Des.
2105 5755 2153 5808 in
2179 5755 2298 5808 coll.
2333 5754 2478 5808 Flor.
