4038 6214
562 280 672 348 9θ3

1558 264 2016 330 THEODOBET
2022 264 2048 323 Ι
2089 259 2439 324 EPISCOPI
2478 256 2854 320 CYRENSIS

3732 249 3841 315 934

562 409 597 448 ι
623 389 789 455 Filio,
831 394 887 444 et
924 400 956 442 a
998 383 1208 456 Spiritu
1244 390 1437 440 saneto
1470 380 1827 436 revelatione.
1869 376 1973 432 llic
1998 375 2146 431 enim

2255 374 2349 425 καὶ
2399 371 2498 441 τὴν
2557 369 2711 441 παρὰ
2762 367 2857 424 τοῦ
2913 367 3070 436 ἁγίου
3121 363 3443 437 Πνεῦματος
3497 362 3840 456 ἀποκάλυψιν

562 499 691 540 cum
726 483 866 537 inter
896 478 1116 534 Iudaeos
1154 475 1579 532 concionaretur
1604 513 1621 538 ,
1657 472 1767 527 hoc
1814 471 1869 524 in
1913 469 2150 524 medium

564 576 805 630 adducto
840 569 1189 632 testimonio,
1222 569 1294 622 ita
1322 567 1463 622 dixit
1492 583 1505 619 :
1550 584 1569 617 ι
1602 563 1716 618 Viri
1741 562 1959 627 fratres,
1993 561 2157 616 liceat

566 686 690 725 rum
724 668 920 723 liducia
948 667 1129 721 dicere
1152 664 1217 718 ad
1243 677 1343 717 vos
1366 662 1432 715 de
1466 658 1775 730 patriarcha
1803 656 1994 717 David.
2017 668 2157 725 quo-

567 764 715 817 niam
756 759 1050 816 delunrtus
1080 765 1166 813 est
1189 796 1203 821 ,
1236 764 1292 810 ει
1325 753 1574 824 sepultus
1602 759 1719 812 est,
1755 758 1812 804 et
1838 748 2151 819 sepulcrum

567 856 689 926 ejus
715 863 798 908 est
828 852 969 923 apud
1009 865 1109 903 nos
1140 862 1315 916 usque
1351 846 1404 898 in
1436 843 1774 897 hodiernum
1815 840 1983 896 diem.
2017 838 2154 894 Pro-

571 951 731 1018 pheta
765 946 933 1017 igitur
961 958 1086 997 eum
1114 952 1293 1001 esset,
1325 945 1381 993 et
1410 937 1576 992 sciret
1623 934 1770 1005 quod
1793 932 2154 1005 jurejurando

566 1041 806 1111 jurasset
841 1038 915 1092 illi
958 1036 1136 1100 Deus,
1185 1033 1252 1087 de
1293 1030 1474 1084 fructu
1520 1028 1689 1083 lumbi
1722 1028 1842 1098 ejus
1880 1027 2151 1082 oriturum

570 1148 693 1188 esse
729 1130 1008 1185 Christum
1051 1124 1352 1180 secundum
1376 1136 1596 1176 carnem
1619 1160 1634 1186 ,
1670 1119 1976 1191 praevidens
2006 1119 2156 1173 Iocu-

575 1233 663 1279 tus
691 1232 775 1277 est
804 1220 871 1274 de
903 1215 1306 1273 resurrectione
1330 1212 1569 1277 Christi,
1613 1212 1741 1283 quia
1783 1224 1958 1280 neque
1994 1210 2156 1264 dere-

570 1315 699 1369 licta
748 1322 831 1368 est
879 1312 933 1365 in
979 1308 1197 1363 inferno
1238 1308 1359 1377 ejus
1401 1307 1621 1368 anima,
1663 1319 1838 1374 neque
1875 1317 2005 1359 caro
2033 1303 2153 1372 ejus

569 1405 703 1459 vidit
727 1401 1139 1472 corruptionem
1169 1400 1221 1453 ι’.
1254 1418 1272 1450 ι
1305 1397 1371 1452 Ει
1393 1398 1523 1452 alibi
1558 1416 1571 1451 :
1617 1416 1635 1449 ι
1665 1396 1835 1450 David
1869 1410 1993 1451 cum
2025 1409 2152 1465 pro-

564 1498 701 1570 prim
748 1494 1082 1567 generationi
1138 1492 1529 1548 subserviisset
1558 1530 1574 1553 ,
1625 1500 1885 1543 mortuus
1930 1496 2053 1551 est,
2100 1496 2155 1542 et

568 1588 702 1643 vidit
737 1587 1150 1657 corruptionem
1201 1603 1214 1638 :
1255 1599 1417 1655 quem
1464 1598 1594 1637 vero
1638 1583 1783 1636 Deus
1829 1578 2149 1643 suscitavit,

569 1695 676 1735 non
708 1680 843 1734 vidit
863 1679 1269 1748 corruptionem
1297 1687 1344 1731 ο.
1374 1695 1392 1728 ι
1426 1675 1553 1733 Haec
1583 1674 1651 1729 iis
1674 1674 1765 1743 qui
1798 1673 1999 1727 audent
2030 1685 2151 1741 per-

2255 463 2578 534 δεξαμὲνου,
2610 463 2781 517 πάλαι
2810 460 3014 515 τούτων
3057 459 3158 532 τὴν
3202 456 3505 530 ἑρμηνείαν
3535 454 3841 527 ποιησαμέ-

2256 571 2348 608 νου
2379 556 2447 610 ⁸⁷.
2501 547 2670 618 Οὗτος
2703 555 2750 587 ⁸⁸
2782 554 2892 627 γὰρ
2921 555 2981 608 ὲν
3024 549 3296 614 Ἰουδαίοις
3342 547 3700 621 δημηγορῶν,
3747 549 3841 602 καὶ

2254 651 2461 724 ταύτην
2500 651 2739 720 ἐνεγκὼν
2770 655 2851 717 είς
2886 652 3052 724 μέσον
3085 652 3184 724 τὴν
3236 649 3544 722 μαρτυρίαν
3570 649 3639 716 θ’,
3671 648 3836 709 οὑτως

2255 743 2361 815 ἔφη
2380 762 2394 776 ·
2428 765 2447 798 ι
2485 746 2710 817 ’Ἄνδρες
2731 745 2973 816 ἀδελφοὶ,
2999 745 3119 813 ἐξὸν
3151 746 3326 800 εἰπεῖν
3360 744 3498 815 μετά
3528 742 3839 817 παρρησίας

2256 838 2394 908 πρδς
2440 838 2587 907 ὑμᾶς
2616 837 2748 910 περὶ
2777 838 2872 892 τοῦ
2904 838 3248 911 πατριάρχου
3277 836 3460 901 Δασὶδ,
3490 837 3574 891 ὅτι
3604 838 3701 890 καὶ
3729 838 3842 891 ἐτε-

2254 927 2505 1000 λεύτησε,
2536 928 2632 983 καὶ⁵
2665 931 2863 1000 ἐτάφη,
2915 931 3010 985 καὶ
3054 929 3116 983 τὸ
3147 930 3339 1001 μνῆμα
3372 928 3540 984 αὑτοῦ
3587 930 3737 983 ἐστιν
3782 929 3841 983 ἐν

2254 1020 2387 1090 ήμῖν
2409 1021 2538 1092 ἄχρι
2569 1022 2667 1092 τῆς
2696 1023 2960 1093 σήμερον.
2995 1023 3291 1094 Προφήτης
3315 1017 3409 1077 οὖν
3436 1020 3723 1092 ὑπάρχων,
3748 1022 3842 1075 καὶ

2254 1110 2411 1176 είδὼς
2460 1114 2479 1145 ⁸
2519 1114 2602 1167 ὅτι
2647 1113 2798 1185 ὅρκῳ
2825 1112 3041 1183 ὤμοσεν
3071 1113 3223 1184 αὑτῷ
3251 1115 3280 1167 ὁ
3307 1112 3463 1177 Θεὸς,
3513 1113 3580 1167 ὲκ
3624 1111 3839 1185 καρποῦ

2253 1205 2356 1277 τῆς
2389 1208 2594 1277 ὀσφύος
2644 1208 2810 1262 αὑτοῦ
2855 1209 3183 1279 ἀναστήσειν
3226 1205 3288 1265 τὸ
3331 1203 3474 1259 κατὰ
3525 1204 3705 1276 σάρκα
3749 1202 3839 1257 τὸν

2254 1298 2492 1369 Χριστὸν
2541 1301 2584 1365 ¹,
2632 1299 2868 1373 προῖδὼν
2915 1300 3150 1371 ἐλάλησα
3181 1299 3309 1370 περὶ
3344 1299 3446 1369 τῆς
3491 1296 3843 1359 ἀναστάσεως

2254 1387 2441 1453 αὑτοῦ,
2476 1391 2557 1443 ὅτι
2589 1391 2688 1443 οὑκ
2718 1390 3118 1461 ἐγκατελείφθη
3143 1392 3220 1455 είς
3251 1389 3379 1462 ᾅδου
3407 1392 3440 1459 ἡ
3470 1387 3621 1459 ψυχὴ
3651 1387 3842 1454 αὑτοῦ,

2253 1481 2363 1535 οὐδ’
2397 1483 2429 1554 ἡ
2477 1483 2615 1554 σὰρξ
2654 1483 2821 1538 αὑτοῦ
2868 1479 2977 1537 εἶδε
3010 1482 3328 1554 διαφθοράν.
3369 1500 3389 1534 ι
3433 1482 3544 1536 Καὶ
3589 1480 3871 1552 ἑτέρωθιὴ

2260 1591 2279 1625 ι
2320 1574 2487 1628 Δασὶδ
2520 1577 2619 1646 μὲν
2651 1576 2758 1650 γὰρ
2797 1577 2902 1649 ἰδίᾳ
2941 1579 3107 1648 γενεᾷ
3138 1576 3493 1646 ὑπηρετήσας
3527 1574 3770 1628 ἀπέθανε
3798 1574 3843 1639 ⁸,

2253 1667 2349 1720 καὶ
2381 1662 2492 1720 εἶδε
2536 1667 2868 1739 διαφθοράνσ
2903 1669 2964 1723 ὃν
3000 1669 3057 1723 δὲ
3098 1670 3128 1723 δ
3166 1667 3297 1730 Θεὸς
3329 1669 3572 1739 ἧγειρεν,
3608 1667 3708 1721 οὑκ
3735 1660 3846 1719 εἶδε

566 1786 752 1841 peram
792 1737 1171 1840 interpretari,
1215 1778 1382 1839 atque
1420 1769 1587 1823 etiam
1635 1764 1838 1821 ludatis
1879 1763 2150 1819 afferenda

2254 1758 2573 1831 διαφθοράν.
2614 1780 2633 1812 ι
2674 1762 2908 1818 Ταῦταδ
2950 1762 3048 1815 καὶ¹
3094 1762 3208 1824 τοῖς
3240 1759 3685 1830 παρερμηνεύειν
3721 1757 3847 1811 τολ-

567 1874 694 1918 sunt
732 1880 747 1916 :
788 1862 1134 1917 manifestam
1175 1861 1321 1915 enim
1358 1859 1560 1913 habent
1589 1855 2018 1912 conlutalionem
2056 1852 2152 1909 Ju-

566 1955 848 2010 daicorum
875 1953 1218 2009 deliriorum.
1248 1951 1391 2007 Dicit
1422 1951 1589 2022 igitur
1610 1948 1876 2004 Dominus
1897 1947 2152 2003 Christus

568 2045 809 2101 humano
850 2059 1005 2100 more
1056 2045 1221 2099 etiam
1275 2043 1365 2099 hic
1412 2060 1427 2099 :
1475 2042 1587 2112 Ego
1635 2056 1667 2097 a
1721 2041 1902 2097 divina
1955 2048 2150 2094 natura

567 2137 827 2193 continue
857 2138 1267 2203 corroboratus,
1296 2137 1361 2191 ad
1394 2135 1690 2191 Salutarem
1725 2133 2037 2204 passionem
2064 2146 2154 2186 ac—

566 2230 704 2283 cedo
731 2268 747 2293 ,
798 2238 853 2284 et
901 2229 1318 2284 resurrectionis
1355 2242 1450 2298 spe
1486 2227 1719 2299 gaudeo.
1748 2223 1886 2280 Nam
1917 2222 1945 2263 (ι
1979 2240 2152 2295 neque

568 2319 752 2372 anima
784 2334 904 2373 mea
949 2319 1003 2373 in
1045 2319 1263 2374 inferno
1287 2319 1717 2388 dcrelinquetur,
1747 2332 1846 2372 nec
1875 2331 2004 2370 caro
2031 2330 2150 2369 mea

566 2410 982 2479 corruptionem
1008 2409 1222 2464 naturae
1245 2417 1634 2478 congruentem
1665 2406 1977 2462 sustinebit.
1999 2403 2155 2460 Veloo

565 2517 684 2556 cem
709 2501 856 2557 enim
890 2502 1348 2557 resurrectionem
1377 2514 1709 2571 consequar,
1729 2509 1784 2555 et
1816 2500 1868 2553 in
1882 2498 2047 2570 694.
2064 2499 2149 2551 vi-

566 2603 676 2647 tam
712 2593 935 2658 redibo,
969 2592 1227 2647 omnibus
1261 2591 1578 2646 hominibus
1619 2592 1760 2646 hanc
1794 2591 1932 2645 viam
1965 2597 2151 2644 osten-

563 2684 702 2739 dens
743 2700 758 2737 :
813 2702 831 2736 ι
866 2682 1122 2754 lmplebis
1169 2698 1257 2737 me
1284 2682 1471 2736 laetitia
1507 2697 1631 2736 cum
1665 2681 1819 2736 vultu
1850 2690 1973 2746 tuo,
2006 2679 2152 2734 delc-

564 2775 831 2829 ctationes
864 2774 916 2828 in
951 2774 1174 2828 dextera
1205 2781 1296 2828 tua
1325 2781 1455 2828 sunt
1478 2774 1533 2826 in
1565 2781 1912 2843 perpetuum.
1942 2790 1962 2824 ι
1997 2770 2148 2836 Quo-

446 2862 451 2867 ’
550 2867 711 2920 niam
752 2880 876 2920 cum
918 2865 986 2919 ad
1032 2879 1250 2919 crucen
1284 2864 1609 2931 accederet,
1637 2863 1899 2917 dicebat:
1935 2880 1954 2913 ι
1986 2860 2151 2916 Valde

567 2955 740 3011 trisris
773 2965 858 3011 est
889 2957 1074 3011 anima
1122 2972 1243 3011 mea
1279 2971 1454 3026 DSqtlc
1495 2957 1561 3010 ad
1604 2963 1836 3010 mortem
1871 2964 1926 3019 θ,
1970 2972 1988 3005 ι
2035 2968 2151 3009 mc-

446 3063 451 3068 ‘
566 3047 673 3102 rito
706 3047 790 3100 his
820 3047 1003 3101 verbis
1029 3062 1160 3103 usus
1188 3057 1273 3103 est
1302 3064 1427 3103 cum
1462 3048 1530 3102 de
1560 3049 1967 3103 resurrectione
1996 3061 2151 3101 men-
2179 3082 2221 3141 ο

568 3140 770 3194 tionem
800 3138 1022 3203 faceret,
1051 3141 1273 3208 docens,
1301 3155 1400 3211 pro
1428 3141 1520 3196 illa
1554 3141 1817 3197 mmstitia
1851 3155 1910 3195 se
1945 3140 1998 3194 in
2025 3155 2151 3209 per-

566 3242 729 3303 petuo
763 3235 965 3303 gaudio
1002 3234 1121 3289 fore
1144 3273 1161 3301 ,
1194 3233 1550 3303 impatibilem
1573 3276 1588 3299 ,
1628 3234 2020 3289 immutabilem
2047 3276 2061 3299 ,
2098 3242 2154 3288 et

566 3326 957 3392 immortalem,
983 3327 1288 3382 secundum
1315 3328 1612 3381 humanam
1639 3341 1861 3397 quoque
1878 3336 2150 3381 naturam.

564 3415 700 3472 Nam
736 3427 795 3473 ut
826 3416 1007 3482 Deus,
1047 3419 1151 3472 hoc
1178 3427 1298 3474 erat
1327 3434 1566 3490 semper,
1604 3428 1769 3489 atque
1796 3420 1959 3473 etiam
1991 3418 2039 3473 ei
2072 3416 2149 3471 [ιι-

567 3512 675 3566 cile
705 3520 823 3565 erat
855 3519 869 3534 '
900 3512 1004 3567 hoc
1032 3512 1285 3567 humanae
1316 3522 1526 3567 natura:
1559 3511 1800 3582 praebere
1820 3551 1834 3578 ,
1877 3527 2001 3567 cum
2035 3511 2150 3581 pri-

570 3618 721 3657 mum
754 3604 806 3657 in
843 3614 1000 3659 utero
1043 3604 1277 3658 forunata
1310 3613 1412 3659 est.
1456 3604 1656 3658 Verum
1700 3618 1798 3673 per
1832 3602 2152 3658 alliictiones

570 3695 824 3764 progredi
860 3696 1110 3763 permisit
1148 3705 1399 3750 naturam
1422 3711 1588 3766 quam
1612 3704 1921 3765 acceperat,
1956 3704 2014 3749 ut
2047 3695 2151 3749 hoc

571 3787 734 3841 modo
779 3802 970 3842 eversa
1017 3789 1223 3857 peccati
1270 3788 1510 3857 potentia
1559 3787 1764 3842 diaboli
1804 3786 2146 3858 tyrannidem

569 3880 808 3947 Sedaret,
830 3892 882 3935 et
905 3881 1098 3936 mortis
1122 3881 1410 3950 imperium
1439 3880 1764 3947 destrueret,
1783 3881 2150 3950 omnibusque

570 3972 890 4028 hominibus
932 3973 1356 4029 resurrectionis
1392 3972 1708 4029 facultatem
1758 3973 2038 4043 praeberet.
2085 3968 2151 4027 Ut

571 4064 737 4119 homo
760 4064 925 4135 igitur
944 4105 958 4131 ,
987 4075 1039 4120 et
1064 4065 1528 4136 incorruptionem
1552 4104 1568 4126 ,
1597 4074 1651 4120 et
1682 4063 2145 4121 immortalitatem

566 4154 786 4223 accipit.
823 4152 922 4209 llic
949 4154 1215 4225 psalmus,
1250 4165 1307 4209 ct
1329 4156 1466 4223 Arii,
1501 4165 1555 4209 ct
1583 4153 1864 4219 Eunomii,
1897 4163 1953 4210 et
1979 4153 2149 4225 Apol-

566 4247 758 4301 linaris
797 4246 1130 4301 dementiam
1178 4248 1477 4319 redarguit.
1535 4246 1603 4303 Hi
1653 4247 1922 4318 siquidem
1976 4246 2146 4303 Deum

566 4337 803 4393 Verbum
837 4338 1197 4393 inanimatum
1229 4356 1429 4410 corpus
1456 4342 1827 4411 assumpsisse
1852 4340 2144 4395 dixerunt:

2257 1850 2435 1921 μῶσιν
2510 1854 2812 1923 ἀναγκαῖον
2873 1854 3173 1926 προφέρειν
3223 1854 3278 1886 ⁵ο
3339 1854 3435 1907 καλ⁸
3492 1851 3679 1923 μέντοι
3747 1851 3850 1905 καὶ

2265 1942 2577 2008 Ἰουδαίοις·
2632 1948 2889 2018 προφανῆ
2932 1948 3040 2019 γάρ
3071 1947 3092 1978 ⁶
3125 1947 3348 2017 ἔλεγχον
3390 1944 3505 2016 ἔχει
3545 1945 3646 2016 τῆς
3707 1945 3849 1998 ἰου-

2251 2036 2415 2090 δαίων
2466 2038 2486 2067 ⁷
2541 2038 2960 2110 ὲμϐροντησίας.
3017 2040 3181 2108 Λέγει
3227 2039 3411 2093 τοίνυν
3469 2039 3499 2092 ὁ
3562 2039 3849 2108 Δεσπότης

2253 2127 2487 2199 Χριστὸς
2517 2129 2873 2201 ἀνθρωπίνως
2910 2130 3191 2185 κάνταῦθα
3223 2129 3267 2197 ³,
3307 2132 3388 2186 ὅτι
3423 2130 3704 2202 Διηνεκῶς
3735 2128 3849 2182 ὑπὸ

2250 2219 2351 2290 τῆς
2376 2219 2527 2283 θείας
2566 2219 2962 2292 στηριζόμενος
3005 2223 3224 2291 φύσεως
3252 2221 3331 2294 τῷ
3376 2223 3633 2295 σωτηρίῳ
3666 2221 3851 2291 πρόσ-

2252 2326 2368 2379 ειμι
2417 2309 2604 2378 πάθει,
2653 2310 2752 2365 καὶ
2796 2315 2863 2384 τῇ
2911 2312 3090 2367 ἑλπίδι
3132 2313 3230 2385 τῆς
3272 2313 3624 2378 ἀναστάσεως
3672 2314 3847 2366 tasu-

2253 2401 2556 2472 φραίνομαι
2601 2405 2643 2458 ’.
2686 2403 2827 2459 Οὔτε
2856 2406 2967 2477 γὰρ
3001 2408 3034 2478 η
3064 2406 3208 2479 ψυχή
3248 2423 3353 2477 μου
3384 2407 3465 2469 είς
3495 2404 3625 2478 ᾅδου
3673 2422 3850 2461 κατα-

2251 2491 2626 2565 λειξοήσεται,
2669 2496 2782 2549 οὐθ’
2832 2499 2866 2569 ή
2915 2497 3053 2570 σάρξ
3101 2516 3204 2568 μου
3254 2499 3519 2567 ὑπομενεί
3560 2496 3661 2569 τὴν
3697 2494 3848 2551 κατά

2252 2583 2417 2652 φύσιν
2476 2585 2798 2658 διαφθοράν.
2861 2589 3101 2660 Ταχείας
3154 2587 3264 2660 γάρ
3314 2587 3417 2659 τῆς
3484 2588 3846 2651 ἀναστάσεως

2251 2677 2534 2750 τεύξομαι,
2592 2682 2689 2737 καὶ
2750 2683 2832 2745 είς
2908 2683 3011 2752 τὴν
3067 2681 3214 2750 ζωὴν
3289 2678 3582 2752 ἐπανήξωο
3663 2680 3847 2734 ἅπασι

2250 2771 2459 2844 ταύτην
2513 2772 2826 2846 ἀνθρώποις
2895 2772 3215 2836 ὑποδεικνὺς
3261 2771 3364 2843 τὴν
3422 2772 3561 2828 ὁδόν.
3618 2790 3638 2824 ι
3693 2772 3847 2842 Πλη-

2258 2863 2455 2936 ρώσεις
2502 2884 2573 2938 με
2620 2865 2963 2939 εὐφροσύνης
3013 2866 3155 2939 μετά
3216 2865 3313 2920 τοῦ
3359 2865 3655 2936 προσώπου
3715 2881 3846 2933 σου,

2251 2959 2560 3032 τερπνότης
2601 2960 2660 3012 ὲν
2702 2961 2770 3031 τῇ
2814 2957 2967 3030 δεξιᾷ
3018 2974 3114 3012 σου
3160 2959 3242 3023 είς
3284 2957 3460 3024 τέλος.
3521 2979 3543 3015 ι
3618 2959 3848 3033 Ἐπειδὴ

2252 3053 2331 3125 τῷ
2376 3052 2541 3108 πάθει
2597 3051 2844 3125 προσιὼν
2892 3050 3083 3121 ἔλεγε,
3152 3071 3173 3105 ι
3239 3053 3545 3124 Περίλυπός
3599 3055 3750 3108 ἔστιν
3808 3056 3847 3126 ἡ

2252 3144 2397 3216 ψυχή
2453 3162 2556 3215 μου
2596 3145 2702 3209 ἓως
2758 3145 3028 3200 θανάτου*
3071 3165 3089 3198 ι
3141 3145 3371 3210 εἰκότως
3419 3145 3631 3209 τούτοις
3674 3148 3850 3218 ὲχρή-

2255 3254 2386 3291 σατο
2441 3240 2556 3302 τοῖς
2591 3237 2775 3309 λόγοις
2823 3239 2920 3310 τῆς
2968 3239 3321 3302 ἀναστάσεως
3360 3239 3742 3310 μνημονεύσας
3775 3243 3847 3309 ³⁸.

2252 3329 2519 3385 διδάσκων
2553 3330 2630 3395 ὡς
2661 3331 2786 3386 ἀντὶ
2818 3332 2920 3402 τῆς
2960 3329 3199 3401 ἀθυμίας
3249 3331 3466 3402 ἐκείνης
3514 3334 3577 3385 ὲν
3602 3332 3849 3404 διηνειεὶ

2253 3418 2490 3492 θυμηδίᾳ
2551 3422 2878 3492 γενήσεται,
2939 3417 3192 3492 ἀπαθὴς,
3252 3421 3349 3475 καὶ
3387 3421 3696 3491 ἄτρεπτος,
3746 3425 3846 3476 καὶ

2251 3511 2538 3577 ἀθάνατος,
2600 3514 2697 3567 καὶ
2736 3515 2777 3546 ⁸⁸
2840 3512 2985 3568 κατὰ
3018 3513 3116 3585 τὴν
3162 3512 3514 3585 ἀνθρωπείαν
3576 3512 3619 3543 ⁸³
3675 3512 3844 3583 φύσιν

2251 3607 2561 3678 γενόμενος.
2607 3607 2696 3671 Ὠς
2728 3606 2839 3679 γὰρ
2892 3607 3048 3670 Θεὸς,
3085 3607 3243 3661 τοῦτο
3276 3603 3344 3680 ἦν
3380 3606 3492 3671 ἀεὶ,
3521 3606 3619 3661 καὶ
3652 3606 3843 3679 μέντοι

2251 3697 2347 3752 καὶ
2376 3700 2443 3768 τῇ
2473 3697 2792 3770 ἀνθρωπεία
2820 3693 2979 3766 φύσει
3010 3697 3173 3760 εὐθὺς
3203 3699 3262 3751 ἑν
3293 3699 3361 3768 τῇ
3397 3698 3583 3770 μήτρᾳ
3605 3695 3844 3751 διαπλα-

2253 3787 2441 3859 σθείσῃ
2491 3787 2653 3842 τοῦτο
2685 3791 2991 3858 παρασχεῖν
3036 3788 3186 3859 αὑτῷ
3228 3788 3272 3820 ³³
3313 3788 3498 3859 ῥᾴδιον
3542 3784 3633 3859 ἦν.
3680 3789 3844 3842 ’Λλλά

2249 3877 2337 3930 διὰ
2359 3878 2469 3932 τῶν
2502 3878 2690 3932 παθῶν
2719 3877 2938 3932 ὁδεῦσαι
2967 3882 3346 3949 συνεχώρησεν
3374 3879 3443 3949 ἢν
3473 3878 3707 3934 ἀνέλαϐε
3738 3880 3845 3949 φύ-

2252 3984 2358 4034 σιν,
2410 3970 2498 4025 ἵνα
2536 3968 2681 4024 οὕτω
2718 3970 2818 4041 τῆς
2860 3970 3135 4043 ἁμαρτίας
3178 3970 3493 4036 καταλύσας
3534 3972 3635 4044 τὴν
3673 3973 3845 4027 δυνα-

2251 4060 2458 4127 στείαν,
2484 4060 2669 4135 παύσῃ
2699 4064 2797 4134 μὲν
2817 4062 2911 4117 τοῦ
2937 4062 3185 4117 διαϐόλου
3212 4064 3312 4137 τὴν
3329 4065 3643 4136 τυραννίδα,
3676 4083 3846 4121 καταο

2248 4154 2386 4228 λύσῃ
2430 4154 2488 4208 δὲ
2542 4154 2638 4209 τοῦ
2676 4156 2912 4210 θανάτου
2945 4155 3008 4210 τὸ
3047 4158 3268 4225 κράτος,
3299 4158 3393 4211 καὶ
3425 4160 3591 4212 πᾶσιν
3620 4159 3846 4231 ἀνθρὼ-

2249 4264 2375 4313 ποις
2426 4248 2692 4319 παράσχῃ
2737 4247 2836 4319 τὴν
2869 4250 2969 4319 τῆς
3002 4248 3354 4313 ἀναόιὼσεως
3406 4250 3691 4323 ἀφορμήν.
3747 4252 3845 4316 ⁸ος

2249 4339 2536 4412 ἄνθρωπος
2564 4340 2764 4403 τοίνυν,
2798 4341 2895 4394 καὶ
2927 4341 3026 4412 τὴν
3058 4342 3391 4414 ἀφθαρτίαν,
3425 4343 3523 4397 καὶ
3562 4344 3662 4414 τὴν
3696 4345 3843 4397 diﬁc-

565 4428 897 4500 Apollinaris
922 4418 1054 4485 vero
1082 4432 1385 4485 animatum
1430 4432 1652 4503 quidem
1697 4430 1992 4502 appellavit
2020 4446 2146 4487 cor-

2253 4433 2442 4488 νασίαν
2473 4433 2766 4503 λαμϐάνει.
2801 4427 2972 4494 Οὗτος
3013 4435 3041 4487 ὀ
3083 4433 3297 4506 «tam;
3339 4436 3434 4489 καὶ
3465 4436 3566 4507 τὴν
3602 4436 3841 4508 Ἀρείου,

565 4541 667 4596 pus
697 4527 844 4596 quod
877 4538 1217 4597 assumptum
1256 4538 1375 4592 est,
1421 4527 1516 4582 sed
1547 4525 1651 4582 hoc
1675 4526 1858 4581 anima
1890 4524 2145 4580 rationali

2253 4526 2346 4578 καὶ
2377 4525 2476 4597 τὴν
2519 4525 2810 4595 Εὑνομίου,
2859 4527 2956 4581 καὶ
2995 4527 3372 4601 Ἀπολιναρίου
3402 4527 3849 4599 φρενοϐλάϐειαν

566 4614 816 4684 privavit.
846 4615 1041 4687 Ignoro
1063 4615 1207 4671 unde
1232 4614 1330 4669 has
1353 4615 1597 4683 geminas
1624 4615 1835 4668 animas
1862 4613 2143 4669 didicerit:

2253 4618 2485 4687 ἐλέγχει.
2531 4617 2596 4669 Oi
2626 4617 2727 4687 μὲν
2760 4616 2871 4689 γὰρ
2906 4618 3068 4692 σῶμα
3113 4618 3321 4691 ἄψυχον
3362 4620 3458 4674 τὸν
3486 4620 3622 4674 Θεὶν
3659 4620 3849 4686 Λόγον

566 4708 758 4761 nullibi
804 4711 949 4762 enim
996 4708 1183 4764 divina
1231 4706 1513 4777 Scriptura
1562 4706 1666 4762 hoc
1715 4706 1895 4763 docet.
1942 4705 2142 4761 Verum

2253 4707 2402 4763 εἷπον
2430 4709 2804 4779 ἀνειληφέναι.
2846 4712 3223 4784 Ἀπολινάριος
3252 4712 3310 4767 δὲ
3346 4711 3603 4785 ἔμψυχον
3642 4712 3740 4783 μὲν
3773 4713 3853 4766 τὺ

568 4799 769 4867 pariter
809 4810 1033 4857 sanctus
1074 4800 1312 4872 Spiritus
1356 4815 1454 4870 per
1501 4800 1720 4855 beatum
1770 4799 2032 4856 Davidem
2077 4800 2144 4856 de

2253 4799 2558 4872 ἀναληφθὲν
2590 4799 2819 4854 ἐκάλεσε
2851 4801 3033 4873 σῶμα,
3064 4802 3165 4874 τῆς
3204 4803 3261 4857 δὲ
3295 4802 3525 4875 λογικῆς
3561 4801 3695 4857 αὐτὸ
3728 4798 3817 4871 (Pu
3848 4831 3853 4835 ε

638 4979 667 5021 ιι
698 4976 820 5036 Act.
858 4998 933 5049 ιι,
958 4982 1146 5039 29-51.
1225 4993 1249 5023 ο
1282 4983 1405 5040 Act.
1445 4998 1591 5049 xm,
1631 4980 1735 5050 '56,
1776 4982 1867 5037 57.
1943 4979 1973 5021 δ
2008 4981 2131 5036 Aet.

2313 4991 2338 5021 ο
2366 4980 2558 5036 Matth.
2593 4998 2751 5048 xxvi,
2784 4982 2873 5038 58.

1657 5200 1894 5257 νΑιιιᾸς
1938 5199 2325 5257 LECTIONES
2357 5200 2448 5257 ΕΤ
2481 5199 2716 5258 NOTAE.

631 5357 681 5393 "
709 5356 834 5428 cod.
858 5356 910 5422 l,
929 5356 965 5410 ’Ξ
994 5357 1340 5427 ποιουμένου.
1365 5357 1440 5414 ita
1473 5372 1689 5428 quoque
1727 5356 1890 5412 Cord.
1921 5373 1975 5426 p.
2004 5358 2136 5428 277.7

2253 5360 2257 5387 ί
2287 5352 2566 5428 Οὗτος-
2591 5357 2728 5428 ἔφη.
2761 5357 2885 5428 cod.
2921 5355 3067 5413 Flor.
3100 5357 3213 5414 hrrc
3242 5373 3413 5428 pauca
3450 5358 3631 5424 habet,
3654 5360 3709 5412 ὲν
3744 5355 3852 5426 οἷς

562 5427 735 5500 λέγει.
811 5427 856 5459 ’⁸
874 5428 1242 5500 Μαρτυρίᾳη.
1265 5430 1386 5485 cod.
1410 5429 1445 5483 2
1472 5427 1526 5483 et
1553 5427 1722 5500 βοαί.
1754 5427 1879 5500 l._c.
1908 5427 2151 5500 ἑρμηνεῖς

2263 5496 2274 5500 _
2307 5429 2324 5460 ί
2353 5427 2541 5495 Εἰδὼς
2564 5427 2635 5468 -έ
2658 5427 2948 5500 Aldinae.
2979 5428 3100 5484 cod.
3137 5427 3295 5500 Flor.
3321 5429 3564 5500 προϊδὼν
3592 5430 3661 5500 τᾲ
3690 5447 3771 5500 ῖτε

561 5496 663 5570 τῆς
696 5498 1049 5570 ἀναστάσεως
1078 5497 1172 5570 τοῦ
1203 5499 1441 5570 Χριστοῦ
1473 5499 1750 5570 ἐλάλησεη
1800 5498 1820 5529 ³
1844 5496 2123 5570 Χρισξόκ.

2253 5496 2531 5570 lissasunt
2554 5513 2677 5570 qua:
2698 5498 2735 5553 Ι.
2760 5514 2811 5570 c__.
2842 5496 3424 5570 sequunturtgeailfoat
3455 5501 3549 5553 ἐπὶ
3574 5497 3667 5570 τοῦ
3688 5496 3853 5570 θρόο

564 5565 655 5623 νου
677 5567 866 5623 αὑτοῦ.
944 5567 965 5598 ³
983 5565 1283 5636 Ἀπέθανε.
1309 5567 1427 5623 Alia
1451 5578 1533 5624 est
1556 5565 1716 5622 lectio
1739 5566 1777 5622 l.
1811 5584 1861 5623 ε.
1889 5565 1897 5566 “
1936 5567 1958 5598 δ
1983 5565 2151 5621 Tanti

2253 5597 2267 5608 -
2287 5565 2740 5636 ὲμϐροντήσίας.
2776 5567 2901 5636 Dies.
2919 5565 2988 5624 ‘in
3017 5570 3138 5624 cod.
3165 5567 3311 5624 Flor.
3391 5570 3413 5601 '
3432 5571 3552 5625 cod.
3586 5569 3620 5623 2
3648 5565 3857 5636 πρὸσ-

566 5638 773 5709 φερειν.
850 5639 872 5709 9
901 5635 1249 5709 ΓάρηΑϋεει
1275 5653 1306 5692 a
1331 5640 1453 5693 cod.
1481 5641 1533 5706 l,
1556 5637 1612 5709 2.
1689 5639 1707 5668 "
1740 5636 2056 5709 Ἰουδαίων.
2090 5652 2151 5709 eo

2253 5635 2526 5709 Ξτοὺτων.
2568 5635 2617 5709 ⁷-⁸
2641 5638 2769 5709 cod.
2807 5635 2952 5709 Flor.
2986 5637 3236 5709 ἐνταῦθα.
3310 5636 3482 5709 food.
3526 5641 3551 5696 1
3585 5635 3852 5708 strepat-

568 5706 751 5777 νομαι.
828 5708 872 5741 ⁸⁸
892 5707 1015 5765 cod.
1052 5707 1077 5761 l
1118 5709 1493 5778 μνημονεύων.
1573 5708 1612 5739 ⁸³
1639 5707 1770 5767 Καί.
1792 5708 1961 5764 Abest
1987 5721 2018 5762 a
2047 5707 2148 5763 cod

2253 5744 2264 5762 .
2343 5708 2387 5738 ³³
2416 5708 2538 5764 cod.
2567 5706 2603 5763 Ξ
2629 5707 2996 5780 ἀνθρωπίνην.
3068 5709 3110 5741 ¹⁸
3140 5708 3260 5767 cod.
3300 5708 3323 5764 Ι
3356 5710 3519 5782 αὐτῇ.
