4004 6216
485 299 582 367 99!

1472 297 1959 360 TIIEODORETI
1983 295 2320 356 EI’lSCOPl
2351 296 2716 358 CYRENSIS

3641 295 3757 358 992

480 413 730 471 eumdem
749 413 1019 469 ordinem.
1040 412 1277 466 Primam
1302 410 1521 481 quidem
1547 426 1664 463 eam
1690 425 1811 479 quae
1840 409 1891 462 in
1913 424 2067 463 crea—

2173 408 2250 478 τῷ
2293 408 2493 479 ψαλμῷ
2531 409 2657 471 τοὺς
2692 405 3013 480 ἀνθρώπους
3060 404 3306 461 παιδεύει
3332 447 3346 471 ,
3405 404 3500 459 καὶ
3528 405 3574 437 ⁸⁸
3606 408 3752 462 κατὰ

482 507 635 561 tione
680 505 1026 559 conditorem
1067 503 1343 572 praedicat.
1384 500 1585 555 Deinde
1630 515 1750 554 eam
1798 515 1922 569 quae
1968 515 2065 568 per

482 596 669 651 Mosen
701 595 826 649 data
848 595 968 657 fuit,
1003 610 1125 664 qute
1154 596 1414 658 majorem
1436 592 1752 645 Conditoris
1780 591 2063 645 scientiam

484 690 800 744 volentibus
829 688 894 742 ad
934 688 1079 741 illam
1130 688 1411 741 attendere
1463 685 1688 755 pnehet.
1738 684 1864 739 Post
1898 685 2060 749 hanc,

485 779 659 848 legent
707 779 912 849 gratiae,
963 793 1085 847 quae
1132 776 1343 830 animas
1391 775 1626 845 perfecte
1670 785 1885 844 purgat,
1938 783 1991 827 et
2034 788 2065 828 a

487 868 743 938 praesenti
798 868 1023 923 interitu
1076 866 1289 921 liberat.
1336 867 1628 935 Propterea
1679 875 1735 919 et
1780 866 1836 918 in
1864 868 1879 885 °
1906 866 2067 935 ﬁnem

488 975 591 1015 nos
625 958 870 1028 psalmus
905 957 1245 1023 transmittit,
1295 972 1496 1011 novum
1531 956 1583 1010 in
1617 956 1723 1012 ﬁne
1772 965 2069 1013 testamen-

492 1062 604 1105 tum
643 1051 963 1120 praedicens.

560 1272 797 1328 νεῖαι-ιθ..
840 1291 859 1324 ι
902 1269 1037 1326 lei
1065 1278 1329 1324 enarrant
1357 1268 1588 1340 gloriam
1621 1268 1739 1333 Dei,
1787 1278 1841 1324 et
1900 1285 2067 1338 opera

490 1381 749 1419 manuum
781 1363 902 1431 ejus
944 1361 1237 1417 annuntiat
1274 1360 1701 1417 ﬁrmamentum.
1741 1380 1760 1413 ι
1833 1360 2066 1428 Suﬁicit,

491 1457 686 1526 inquit,
718 1456 801 1508 vel
827 1456 943 1510 sola
974 1453 1239 1509 caelorum
1271 1468 1394 1523 quae
1421 1452 1667 1507 cernitur
1716 1453 2069 1523 pulchritudo

489 1559 653 1617 atque
688 1546 1024 1618 magnitudo,
1056 1545 1124 1601 ad
1155 1543 1385 1615 Opiﬁcis
1426 1545 1891 1615 magniﬁcentiam
1930 1562 2070 1615 prmo

486 1639 796 1695 dicandam.
830 1638 887 1693 Si
919 1638 1066 1693 enim
1101 1637 1195 1707 qui
1230 1636 1529 1690 maximum
1562 1646 1616 1691 et
1641 1636 2066 1706 pulcherrimum

2169 502 2266 573 τὴν
2308 502 2478 573 αὐτὴν
2535 502 2710 567 τάξιν.
2751 501 2974 573 Πρῶτον
3035 499 3135 571 μὲν
3184 499 3279 552 τὸν
3329 499 3388 551 ἐν
3446 502 3510 568 τῇ
3570 500 3753 555 κτίσει

2166 593 2507 662 κηρύττοντα
2537 594 2628 647 τὸν
2656 591 3026 663 δημιουργόνο
3072 585 3195 644 εἶτα
3242 590 3335 643 τὸν
3369 589 3459 643 διὰ
3502 590 3754 654 Μωσέως

2167 684 2391 739 δοθέντα
2414 725 2430 747 ,
2477 686 2570 739 τοῦ
2622 683 2961 757 δημιουργοῦ
2995 684 3040 717 ⁸⁸
3091 682 3318 736 πλείονα
3375 681 3579 752 γνῶσιν
3639 684 3756 746 τοῖς

2170 778 2461 848 προσέχειν
2505 777 2778 832 ἐθέλουσιν
2827 776 3148 830 ὲντιθέντα·
3196 774 3337 846 μετὰ
3391 774 3608 840 τοῦτον,
3662 773 3757 826 τὸν

2168 868 2271 939 τῆς
2302 869 2544 939 χάριτος,
2577 867 2763 921 τέλεον
2790 867 2891 931 τὰς
2916 866 3096 938 ψυχὰς
3134 865 3612 936 ἀποκαθάροντα.
3661 866 3756 919 καὶ

2167 960 2269 1029 τῆς
2307 957 2591 1031 παρούσης
2630 958 3027 1028 ἐλευθεροῦντα
3096 958 3302 1029 φθορᾶς
3326 975 3341 990 ⁸
3394 953 3457 1013 οὖ
3488 957 3555 1028 δὴ
3596 957 3758 1029 χάριν

2171 1052 2265 1106 καὶ
2296 1054 2384 1118 εις
2413 1051 2478 1106 τὸ
2518 1052 2695 1118 τέλος
2719 1053 2869 1124 ἡμᾶς
2911 1052 2940 1105 6
2974 1049 3189 1121 ψαλμὸς
3230 1050 3626 1122 παραπέμπει,
3659 1050 3757 1120 τὴν

2171 1143 2364 1215 καινὴν
2391 1144 2448 1197 ὲν
2466 1143 2511 1175 ⁷⁸
2542 1143 2618 1215 τῷ
2639 1143 2785 1198 τέλει
2815 1135 3083 1214 διαθήκην
3122 1142 3539 1215 προαγορεύων.

2242 1266 2307 1338 β’.
2346 1287 2364 1319 ι
2403 1269 2465 1320 Οἱ
2510 1267 2731 1339 οὐρανοὶ
2774 1266 3089 1339 διηγοῦνται
3128 1267 3287 1335 δόξαν
3319 1267 3457 1322 Θεοῦ
3486 1283 3503 1299 ο
3536 1269 3756 1340 ποίησιν

2169 1358 2227 1411 δὲ
2276 1359 2477 1429 χειρῶν
2521 1359 2686 1413 αὑτοῦ
2735 1360 3060 1429 ἀναγγέλλει
3103 1360 3164 1415 τὸ
3206 1360 3514 1432 στερέωμα.
3562 1381 3583 1414 ι
3632 1361 3756 1431 Ἀρι

2172 1453 2260 1503 κεί
2287 1451 2353 1515 ⁷⁸,
2395 1452 2549 1521 φησι,
2581 1451 2676 1505 καὶ
2718 1452 2877 1522 μόνον
2909 1451 3232 1525 φαινόμενον
3258 1453 3367 1507 τῶν
3401 1452 3661 1524 οὐρανῶν
3693 1453 3752 1506 τὸ

2173 1542 2368 1607 κάλλος
2403 1546 2508 1598 ’καὶ
2550 1543 2799 1614 μέγεθος,
2825 1544 2920 1599 τοῦ
2946 1543 3298 1617 Δημιουργοῦ
3326 1545 3428 1617 τὴν
3458 1545 3696 1617 δύναμιν
3712 1547 3754 1578 ⁷⁸

2172 1635 2440 1706 κηρύξαιο
2473 1637 2522 1690 εἰ
2557 1637 2665 1708 γὰρ
2690 1638 2718 1691 ὀ
2762 1637 3030 1708 μεγίστην
3068 1639 3163 1692 καὶ
3207 1638 3509 1708 καλλίστην
3546 1638 3756 1692 οἰκοδο-

487 1732 776 1786 zcdiﬁcinm
829 1730 1074 1800 inspicit,
1108 1728 1474 1784 architectum
1538 1728 1807 1793 miratur;
1865 1738 1920 1783 et
1970 1730 2065 1799 qui

2175 1729 2304 1797 μίαν
2354 1726 2663 1798 θεώμενος,
2726 1728 2818 1782 τδν
2876 1729 3160 1801 οἰκοδόμον
3204 1729 3525 1801 θαυμάζει’
3587 1730 3689 1785 xui.
3728 1730 3756 1781 6

488 1824 762 1894 navigium
799 1823 948 1877 videt
977 1822 1114 1876 bene
1141 1830 1196 1876 et
1219 1820 1499 1890 eleganter
1531 1830 1927 1882 constructum,
1977 1836 2067 1876 ar-

490 1914 688 1969 tillcrm
717 1914 1063 1978 considerat;
1100 1920 1154 1967 et
1185 1926 1310 1967 cum
1344 1913 1806 1982 contemplatione
1867 1912 2066 1983 imagi-

492 2007 577 2062 uis
607 2007 755 2061 subit
786 2006 1051 2061 memoria
1083 2005 1350 2076 pictoris:
1404 2004 1578 2058 multo
1635 2004 1810 2074 magis
1876 2004 2066 2059 mundi

493 2095 720 2163 fabrica,
753 2113 872 2167 qua’
903 2098 1169 2161 cernitur,
1202 2098 1267 2151 ad
1305 2094 1569 2167 Opilicem
1596 2096 1843 2151 videntes
1893 2096 2064 2151 ducit.

491 2187 570 2242 De
597 2188 739 2243 cwlo
769 2188 934 2258 718
991 2196 1200 2253 autem,
1254 2199 1308 2242 et
1364 2188 1433 2241 de
1490 2186 1857 2252 ﬁrmamento,
1911 2187 2067 2257 juxta

494 2279 677 2350 magni
710 2278 873 2334 Musis
899 2279 1229 2343 doctrinam,
1263 2279 1426 2333 verba
1490 2276 1639 2332 facit.
1695 2277 1907 2332 Etenim
1975 2278 2068 2333 ille

495 2367 672 2437 primo
705 2368 901 2422 cwlum
933 2367 1139 2422 factum
1172 2368 1343 2423 fuisse
1369 2367 1521 2432 dicit,
1556 2368 1751 2423 deinde
1792 2378 1843 2423 et
1882 2368 2071 2424 ﬁrma-

494 2459 663 2515 menti
697 2460 975 2529 opiﬁcium
1008 2471 1433 2526 commemorat,
1477 2461 1620 2531 quod
1655 2477 1845 2516 rursus
1870 2462 2067 2517 coelum

493 2552 758 2609 cwlorum
792 2553 1103 2622 appellavit.
1137 2551 1357 2618 Plurale
1407 2563 1588 2608 autem
1657 2569 1854 2610 nomen
1905 2554 2072 2609 cado—

493 2658 615 2696 rum
656 2643 927 2699 neminem
960 2644 1218 2700 oﬂ'endat.
1255 2645 1406 2700 Solet
1433 2646 1579 2700 enim
1619 2644 1925 2715 Scriptura,
1964 2646 2070 2700 ali-

491 2736 712 2805 quando
741 2736 963 2807 quidem
996 2737 1365 2809 singulariter,
1393 2738 1689 2808 aliquando
1735 2753 1867 2794 vero
1926 2738 2070 2793 mul-

492 2829 742 2884 titudinis
799 2845 1032 2885 numero
1088 2846 1184 2885 eos
1244 2830 1543 2885 nominare.
1599 2831 1666 2885 Et
1722 2830 2071 2902 singulariter

492 2920 712 2990 quidem
761 2920 955 2978 beatus
1011 2920 1180 2977 David
1216 2922 1512 2976 nominat:
1577 2942 1595 2973 ι
1630 2920 1846 2976 Caelum
1900 2923 2066 2987 enim,

492 3012 590 3077 ait,
624 3013 746 3069 ειειί
781 3013 1013 3068 Domino
1044 3025 1092 3067 α.
1133 3033 1151 3066 ι
1192 3013 1258 3068 Et
1289 3029 1482 3068 rursus
1521 3031 1535 3068 :
1568 3033 1587 3065 ι
1626 3011 1731 3079 Qui
1761 3013 1931 3084 cingit
1958 3028 2070 3069 c03-

494 3103 606 3158 lum
637 3104 874 3159 nubibus
900 3104 952 3158 δ.
990 3122 1009 3155 ι
1048 3102 1416 3159 Multitudinis
1446 3117 1579 3158 vero
1610 3118 1837 3159 numero
1878 3119 2072 3160 rursus
2096 3086 2143 3148 (ἶ

495 3194 612 3263 ipse
645 3213 659 3249 :
699 3213 718 3246 ι
758 3193 1001 3249 Laudate
1047 3209 1197 3262 eum,
1235 3193 1435 3264 inquit,
1490 3193 1616 3248 (ιωιί
1663 3193 1925 3250 caelorum
1956 3204 2003 3250 α.
2046 3212 2065 3246 ι

495 3284 756 3341 Eamdem
808 3301 939 3340 vero
990 3286 1154 3341 habet
1205 3283 1684 3355 signiﬁcationem,
1716 3300 1882 3355 quam
1916 3285 2069 3350 illud,

496 3397 518 3430 ι
559 3378 767 3433 Caelum
794 3379 914 3434 οωιί
954 3377 1206 3433 Domino.
1248 3395 1266 3428 ι
1300 3375 1438 3432 Nam
1484 3375 1686 3432 callum
1718 3376 1866 3445 quod
1892 3378 2074 3432 cerni-

493 3481 602 3531 tur,
634 3470 798 3524 veluti
846 3470 1119 3539 quoddam
1181 3478 1381 3525 tectum
1438 3477 1598 3525 terrae
1628 3477 1878 3539 paratum
1932 3478 2068 3526 est:

491 3564 639 3632 quod
670 3579 800 3617 vero
827 3565 1080 3633 superius
1110 3576 1217 3629 est,
1268 3564 1320 3618 id
1366 3564 1549 3633 ipsqu
1583 3574 1667 3620 est
1724 3563 1851 3619 huic
1908 3565 2069 3631 cwlo,

492 3654 639 3722 quod
666 3654 770 3708 hoc
795 3655 991 3708 cmlunt
1022 3663 1105 3709 est
1140 3663 1321 3710 teme.
1355 3653 1649 3725 Propterea
1669 3656 1837 3726 igitur
1866 3658 2069 3713 cmlum

491 3744 616 3799 casti
649 3755 892 3810 Vocatur,
924 3754 979 3799 et
1016 3746 1140 3800 emli
1174 3746 1441 3801 caelorum
1502 3758 1911 3817 nuncupantur.
1978 3747 2071 3806 Sic

491 3851 714 3905 quoque
754 3836 1003 3891 videmus
1031 3837 1174 3907 apud
1209 3852 1308 3892 nos
1336 3836 1587 3893 civitates
1631 3854 1753 3908 quae
1788 3841 2068 3909 geminum

490 3942 689 3980 nomen
718 3926 935 3983 habent.
966 3926 1095 3982 Nam
1125 3937 1179 3983 et
1209 3927 1442 3985 Tarsqu
1472 3929 1730 3995 dicimus,
1761 3940 1816 3987 et
1836 3930 2061 3996 Tarsos,

493 4033 657 4071 unum
686 4018 1001 4074 civitatem:
1031 4028 1085 4075 et
1114 4020 1362 4088 Theben,
1415 4031 1470 4077 et
1527 4021 1767 4088 Thebas,
1815 4025 2067 4081 eamdem

491 4110 706 4163 urbem.
743 4110 833 4164 Sic
861 4109 1027 4165 etiam
1064 4110 1340 4183 Mycenam
1370 4123 1427 4167 et
1446 4111 1701 4181 Mycenas
1731 4113 1943 4185 antiqui
1968 4130 2067 4169 vo-

489 4199 708 4264 cabant,
739 4198 956 4255 unicam
983 4200 1256 4257 civitatem
1289 4202 1662 4275 intelligentes
1692 4204 2063 4263 multitudinis

489 4305 720 4346 numero
750 4293 1105 4347 nominatam.
1135 4291 1262 4348 "(BC
1287 4305 1471 4349 autem
1503 4309 1534 4349 2
1573 4310 1662 4349 me
1691 4310 1798 4350 non
1862 4307 2065 4353 temere

2171 1820 2381 1891 σκάφος
2420 1821 2563 1892 ὀρῶν
2611 1820 2672 1875 εὖ
2710 1823 2805 1875 καὶ
2848 1822 3032 1883 καλῶς
3086 1823 3629 1891 κατεσκευασμένον,
3666 1821 3755 1875 τὸν

2168 1913 2449 1981 ναυπηγὸν
2487 1915 2699 1967 ἒννοεῐο
2746 1914 2841 1967 καὶ
2883 1917 2951 1986 τῇ
3001 1913 3206 1986 θεωρία
3260 1914 3362 1984 τῆς
3405 1914 3621 1978 εἰκόνος
3652 1916 3685 1983 ἠ
3710 1914 3755 1951 ⁷-³

2168 2001 2263 2055 τοῦ
2296 2001 2589 2076 ζωγράφου
2624 2006 3032 2076 συνεισέρχεται
3071 2007 3264 2077 μνήμη
3290 2022 3304 2037 ο
3341 2004 3522 2074 πολλῷ
3552 2004 3756 2074 δήπου-

2170 2091 2261 2147 θεν
2302 2094 2334 2164 ἡ
2362 2094 2536 2158 κτίσις
2565 2095 2818 2166 ὁρωμένη
2852 2096 2990 2167 πρὸς
3018 2096 3108 2149 τὸν
3153 2096 3489 2167 δημιουργὸν
3524 2095 3756 2165 ποδηγεῖ

2168 2189 2296 2251 τοὺς
2330 2186 2593 2258 ὁρῶντας.
2626 2188 2869 2261 Οὐρανοῦ
2900 2189 2957 2242 δὲ
2980 2190 3073 2242 καὶ
3104 2188 3477 2259 στερεώματος
3510 2188 3756 2260 ἐμνημό-

2169 2298 2359 2335 νευσεν
2406 2278 2715 2341 ἀκολούθως
2773 2283 2837 2351 τῇ
2880 2280 2974 2335 τοῦ
3024 2281 3266 2353 μεγάλου
3320 2280 3568 2347 Μωσέως
3605 2280 3755 2334 διδω-

2171 2370 2384 2443 σκαλίᾳ.
2418 2372 2529 2426 Kai.
2572 2372 2681 2444 γὰρ
2719 2375 2924 2437 ἐκεῖνος
2968 2372 3186 2444 πρῶτον
3232 2369 3354 2426 εἷπε
3418 2372 3752 2442 γεγενῆσθαι

2168 2462 2260 2516 τὸν
2291 2462 2536 2532 οὐρανὸν,
2564 2459 2682 2516 εἶτα
2703 2462 2972 2530 διηγεῖται
2995 2463 3087 2517 καὶ
3112 2463 3211 2534 τὴν
3240 2462 3334 2516 τοῦ
3361 2460 3752 2532 στερεὼματος

2169 2554 2563 2626 δημιουργίαν·
2609 2554 2668 2608 ὃν
2737 2554 2899 2608 πάλιν
2950 2554 3178 2625 οὐρανὸν
3216 2554 3460 2626 οὐρανῶν
3490 2554 3537 2585 ⁷⁸
3583 2570 3754 2625 προσ-

2170 2646 2469 2716 ηγόρευσε,
2510 2646 2642 2716 φησι
2674 2646 2741 2699 ⁷⁸.
2788 2646 2861 2698 Τὸ
2910 2645 2975 2711 δὲ,
3008 2646 3369 2714 πληθυντικὸν
3417 2646 3589 2715 ὅνομα
3648 2644 3753 2697 τῶν

2170 2737 2417 2809 οὐρανῶν
2448 2737 2702 2802 ξενιζέτω
2736 2738 2962 2809 μηδένα.
3002 2737 3165 2802 Ἐθος
3213 2737 3322 2809 γὰρ
3362 2740 3427 2809 τῇ
3483 2739 3683 2809 Γραφῇ
3709 2734 3753 2769 ⁷⁸

2171 2829 2305 2883 ποτὲ
2328 2829 2426 2898 μὲν
2455 2830 2650 2893 ἑνικῶς
2671 2830 2740 2894 ⁷⁷,
2768 2830 2903 2883 ποτὲ
2932 2830 2987 2882 δὲ
3017 2828 3398 2898 πληθυντικῶς
3424 2828 3740 2898 ὀνομάζειν.

2173 2921 2281 2973 Καὶ
2327 2920 2527 2983 ἑνικῶς
2570 2919 2669 2990 μὲν
2703 2921 2732 2974 6
2779 2920 3049 2990 μακάριος
3085 2922 3132 2954 ⁷⁸
3167 2921 3429 2991 ὀνομάζει
3459 2922 3504 2953 τ’
3550 2919 3748 2974 Δαὸίδ·

2178 3029 2197 3064 ι
2224 3011 2463 3081 Οὐρανὸς
2500 3010 2630 3082 γὰρ,
2675 3010 2830 3081 φησὶ,
2872 3011 2965 3065 τοῦ
2999 3012 3229 3084 οὐρανοῦ
3249 3012 3326 3081 τῷ
3343 3013 3553 3084 Κυρίῳ.
3583 3030 3603 3065 ι
3641 3012 3753 3066 Καὶ

2174 3104 2336 3158 πάλιν
2355 3121 2367 3135 ·
2398 3121 2416 3154 ι
2456 3102 2546 3174 Τῷ
2573 3120 2638 3156 πε
2649 3103 2952 3173 ρι6ἀλ).οντι
2971 3104 3064 3157 τδν
3091 3104 3320 3174 οὐρανὸν
3340 3107 3397 3157 έν
3421 3104 3702 3174 νεφέλαις.
3728 3121 3746 3157 ι

2173 3196 2560 3266 Πληθυντικῶς
2591 3196 2648 3249 δὲ
2687 3195 2850 3253 πάλιν
2880 3197 2925 3230 ⁸⁸
2953 3198 2981 3251 6
3011 3197 3196 3264 αὐτὸς,
3252 3216 3271 3249 ι
3305 3199 3521 3252 Αἰνεῖτε
3563 3197 3749 3261 αὑτὸν,

2172 3287 2337 3358 φησὶν
2355 3330 2371 3352 ,
2403 3288 2453 3340 οἱ
2477 3287 2700 3359 οὐρανοὶ
2717 3288 2827 3341 τῶν
2855 3288 3123 3360 οὐρανῶν.
3160 3308 3179 3340 ι
3216 3288 3329 3361 Τὴν
3354 3288 3527 3361 αὐτὴν
3555 3290 3612 3344 δὲ
3638 3291 3752 3361 ἔχει

2173 3378 2450 3447 σημασίαν
2477 3378 2538 3432 τὸ
2559 3379 2603 3411 ⁸¹
2628 3419 2644 3445 ,
2685 3398 2705 3430 ι
2750 3378 2811 3432 '0
2839 3379 3067 3449 οὐρανὸς
3098 3378 3194 3433 τοῦ
3226 3379 3460 3449 οὐρανοῦ
3514 3380 3594 3451 τῷ
3640 3382 3753 3436 Κυ-

2175 3470 2294 3541 ρίῳ.
2337 3488 2355 3522 ι
2413 3469 2473 3524 Ὃ
2505 3470 2606 3541 μὲν
2644 3469 2754 3542 γὰρ
2783 3470 3060 3541 ὁρώμενος
3093 3469 3343 3542 οὐρανὸς,
3371 3466 3484 3526 οἷόν
3518 3489 3604 3535 τις
3625 3471 3752 3543 δρο-

2172 3579 2271 3631 φος
2319 3562 2737 3632 κατεσκευάσθη
2782 3564 2850 3634 τῇ
2897 3565 3004 3634 γῇο
3051 3564 3140 3617 ὀ⁸¹
3173 3564 3231 3617 δὲ
3271 3562 3549 3635 ἀνώτερος
3591 3563 3750 3618 τοῦτό

2170 3654 2286 3706 ἐστι
2315 3652 2511 3721 τούτῳ,
2539 3654 2676 3723 ὅπερ
2711 3646 2867 3716 οὗτος
2894 3656 2962 3723 τῇ
2993 3656 3087 3725 γῇ.
3115 3655 3214 3708 Διὰ
3231 3654 3296 3725 δὴ
3327 3654 3490 3708 τοῦτο
3522 3653 3749 3726 οὐρανὸς

2168 3742 2400 3814 οὐρανοῦ
2452 3743 2719 3806 καλεῖται,
2760 3742 2859 3797 καὶ
2907 3745 3129 3815 οὐρανοὶ
3176 3745 3421 3816 οὐρανῶν
3449 3745 3744 3816 ὀνομάζον-

2167 3850 2278 3887 ται.
2314 3835 2473 3888 Ἔστι
2502 3834 2560 3888 δὲ
2618 3836 2746 3888 ἰδεῖν
2795 3836 2893 3889 καὶ
2951 3835 3137 3899 πόλεις
3191 3840 3323 3907 παρ’
3377 3838 3512 3907 ἡμῖν
3552 3836 3746 3906 διπλῆν

2167 3922 2264 3993 τὴν
2300 3923 2594 3992 ὀνομασίαν
2618 3923 2865 3993 ἐχούσας.
2897 3924 3006 3978 Καὶ
3026 3923 3135 3995 γὰρ
3155 3924 3249 3977 καὶ
3273 3924 3489 3995 Ταρσὸν
3512 3923 3743 3994 λέγομεν

2168 4016 2262 4068 καὶ
2304 4016 2576 4085 Ταρσοὺς.
2616 4015 2714 4086 τὴν
2764 4015 2896 4085 μίαν
2937 4015 3094 4068 πόλιν
3118 4032 3132 4047 ο
3197 4015 3294 4069 καὶ
3317 4015 3363 4049 ⁸³
3403 4015 3592 4086 Θήϐην
3653 4015 3745 4069 καὶ

2166 4105 2373 4177 Θήϐας,
2433 4104 2531 4177 τὴν
2571 4105 2740 4176 αὐτὴν
2792 4106 2971 4162 πόλιν.
3015 4106 3174 4160 Οῦτω
3227 4107 3499 4178 Μυκήνην
3546 4124 3610 4161 τε
3651 4107 3742 4160 καὶ

2165 4198 2427 4266 Μυκήνας
2476 4196 2706 4251 ἐκάλουν
2735 4198 2785 4250 οἱ
2818 4196 3061 4263 παλαιοὶ,
3107 4196 3240 4267 μίαν
3280 4197 3439 4252 πόλιν
3478 4198 3676 4260 εἰδότες
3694 4197 3740 4229 ⁸⁸

2164 4287 2265 4357 τὴν
2299 4286 2678 4358 πληθυντικῶς
2705 4288 3133 4359 ὀνομαζομένην.
3176 4286 3364 4342 Ταῦτα
3407 4289 3467 4342 δέ
3502 4307 3594 4359 μοι
3643 4288 3737 4357 οὐχ

485 4384 632 4439 dicta
666 4392 818 4448 sunt,
852 4385 946 4440 sed
972 4394 1196 4456 propter
1239 4401 1339 4443 eos
1368 4387 1463 4458 qui
1494 4387 1680 4455 plures
1723 4389 1897 4444 caelos
1958 4405 2065 4445 nu-

2171 4378 2354 4442 ἁπλῶς
2389 4378 2630 4450 εἴρηται,
2686 4380 2823 4434 ἀλλὰ
2875 4380 2964 4435 διὰ
3018 4381 3145 4445 τοὺς
3192 4379 3426 4444 πολλοὺς
3477 4380 3734 4452 οὐρανοὺς

488 4492 700 4533 morare
736 4484 1028 4533 conantur.

561 4609 724 4667 Vsus.
758 4611 812 4665 5.
850 4628 870 4662 ι
911 4609 1034 4666 Dies
1063 4609 1168 4665 diei
1198 4619 1411 4666 eructat
1441 4610 1689 4674 verbum,
1723 4620 1775 4665 et
1809 4626 1918 4665 nox
1956 4626 2060 4665 no-

487 4702 560 4757 cti
595 4703 802 4758 iudicat
832 4703 1138 4759 scientiam.
1167 4719 1185 4752 ι
1222 4701 1433 4756 Etenim
1466 4703 1715 4757 ordinata
1773 4703 2058 4758 successio

2170 4468 2423 4543 ἀριθμεῖν
2449 4470 2825 4542 πειρωμένους
2844 4470 2914 4526 ⁸⁸.

2238 4620 2310 4682 γ’.
2346 4631 2365 4665 ι
2409 4612 2623 4684 Ἡμέρα
2663 4615 2730 4684 τῇ
2766 4611 2951 4684 ἡμέρᾳ
2976 4612 3265 4684 ἐρεύγεται
3296 4613 3454 4684 ῥῆμα
3476 4629 3491 4644 ο
3528 4610 3623 4666 καὶ
3642 4608 3735 4673 νὺξ

2171 4705 2329 4758 νυκτὶ
2379 4703 2763 4774 ἀναγγέλλει⁸⁶
2789 4703 3011 4772 γνῶσιν.
3048 4724 3067 4757 ι
3094 4704 3202 4759 Καὶ
3239 4703 3349 4777 γὰρ
3374 4705 3408 4774 ἡ
3429 4701 3731 4773 τεταγμένη

489 4795 665 4850 noctis
695 4800 749 4850 et
786 4793 892 4850 diei
921 4795 1185 4851 terminos
1231 4809 1263 4849 a
1321 4793 1617 4850 Conditore
1655 4793 1821 4865 719
1851 4794 2058 4865 positos

2171 4797 2355 4862 νυκτὸς
2379 4797 2473 4851 καὶ
2503 4795 2718 4869 ἡμέρας
2747 4795 2990 4869 διαδοχὴ,
3018 4796 3145 4860 τοὺς
3177 4795 3285 4850 ὑπὸ
3321 4795 3419 4849 τοῦ
3467 4798 3733 4867 Δημιουρ·

564 4983 590 5012 ι
619 4969 764 5028 Psal.
791 4986 946 5037 cxm,
978 4972 1067 5027 l6.
1145 4972 1174 5013 ιι
1200 4969 1344 5027 Psal.
1372 4984 1553 5039 eam,
1583 4968 1638 5027 8.
1716 4979 1740 5010 α
1775 4970 1922 5028 Psal.
1953 4987 2177 5040 οιινιιι,
2210 4971 2267 5028 4.

1599 5125 1835 5183 VARLE
1866 5125 2253 5185 LECTIONES
2282 5126 2372 5182 ET
2410 5125 2652 5185 NOTAE.

554 5285 600 5319 ⁸³
625 5285 758 5340 Kal.
819 5285 987 5342 Abest
1044 5302 1073 5341 a
1134 5289 1257 5349 eod.
1317 5288 1375 5345 2.

1488 5288 1532 5322 ⁶⁹
1569 5287 1686 5343 Τοῦ
1741 5284 2135 5355 Δημιουρτοῦ.
2191 5284 2319 5342 Des.
2384 5284 2436 5339 in
2477 5286 2600 5341 eod.
2646 5286 2704 5350 l,
2755 5286 2809 5341 2.

482 5356 539 5412 in
559 5356 690 5429 cod.
727 5355 782 5429 _3.
865 5355 1228 5429 "__’Aper—_
1255 5359 1733 5429 προσηγόρευσε.
1766 5354 1891 5429 Des.
1918 5356 1985 5429 Δἰιι
2010 5354 2157 5411 cod.
2193 5355 2246 5409 5.

2920 5287 2971 5363 _'°
3002 5288 3103 5363 ’βν
3131 5290 3548 5363 -Λδιαθιξκηνκ
3610 5294 3722 5349 Des.

2343 5355 2389 5432 ξ¹³
2415 5356 2700 5432 ρὐαμιν.
2751 5355 2885 5432 c_od._
2911 5357 2961 5432 _l,
3009 5358 3063 5423 2,
3101 5366 3155 5413 et
3187 5360 3351 5432 (30rd.
3473 5355 3601 5431 "547,
3634 5380 3719 5428 με-

486 5426 837 5500 γαλουργίαχ.
915 5425 973 5500 ’ξ
998 5426 1082 5481 Ἡ.
1262 5424 1410 5499 [τῇ.
1571 5426 1851 5500 Οὐρανῶν.
1903 5425 2069 5500 Abest

2171 5424 2295 5500 cod.
2334 5425 2467 5500 ιθ.
2542 5426 2588 5457 ’⁸
2628 5426 2803 5500 φησζ.
2863 5427 3029 5500 Abest
3068 5444 3097 5482 a
3136 5431 3258 5500 cod.
3292 5430 3348 5493 9.,
3392 5424 3495 5486 nec
3533 5424 3721 5487 imme-

485 5493 612 5569 rito.
657 5493 669 5498 ’
688 5493 994 5569 ’ἷζραφήζ
1024 5495 1147 5569 cod.
1172 5498 1207 5569 5
1236 5493 1420 5567 praem.
1456 5498 1597 5569 θείᾳ.

487 5565 530 5596 ·⁹
559 5563 845 5634 ὀνομάζει.
890 5563 1017 5620 cod.
1048 5567 1083 5620 '5
1123 5563 1296 5620 καλεῖ.
1384 5568 1430 5600 ⁸⁸
1458 5563 1650 5623 mam
1713 5595 1782 5608 -—
1817 5563 2069 5634 οὐρανῶι

486 5632 522 5702 ᾗ
549 5633 643 5702 τῷ.
720 5638 764 5666 ⁸⁸
807 5634 868 5688 '0
898 5665 968 5675 —
1003 5632 1098 5702 γῆ.
1139 5635 1261 5689 Des.
1296 5635 1351 5689 in
1382 5638 1503 5693 cod.
1536 5637 1590 5691 5.
1666 5637 1712 5668 ⁸³
1746 5635 1855 5689 Kal
1890 5665 1959 5674 —
1986 5634 2069 5686 πό⁴

2171 5565 2278 5618 30d.
2311 5565 2345 5618 5
2369 5565 2534 5619 habet
2579 5564 2722 5618 κατὰ
2760 5564 2828 5617 τὰ
2865 5565 2967 5635 ἥδη

2172 5674 2185 5687 .
2223 5634 2346 5689 Des.
2410 5634 2463 5688 in
2523 5635 2645 5689 cod.
2684 5635 2731 5688 l.
2807 5636 2855 5668 ”
2886 5639 2967 5689 Eli

1704 5498 1749 5530 "
1780 5494 2049 5566 'Erméc:

2171 5495 2201 5548 ι.
2241 5495 2266 5566 ‘l
2298 5505 2352 5566 et
2371 5496 2410 5566 ,5
2435 5510 2622 5566 praem.
2653 5495 2835 5566 αὐτόν.
2912 5497 2958 5566 7⁸
2987 5498 3310 5566 Μακάριος.
3348 5504 3468 5557 cod.
3504 5503 3540 5556 εἰ
3565 5502 3721 5564 θεῖος.

3025 5569 3443 5638 προεκτεθέντα.
3519 5571 3565 5604 ⁸¹
3596 5572 3721 5625 cod.

720 5638 764 5666 "
807 5634 968 5711 :0_—
994 5632 1098 5711 χή.
1139 5635 1261 5689 Des.
1296 5635 1351 5711 in
1382 5638 1503 5693 cod.
1536 5637 1621 5711 5._
1666 5637 1712 5711 εξ
1742 5635 1855 5711 _Kal
1986 5634 2069 5686 πό⁴

2171 5634 2346 5711 1Des.
2410 5634 2463 5711 i_n
2488 5705 2498 5711 _
2523 5635 2645 5689 cod.
2684 5635 2769 5711 l._
2807 5636 2855 5668 ”
2886 5632 3129 5711 ῌὶδότὲς
3161 5638 3722 5711 ς-λᾴνομαζομέι-ηγ.

490 5699 614 5757 Des.
640 5704 693 5757 iu
725 5705 842 5759 cod.
867 5706 919 5760 5.
992 5699 1486 5774 πίτειρωμένους.
1526 5706 1645 5763 eod.
1671 5705 1705 5762 5
1737 5704 2084 5775 δυναμένους.

2169 5704 2215 5737 ⁸⁸
2247 5705 2368 5760 cod.
2411 5705 2444 5760 5
2474 5704 2769 5774 ἀναγγελεῖ
2799 5715 2857 5761 ιιι
2892 5706 3052 5761 habet
3076 5706 3197 5763 cod.
3222 5704 3377 5765 Alex.
