4004 6216
417 274 553 341 1001

1774 278 1858 338 ΙΝ
1893 279 2100 341 PSAL.
2159 281 2320 342 XIX.

3543 289 3680 358 1002

481 393 549 448 δ’.
589 412 608 444 ι
648 389 932 461 Μνησθείη
965 388 1172 461 Κύριος
1191 391 1236 422 ⁷¹
1268 390 1452 464 πάσης
1497 393 1692 458 θυσίας
1737 411 1860 450 σου.
1907 415 1976 452 κα

2175 397 2342 457 Vsus.
2369 399 2424 455 4.
2461 418 2478 452 ι
2502 396 2708 456 Memor
2734 398 2806 456 sit
2828 401 3010 460 omnis
3035 402 3200 477 726
3223 405 3480 462 sacriﬁcii
3502 407 3602 476 tui,
3624 419 3680 467 et

411 483 474 536 τὺ
519 477 885 550 ὁλοκαύτωμά
939 494 1036 531 σου
1075 478 1347 534 πιανάτω.
1394 497 1414 532 ι
1489 480 1713 554 Ἐπειδὴ
1743 483 1834 538 καὶ
1870 485 1989 540 ἔνη

414 571 491 645 τῷ
504 571 603 642 τῆς
623 571 850 642 εἰρήνης
873 569 1052 641 καιρῷ
1071 571 1170 642 τῆς
1200 570 1354 634 θείας
1370 572 1690 644 ἐπεμελεῖτο
1711 575 1988 648 λατρείας,

417 665 634 726 εὶκὸτως
656 661 830 717 ταῦτα
859 665 985 732 περὶ
1005 663 1170 718 αὑτοῦ
1195 664 1424 732 διεξίασι
1441 667 1511 732 ⁷⁵,
1542 669 1990 742 παρακαλοῦντες

414 757 504 810 τὸν
557 755 666 811 τῶν
729 755 866 808 ὅλων
913 755 1046 808 Θεὸν
1076 756 1292 810 ἀπιδεῖν
1320 760 1400 822 είς
1447 760 1547 830 τὴν
1596 760 1692 815 τοῦ
1720 761 1990 832 βασιλέως

413 847 724 912 εὐσέϐειαν·
757 846 984 901 καὶτῶν
1012 847 1222 902 πολλῶν
1255 851 1350 904 καὶ
1380 852 1742 907 παντοδαπῶν
1775 855 1988 926 ἱερείων

413 940 740 1010 μνησθῆναι,
778 937 876 992 καὶ
901 938 1086 992 δοῦναι
1115 939 1278 994 πάλιν
1312 941 1560 1012 εἰρήνην,
1599 943 1686 997 ἵνα
1741 945 1988 1002 πλείοσιν

408 1031 573 1084 αὐτὸν
608 1029 968 1102 ὲξιλεώσηται
998 1029 1230 1101 Θύμασι·
1272 1033 1332 1086 τὸ
1357 1033 1488 1104 γὰρ,
1522 1055 1542 1088 ι
1595 1018 1988 1110 Ὀλοκαύτωξιά

410 1139 504 1176 σου
529 1123 800 1187 πιανάτω,
829 1141 847 1174 ι
885 1121 1059 1187 οὕτως
1089 1125 1118 1177 ὁ
1144 1124 1442 1197 Σύμμαχος
1471 1129 1839 1199 ήρμήνευσεν,
1875 1134 1984 1187 Καὶ

407 1213 522 1284 τὴν
548 1211 863 1283 ἀναφοράν
891 1229 1008 1270 σου
1041 1215 1354 1271 πλείων-απ
1380 1217 1610 1290 ποιήσῃ
1631 1221 1698 1252 ⁷⁸·
1737 1222 1984 1276 τουτέστι

405 1304 504 1376 τὴν
566 1303 678 1358 ἀπὸ
729 1302 832 1374 τῆς
893 1305 1118 1377 είρήνης
1170 1307 1360 1362 άδειαν
1396 1308 1542 1376 δοὺς,
1588 1311 1850 1384 παράσχῃ
1893 1329 1980 1366 σοι

405 1395 619 1468 καιρὸν,
643 1396 726 1459 είς
744 1395 806 1448 τὸ
837 1395 1084 1450 πλείοσιν
1111 1398 1276 1452 αὐτὸν
1306 1398 1524 1463 θυσίαις
1565 1400 1980 1465 ὲξιλεώσασθαι.

471 1493 535 1542 ε’.
573 1507 593 1540 r
634 1485 756 1560 Δώῃ
785 1504 870 1541 σοι
893 1487 1104 1559 Κύριος
1131 1491 1276 1544 κατὰ
1301 1489 1402 1562 τὴν
1449 1492 1681 1564 καρδίαν
1726 1511 1819 1547 σου
1840 1510 1855 1524 ·
1889 1496 1984 1549 καὶ

403 1581 586 1634 πᾶσαν
625 1579 726 1650 τὴν
775 1578 972 1652 βουλήν
1024 1599 1120 1634 σου
1167 1582 1477 1654 πληρώσαι.
1524 1603 1542 1635 t
1601 1585 1705 1638 Τὸν
1751 1585 1978 1654 δίκαιον,

402 1671 558 1740 φησὶ,
583 1669 776 1741 κριτὴν
811 1669 1149 1742 ἱκετεύομεν,
1188 1675 1252 1744 τῇ
1277 1673 1375 1744 τῆς
1407 1673 1587 1746 ψυχῆς
1612 1693 1705 1729 σου
1740 1679 1976 1750 καθαρό-

399 1778 523 1831 τητι
551 1759 894 1830 κατάλληλον
931 1761 1033 1832 τὴν
1067 1762 1336 1816 ἀντίδοσιν
1358 1764 1566 1819 δοῦναι.

473 1851 547 1918 ς’,
577 1853 640 1918 ζ’.
679 1871 699 1906 ι
753 1851 1228 1923 Ἀγαλλιασόμεθα
1283 1855 1380 1908 ἐπὶ
1414 1855 1494 1926 τῷ
1539 1859 1796 1930 σωτηρίῳ
1847 1877 1940 1914 σου
1965 1875 1976 1888 .

398 1945 493 2000 καὶ
513 1946 572 1998 ὲν
587 1944 811 2014 ὀνόματι
843 1942 1049 2016 Κυρίου
1071 1944 1210 1998 Θεοῦ
1243 1947 1274 2015 ἡ
1284 1946 1400 2016 μῶν
1429 1948 1977 2022 μεγαλυνοησόμεοα.

399 2036 693 2108 Πληρὼσαι
717 2035 922 2108 Κύριος
949 2038 1128 2092 πάντα
1160 2038 1230 2092 τὰ
1255 2039 1535 2110 αἰτήματα
1569 2041 1668 2113 τῆς
1691 2041 1922 2114 καρδίας
1935 2045 1980 2078 ’⁷

402 2145 515 2181 σου.
570 2146 589 2178 ι
659 2127 760 2180 Σοῦ
790 2129 836 2160 ⁷⁸
865 2129 973 2200 γάρ
1026 2129 1126 2192 τὰς
1169 2129 1412 2200 αἰτήσεις
1453 2131 1849 2202 λαμῦάνοντος,
1888 2135 1983 2188 καὶ

397 2220 562 2288 ἡμεῖς
608 2219 1022 2289 κοινωνήσομεν
1074 2222 1174 2290 τῇς
1223 2220 1606 2292 εὐφροσύνης,
1655 2227 1981 2294 περιφανεῖς

396 2309 493 2363 καὶ
523 2309 876 2380 περίϐλεπτοι
909 2313 974 2382 τῇ
1004 2309 1100 2364 τοῦ
1147 2311 1284 2365 Θεοῦ
1342 2313 1574 2384 δυνάμει
1638 2315 1979 2386 γιγνόμενοι.

403 2421 422 2454 ι
459 2401 574 2455 Νῦν
601 2400 778 2470 ἔγνων
797 2403 881 2456 ὅτι
914 2403 1090 2457 ἔσωσε
1130 2404 1339 2476 Κύριος
1373 2405 1464 2459 τὸν
1505 2407 1746 2476 Χριστὸν
1778 2408 1978 2462 αὐτοῦ’

395 2495 764 2548 ἐπακούσεται
813 2495 980 2548 αὐτοῦ
1029 2494 1088 2560 ἐξ
1123 2493 1355 2566 ούρανοῦ
1409 2497 1568 2566 ἁγίου
1611 2497 1799 2554 αὑτοῦ.
1846 2518 1866 2552 ι
1903 2501 1982 2555 Δι’

397 2587 617 2655 αὐτῶν,
675 2589 855 2662 φησι,
926 2589 1332 2660 μεμαθήκαμεν
1404 2587 1516 2643 τῶν
1596 2593 1980 2664 πραγμάτων,

393 2681 470 2744 ὡς
533 2681 612 2752 τῷ
679 2680 800 2752 Θεῷ
877 2679 1162 2754 θαρῥήσας
1240 2683 1269 2734 ὁ
1335 2682 1608 2754 ἡμέτερος
1676 2683 1932 2756 βασιλεὺς
1961 2725 1978 2750 ,

393 2771 645 2837 τεύξεται
688 2771 792 2842 τῆς
847 2771 1158 2844 σωτηρίας·
1203 2772 1300 2826 καὶ
1355 2774 1414 2827 ἐν
1485 2773 1567 2844 τῷ
1614 2775 1764 2829 κάτω
1814 2775 1978 2846 νεῷτο

395 2862 724 2935 προσφέρων
799 2861 899 2924 τὰς
957 2861 1230 2926 ἱκετείας,
1323 2859 1533 2916 ἄνωθεν
1601 2861 1820 2933 δέχεται
1877 2861 1978 2932 τὴν

395 2955 672 3026 βοήθειαν.
723 2952 944 3024 Ἐπειδὴ
963 2953 1008 2986 ⁸ο
1066 2953 1175 3025 γὰρ
1224 2952 1427 3020 ἔδειξεν
1453 2953 1620 3009 αὑτὸν
1677 2955 1979 3026 προσευχό-

395 3062 557 3118 μενον
586 3046 758 3112 κάτω,
785 3045 1116 3100 δείκνυσιν³⁵ι
1143 3045 1352 3100 ἄνωθεν
1387 3044 1792 3124 βοηθούμενονιο
1823 3065 1842 3098 ι
1887 3047 1975 3100 Ἐν

389 3138 733 3202 δυναστείαις
783 3141 817 3208 ή
881 3137 1128 3208 σωτηρία
1147 3137 1192 3168 ⁸⁸
1266 3137 1364 3206 τῆς
1437 3136 1620 3202 δεξιᾶς
1692 3137 1881 3194 αὑτοῦ.
1945 3159 1964 3194 ι
2001 3125 2042 3182 C

389 3231 660 3300 Μέγιστον
679 3231 729 3264 ³³
777 3229 888 3302 γὰρ
939 3229 1217 3302 σωτηρίας
1293 3231 1326 3299 ἢ
1391 3227 1493 3299 τῆς
1553 3228 1720 3282 αὑτοῦ
1787 3228 1969 3296 δεξιᾶς

389 3324 637 3394 δύναμις,
687 3323 754 3395 ἢν
801 3324 914 3386 τοῖς
970 3320 1290 3392 προσιοῦσιν
1332 3320 1540 3392 ὀρέγει.
1595 3319 1806 3385 Δεξιὰν
1827 3321 1876 3352 ⁸⁸
1911 3321 1968 3375 δὲ

389 3417 548 3473 πάλιν
576 3415 810 3470 ἐνταῦθα
845 3414 1207 3488 ἀνθρωπίνως
1231 3414 1443 3486 εἴρηκε,
1475 3415 1576 3486 τὴν
1609 3414 1762 3469 θείαν
1791 3412 1966 3479 οὕτως

387 3509 670 3582 ὀνομάζων
711 3509 1018 3578 ἐνέργειαν.

452 3609 527 3673 η’,
547 3601 614 3656 θ’.
650 3621 668 3652 ι
689 3594 852 3654 Οὗτοι
871 3603 930 3654 ὲν
954 3602 1190 3671 ᾰριμασι,
1209 3599 1302 3652 καὶ
1323 3590 1468 3652 οὗτοι
1490 3600 1548 3653 ὲν
1569 3599 1778 3664 ἵπποις·
1804 3599 1964 3670 ἡμεῖς

383 3694 440 3749 δὲ
474 3695 533 3748 ὲν
570 3695 798 3765 ὀνόματι
833 3693 1045 3764 Κυρίου
1067 3691 1206 3746 Θεοῦ
1238 3690 1398 3762 ήμῶν
1426 3691 1870 3763 ἐπικαλεσὸμεθα
1893 3693 1960 3748 ⁸⁸.

382 3785 548 3840 Αὐτοὶ
584 3783 1051 3854 συνεποδίσθησαν
1073 3783 1168 3836 καὶ
1204 3781 1424 3847 ἔπεσον,
1461 3785 1623 3854 ἡμεῖς
1648 3783 1706 3837 δὲ
1732 3782 1964 3854 ἀνέστη-

388 3897 484 3951 μεν
505 3879 602 3934 καὶ
627 3875 1060 3947 ἁνωρθώθημεν.
1090 3891 1108 3927 t
1143 3875 1396 3941 Ἐκεῖνοι,
1428 3876 1616 3945 φησὶν,
1649 3875 1838 3938 ἵπποις
1866 3877 1962 3929 καὶ

383 3971 592 4043 ἅρμασι
671 3967 1005 4041 θαρροῦντες
1068 3966 1326 4036 οὐδεμιᾶς
1403 3963 1616 4019 ἐκεῖθεν
1687 3965 1964 4036 ὠφελείας

383 4065 701 4122 άπώναντο·
746 4061 862 4116 ἀλλ’
909 4059 1158 4132 ἀοράτως
1222 4057 1686 4128 συμποδισθέντες
1729 4059 1963 4112 κατέπε-

383 4175 473 4219 σον
492 4175 505 4189 ⁸
543 4157 706 4228 ἡμεῖς
734 4155 790 4208 δὲ
811 4153 909 4226 τὴν
937 4153 1090 4207 θείαν
1117 4151 1589 4220 ἐπικαλεσάμενοι
1611 4149 1956 4222 συμμαχίαν,

377 4249 474 4320 τῆς
528 4247 802 4320 σωτηρίας
853 4244 1150 4316 προφανῶς
1191 4243 1595 4314 τετυχήκαμεν,
1646 4243 1738 4296 καὶ
1795 4243 1960 4296 οἱονεὶ

377 4339 895 4396 καταπεπτωκότων
949 4337 1028 4408 τῷ
1081 4335 1234 4406 φόϐῳ
1281 4333 1392 4388 τῶν
1438 4333 1738 4406 πολεμίων,
1787 4335 1959 4406 ὑπέρ-

361 4449 524 4506 ’τεροι
555 4433 666 4486 τῶν
711 4429 996 4502 δυσμενῶν
1042 4427 1459 4498 άπεφάνθημεν.

2093 491 2480 550 holocaustum
2497 501 2652 548 tuum
2674 493 2874 565 pingue
2891 487 3335 564 ﬂata‘Qtioniam
3355 500 3520 556 etiam
3539 511 3680 558 tem-

2092 598 2224 653 pore
2247 583 2400 654 pacis
2425 583 2672 640 divinum
2703 585 2910 641 cultum
2945 586 3190 644 studiose
3211 590 3460 660 curabat,
3485 593 3681 650 meritc.

2093 673 2210 728 haec
2263 674 2341 729 de
2359 673 2480 744 ipso
2524 673 2731 741 dicunt,
2767 683 3050 746 precantes
3086 675 3466 734 universorum
3505 678 3680 738 Deum

2092 775 2151 820 ut
2184 766 2442 836 respiciat
2480 766 2623 837 regis
2652 766 2930 836 pietatem,
2972 776 3026 824 et
3057 769 3354 824 multorum
3390 773 3683 844 omnisque

2091 859 2306 926 generis
2339 853 2738 912 sacriﬁciorum
2785 857 3124 923 recordetur,
3161 874 3464 930 rursusque
3491 877 3682 932 pacem

2089 949 2376 1013 concedat,
2409 959 2468 1003 ut
2489 949 2739 1019 pluribus
2761 949 2940 1020 ipsum
2967 951 3254 1008 sacriﬁciis
3281 953 3542 1022 placaret.
3568 951 3683 1011 Hoc

2088 1039 2257 1104 enim,
2303 1059 2322 1093 ι
2361 1039 2750 1098 liolocaustum
2792 1051 2944 1096 tuum
2988 1044 3186 1114 pingue
3212 1043 3326 1107 ﬁat,
3370 1065 3388 1098 ι
3419 1047 3490 1101 ita
3521 1047 3682 1120 Sym-

2088 1131 2319 1187 machus
2367 1131 2757 1202 interpretatus
2807 1142 2930 1190 est:
2981 1133 3302 1205 Ampliarem
3358 1137 3680 1192 oblationem

2088 1231 2236 1276 luam
2285 1223 2490 1294 faciat;
2539 1225 2643 1281 hoc
2701 1237 2814 1294 est,
2853 1227 3147 1284 securitate
3185 1229 3336 1299 pacis
3375 1245 3676 1296 concessa,

2086 1313 2324 1383 praebeat
2357 1315 2454 1372 tibi
2507 1331 2698 1374 ansam
2746 1325 2807 1373 ut
2847 1319 3097 1389 pluribus
3148 1321 3325 1391 ipsum
3391 1323 3681 1386 sacriﬁciis

2088 1409 2291 1480 places.

2165 1501 2328 1560 Vens.
2357 1504 2412 1560 5.
2451 1523 2470 1556 ι
2509 1504 2739 1560 Tribuat
2767 1505 2864 1562 tibi
2907 1508 3214 1565 secundum
3270 1525 3368 1565 cor
3413 1519 3588 1578 tuum,
3624 1513 3680 1568 et

2085 1611 2246 1654 omne
2276 1601 2568 1656 consilium
2605 1611 2760 1656 tuum
2793 1602 3100 1661 conﬁrmet.
3135 1625 3153 1658 ι
3197 1604 3438 1670 Justum,
3475 1606 3678 1679 inquit,

2079 1691 2320 1760 judicem
2373 1709 2660 1764 precamur
2714 1705 2773 1750 ut
2829 1706 2936 1752 tute
2999 1697 3197 1754 animae
3270 1698 3496 1770 puritati
3547 1715 3680 1757 con-

2015 1761 2364 1850 B'gruentem
2378 1761 2390 1764 ί
2416 1786 2912 1843 remunerationem
2973 1789 3259 1860 largiatur.

2159 1870 2322 1927 Vsus.
2363 1875 2416 1939 6,
2474 1873 2522 1928 7.
2571 1895 2590 1927 ι
2621 1874 2952 1931 Laetabimur
2985 1877 3054 1934 de
3083 1880 3313 1935 salutari
3360 1891 3454 1937 tuo
3495 1891 3594 1938 :et
3622 1885 3678 1938 in

2080 1963 2306 2019 nomine
2328 1963 2424 2019 Dci
2449 1967 2622 2022 nostri
2648 1969 3141 2040 magniﬁcabimur.
3165 1970 3390 2043 impleat
3414 1970 3678 2033 Dominus

2080 2070 2271 2115 omnes
2291 2057 2580 2125 pczitioncs
2597 2061 2779 2117 cordis
2811 2062 2912 2117 tui.
2939 2081 2956 2114 ι
2986 2061 3062 2119 Te
3084 2064 3252 2131 enim,
3279 2067 3428 2136 quod
3448 2068 3674 2138 petiisti,

2081 2147 2400 2218 accipiente,
2455 2153 2620 2206 etiam
2674 2168 2776 2208 nos
2845 2154 3048 2211 laetitiae
3097 2157 3394 2228 participes
3444 2161 3674 2228 erimus,

2081 2239 2213 2294 clari
2250 2251 2302 2296 et
2329 2241 2570 2297 illustres
2591 2242 2685 2298 Dei
2717 2245 2954 2315 potentia
2995 2247 3140 2306 facti.
3184 2269 3202 2302 ι
3239 2250 3394 2308 Nunc
3442 2253 3678 2327 cngnori

2081 2330 2375 2388 Dominum
2407 2335 2617 2390 salvum
2655 2336 2849 2394 fecisse
2881 2339 3156 2398 Christum
3184 2337 3390 2400 suum:
3422 2346 3678 2404 exaudiet

2081 2424 2234 2480 illum
2279 2425 2348 2480 de
2382 2428 2520 2484 ctelo
2547 2439 2738 2486 saneto
2766 2447 2888 2488 suo.
2926 2451 2946 2485 ι
3005 2433 3231 2501 iterum,
3279 2438 3473 2509 inquit,
3505 2455 3674 2512 expc-

2081 2517 2275 2572 rientia
2305 2517 2616 2586 didicimus,
2649 2537 2830 2592 regem
2863 2532 3112 2580 nostrutn
3147 2526 3256 2584 Deo
3283 2527 3484 2592 fretum
3517 2532 3669 2586 salu-

2081 2616 2188 2662 tem
2209 2620 2656 2672 conseculurum.
2681 2623 2736 2669 ct
2771 2617 2824 2668 in
2852 2615 3100 2672 interiori
3140 2621 3345 2691 templo
3376 2624 3672 2692 preces.“-

2081 2697 2370 2765 ferentem,
2397 2700 2462 2756 de
2486 2702 2756 2772 superiori
2779 2705 3044 2760 auxilium
3069 2709 3338 2779 accipere.
3363 2709 3668 2784 Postquam

2080 2790 2226 2846 enim
2261 2791 2504 2848 ostendit
2541 2793 2718 2862 ipsum
2762 2795 2990 2852 inferius
3029 2811 3360 2868 precantem,
3403 2803 3668 2870 ostendit,

2081 2881 2243 2952 727
2271 2897 2398 2938 eum
2417 2883 2484 2938 de
2513 2885 2783 2954 superiori
2803 2885 2922 2942 loco
2953 2891 3216 2946 auxilium
3250 2899 3470 2950 nactum
3495 2911 3619 2954 esse
3649 2915 3664 2952 :

2085 2994 2104 3026 ι
2140 2974 2200 3028 ln
2249 2977 2618 3046 potentatibus
2657 2977 2810 3034 salus
2849 2979 3086 3038 dextera:
3118 2982 3258 3054 ejus.
3298 3005 3316 3038 ι
3367 2985 3667 3045 Maximum

2077 3065 2222 3121 enim
2241 3075 2326 3122 est
2349 3067 2540 3126 salutis
2555 3070 2817 3127 auxilium
2841 3073 3074 3130 dexterae
3095 3074 3268 3145 ipsius
3291 3077 3664 3150 virtus,quam

2077 3157 2144 3213 ad
2186 3173 2246 3214 se
2283 3162 2671 3219 accedentibus
2710 3164 2964 3234 porrigit.
3007 3165 3290 3222 Dexteram
3327 3179 3509 3226 autem
3539 3187 3664 3228 rure

2077 3265 2174 3306 sus
2203 3251 2292 3307 hic
2332 3252 2574 3309 humano
2605 3269 2754 3310 more
2791 3255 2950 3323 dixit,
2983 3257 3222 3315 divinam
3257 3263 3550 3330 potentiam
3582 3265 3664 3322 sic

2075 3345 2374 3414 appeHans.

2145 3595 2310 3652 Vens.
2363 3597 2418 3665 8,
2465 3602 2518 3652 9.
2557 3620 2575 3651 ι
2614 3599 2679 3654 Hi
2725 3601 2782 3657 in
2821 3605 3102 3674 curribus,
3139 3607 3215 3664 illi
3249 3610 3305 3666 in
3340 3613 3520 3684 equis,
3559 3631 3659 3673 nos

2074 3699 2257 3745 autem
2299 3691 2353 3745 in
2387 3693 2610 3749 nomine
2657 3695 2870 3752 Domini
2911 3697 3007 3756 Dei
3040 3703 3214 3758 nostri
3256 3703 3656 3766 invocabimus.

2071 3783 2180 3852 ipsi
2222 3781 2369 3852 ligati
2407 3795 2557 3852 sunt,
2588 3793 2644 3840 et
2676 3789 3014 3860 ceciderunt,
3052 3807 3153 3850 nos
3187 3805 3372 3852 autem
3411 3803 3658 3858 surrexi-

2069 3890 2216 3939 mus,
2247 3883 2301 3930 et
2334 3879 2501 3932 erecti
2545 3893 2760 3938 sumus.
2791 3900 2812 3934 ›
2851 3881 2954 3950 Illi,
2996 3868 3092 3954 ait,
3119 3887 3277 3960 equis
3303 3901 3356 3946 et
3400 3895 3656 3952 curribus

2069 3967 2216 4034 freti,
2249 3969 2388 4026 nihil
2430 3973 2679 4030 utilitatis
2721 3976 2871 4034 illinc
2897 3993 3282 4054 perceperunt,
3330 3987 3424 4044 sed
3459 3989 3655 4046 invisi-

2069 4061 2164 4117 bili
2205 4064 2368 4142 modo
2399 4067 2680 4136 praepediti
2724 4071 3041 4128 ceciderunt
3075 4095 3089 4130 :
3131 4093 3232 4134 nos
3269 4095 3420 4151 vero,
3469 4084 3654 4142 divino

2069 4152 2358 4226 implorato
2388 4159 2614 4226 auxilio,
2643 4161 2876 4219 salutem
2897 4167 3078 4236 palam
3113 4175 3395 4230 consecuti
3435 4191 3650 4246 sumus,

2067 4256 2122 4302 et
2150 4255 2408 4320 tanquam
2435 4252 2691 4324 collapsis
2721 4255 2793 4311 ob
2823 4266 3084 4317 terrorem
3120 4263 3370 4322 hostibus
3400 4271 3650 4340 superio-

2066 4353 2154 4396 res
2192 4339 2424 4397 inimicis
2456 4343 2829 4413 apparuimus.

449 4491 500 4579 ι’.
537 4543 557 4576 ι
616 4491 1020 4596 Κύριείσῶσον
1076 4491 1179 4574 ’τὸν⁷
1223 4491 1486 4589 βασιλέαο
1551 4519 1648 4572 καὶ
1713 4519 1956 4574 ἐπάκου-

2133 4515 2302 4574 Vens.
2329 4518 2415 4574 tO.
2453 4537 2473 4570 ι
2505 4521 2754 4588 Domine,
2790 4525 3002 4582 salvum
3032 4525 3118 4584 fac
3139 4545 3341 4602 regem,
3361 4539 3416 4588 et
3451 4534 3646 4590 exaudi

379 4635 470 4672 σον
508 4617 668 4690 ήμῶν
725 4619 785 4670 ἐν
925 4615 993 4669 ἂν
1042 4615 1231 4685 ἡμέρᾳ
1283 4611 1747 4682 ὲπικαλεσώμεθά
1801 4630 1879 4666 σε.
1933 4630 1952 4664 ι

2066 4625 2166 4666 nos
2221 4611 2310 4665 die
2349 4626 2460 4681 quo
2500 4613 2938 4674 invocaverimus
2979 4629 3049 4674 te.
3081 4639 3098 4672 ι
3148 4620 3471 4692 Hujusmodi
3515 4641 3647 4699 ergo

378 4710 668 4780 Τοιγάρτοι
699 4707 970 4778 τοσαύτης
1017 4704 1430 4768 ἀπολαύσαντες
1464 4704 1828 4776 ἀντιλήψεως,
1862 4705 1958 4758 καὶ⁵

2085 4702 2436 4772 idjumentum
2469 4708 2774 4774 consecuti,
2812 4709 3166 4769 obsecramus
3189 4723 3262 4780 te,
3302 4714 3551 4788 Domine,
3586 4729 3645 4776 ut

375 4804 518 4872 ἡμᾶς
535 4803 582 4834 ⁸⁸
628 4801 848 4864 αὐτοὺς,
909 4799 1124 4853 καὶτὸν
1159 4798 1428 4869 ἡμέτερον
1465 4797 1691 4865 βασιλέα
1747 4797 1952 4868 ταύτης

382 4893 814 4964 μεταλαγχάνειν
840 4891 1108 4962 διηνεκῶς
1134 4892 1474 4962 ίκετεύομεν,
1509 4891 1775 4946 Δέσποτα.

2062 4802 2115 4850 et
2137 4795 2477 4865 nosmetipsi,
2510 4804 2564 4852 et
2594 4814 2688 4854 rex
2711 4810 2918 4870 noster,
2947 4802 3107 4873 hujus
3137 4807 3321 4864 auxilii
3346 4810 3644 4882 participes

2062 4903 2254 4944 Simus.

1473 5111 1710 5167 νΑῐιιΑε
1751 5111 2134 5170 LECTIONES
2163 5113 2250 5168 ET
2279 5113 2512 5172 NOTAE.

441 5305 486 5338 ⁷⁸
525 5302 760 5371 Κύριος.
794 5300 965 5371 Abest
1005 5315 1042 5371 7a
1109 5299 1246 5371 cod._
1269 5299 1409 5368 Aug.
1446 5297 1533 5371 __'f
1567 5297 1679 5371 Kal
1731 5297 1822 5352 ἐν.
1852 5299 1976 5371 ,0οά

2105 5301 2246 5371 Aug.
2302 5303 2426 5356 κάν.

369 5371 563 5428 Moutf.
610 5369 862 5441 ‘Hexapl.
924 5369 1074 5439 Orig.
1127 5378 1201 5441 t..

2555 5301 2599 5334 "
2647 5305 2770 5359 cod.
2809 5305 2846 5360 2
2883 5305 3130 5372 διέξεισι.
3243 5307 3291 5340 "
3345 5306 3628 5364 Πλειονα.

1231 5369 1279 5433 Ι,
1332 5367 1578 5442 ρλάθθ,
1635 5369 1994 5442 ιεεηπίονα,
2065 5371 2158 5442 sed
2199 5367 2466 5442 'nostram
2524 5387 2744 5442 quoque
2803 5367 3092 5431 lectionem
3153 5393 3220 5432 cx
3282 5392 3395 5432 uno
3440 5376 3630 5434 codice

367 5445 668 5498 recensuit.
745 5435 938 5496 “‘cod.
995 5435 1296 5507 Γποιήσοι.
1338 5435 1418 5470 ’⁷⁷
1464 5435 1580 5504 Τῆς
1631 5435 1901 5504 καρδίας.
1940 5439 1976 5492 Η

2114 5441 2170 5494 in
2221 5456 2364 5496 vers.
2415 5435 2602 5497 Graeca
2652 5435 2836 5500 'desid.

2949 5446 2996 5478 ⁷⁸
3031 5446 3170 5502 Σοῦ.
3239 5446 3361 5500 cod.
3425 5446 3460 5499 2
3505 5447 3622 5504 τοῦ.

369 5513 414 5546 ⁷⁸
433 5518 555 5568 cod.
584 5515 620 5565 2
640 5509 770 5580 ναῷ.
845 5511 890 5542 ⁸ο
925 5511 1048 5565 cod.
1082 5510 1226 5562 ἐπεί.
1261 5509 1304 5540 ³¹
1333 5508 1673 5585 Astur-vcta.
1701 5509 1834 5585 _cod.
1865 5511 1901 5585 ᾖ
1943 5525 1972 5562 a

2085 5520 2095 5562 ι
2147 5511 2333 5585 αὐτόνἶ
2385 5511 2434 5585 ’ξ
2459 5512 2585 5585 cod.
2619 5513 2644 5568 1
2676 5514 2776 5585 τῆς
2811 5516 3106 5584 σωτηρίας.
3179 5515 3226 5548 ⁸³
3259 5513 3627 5583 Μέγιστον-

369 5585 583 5656 ὀρέγει.
607 5577 733 5637 cod.
767 5583 791 5634 1
827 5582 1084 5656 δρνάμεις
1130 5583 1244 5642 τοῖς
1269 5577 1593 5656 προσιοῦσιν
1619 5578 1856 5656 ὀρέγειν..
1887 5579 1962 5632 Ita

2085 5583 2356 5656 ique_c_ot_l.
2407 5581 2462 5647 2,
2488 5584 2580 5652 qui
2613 5577 2796 5656 tamen
2839 5577 3004 5641 habét
3045 5577 3248 5656 ὄρὲγει.

3342 5585 3386 5617 ⁸⁸
3411 5589 3626 5651 delitam

367 5649 440 5695 -ὲ-
468 5649 794 5722 ἐνέργειαν.
827 5650 947 5730 Haec
966 5649 1414 5732 paucantan'tuin.
1447 5649 1868 5732 e§ltibcthCord.
1899 5663 1953 5726 ρ.

2085 5649 2131 5703 ’.ί
2187 5651 2231 5732 ξ’
2265 5649 2802 5732 Ἐπίικρλειζόμεθα.
2829 5655 2952 5712 cod.
2987 5656 3010 5710 1
3073 5649 3615 5730 μεγαλυνθησόμεθα,

369 5738 488 5792 quae
524 5718 744 5780 est-rce.
778 5721 934 5774 lectio
966 5721 1020 5773 h.
1051 5719 1088 5773 l.
1163 5719 1209 5750 ³⁸
1244 5721 1351 5772 Καὶ
1383 5718 1543 5787 ἡμᾶς
1573 5749 1641 5760 -—
1673 5718 1970 5788 διηνεκῶς

2085 5736 2152 5777 ξε.
2192 5721 2248 5775 in
2279 5721 2400 5778 cod.
2432 5723 2458 5777 1
2492 5733 2545 5780 et
2574 5724 2628 5780 2.

687 5816 954 5873 ΡΑῐῐιοιι.
986 5813 1101 5872 Gn.
1131 5811 1360 5872 LXXX.

3227 5814 3301 5878 32
