4004 6216
405 406 537 474 1011

1374 396 1863 462 THEODORETI
1897 393 2237 456 EPISCOPI
2276 395 2642 456 CYRENSIS

3527 394 3657 461 1012

311 553 317 559 ·
398 541 486 585 tur
539 539 797 596 magnum
837 522 1101 579 Joannem
1144 522 1469 578 clamantem
1505 533 1519 570 :
1564 536 1580 568 ι
1615 516 1754 571 Ecce
1788 515 1975 584 Agnus

2098 506 2194 564 >ίόν
2223 529 2284 565 τε
2312 507 2380 582 ἦν
2408 512 2500 565 τδν
2541 513 2638 582 οὑχ
2670 515 3029 591 ἡμαρτηκότα
3064 514 3265 583 λέγειν,
3307 508 3526 588 μακρὲἰν
3556 518 3661 569 ἀπὶ,

398 619 495 675 Dei
527 618 621 690 qui
653 619 791 674 tollit
820 627 1102 689 peccatum
1129 613 1317 670 mundi
1346 610 1387 665 ι.
1424 629 1441 663 i
1469 610 1533 665 Et
1564 608 1810 664 divinum
1842 605 1979 660 Pau-

398 716 513 770 lum
556 713 826 767 dicentem
864 729 876 765 :
935 729 953 763 ι
1000 711 1135 765 Eum
1177 711 1195 731 ⁶
1225 707 1318 777 qui
1360 719 1468 759 non
1519 708 1744 757 noverat
1782 713 1978 769 pecca-

398 819 539 871 tum,
559 822 657 878 pro
679 808 836 867 nobis
859 806 1019 879 135
1037 811 1319 876 peccatum
1341 800 1486 866 fecit,
1509 808 1568 853 ut
1597 811 1696 852 nos
1724 796 1979 851 lieremus

398 901 618 971 justiti:
657 901 713 956 in
738 900 935 970 ipso“.
978 918 995 949 ι
1036 897 1101 955 Ει
1122 911 1315 950 rursus
1350 912 1363 947 :
1408 910 1426 944 ι
1462 890 1719 946 Christus
1749 886 1983 942 redemit

404 1007 504 1049 nos
540 1008 605 1047 ex
639 992 1025 1047 maledictione
1063 988 1218 1059 legis,
1254 986 1431 1040 factus
1467 997 1570 1053 pro
1604 980 1766 1035 nobis
1809 977 1981 1033 male-

406 1084 577 1141 dictio
598 1092 647 1141 ιι.
682 1105 700 1134 ι
746 1080 1216 1151 Quemadmodum
1249 1078 1455 1146 itaque,
1491 1088 1617 1129 cum
1647 1073 1720 1127 sit
1748 1070 1871 1126 lons
1893 1070 1982 1139 ju-

408 1175 591 1238 stitiae,
631 1184 879 1229 nostrum
910 1177 1189 1241 peccatum
1218 1165 1481 1234 suscepit,
1517 1177 1753 1232 cumque
1779 1160 1849 1217 sit
1888 1159 1983 1214 be-

411 1265 741 1321 nedictionis
786 1264 1032 1334 pelagus,
1089 1257 1532 1315 maledictionem
1586 1254 1746 1310 nobis
1801 1251 1984 1305 immi-

410 1364 625 1413 nentem
673 1353 900 1421 accepit,
952 1358 1007 1407 et
1055 1364 1275 1408 crucem
1318 1345 1584 1405 sustinuit
1629 1342 1984 1414 opprobrium

410 1446 758 1517 despiciens;
791 1445 872 1500 sic
900 1453 955 1500 et
998 1457 1097 1513 pro
1147 1442 1308 1499 nobis
1347 1439 1512 1496 verba
1552 1436 1700 1492 fecit.
1743 1434 1800 1491 Si
1838 1433 1985 1489 enim

410 1538 570 1593 nobis
633 1545 891 1592 statutam
943 1535 1287 1605 disciplinam
1340 1540 1533 1603 sponte
1582 1528 1749 1585 subiit
1813 1526 1986 1596 (nam

415 1649 432 1680 ι
471 1628 761 1700 disciplina
791 1629 945 1699 pacis
972 1636 1172 1683 nostra:
1216 1642 1381 1696 super
1410 1639 1558 1687 eum,
1599 1642 1617 1675 ι
1659 1629 1718 1675 ιιι
1752 1622 1829 1675 ait
1857 1633 1986 1690 pro-

409 1722 570 1791 pheta
585 1722 653 1792 ο),
678 1720 849 1776 multo
879 1721 1051 1791 magis
1073 1735 1138 1776 ex
1172 1733 1401 1789 persona
1433 1724 1615 1772 nostra
1642 1713 1823 1770 verbis
1852 1726 1989 1767 usus

408 1820 493 1867 est
525 1827 627 1882 pro
656 1812 840 1878 nobis,
872 1821 927 1867 et
956 1811 1227 1867 exclamat
1256 1829 1269 1863 :
1307 1827 1325 1860 ι
1359 1808 1546 1878 Longe
1574 1822 1605 1863 a
1640 1805 1817 1862 salute
1866 1817 1989 1859 mea

407 1903 580 1959 verba
608 1904 937 1961 delictorum
981 1917 1257 1959 meorum.
1291 1921 1309 1953 ι
1349 1899 1427 1955 Ne
1462 1899 1746 1969 reSpicias,
1789 1895 1984 1967 inquit,

2080 602 2180 671 τῆς
2204 603 2477 674 σωτηρίας
2501 620 2605 673 μου
2632 606 2680 656 οἱ
2710 603 2857 673 λόγοι
2884 606 2996 659 τῶν
3027 608 3494 678 παραπτωμάτων
3521 625 3658 677 μους

2093 693 2510 747 Ἀκουσάτωσαν
2560 695 2739 747 τοίνυν
2780 695 3029 750 Ἰωάννου
3070 697 3164 751 τοῦ
3212 697 3353 752 πάνυ
3398 697 3661 768 βοῶντος

2088 804 2105 835 ι
2130 785 2237 838 Ἴδε
2269 787 2297 839 ὁ
2326 785 2522 855 Ἀμνὸς
2556 787 2650 840 τοῦ
2675 786 2833 852 Θεοῦ,
2867 790 2895 840 ὁ
2927 789 3099 860 αἴρων
3134 788 3231 860 τὴν
3264 790 3542 861 ἁμαρτίαν
3570 789 3665 842 τοῦ

2082 883 2310 954 κόσμου.
2342 902 2360 935 ι
2391 882 2495 937 Τοῦ
2526 883 2582 936 δὲ
2616 883 2906 938 θεσπεσίου
2924 886 2968 917 ⁷³
2996 885 3209 940 Παύλου
3232 886 3503 955 λέγοντος·
3533 884 3666 937 «Τὸν

2086 973 2162 1046 μὴ
2191 974 2387 1042 γνόντα
2414 975 2688 1046 ἁμαρτίαν
2713 975 2852 1047 ὑπὲρ
2881 976 3038 1047 ἡμῶν
3067 978 3346 1048 ἁμαρτίαν
3379 977 3657 1048 ἐποίησεν,

2085 1068 2171 1121 ἴνα
2198 1069 2359 1138 ἡμεῖς
2390 1067 2677 1137 γενώμεθα
2723 1068 3095 1141 δικαιοσύνηεο
3144 1074 3202 1125 ἐν
3253 1070 3423 1142 αὑτῷ.
3471 1091 3490 1123 ι
3559 1071 3667 1124 Καὶ

2086 1161 2248 1215 πάλιν
2270 1178 2283 1191 ·
2337 1179 2355 1212 ι
2385 1161 2616 1232 Χριστὸς
2645 1163 2795 1233 ἡμᾶς
2839 1162 3175 1233 ἐξηγόρασεν
3191 1163 3237 1195 ⁸¹
3267 1166 3333 1218 ἐκ
3360 1166 3461 1235 τῆς
3495 1164 3667 1218 κατά-

2089 1269 2187 1324 ρας
2232 1252 2326 1305 τοῦ
2385 1252 2571 1322 νόμου,
2626 1254 2918 1324 γενόμενος
2959 1254 3099 1326 ὑπὲρ
3147 1255 3304 1327 ἡμῶν
3354 1256 3589 1326 κατάρα.
3640 1274 3661 1308 ι

2087 1343 2387 1412 Τοιγαροῦν
2421 1341 2669 1414 ὥσπερ⁸³
2698 1344 3048 1415 δικαιοσύνης
3079 1348 3338 1417 ὑπάρχων
3365 1348 3537 1417 πηγὴ,
3568 1348 3669 1415 τὴν

2089 1434 2364 1507 ἡμετέραν
2395 1436 2671 1507 ἁμαρτίαν
2700 1437 2953 1504 ἁνέλαὸε,
2988 1440 3080 1492 καὶ
3111 1439 3359 1508 εὐλογίας
3390 1439 3466 1493 ὢν
3509 1440 3672 1493 πέλα-

2088 1543 2203 1594 γος,
2257 1525 2358 1597 τὴν
2409 1526 2764 1598 ἐπικειμένην
2808 1531 2940 1597 ἡμῖν
2991 1528 3206 1594 ἐδέξατο
3255 1531 3527 1601 κατάραν,
3577 1533 3669 1584 καὶ⁵

2091 1617 2320 1688 σταυρὸν
2366 1618 2659 1687 ὑπέμεινεν
2702 1621 2967 1691 αἰσχύνης
3014 1624 3433 1694 καταφρονήσας
3465 1638 3478 1651 ·
3531 1621 3672 1676 οὕτω

2090 1711 2185 1764 καὶ
2213 1711 2337 1774 τοὺς
2389 1710 2527 1781 ὑπὲρ
2552 1711 2714 1782 ήμῶν
2743 1713 3040 1784 ἐποιήσατο
3080 1713 3294 1781 λόγους.
3341 1714 3404 1766 Ei
3437 1712 3543 1784 γὰρ
3574 1714 3672 1782 τὴν

2090 1801 2404 1873 ὡρισμένην
2436 1803 2565 1875 ὑμῖν
2605 1803 2858 1859 παιδείαν
2887 1805 3125 1874 ὑπῆλθεν
3154 1806 3299 1860 ἑκών
3326 1823 3341 1840 ο
3396 1824 3416 1859 ι
3448 1807 3671 1860 Παιδεία

2092 1894 2201 1966 γὰρ
2229 1895 2452 1965 εἰρήνης
2473 1895 2629 1966 ἡμῶν
2656 1896 2743 1949 ἐπ’
2766 1895 2951 1959 αὑτὸν,
2986 1916 3004 1949 ι
3096 1914 3261 1967 φησιν
3290 1900 3318 1951 ὁ
3351 1900 3667 1969 προφήτης’

409 1998 611 2053 delicta
649 2006 880 2061 naturae,
914 1995 1007 2052 sed
1053 1993 1292 2050 concede
1324 1992 1556 2049 salutem
1585 1999 1805 2061 propter
1833 2001 1988 2043 meos

2098 1983 2273 2053 πολλῷ
2319 1984 2517 2055 μᾶλλον
2561 1987 2674 2048 τοῖς
2712 1985 2854 2056 ὑπὲρ
2881 1985 3040 2054 ἡμῶν
3072 1986 3187 2040 ἀνθ’
3216 1987 3373 2057 ἡμῶν
3404 1989 3671 2058 ἐχρήσατο

410 2089 707 2144 cruciatus.
745 2089 812 2144 Et
855 2087 1298 2159 quandoquidem
1344 2085 1656 2156 passionem
1702 2093 1855 2135 more
1882 2078 1985 2133 hu-

2098 2075 2290 2143 λόγοις,
2320 2076 2414 2128 καὶ
2440 2074 2538 2146 βοᾷ
2612 2095 2629 2127 ι
2664 2076 2898 2147 Μακρὰν
2924 2077 3032 2132 ἀπὸ
3064 2078 3159 2147 τῆς
3194 2079 3467 2150 σωτηρίας
3492 2097 3593 2148 μου
3619 2081 3668 2131 σί

412 2195 578 2236 mane
608 2180 909 2246 sustinens,
946 2180 1145 2250 saepius
1175 2185 1424 2247 precatus
1453 2184 1535 2231 est
1566 2175 1685 2244 ipso
1711 2168 1985 2243 passionis

2098 2167 2238 2236 λόγοι
2287 2166 2393 2220 τῶν
2441 2168 2905 2238 παραπτωμάτων
2952 2186 3076 2239 μου.
3140 2187 3158 2222 i
3213 2170 3305 2243 Μὴ
3337 2170 3668 2244 άποδλέψῃς,

413 2280 699 2342 tempore:
751 2289 769 2323 ι
812 2270 994 2335 Pater,
1049 2271 1097 2327 si
1146 2269 1265 2324 ﬁeri
1313 2266 1505 2338 possit,
1548 2271 1790 2320 transeat
1832 2277 1862 2317 a
1897 2274 1985 2317 me

2098 2258 2276 2330 φησὶν,
2304 2259 2384 2323 εἰς
2417 2257 2485 2313 τὰ
2513 2261 2612 2330 τῆς
2643 2258 2860 2328 φύσεως
2892 2259 3379 2331 πλημμελήματα·
3424 2261 3559 2316 ἀλλὰ
3585 2261 3672 2326 δός

411 2361 555 2415 calix
584 2361 770 2422 ister;
818 2380 836 2412 ι
881 2370 936 2415 et
964 2346 1207 2416 maerore
1234 2357 1462 2416 all‘ectus
1497 2356 1633 2414 dixit
1670 2375 1683 2410 :
1721 2374 1738 2407 ι
1781 2351 1981 2409 Tristis

2098 2351 2188 2422 τὴν
2222 2350 2501 2424 σωτηρίαν
2536 2351 2625 2405 διὰ
2672 2354 2742 2405 τὰ
2787 2352 2898 2422 ἐμὰ
2931 2352 3253 2424 παθήματα.
3296 2355 3464 2408 Καὶ⁸³
3490 2355 3671 2425 ἐπειδὴ

409 2462 496 2510 est
540 2454 720 2509 anima
757 2469 874 2509 mea
911 2468 1084 2523 usque
1132 2453 1203 2506 ad
1249 2459 1561 2515 mortemQ;
1606 2467 1624 2500 ι
1679 2448 1875 2503 merito
1926 2452 1980 2499 et

2098 2444 2145 2496 τὸ
2175 2443 2347 2508 πάθος
2380 2445 2737 2516 ἀνθρωπίνως
2778 2445 3081 2515 οἰκονομῶν
3125 2445 3388 2511 πολλάκις
3430 2439 3671 2518 προσηύ-

409 2546 655 2616 psalmus
689 2546 803 2601 haec
833 2544 1136 2615 praedicens
1167 2543 1243 2596 ait
1280 2560 1291 2593 :

2098 2535 2213 2599 Ξατο
2239 2535 2389 2605 παρὰ
2417 2535 2507 2589 τὸν
2531 2536 2623 2590 τοῦ
2655 2537 2860 2601 πάθους
2893 2536 3085 2608 καιρόν
3106 2550 3120 2566 ’
3172 2555 3190 2587 ⁴
3222 2538 3424 2608 "dum
3462 2538 3653 2605 λέγων’

409 2639 458 2691 εί
484 2635 729 2701 δυνατὸν,
760 2633 1076 2706 παρελθέτω
1099 2632 1160 2685 τὸ
1184 2632 1444 2703 ποτήριον
1472 2630 1629 2684 τοῦτο
1653 2626 1746 2682 ἀπ’
1795 2625 1931 2696 ἐμοῦ
1954 2641 1967 2654 ·
2026 2644 2045 2678 ι
2081 2626 2175 2680 καὶ
2222 2626 2451 2696 ἀθυμῶν
2482 2626 2635 2695 ἔλεγε
2655 2643 2669 2659 ·
2723 2648 2741 2679 ι
2773 2629 3076 2699 Περίλυπός
3119 2629 3267 2681 ἐστιν
3312 2630 3346 2702 ἡ
3386 2629 3532 2702 ψυχή
3574 2645 3672 2702 μου

409 2729 511 2793 ἕως
564 2728 824 2782 θανάτοιν
859 2746 878 2779 ι
932 2726 1155 2788 εἰκότως
1204 2725 1294 2779 καὶ
1336 2725 1364 2777 6
1399 2722 1613 2793 ψαλμὸς
1647 2721 1818 2775 ταῦτα
1854 2717 2240 2793 προαγορεύων
2272 2718 2375 2789 ἔφη
2396 2736 2409 2749 ο

487 2820 650 2879 Vens.
688 2822 741 2877 5.
786 2838 805 2872 ι
840 2820 984 2875 Deus
1017 2818 1113 2885 mi,
1146 2819 1400 2875 clamabo
1440 2834 1537 2888 per
1569 2817 1711 2871 diem
1741 2816 1808 2871 ad
1839 2825 1913 2881 te,
1933 2825 1986 2871 et

2160 2821 2232 2882 γ’.
2274 2834 2292 2866 ι
2330 2814 2387 2867 '0
2414 2813 2547 2877 Θεός
2595 2832 2697 2883 μου
2729 2814 3067 2887 κεκράξομαι
3101 2815 3315 2889 ἡμέρας
3357 2816 3496 2888 πρὸς
3535 2816 3673 2884 εδει,

413 2928 521 2967 non
565 2912 847 2976 exaudies,
899 2920 954 2967 et
1000 2921 1177 2977 nocte,
1231 2919 1285 2966 et
1337 2926 1445 2967 non
1499 2908 1568 2964 ad
1617 2907 1985 2978 insipientiam

2098 2908 2185 2959 καὶ
2217 2906 2317 2959 οὐκ
2356 2904 2673 2977 είσακούσῃ,
2710 2906 2805 2959 καὶ
2838 2905 3054 2969 νυκτὸς,
3100 2909 3195 2961 καὶ
3239 2908 3339 2962 οὑκ
3382 2910 3465 2973 είς
3493 2909 3676 2964 ἄνοιαν

413 3005 573 3060 mihi.
609 3023 629 3056 ι
662 3003 759 3058 Vel
785 3002 1089 3061 secundum
1119 3010 1366 3068 caeteros,
1395 3009 1451 3055 et
1474 3008 1653 3066 nocte,
1686 3007 1741 3055 et
1768 3013 1875 3055 non
1906 3004 1991 3053 est

2098 2997 2231 3066 ἐμοί.
2267 3015 2284 3045 i
2320 2996 2447 3049 "ll"
2483 2996 2623 3049 κατὰ
2649 2996 2776 3058 τοὺς
2818 2995 3036 3058 λοιποὺς
3052 2997 3119 3059 ⁸⁸.
3159 2999 3258 3052 καί
3291 2999 3536 3066 νυκτὸς,
3578 3000 3674 3055 καί

412 3096 709 3155 silentium.
734 3115 754 3149 ι
789 3096 914 3151 Dies
930 3104 1245 3165 noctesque,
1279 3094 1477 3164 inquit,
1511 3108 1600 3148 me
1627 3078 1986 3155 clamantem,

2098 3093 2165 3143 οὺ
2185 3089 2351 3158 σιγή.
2382 3088 2641 3159 Νύκτωρ,
2672 3089 2827 3158 φησὶ,
2851 3089 2948 3144 καὶ
2975 3090 3092 3158 μεθ’
3115 3091 3331 3162 ἡμέραν
3351 3091 3675 3164 διηνεκῶς⁶⁷

413 3194 470 3242 et
506 3187 673 3242 silere
722 3186 1021 3250 nolentem,
1078 3200 1187 3239 non
1244 3169 1558 3247 exaudisti,
1601 3180 1694 3236 scd
1743 3176 1991 3250 passioni

2098 3180 2347 3250 βοῶντος,
2402 3180 2496 3235 καὶ
2546 3182 2706 3251 σιγᾷν
2753 3182 2857 3234 οὑκ
2885 3181 3238 3251 ἀνεχομένου,
3271 3184 3373 3237 οὑκ
3412 3185 3674 3256 ἀκήκοας,

418 3277 716 3333 tradidisti.
745 3276 1137 3333 Verumtamen
1170 3276 1299 3331 novi
1319 3243 1763 3345 dispensationis.
1787 3278 1992 3341 myste-

2098 3243 2229 3327 άλλὰ
2268 3243 2346 3343 τῷ
2391 3272 2554 3327 πάθει
2587 3243 2909 3342 παρέδωκας
2935 3288 2949 3301 °
2985 3243 3124 3327 "dli-tr
3163 3243 3313 3344 ὅμως
3341 3270 3462 3330 οῖδα
3493 3243 3557 3330 τὸ

418 3368 583 3423 rium.
631 3366 747 3422 Hoc
798 3367 944 3421 enim
987 3374 1071 3422 est
1099 3364 1245 3436 quod
1299 3361 1662 3433 signiﬁcabat,
1718 3377 1737 3410 ι
1776 3357 1896 3412 Non
1927 3354 1992 3410 ad

2098 3363 2405 3434 οἰκονομίας
2443 3365 2764 3435 μυστήριον.
2818 3365 2989 3420 Τοῦτο
3036 3365 3146 3436 γὰρ
3191 3367 3567 3439 παρεδήλου⁸³
3594 3367 3674 3432 τὸ,

416 3459 786 3529 insipientiam
818 3459 974 3513 mihi.
1014 3477 1033 3510 ι
1070 3455 1209 3512 Novi
1253 3455 1417 3527 736
1452 3452 1596 3508 enim
1638 3465 1749 3506 non
1790 3446 1995 3506 frustra

416 3554 833 3609 concessionem
875 3550 1158 3624 petitionis
1200 3559 1252 3606 te
1279 3548 1705 3621 procrastinare,
1751 3543 1846 3601 sed
1881 3556 1997 3597 ma-

416 3662 584 3718 gnum
619 3647 751 3717 quid
788 3654 841 3701 et
871 3646 1115 3702 salutare
1134 3659 1201 3700 ex
1230 3643 1490 3714 passione
1512 3653 1830 3712 procurare.

493 3737 662 3793 Vens.
698 3739 752 3792 4.
814 3757 834 3790 ι
885 3736 966 3792 Tu
1016 3747 1200 3793 autem
1244 3736 1302 3790 in
1353 3743 1544 3793 sancto
1591 3732 1827 3798 habitas,
1875 3730 1996 3784 laus

410 3816 662 3886 lsraelis.
707 3848 726 3880 ι
763 3829 881 3884 Hoc
901 3835 1109 3895 autem,
1132 3827 1231 3893 ait,
1257 3825 1502 3882 omnium
1525 3832 1607 3881 est
1633 3823 1870 3879 maxime
1897 3822 1996 3876 ad-

423 3921 696 3987 mirabile,
727 3921 872 3991 quod
908 3930 963 3977 te
992 3921 1047 3975 in
1079 3928 1269 3976 sancto
1296 3920 1401 3973 hoc
1428 3932 1658 3987 corpore
1692 3915 1993 3974 habitante,

426 4015 610 4084 passio
657 4019 966 4082 peragatur.
1017 4009 1254 4065 Laudem
1300 4017 1481 4064 autem
1543 4006 1763 4061 Israelis
1818 4004 1994 4073 ipsum

427 4104 694 4168 nominat,
736 4113 797 4158 ut
825 4103 918 4174 qui
944 4102 1198 4158 laudatur
1235 4110 1289 4155 et
1316 4101 1638 4155 decantatul‘
1666 4113 1694 4151 a
1726 4095 1842 4151 suis
1873 4108 1998 4164 pro-

426 4198 561 4267 priis
591 4196 917 4251 cultoribus.
955 4193 1092 4250 Nam
1123 4209 1222 4265 pro
1254 4193 1435 4258 laude,
1490 4191 1752 4262 hymnum
1788 4187 1878 4241 alii
1909 4186 1994 4238 in-

425 4292 689 4355 terpretes
719 4290 1042 4354 posuerunt.

494 4375 657 4432 Vsus.
703 4375 756 4430 5.
815 4394 833 4426 ‹
886 4374 944 4429 1η
998 4383 1049 4428 te
1099 4378 1459 4443 speraverunt
1508 4379 1694 4439 patres
1738 4363 1930 4421 nostri.
1973 4381 1992 4413 ›

421 4468 659 4523 Lucrum
699 4468 814 4537 spei
854 4466 1212 4522 demonstrat.

500 4582 518 4613 ι
553 4561 945 4631 Speraverunt,
978 4567 1035 4613 et
1062 4556 1308 4612 liberasti
1342 4570 1458 4611 eos.
1496 4552 1688 4625 [Vens
1721 4550 1799 4622 6.]
1840 4548 1919 4604 Ad
1947 4558 1998 4602 te

423 4656 817 4720 clamaverunt,
842 4661 898 4707 et
922 4651 1059 4706 salvi
1090 4648 1221 4706 lacti
1248 4656 1377 4705 sunt
1406 4665 1419 4703 :
1453 4646 1510 4701 in
1543 4655 1596 4701 te
1615 4649 1992 4713 speraverunt,

2102 3476 2120 3509 ι
2150 3457 2266 3513 Οὑκ
2293 3457 2372 3521 είς
2400 3456 2589 3512 ἄνοιαν
2624 3457 2767 3527 ἐμοί.
2803 3475 2823 3509 ι
2872 3457 3126 3527 Νενόηκα
3157 3456 3266 3528 γὰρ
3299 3456 3372 3519 ὼς
3408 3457 3471 3511 οὑ
3503 3457 3677 3529 μάτην

2095 3549 2359 3603 ἀνεϐάλου
2386 3548 2485 3619 τὴν
2510 3549 2609 3618 τῆς
2634 3549 2905 3619 αἰτήσεως
2930 3548 3100 3616 δόσιν,
3145 3548 3285 3605 ἀλλὰ
3329 3549 3475 3620 μέγα
3502 3568 3555 3605 τι
3586 3550 3677 3605 καὶ

2098 3643 2361 3713 σωτήριον
2391 3641 2457 3695 ἐκ
2480 3640 2574 3694 τοῦ
2602 3641 2811 3705 πάθους
2842 3641 3169 3713 οἰκονομῶν.

2165 3735 2228 3789 δ’.
2262 3734 2364 3789 «Σὺ
2387 3734 2442 3788 δὲ
2462 3734 2519 3787 ὲν
2541 3734 2682 3804 ἁγίῳ
2701 3737 2971 3799 κατοικεῖς
2992 3736 3020 3789 ό
3046 3733 3268 3798 ἔπαινος
3288 3733 3381 3789 τοῦ
3402 3733 3671 3806 Ἰσραήλ.»

2099 3826 2174 3881 Τὸ
2214 3827 2273 3881 δὲ
2318 3826 2536 3881 πάντων
2567 3826 3008 3898 παραδοξότατόν
3040 3842 3229 3898 φησιν,
3270 3827 3354 3880 ὅτι
3385 3826 3483 3881 σοῦ
3517 3830 3575 3881 ἐν
3602 3826 3676 3895 τῷ

2099 3919 2243 3991 ἁγίῳ
2294 3919 2469 3990 τούτῳ
2527 3919 2744 3990 σώματι
2797 3917 3208 3983 κατοικοῦντος,
3267 3920 3572 3990 ἐνεργεῖται
3619 3918 3675 3972 τὸ

2098 4013 2291 4076 πάθος.
2318 4013 2604 4067 Ἐπαινον
2637 4013 2696 4066 δέ
2719 4011 2937 4084 Ἰσραὴλ
2961 4014 3127 4067 αὑτὸν
3155 4014 3436 4084 ὀνομάζει,
3468 4015 3545 4079 ὡς
3576 4014 3673 4069 ὑπὸ

2098 4105 2207 4160 τῶν
2250 4104 2466 4160 οίκείων
2511 4105 2865 4176 θεραπευτιῖΝ
2899 4107 3293 4177 ἐπαινούμενον
3340 4107 3436 4161 καί
3479 4108 3673 4177 ὑμνοὺ·

2102 4214 2263 4268 μενον
2282 4214 2296 4228 ·
2347 4197 2468 4251 ἀντὶ
2510 4199 2617 4270 γὰρ
2645 4198 2740 4252 τοῦ
2767 4198 3009 4264 ἔπαινος,
3042 4198 3210 4269 ὓμνος
3234 4199 3284 4252 οί
3310 4200 3461 4255 ἄλλοι
3508 4199 3671 4254 τεθεί-

2098 4305 2260 4343 κασιν
2286 4290 2642 4360 ἐρμηνευταί.

2169 4388 2230 4438 ε’.
2277 4400 2296 4432 ι
2320 4381 2446 4434 Ἐπὶ
2468 4383 2549 4434 σοὶ
2570 4381 2805 4452 ἤλπισαν
2830 4382 2881 4434 oi
2910 4381 3145 4455 πατέρες
3168 4383 3347 4455 ἡμῶν.
3378 4403 3397 4437 ι
3434 4385 3672 4438 Δείκνυσι

2100 4471 2199 4541 τῆς
2227 4470 2441 4534 ἐλπίδος
2473 4471 2536 4525 τὸ
2564 4471 2778 4543 κέρδος.
3632 4463 3639 4469 ”

2177 4582 2196 4615 ι
2224 4564 2497 4617 Ἥλπισαν
2527 4564 2621 4618 καὶ
2652 4564 2867 4635 ἐρῤύσω
2891 4564 3108 4629 αὑτούς.
3142 4564 3268 4638 [ς’.]
3300 4565 3446 4638 Πρὸς
3476 4566 3536 4620 σέ
3560 4562 3668 4619 ἐκέ-

2100 4654 2330 4725 κραξαν,
2376 4655 2472 4708 καὶ
2520 4652 2804 4724 ἐσώθησαν
2825 4670 2838 4683 ·
2893 4655 2989 4709 ἐπὶ
3038 4657 3122 4709 σοὶ⁵
3168 4656 3429 4729 ἤλπισαν,
3481 4657 3573 4711 καὶ
3612 4654 3667 4708 οὑ

422 4754 477 4800 et
496 4758 605 4798 non
628 4753 758 4798 sunt
782 4713 1024 4799 confusi.
1062 4758 1081 4793 ι
1122 4739 1313 4810 Atqui,
1342 4738 1539 4808 inquit,
1573 4734 1867 4791 manifesto
1897 4748 1992 4788 no-

2105 4713 2579 4816 κατησχύνθησαν.
2631 4760 2650 4794 ι
2687 4713 2919 4807 ’Καίτοα
2970 4744 3156 4815 φησιν,
3190 4713 3312 4800 οἴδα
3349 4713 3558 4815 σαλρῶς,
3603 4743 3669 4807 ὡς

422 4836 496 4899 vi,
533 4851 657 4890 cum
706 4848 896 4891 omnes
943 4842 1127 4905 patres
1190 4830 1363 4887 nostri
1402 4839 1495 4885 tuo
1545 4827 1746 4883 auxilio
1802 4825 1992 4881 conﬁsi

426 4933 665 4992 'essent,
705 4942 800 4997 spe
836 4925 1062 5003 minime
1085 4923 1379 4979 frustratos
1397 4936 1538 4984 esse,
1570 4934 1806 4989 cumque
1841 4927 1994 4973 tuum

426 5019 697 5075 auxilium
740 5018 1145 5089 implorassent,
1199 5023 1305 5072 tuae
1350 5013 1703 5086 providentia
1756 5012 1996 5067 fructum

426 5113 652 5183 cepisse.

502 5272 519 5311 ι
554 5272 714 5327 Joaa.
750 5266 1015 5331 r,29,36.
1092 5274 1128 5295 "
1163 5265 1204 5320 ll
1231 5265 1357 5321 Cor.
1394 5281 1445 5331 ν,
1474 5264 1561 5318 21.

1642 5274 1668 5300 ο
1697 5262 1872 5320 Galat.
1910 5278 1992 5321 tu,
2027 5262 2113 5319 15.

2101 4833 2337 4896 ἅπαντες
2364 4835 2398 4903 ἡ
2408 4831 2526 4901 μῶν
2559 4832 2609 4885 οἱ
2639 4833 2875 4903 πατέρες
2903 4835 2970 4905 τῇ
3012 4836 3078 4906 σῇ
3122 4832 3344 4907 βοηθείᾳ
3374 4833 3668 4909 θαρρήσαν-

2102 4944 2216 4993 τες,
2238 4924 2337 4978 οὑκ
2362 4923 2704 4994 ἐψεύσθησαν
2726 4926 2823 4995 τῆς
2851 4924 3065 4989 ἐλπίδος
3087 4943 3099 4956 ·
3132 4926 3228 4980 καὶ
3254 4927 3335 4990 είς
3364 4925 3671 4998 ἐπικουρίαν

2109 5031 2169 5068 σε
2202 5012 2527 5077 καλέσαντες
2552 5014 2647 5084 τῆς
2683 5015 2783 5087 σῆς
2810 5016 3068 5087 προνοίας
3093 5018 3436 5089 ἀπήλαυσαν.

2196 5272 2219 5298 °
2258 5263 2359 5320 lsa.
2386 5283 2504 5333 Lm,
2542 5270 2593 5323 5.
2670 5278 2698 5318 ν
2731 5266 2920 5322 Matth.
2952 5283 3103 5331 τινι,
3135 5265 3225 5323 59.
3301 5277 3328 5317 ει
3363 5265 3498 5322 ibid.
3524 5266 3609 5323 38.

1557 5422 1790 5480 VARIJE
1832 5420 2215 5476 LECTIONES
2256 5421 2341 5475 ET
2383 5422 2615 5478 NOT:E.

500 5544 540 5573 ⁷⁹
573 5542 859 5595 Gentem?
882 5558 933 5592 ι’.
990 5540 1153 5596 Abest
1184 5560 1209 5595 τι
1242 5544 1361 5597 cod,
1387 5543 1440 5597 2.

433 5680 481 5750 at
510 5685 663 5747 Πρός
686 5682 971 5750 σετθᾹιιιεδι
998 5697 1025 5734 a
1055 5680 1219 5736 codd.
1253 5687 1391 5750 A951-

435 5809 593 5885 eam

1545 5546 1589 5575 “°
1614 5547 1877 5599 Δικαιοιτ.
1910 5542 2069 5597 could.
2112 5553 2223 5597 tres
2277 5546 2413 5613 Aug.
2463 5547 2799 5613 prmmittunt
2831 5546 2989 5601 Θεοῦ.

432 5613 473 5684 ff
501 5614 726 5680 ’Ὠσπερ
758 5611 1081 5684 -ρξπιςιῖηοκ
1127 5615 1369 5681 λόγους.
1415 5615 1537 5669 ΗειὋ
1572 5631 1741 5682 pauca
1778 5622 1987 5684 tantum

2098 5614 2180 5667 bet
2212 5611 2389 5668 (11ml:
2430 5611 2481 5684 ρ.
2512 5616 2634 5668 585.

1470 5687 1513 5715 ss
1534 5687 1602 5740 *η
1630 5716 1698 5725 ...
1730 5683 1896 5751 σιγή.
1937 5682 2099 5736 Abest
2134 5700 2162 5740 a
2189 5688 2311 5739 Cnd.
2341 5687 2393 5739 5.

436 5748 646 5825 δῖοι-ιι).
683 5761 735 5804 ct
767 5749 1028 5803 Thcodot.
1067 5753 1220 5810 testis
1248 5748 1348 5809 esti
1371 5751 1558 5811 Montl.
1590 5755 1628 5811 l.
1653 5770 1701 5812 c.
1732 5764 1769 5810 t.
1806 5748 1931 5825 πρ.
1976 5753 2097 5807 500.

3097 5546 3137 5577 "
3176 5546 3295 5601 Cod.
3336 5547 3355 5599 Ι
3391 5545 3674 5614 ἠγόρασεν.

2740 5616 2785 5691 ’τέ
2817 5618 2923 5670 Καὶ
2954 5617 3192 5691 ῖ-Δὲφη.
3222 5611 3448 5691 lli-subi
3479 5611 3672 5691 roth}.

2471 5686 2516 5713 ⁸⁵
2559 5688 2838 5751 Λοιπούς.
2865 5687 2987 5741 cod.
3015 5686 3049 5740 ξ).
3079 5682 3327 5748 πολλούς.
3357 5686 3429 5738 De
3465 5682 3672 5750 Aquila.

2203 5755 2247 5785 ⁸⁷
2286 5755 2607 5824 Διηνεκώς.
2638 5756 2802 5811 Abest
2842 5773 2871 5812 a
2906 5757 3025 5812 cod.
3062 5757 3114 5810 ‘2.
3210 5758 3250 5786 ν
3277 5755 3400 5812 cod.
3441 5754 3474 5809 5
3505 5766 3672 5820 rupa-
