4004 6216
427 342 567 409 1015

1446 345 1939 407 TIIEODORETI
1975 333 2318 407 EPISCOPI
2349 344 2719 408 CYRENSIS

3559 344 3688 410 1016

422 457 685 515 factorem
715 470 875 513 suum
897 456 1162 525 "alitque
1204 456 1367 510 etiam
1396 455 1593 512 beatus
1621 455 1791 512 Oscas
1836 456 1994 512 feroci

2114 454 2440 524 ἐγκατέλιπε
2489 453 2753 527 Κύριον¹⁴
2786 452 2878 508 τὸν
2928 454 3228 527 ποιήσαντα
3275 455 3460 511 αὐτόν.
3512 475 3532 509 ι
3584 458 3692 511 Καὶ

419 553 665 622 iuvenca:
688 565 813 606 eum
848 548 1117 604 assimilat
1148 568 1161 605 :
1198 567 1215 601 ι
1260 547 1392 604 Nam
1426 557 1487 603 ut
1516 564 1677 608 vacca
1717 550 2002 605 insaniens

420 642 685 701 iusamvit
728 641 986 711 Ephraim
1010 650 1060 693 ν.
1099 660 1117 692 ι
1168 639 1282 695 Hoc
1325 652 1505 696 autem
1543 641 1704 696 modo
1738 642 2001 712 populum

421 736 731 807 appellavit.
768 754 786 787 ι
827 734 920 790 Sic
958 747 1162 801 autem,
1189 734 1384 805 inquit,
1417 733 1674 804 Ephraim
1714 736 1883 789 vitula
1915 750 2004 789 as-

420 836 578 883 sueta
594 826 820 899 diligere
855 825 1260 881 contentionem
1287 838 1336 889 ι,
1374 843 1392 875 ι
1428 824 1533 878 hoc
1563 834 1665 888 est,
1714 840 1835 894 quae
1869 841 2004 881 con-

422 919 718 975 tentionem
743 928 797 974 ct
817 922 990 974 rixam
1015 928 1182 973 amat.
1206 917 1340 973 Nam
1361 920 1539 982 νεῖκος
1561 934 1667 973 non
1693 918 1998 987 victoriam,

419 1010 514 1065 sed
543 1010 949 1065 contentionem
973 1018 1153 1064 vocat.
1200 1007 1269 1062 Et
1301 1017 1428 1077 post
1469 1008 1585 1064 haec
1621 1019 1864 1064 secutam
1902 1010 2003 1065 hu-

420 1100 710 1157 militatem
743 1101 1060 1165 ostendens,
1114 1097 1399 1167 subjunxit
1428 1117 1441 1154 :
1478 1118 1497 1151 ι
1526 1099 1639 1170 Ego
1666 1109 1848 1155 autem
1872 1116 2003 1157 con-

419 1190 679 1258 scendam
719 1205 887 1261 super
910 1188 1373 1261 pulchritudinem
1413 1189 1540 1245 colli
1567 1189 1706 1260 ejus.
1746 1210 1765 1243 ›
1797 1190 2003 1261 Super-

422 1285 545 1337 bam
584 1283 704 1354 ejus
729 1282 998 1338 cervicem
1025 1281 1357 1352 dcprimam,
1403 1289 1459 1338 et
1492 1281 1775 1339 servitutis
1811 1282 2002 1354 jugum

417 1378 716 1446 imponam.
753 1373 853 1429 llic
881 1375 1126 1443 psalmus
1161 1373 1347 1444 itaque
1383 1373 1732 1444 pontificum,
1777 1373 2000 1429 Scriba-

416 1484 538 1523 rum
581 1479 633 1524 et
705 1466 1104 1524 Pharisaeorum
1148 1466 1541 1523 insultationes
1582 1466 1867 1531 describit,
1907 1466 2002 1537 qui

417 1574 701 1616 taurorum
731 1559 1015 1628 ferociam,
1055 1561 1388 1630 leonumque
1425 1558 1671 1616 furorem
1703 1558 2000 1625 imitantes,

417 1652 709 1707 Dominum
747 1651 1029 1709 Christum
1062 1651 1407 1708 obsidebant.

489 1915 650 1970 Vens.
690 1914 778 1970 15.
818 1933 837 1965 ι
876 1913 1036 1971 Sicut
1072 1928 1211 1986 aqua
1236 1913 1447 1971 emtsus
1482 1928 1628 1981 sum,
1664 1920 1718 1969 et
1748 1912 1998 1984 dispersa

413 2019 548 2065 sunt
578 2009 763 2062 omnia
791 2022 920 2064 ossa
954 2021 1100 2063 mea.
1146 2025 1166 2059 ι
1204 2005 1342 2062 Ossa
1369 2016 1535 2063 vocat
1564 2021 1751 2063 sacros
1780 2015 2000 2076 aposto-

414 2105 518 2168 los,
555 2100 818 2172 quoniam
857 2109 913 2155 et
954 2115 1146 2170 corpus
1182 2098 1487 2156 Ecclesiam
1534 2101 1800 2165 nominat,
1830 2100 1998 2153 robur

410 2201 596 2249 autem
628 2192 880 2263 corporis
901 2206 1028 2247 ossa
1054 2201 1182 2248 sunt
1212 2209 1226 2247 :
1261 2207 1357 2262 per
1388 2192 1506 2247 lucc
1540 2191 1688 2246 enim
1724 2189 1996 2262 quidquid

413 2285 469 2342 in
502 2298 736 2357 corpore
776 2284 959 2342 mollis
1003 2292 1056 2340 et
1093 2283 1224 2340 ﬂuxi
1269 2293 1372 2351 est,
1418 2283 1583 2355 739
1630 2292 1992 2341 sustentatur.

416 2379 679 2450 Dissipati
735 2386 867 2436 sunt
915 2386 1099 2435 autem
1152 2392 1345 2434 omnes
1402 2386 1649 2447 tempore
1696 2375 1992 2448 passionis,

413 2473 590 2528 instar
621 2484 777 2542 aqua;
812 2471 920 2525 huc
943 2479 998 2526 et
1030 2470 1161 2524 illuc
1184 2469 1441 2540 dispersi.

488 2583 508 2617 ι
541 2563 768 2620 Factum
815 2572 902 2619 est
948 2577 1046 2632 cor
1092 2577 1276 2617 meum
1333 2569 1595 2634 tanquam
1642 2577 1766 2618 cera
1814 2562 1993 2632 lique-

408 2672 570 2715 scens
603 2657 658 2712 in
688 2656 871 2712 medio
899 2656 1109 2712 ventris
1144 2656 1272 2711 mei.
1305 2653 1497 2729 [Vens
1531 2653 1646 2726 16.]
1688 2653 1848 2708 Aruit
1869 2663 1994 2709 tan-

408 2763 572 2818 quam
604 2757 744 2804 testa
769 2748 946 2803 virtus
974 2762 1118 2810 mea,
1153 2756 1208 2802 et
1236 2746 1420 2817 lingua
1462 2761 1584 2801 mea
1614 2743 1844 2801 adhaesit
1876 2743 1995 2799 fau-

406 2842 563 2899 cibus
592 2840 752 2907 meis,
788 2848 842 2895 et
875 2840 931 2895 in
973 2840 1255 2911 pulverem
1293 2839 1490 2894 mortis
1521 2836 1800 2895 deduxisti
1829 2851 1937 2891 me.
1971 2855 1990 2888 ι

409 2935 588 2992 Etiam
641 2934 759 2990 haec
810 2933 999 2988 omnia
1048 2932 1323 3003 passionis
1364 2939 1610 3003 tempore
1647 2929 1992 2987 acciderunt.

407 3027 544 3082 Nam
585 3043 680 3083 cor
722 3026 946 3098 quidem
983 3025 1056 3080 ob
1109 3025 1363 3080 timorem
1417 3033 1476 3078 ut
1526 3040 1651 3079 cera
1694 3026 1760 3080 ad
1811 3025 1992 3096 ignem

2028 1803 2075 1859 B

2110 548 2292 619 μέντοι
2344 548 2439 601 καὶ
2481 548 2510 600 ὀ
2566 547 2833 619 μακάριος
2854 546 2897 579 ¹¹
2948 547 3129 618 Ὠσηὲ,
3182 548 3412 621 δαμάλει
3436 550 3481 581 ¹⁶
3534 549 3689 603 αὐτὸν

2105 640 2395 706 ἀπεικάζει
2419 624 2800 712 θρασυνομένῃ
2823 656 2838 672 ·
2882 659 2899 691 ι
2936 640 3023 704 Ὠς
3049 639 3282 711 δάμαλις
3309 641 3419 712 γὰρ
3443 643 3484 673 ⁸⁷
3509 659 3694 714 παροι-

2107 729 2328 802 στρῶσα
2356 730 2762 802 παροίστρησεν
2807 728 3070 802 Ἐφραίμ.
3103 749 3120 781 ι
3176 730 3339 785 Οὕτω
3361 732 3418 785 δὲ
3449 732 3540 787 τὸν
3567 735 3691 787 λαὸν

2107 823 2551 895 προσηγόρευσεν
2580 840 2593 855 ·
2654 842 2672 875 ι
2715 822 2872 878 Οὕτω
2892 825 2935 857 ¹⁸
2978 824 3036 877 δὲ
3083 825 3178 878 καὶ
3223 824 3487 898 Ἐφρατμ,
3536 827 3689 897 φησὶ,

2104 913 2336 986 δάμαλις
2362 914 2780 987 δεδιδαγμένη¹⁹
2814 917 3035 988 άγαπᾷν
3076 919 3287 982 νεῖκος’
3320 936 3341 971 ι
3391 919 3690 987 τουτέστιν,

2106 1007 2357 1078 ὲριστικὴ
2385 1007 2477 1061 καὶ
2506 986 2838 1076 φιλόνεικος..
2864 986 3078 1076 Νεῖκος
3097 1009 3142 1042 ¹⁶
3169 1008 3278 1081 γάρ
3306 1010 3369 1065 οὐ
3391 1011 3490 1083 τὴν
3513 986 3693 1081 νίκην,

2105 1101 2241 1156 ἀλλὰ
2269 1103 2371 1173 τὴν
2400 1102 2734 1173 φιλονεικίαν
2780 1102 2956 1158 καλεῖ.
3009 1103 3119 1157 Καὶ
3167 1104 3385 1168 δεικνὺς
3418 1105 3516 1176 τὴν
3557 1105 3694 1176 μετὰ

2103 1195 2281 1250 ταῦτα
2311 1196 2639 1249 ταπείνωσιν
2668 1196 2984 1266 ἐπήγαγεν·
3028 1213 3046 1246 ι
3075 1195 3222 1264 Ἐγὼ
3266 1196 3324 1249 δὲ
3356 1196 3693 1267 ἐπιϐήσομαι

2105 1286 2199 1340 ἐπὶ
2231 1285 2291 1339 τὸ
2325 1285 2519 1349 κάλλος
2566 1271 2660 1339 τού
2709 1286 2986 1356 τραχήλου
3034 1286 3224 1356 αὐτῆς.
3258 1305 3277 1338 ι
3338 1286 3443 1339 Τὸν
3490 1287 3693 1357 γαῦρον

2106 1380 2277 1448 αὐτῆς
2295 1380 2339 1412 ¹¹
2387 1379 2587 1449 αὐχένα
2624 1376 2969 1443 ταπεινὼσω,
3018 1376 3114 1431 καὶ
3161 1376 3254 1431 τὸν
3300 1377 3400 1448 τῆς
3448 1377 3694 1442 δουλείας

2104 1472 2351 1543 ἐπιθήσω
2382 1471 2568 1541 ζυγόν.
2617 1470 2924 1542 Τοιγαροῦν
2940 1472 2985 1503 ’⁸
3017 1470 3111 1523 καὶ
3140 1471 3168 1524 ὁ
3207 1469 3420 1540 ψαλμδς
3468 1468 3693 1540 προδια-

2106 1561 2311 1632 γράφει
2329 1561 2376 1593 "
2404 1561 2502 1624 τὰς
2526 1560 2635 1614 τῶν
2664 1560 2988 1632 ἀρχιερέων,
3041 1560 3135 1614 καὶ
3163 1559 3568 1631 Γραμματέων,
3598 1557 3693 1612 καὶ

2104 1653 2415 1727 Φαρισαίων
2443 1655 2862 1722 ἐπαναστάσεις,
2898 1652 2949 1705 οἳ
2979 1654 3195 1724 ταύρων
3226 1651 3566 1722 θρασύτητα,
3600 1651 3691 1705 καὶ

2104 1747 2331 1803 λεόντων
2368 1747 2562 1818 μανίαν
2612 1747 2940 1820 μιμούμενοι
2984 1744 3423 1818 περιεστοίχιζον.
3445 1744 3539 1799 τὸν
3591 1745 3686 1797 Δε·

2107 1840 2312 1912 σπότην
2324 1839 2371 1872 “
2399 1841 2655 1911 Χριστόν.

2173 1940 2254 1987 ιε’.
2304 1953 2323 1985 ι
2359 1933 2503 1986 Ὠσεὶ
2531 1930 2680 2004 ὕδωρ
2709 1930 2939 2002 ἐξεχύθη
2956 1931 3001 1963 ’³
3030 1930 3208 1985 πάντα
3240 1930 3310 1984 τά
3341 1928 3477 1983 ὀστᾶ
3508 1946 3631 2000 μου.
3666 1947 3684 1980 ι

2113 2024 2287 2083 Ὀστᾶ
2321 2025 2481 2080 καλεῖ
2528 2025 2654 2089 τοὺς
2704 2025 2885 2095 ἱεροὺς
2923 2023 3257 2087 ἀποστόλους
3287 2040 3302 2054 ο
3359 2021 3551 2091 ἐπειδὴ
3598 2019 3689 2074 καὶ¹

2097 2117 2272 2187 σῶμα
2286 2118 2331 2150 ³⁸
2350 2115 2449 2188 τὴν
2471 2115 2802 2187 Ἐκκλησίαν
2824 2114 2981 2169 καλεῖ
2997 2130 3013 2145 ⁶
3046 2116 3200 2186 ἰσχὺς
3227 2114 3283 2167 δὲ
3309 2112 3406 2167 τοῦ
3435 2112 3686 2180 σώματος

2096 2208 2166 2263 τὰ
2192 2208 2327 2262 ὁστᾶ
2352 2222 2366 2237 ⁸
2415 2207 2522 2261 ὑπὸ
2537 2208 2581 2238 ⁸⁷
2614 2204 2818 2260 τούτων
2860 2204 2969 2277 γὰρ
3013 2204 3072 2258 τὸ
3108 2204 3278 2275 μανὸν
3310 2204 3404 2258 καλ⁵
3437 2202 3688 2274 διαρρέον

2094 2298 2191 2353 τοῦ
2228 2298 2479 2369 σώματος
2529 2297 2756 2369 φέρεται
2791 2314 2805 2327 ·
2855 2295 3295 2368 ἐσκορπίσθησαν
3339 2294 3397 2349 δὲ
3444 2294 3687 2357 ἅπαντες

2094 2392 2239 2447 κατὰ
2267 2391 2358 2445 τὸν
2387 2391 2482 2445 τοῦ
2513 2391 2722 2455 πάθους
2749 2390 2965 2462 καιρὸν,
3009 2389 3168 2460 δίκην
3198 2388 3392 2453 ὓδατος
3424 2388 3554 2460 τῇδε
3589 2388 3686 2442 κά-

2095 2485 2243 2538 κεῖσε
2272 2482 2646 2554 διαιρηθέντες
2658 2483 2724 2537 ’⁸.

2175 2595 2192 2629 ι
2246 2574 2516 2647 Ἐγενήθη
2547 2576 2580 2645 ἡ
2614 2574 2816 2647 καρδία
2857 2592 2957 2645 μου
2993 2574 3124 2628 ὡσεὶ
3154 2573 3326 2644 κηρὸς
3354 2572 3682 2644 τηκόμενος,

2093 2670 2151 2723 ὲν
2185 2669 2338 2740 μέσῳ
2368 2668 2469 2739 τῆς
2491 2667 2700 2740 κοιλίας
2728 2668 2851 2736 μου.
2880 2665 3006 2740 [ις’]
3051 2665 3356 2738 Ἐξηράνθη
3381 2664 3457 2730 ὡς
3486 2665 3686 2735 δστρα·

2093 2736 2198 2816 κον*
2225 2762 2258 2832 ἡ
2287 2736 2440 2831 ἰσχύς
2479 2736 2602 2830 μου,
2639 2759 2733 2813 καὶ
2770 2760 2804 2831 ἡ
2838 2736 3062 2828 γλῶσσά
3102 2736 3202 2830 μου
3247 2736 3582 2825 κεκόλληται
3612 2753 3687 2825 τῷ

2093 2850 2332 2924 λάρυγγι
2386 2868 2511 2922 μου,
2549 2850 2645 2904 καὶ
2689 2851 2771 2913 εἰς
2814 2849 2945 2921 χοῦν
2983 2850 3217 2905 θανάτου
3262 2849 3593 2920 κατήγαγές
3642 2846 3685 2879 ⁸ο

2097 2961 2186 3014 με.
2241 2961 2259 2996 ι
2315 2945 2426 2997 Καὶ
2470 2941 2644 2997 ταῦτα
2692 2943 2872 2995 πάντα
2923 2932 3217 3012 γεγένηται
3254 2940 3404 3011 παρὰ
3447 2940 3551 2993 τὸν
3594 2937 3682 2993 τού

2096 3034 2303 3112 πάθους
2333 3034 2546 3104 καιρόν.
2607 3032 2670 3087 'H
2710 3034 2910 3105 καρδία
2944 3033 3044 3102 μὲν
3086 3033 3196 3107 γὰρ
3247 3034 3312 3104 τῇ
3349 3031 3563 3104 δειλία,
3610 3030 3681 3094 ὡς

406 3120 650 3187 evanuit,
684 3128 738 3175 et
812 3119 984 3174 robur
1044 3119 1153 3173 vim
1224 3117 1515 3187 pristinam
1569 3132 1675 3171 non
1718 3117 1989 3182 exhibuit,

2103 3128 2123 3181 5
2161 3126 2204 3158 ³ο
2233 3125 2404 3197 κηρὸς
2428 3125 2506 3196 τῷ
2554 3125 2712 3195 πυρὶ,
2753 3125 2994 3196 διελύθη,
3031 3124 3127 3179 καλ⁸
3158 3127 3190 3195 ἡ
3226 3125 3381 3195 ἰσχὺς
3407 3124 3516 3195 τὴν
3548 3140 3680 3195 προ⁸

406 3222 574 3285 atque
602 3212 766 3269 etiam
801 3212 985 3283 lingua
1034 3210 1333 3266 immobilis
1365 3210 1688 3280 permansit.
1722 3209 1788 3264 Et
1818 3210 1990 3265 divini

406 3305 758 3377 evangelista
807 3320 913 3360 nos
944 3304 1146 3359 docent
1168 3318 1293 3358 eum
1322 3317 1427 3357 non
1460 3301 1829 3373 respondisse,
1866 3301 1992 3357 licet

406 3399 608 3470 saepius
654 3398 1029 3468 interrOgatus
1066 3403 1232 3453 esset.
1268 3394 1532 3451 Traditus
1561 3402 1644 3450 est
1673 3403 1854 3450 autem
1901 3409 1990 3450 se-

405 3490 642 3561 pulturae
685 3495 811 3560 post
844 3487 1178 3558 passionem,
1227 3485 1280 3541 id
1321 3486 1469 3557 quod
1512 3485 1774 3556 pulverem
1806 3487 1989 3540 mortis

407 3583 727 3655 appellavit,
771 3582 900 3654 quia
944 3580 1167 3652 pulvere
1199 3581 1552 3637 obducuntur
1590 3579 1685 3650 qui
1717 3579 1990 3649 sepeliun-

405 3689 533 3753 tur.

479 3767 650 3824 Vens.
683 3766 772 3822 17.
821 3784 840 3817 ι
878 3754 1152 3832 Quoniam
1199 3765 1677 3821 circumdederunt
1708 3780 1795 3820 me
1827 3778 1991 3821 canes

407 3860 593 3925 multi,
639 3866 696 3916 et
742 3858 1041 3914 concilium
1092 3857 1509 3927 malignantium
1565 3857 1780 3913 obsedit
1817 3872 1922 3912 me.
1966 3875 1986 3909 ι

407 3952 544 4009 Post
568 3949 789 4007 Judaos
810 3950 876 4005 de
905 3948 1150 4020 gentium
1181 3948 1424 4005 exercitu
1450 3949 1786 4005 mentionem
1818 3947 1945 4005 facit
1974 3966 1989 4002 :

407 4060 536 4100 nam
573 4043 652 4099 illi
685 4042 771 4100 his
801 4057 926 4099 eum
954 4040 1317 4098 tradiderunt.
1344 4040 1552 4097 Idcirco
1582 4040 1865 4112 prophetia
1902 4056 1991 4096 re-

406 4150 532 4189 rum
558 4133 725 4191 etiam
755 4134 1007 4190 ordinem
1040 4133 1376 4190 observavit.
1411 4132 1603 4190 Merito
1640 4141 1824 4189 autem
1865 4132 1990 4189 illos

407 4225 628 4297 quidem
683 4236 888 4293 tauros,
939 4226 1041 4281 hos
1089 4241 1221 4281 vero
1258 4242 1416 4281 canes
1449 4229 1467 4249 ⁶
1506 4225 1843 4293 nominavit;
1884 4224 1991 4297 [illi

405 4321 556 4375 enim
588 4319 693 4376 sub
720 4319 856 4392 jugo
903 4318 1039 4391 legis
1079 4328 1256 4383 erant,
1288 4319 1392 4374 etsi
1426 4317 1598 4388 legem
1633 4318 1769 4374 satis
1800 4325 1990 4386 aperte

407 4409 961 4481 transgrederentur;
999 4408 1053 4463 hi
1084 4424 1213 4464 vero
1244 4408 1547 4465 secundum
1587 4407 1757 4478 legem
1786 4407 1987 4478 impuri

2092 3221 2261 3290 τέραν
2298 3218 2580 3288 ἐνέργειαν
2625 3217 2727 3272 οὐκ
2778 3218 3024 3272 ἐδείκνυ·
3086 3218 3182 3271 καὶ
3250 3219 3441 3289 μέντοι
3504 3217 3601 3271 καὶ
3647 3216 3680 3286 ή

2092 3312 2313 3381 γλῶσσα
2353 3310 2609 3380 ἀκίνητος
2660 3309 2841 3382 ἔμενε.
2893 3310 3007 3364 Καὶ
3058 3310 3406 3364 διδάσκουσιν
3450 3311 3604 3380 ἡμᾶς
3633 3307 3679 3361 οι

2092 3402 2374 3456 θεσπέσιοι
2407 3401 2814 3472 εὐαγγελισταὶ,
2846 3402 2929 3456 ὅτι
2965 3400 3229 3465 πολλάκις
3261 3402 3569 3473 ἐρωτηθεὶς
3596 3399 3681 3454 ού-

2091 3494 2181 3548 δὲν
2213 3493 2569 3564 ἁπεκρίνατο.
2605 3491 2885 3564 Παρεδόθη
2917 3491 2977 3545 δὲ
3023 3493 3120 3546 καὶ
3146 3491 3224 3562 τῷ
3252 3492 3409 3561 τάφῳ
3445 3491 3592 3563 μετὰ
3625 3490 3681 3545 τὸ

2094 3585 2285 3651 πάθος,
2321 3585 2458 3657 ὅπερ
2497 3584 2649 3655 χοῦν
2681 3584 2941 3640 θανάτου
2971 3584 3276 3657 ὠνόμασεν,
3308 3585 3406 3639 ἅτε
3439 3585 3511 3659 δὴ
3545 3601 3680 3656 χωνο

2092 3676 2341 3750 νυμένων
2367 3677 2475 3730 τῶν
2509 3677 2881 3748 θαπτομένων.

2168 3772 2252 3836 ιζ’.
2301 3789 2319 3822 ι
2367 3770 2490 3823 Ὅτι
2533 3768 2853 3823 ὲκύκλωσάν
2893 3770 2935 3801 ³¹
2974 3786 3041 3840 με
3086 3768 3247 3830 κύνες
3283 3766 3510 3821 πολλοί·
3562 3785 3681 3822 σθεν-

2093 3862 2287 3934 αγωγὴ
2319 3862 2772 3935 πονηρευομένων
2803 3862 3096 3934 περιέσχον
3131 3879 3199 3932 με
3231 3863 3295 3915 ³⁸.
3331 3880 3348 3911 ι
3372 3861 3540 3915 Μετὰ
3562 3863 3682 3923 τοὺς

2105 3953 2418 4018 Ἰουδαίους,
2470 3952 2565 4007 τοῦ
2604 3952 2651 3985 ³³
2691 3952 2753 4020 ἐξ
2800 3952 2972 4006 ἐθνῶν
3025 3950 3357 4024 μνημονεύει
3405 3949 3678 4022 πρατοῦι

2091 4045 2301 4109 τούτοις
2353 4045 2463 4117 γὰρ
2510 4044 2675 4101 αὐτὸν
2727 4047 2926 4100 ἐκεῖνοι
2974 4043 3424 4117 παραδεδώκασιν
3483 4043 3549 4097 ³⁸.
3596 4041 3684 4094 Διὸ

2093 4138 2189 4191 καὶ
2238 4137 2337 4209 τὴν
2381 4137 2534 4205 τάξιν
2579 4139 2611 4210 ὴ
2646 4138 2954 4211 προφητεία
3002 4138 3112 4193 τῶν
3155 4135 3511 4210 πραγμάτων
3553 4135 3681 4205 ἐφύ-

2091 4230 2272 4297 λαξεν.
2301 4231 2543 4295 Εἰκότως
2574 4231 2631 4285 δὲ
2665 4232 2923 4299 ταύρους
2959 4230 3060 4302 μὲν
3089 4231 3354 4295 ἐκείνους,
3388 4231 3589 4296 κύνας
3625 4227 3680 4281 δὲ

2090 4321 2316 4386 τούτους
2355 4322 2642 4393 ὠνόμασεν
2663 4339 2677 4354 ο
2709 4322 2781 4396 [³⁵
2830 4323 2880 4375 οἱ
2918 4322 3017 4393 μὲν
3049 4321 3159 4394 γὰρ
3193 4321 3300 4375 ὑπὸ
3331 4321 3427 4375 τὸν
3461 4322 3559 4375 τοῦ
3599 4320 3682 4372 νό-

2095 4430 2196 4484 μου
2246 4412 2411 4482 ζυγὺν
2440 4409 2613 4484 ἦσαν·
2653 4414 2702 4467 εἰ
2736 4413 2836 4467 καὶ
2878 4412 3174 4484 προφανῶς
3205 4412 3299 4467 τὸν
3335 4413 3507 4483 νόμον
3543 4428 3679 4483 παρα

404 4510 580 4558 erant.
616 4501 707 4557 Sic
736 4510 917 4557 autem
948 4500 1219 4555 Dominus
1252 4514 1473 4571 quoque
1514 4499 1806 4570 appellavit
1844 4498 1988 4554 Cha-

2103 4505 2306 4561 ἔϐαινον
2326 4524 2339 4537 ·
2369 4508 2416 4560 oi
2443 4507 2499 4561 δὲ
2532 4506 2672 4561 κατὰ
2703 4507 2869 4577 νόμον
2900 4501 3044 4576 ἦσαν
3074 4503 3400 4574 ἀκάθαρτοι.
3440 4506 3601 4558 Οὕτω
3620 4503 3675 4556 δὲ

406 4593 703 4664 nanaeam.]
739 4611 758 4644 ι
795 4592 909 4647 Non
944 4591 1091 4646 enim
1124 4590 1332 4645 bonum
1376 4598 1481 4656 est,
1531 4588 1728 4659 inquit,
1763 4603 1986 4645 sumere

406 4699 603 4758 panem
646 4684 906 4752 ﬁliorum,
942 4696 995 4741 et
1031 4684 1163 4740 dare
1197 4681 1396 4739 catulis
1415 4690 1465 4737 γ.
1509 4699 1528 4733 ι
1566 4681 1729 4754 740
1759 4681 1864 4739 Sed
1901 4691 1985 4739 ta-

477 4812 506 4842 ιι
536 4799 692 4856 Deut.
727 4815 899 4868 χχιιι,
934 4800 1022 4856 15.

1126 4807 1151 4838 ν
1186 4795 1327 4855 Osee
1355 4814 1430 4866 tv,
1470 4798 1558 4855 16.
1636 4805 1665 4834 ι
1702 4795 1841 4855 Osee
1875 4814 1931 4867 x,
1966 4798 2057 4855 11.

2093 4598 2190 4652 καὶ
2232 4598 2262 4650 ὁ
2300 4595 2505 4667 Κύριος
2526 4596 2625 4668 τὴν
2651 4596 2964 4651 Χαναναίαν
3005 4590 3334 4666 ὠνόμασεν.]
3378 4614 3397 4646 ι
3419 4594 3539 4647 Οὐκ
3566 4592 3682 4646 ἐστι

2085 4688 2194 4761 γὰρ
2227 4687 2412 4756 καλὸν,
2448 4687 2494 4719 ⁸⁸
2527 4688 2680 4757 φησὶ,
2715 4686 2902 4742 λαϐεῖν
2956 4687 3048 4741 τὸν
3081 4686 3247 4759 ἄρτον
3287 4684 3398 4739 τῶν
3443 4684 3670 4743 τέκνων,

2151 4810 2182 4850 γ
2213 4800 2410 4855 Matth.
2447 4814 2540 4863 xv,
2572 4797 2665 4853 26.

1513 4913 1747 4969 νΑῐιιΑῑ
1785 4913 2170 4972 LECTIONES
2207 4916 2295 4971 ET
2333 4914 2567 4970 NOTAE.

484 5031 528 5063 "
556 5029 796 5096 Κύριον.
820 5027 949 5085 Rec.
989 5029 1151 5086 lectio
1181 5030 1274 5084 τὸν
1301 5029 1455 5086 Θεόν.
1517 5030 1561 5063 ³⁸
1589 5028 1913 5098 Μακάριος.
1938 5044 1994 5086 co

2103 5029 2133 5084 2
2160 5029 2325 5093 θεῖος.

2401 5028 2445 5062 ¹⁶
2479 5027 2737 5095 Δαμάλει
2766 5057 2837 5070 -·
2857 5025 3297 5097 θρασυνομέκη.
3330 5020 3668 5097 H:_cc_t_le_s.in

406 5101 532 5159 cod.
561 5092 860 5172 2.3’j‘dp.
886 5100 1009 5172 cod.
1028 5102 1062 5155 3
1084 5100 1210 5172 add.
1229 5100 1354 5172 ἔφη.
1390 5101 1435 5133 ⁸⁸
1461 5100 1632 5172 01'5th
1646 5099 1715 5153 δὲ
1738 5092 1857 5172 καί.
1870 5092 1994 5156 ὀοὼ

2103 5115 2187 5172 res
2212 5092 2348 5171 Aug.
2366 5098 2471 5172 ίκαζι
2487 5092 2672 5152 πάλιν.
2708 5098 2750 5131 ¹⁹
2774 5092 3330 5172 οοάζβρεδειγμένη.
3363 5094 3432 5172 ’ξ’
3450 5092 3643 5172 Naisso

422 5167 672 5227 -xa.lsi'.
692 5164 931 5225 Sed'rec.
960 5170 1119 5225 lectio
1148 5171 1185 5226 l.
1215 5164 1375 5227 cfe'st
1393 5173 1561 5234 νῖκος,
1586 5170 1829 5224 victoria.
1868 5172 1911 5203 ²¹
1942 5175 1987 5224 Α

2103 5170 2162 5236 ῖς.
2199 5164 2326 5224 cod:
2353 5171 2407 5232 1,
2437 5170 2473 5224 2
2501 5185 2701 5239 praem.
2728 5169 2856 5239 γάρ.
2885 5169 2930 5239 θ’
2962 5164 3286 5239 Τοιγαροῦν
3299 5164 3666 5239 έ-Χριστῴς.

410 5239 908 5330 θεειίξιέῖρξὲἒο.
933 5240 979 5273 ’³
1015 5242 1206 5330 9.04:?
1233 5230 1559 5330 ἓατράφειῖ
1707 5242 1994 5330 ’ἑξεῖιτδτητ

2103 5230 2245 5296 thest
2278 5230 2453 5330 a‘cod.
2485 5230 2576 5330 2'.l
2609 5240 2665 5330 ξ’
2695 5230 3004 5330 amem.
3028 5230 3189 5330 eoid.
3214 5235 3498 5330 trlcs‘Aggx.
3521 5230 3665 5330 add.

408 5313 504 5384 καὶ
525 5308 937 5384 διεσκορπίσθη.
956 5380 975 5384 Δ
1015 5312 1061 5343 ³⁸
1095 5312 1214 5366 cod.
1240 5313 1275 5367 2
1309 5302 1557 5384 σώματα.
1585 5383 1595 5384 7
1636 5311 1702 5384 ’νγ
1724 5311 1860 5384 ’Υπρ
1886 5302 1994 5384 —_'5

2103 5328 2242 5384 erat.
2281 5309 2580 5384 Des.__apud_
2608 5302 2779 5384 C_ord.
2892 5309 3015 5363 587.
3059 5306 3287 5384 _"_cod.
3322 5305 3372 5367 1,
3460 5302 3669 5384 διαιρε-

410 5379 615 5445 θέντες.
647 5453 654 5454 7
716 5379 771 5413 "9
794 5379 922 5454 cod.
948 5380 984 5436 2
1015 5384 1349 5454 κατήγαγον.

1458 5383 1503 5415 ³⁸
1543 5382 1640 5447 Ὧς
1673 5383 1726 5436 ὁ.
1758 5380 1883 5453 cod.
1917 5382 1965 5453 1,,
2068 5381 2221 5434 ὡσεί.

2332 5381 2375 5412 ³⁸
2408 5371 2531 5433 Ὅτι
2556 5371 2937 5434 ἐκύκλωσαν.
2975 5376 3097 5432 cod.
3128 5378 3163 5431 5
3188 5371 3666 5442 περιεκύκλωσαν,

409 5442 616 5525 omisso
640 5453 751 5525 ὅτι.
791 5450 865 5525 __"
889 5452 1021 5525 Quaef
1051 5453 1117 5508 ad
1142 5442 1294 5525 hunc
1321 5463 1376 5508 et
1397 5468 1523 5525 seq.
1544 5442 1686 5525 vers.
1724 5466 1761 5525 a‘
1787 5442 1987 5507 Nostro
2013 5452 2156 5525 dicta
2188 5460 2338 5513 sunt,
2372 5458 2592 5525 erstant
2614 5451 2775 5525 etiam
2810 5449 2862 5501 iu
2891 5447 3106 5525 Eusebii
3131 5446 3196 5499 ad
3230 5445 3283 5498 li.
3313 5446 3349 5525 Ι,
3374 5442 3671 5525 commen-

410 5522 574 5600 tar_io.
616 5523 755 5600 apud
774 5509 979 5600 ἓῐοηῖί.
1004 5524 1042 5578 1.
1078 5539 1126 5577 c.
1157 5532 1196 5575 t.
1226 5520 1268 5600 l_.
1300 5537 1352 5591 p.
1386 5509 1707 5600 8_5.Lln_cml_.
1735 5520 1874 5600 Aug.
1902 5522 2072 5600 tertio
2095 5537 2204 5600 una
2237 5509 2363 5576 cum
2406 5521 2601 5600 Nostri
2617 5518 2837 5599 nomine
2871 5518 3168 5599 ascriptum
3190 5525 3288 5600 est
3324 5510 3536 5600 όμηίιυς

413 5582 617 5647 σεϐίου.
653 5582 669 5593 ’
688 5592 733 5624 ³³
772 5587 882 5648 Τοῦ
908 5623 981 5635 -
1007 5592 1287 5660 στρατοῦ.
1302 5582 1441 5647 ὀού.
1466 5593 1502 5645 2
1533 5594 1612 5654 είς
1638 5592 1731 5656 τῂν
1751 5582 1859 5644 τῶν
1898 5591 1989 5644 ὲθν

413 5661 781 5716 στρατιωτῶν.
803 5660 878 5716 lta
905 5677 1125 5716 ououue
1148 5662 1252 5716 lea.
1284 5663 1425 5716 apud
1450 5661 1647 5716 Euseb.
1683 5661 1717 5715 Ι.
1745 5677 1795 5716 c.
1872 5661 1920 5693 "
1942 5678 1994 5716 cc

2103 5590 2239 5643 νεύει
2278 5591 2529 5662 στρατόν.
2562 5588 2669 5643 Pro
2694 5588 2788 5641 τοῦ
2820 5582 3073 5658 στρατοῦ.
3102 5586 3224 5641 cod.
3257 5584 3290 5638 5
3340 5582 3514 5636 habet
3561 5582 3672 5631 τῶν

2103 5662 2151 5716 1.
2178 5662 2212 5713 2
2239 5660 2561 5716 παρέδοσαν.
2640 5656 2685 5691 ⁸⁸
2722 5656 2762 5710 Ε
2794 5662 2915 5713 cod.
2949 5659 2982 5712 5
3004 5656 3141 5716 Aug.
3174 5654 3348 5716 suppl.
3400 5651 3521 5703 haec
3554 5661 3676 5716 qua:

412 5661 781 5730 στρατιωτῶν.
803 5660 878 5717 lta
905 5677 1125 5743 quoque
1148 5662 1252 5729 leg.
1284 5661 1647 5743 apudEuscb.
1683 5661 1717 5715 Ι.
1745 5677 1795 5716 c.
1872 5661 1920 5693 "
1942 5678 1994 5716 cc

411 5730 485 5786 ob
540 5729 944 5800 ὁμοιοτὲλευτα,
977 5741 1038 5788 ut
1071 5731 1303 5798 Videtur,
1331 5732 1665 5788 excrderant.
1706 5732 1906 5790 Eadem
1942 5748 1994 5803 at

2103 5662 2151 5723 l.
2178 5662 2212 5713 2
2239 5660 2561 5731 παρέδοσαν.
2640 5660 2685 5691 ⁸⁸
2722 5660 2762 5710 Ε
2794 5662 2915 5713 cod.
2949 5660 2982 5712 5
3004 5660 3141 5727 Aug.
3174 5660 3348 5724 suppl.
3401 5660 3521 5703 haec
3554 5661 3669 5716 qua!

2109 5730 2308 5788 Euseb.
2345 5731 2383 5785 ι.
2420 5746 2469 5786 c.
2506 5730 2779 5800 leguntur.
2862 5728 2907 5760 “
2937 5730 3159 5782 Καλόν.
3193 5726 3357 5779 Abest
3384 5735 3419 5774 a
3452 5718 3579 5775 cod.
3614 5714 3669 5772 3.
