4004 6216
429 322 570 388 1023
1428 324 1925 388 THEODORETI
1963 324 2305 387 EPISCOPI
2342 324 2710 387 CYRENSIS
3571 318 3696 383 1025

497 453 516 472 ο
551 432 726 490 Vens.
761 433 851 488 29.
885 452 904 485 ι
950 432 1221 501 Quoniam
1258 433 1478 490 Domini
1521 447 1607 491 est
1646 452 1896 508 regnum,
1949 445 2003 491 et

2175 435 2278 488 κθ’.
2322 453 2340 486 ι
2390 436 2512 487 Ὅτι
2549 433 2642 487 τοῦ
2688 432 2949 503 Κυρίουή
2986 429 3252 502 βασιλεία,
3283 429 3387 482 καὶ
3427 428 3593 489 αὐτος
3623 429 3676 481 δε

424 526 544 598 ipse
568 528 883 583 dominatur
908 528 1177 599 gentibus.
1215 548 1234 581 ι
1287 527 1408 583 Non
1440 528 1584 583 enim
1637 538 1850 584 tantum
1904 528 2003 583 Ju-

426 619 670 674 daeorum
716 617 867 674 'Deus
896 629 983 675 est
1026 619 1192 684 Deus,
1226 630 1281 677 ut
1312 621 1388 676 illi
1416 621 1753 689 existimant,
1811 638 2000 677 verum

424 710 598 766 totius
629 710 881 765 humanae
923 720 1132 767 naturae
1154 720 1236 767 est
1265 722 1499 769 creator.
1545 712 1637 769 Sic
1666 722 1722 768 et
1763 714 2001 784 Aposto-

428 799 517 854 lug
560 802 673 854 ait:
716 819 734 851 ι
777 800 1031 871 Nunquid
1059 800 1369 856 Juda'orum
1414 803 1555 858 Deus
1582 812 1697 858 .est
1752 804 2003 858 tantum?

429 906 611 947 nonne
641 900 696 947 et
721 893 960 961 gentium
994 892 1018 945 ?
1051 892 1275 946 omnino
1303 893 1468 947 etiam
1529 895 1771 965 gentium
1808 914 1821 950 :
1860 911 1989 966 quo-

428 981 575 1035 niam
613 998 755 1037 unus
801 991 884 1037 est
916 982 1079 1045 Deus,
1115 981 1208 1051 qui
1262 981 1585 1050 justiﬁcabit
1644 984 2003 1041 circumcisus

426 1087 495 1127 ex
534 1072 657 1140 ﬁde,
676 1081 730 1127 et
784 1071 1151 1141 praeputiatos,
1205 1086 1302 1140 per
1335 1072 1493 1127 tidem
1522 1069 1569 1127 ι.
1621 1087 1641 1120 ι

498 1162 668 1219 Vens.
701 1164 788 1219 50.
821 1183 841 1214 ι
873 1163 1360 1229 Manducaverunt,
1393 1174 1446 1219 et
1487 1166 1853 1223 adorarerunt
1878 1183 2002 1223 eum

432 1270 628 1311 omnes
658 1255 886 1326 pingues
917 1265 1118 1309 terrae:
1187 1254 1240 1308 in
1284 1264 1579 1326 conspectu
1635 1257 1758 1327 ejus
1809 1257 2008 1313 cadent

430 1363 621 1404 omnes
676 1349 770 1417 qui
799 1346 1141 1403 descendunt
1167 1347 1222 1401 in
1260 1356 1481 1404 terram.
1522 1367 1540 1400 ι
1582 1348 1684 1415 Qui
1731 1351 1877 1405 enim
1909 1367 2006 1407 co-

429 1442 717 1497 mederunt
744 1449 800 1495 et
832 1440 1039 1510 impleti
1070 1450 1221 1506 sunt,
1255 1442 1322 1496 de
1350 1443 1784 1499 immortalicibo
1802 1446 2006 1517 gratias

409 1545 671 1608 agentes,
703 1550 828 1591 eum
868 1536 961 1605 qui
995 1534 1111 1591 bazc
1146 1536 1511 1605 suppeditavit
1548 1547 1606 1593 ut
1663 1537 1828 1593 Deum
1871 1540 2007 1595 adn-

426 1625 645 1680 rabuut.
675 1625 743 1680 Et
771 1624 898 1696 quia
936 1625 991 1679 in
1022 1624 1364 1695 praecedente
1394 1641 1554 1682 versu
1586 1628 1865 1699 pinguium
1888 1641 2010 1686 tan-

425 1725 541 1772 tum
579 1718 911 1772 mentionem
948 1716 1095 1783 iecit,
1128 1726 1188 1772 ut
1240 1718 1334 1788 qui
1380 1720 1449 1773 ab
1505 1720 1600 1774 illo
1633 1722 1821 1777 divino
1882 1724 2007 1779 cibo

428 1808 564 1863 tales
595 1807 771 1863 effecti
806 1809 937 1875 sint,
974 1809 1168 1863 merito
1190 1809 1333 1863 dixit
1366 1826 1379 1863 :
1422 1828 1441 1861 ι
1473 1811 1531 1864 In
1565 1823 1860 1883 conspectu
1884 1816 2003 1884 ejus

425 1900 622 1955 cadent
654 1913 848 1954 omnes
894 1900 989 1969 qui
1016 1900 1359 1955 descendunt
1388 1900 1442 1955 in
1478 1910 1702 1958 terram.
1746 1922 1765 1956 ι
1816 1904 2004 1976 Siqui-

425 1990 550 2046 dem
590 1999 713 2060 post
745 1990 1206 2046 resurrectionem
1238 2006 1305 2045 ex
1336 1992 1594 2055 mortuis,
1647 1994 1741 2048 alii
1782 1996 2000 2065 quidem

428 2087 690 2155 volentes,
726 2088 816 2143 alii
853 2102 985 2143 vero
1016 2087 1192 2155 inviti,
1230 2098 1286 2143 et
1312 2088 1405 2143 alii
1443 2089 1661 2160 quidem
1690 2107 1754 2145 ex
1791 2108 2001 2161 amore,

426 2180 521 2236 alii
548 2195 679 2236 vero
703 2195 735 2236 e
768 2181 984 2247 timore,
1019 2181 1168 2237 hunc
1194 2180 1305 2237 Deo
1332 2181 1566 2238 offerent
1621 2185 1854 2251 cultum,
1918 2203 2006 2243 se-

427 2271 669 2327 cundum
702 2273 851 2327 illam
887 2272 1133 2342 Apostoli
1172 2256 1359 2329 vocem
1392 2293 1404 2329 :
1465 2293 1484 2325 ι
1529 2276 1607 2329 Illi
1659 2292 1823 2332 omne
1861 2293 2005 2350 genu

427 2364 688 2430 ﬂectetur,
718 2365 1050 2431 caelestium,
1079 2367 1441 2432 terrestrium,
1473 2377 1528 2422 et
1553 2368 1918 2437 infernarum,
1951 2385 2007 2429 et

427 2458 606 2513 omnis
658 2458 842 2529 lingua
909 2459 1278 2522 conﬁtebitur,
1344 2460 1632 2516 Dominum
1663 2478 1785 2518 esse
1818 2462 2002 2520 Jesum

422 2548 724 2616 Christum,
753 2552 809 2607 in
840 2552 1068 2622 gloriam
1100 2553 1266 2625 746
1297 2552 1389 2609 Dei
1428 2553 1610 2611 Patris
1649 2554 1691 2611 ι.
1729 2576 1747 2609 ι

499 2727 661 2785 Vens.
688 2730 777 2784 '5l.
815 2747 834 2780 ι
867 2728 934 2784 Et
967 2730 1149 2784 anima
1206 2746 1325 2787 mea
1382 2732 1457 2787 illi
1503 2734 1672 2798 vivet,
1708 2745 1763 2791 et
1818 2752 2003 2793 semen

427 2835 608 2877 meum
637 2820 839 2876 serviet
868 2821 991 2891 ipsi.
1031 2842 1051 2873 ι
1092 2821 1278 2877 Semen
1308 2823 1527 2879 Domini
1599 2826 1800 2883 Christi
1853 2840 2001 2896 sunt,

429 2914 522 2984 qui
553 2927 649 2983 per
688 2913 888 2967 lavacri
931 2916 1396 2984 regenerationem
1432 2920 1605 2974 renati
1636 2930 1785 2990 sunt,
1843 2932 2007 2994 atque

428 3001 743 3072 adoptionis
785 3002 1016 3074 gratiam
1058 3015 1406 3073 receperunt.
1444 3005 1739 3078 Propterea
1782 3012 2003 3081 quidem

2106 523 2294 590 σπόζει
2319 526 2428 580 τῶν
2469 525 2662 579 ἐθνῶν.
2703 543 2722 575 ι
2762 525 2837 578 Οὐ
2875 525 2986 596 γὰρ
3032 525 3192 593 μόνον
3236 522 3522 575 Ἰουδαίων
3572 522 3694 574 Θεοί

2102 620 2130 673 6
2158 619 2311 685 Θεὸς,
2343 619 2420 682 ὡς
2449 620 2644 672 ἐκεῖνοι
2691 617 3022 687 νομίζουσιν,
3052 614 3186 669 ἀλλὰ
3230 615 3421 684 πάσης
3455 614 3557 684 τῆς
3597 614 3697 667 τῶν

2103 709 2409 781 ἀνθρώπων
2451 709 2667 778 φύσεως
2707 711 2959 780 ποιητής.
2992 707 3148 762 Οὕτω
3177 707 3269 760 καὶ
3299 708 3330 759 6
3376 705 3698 767 Ἀπόστολος

2104 801 2242 871 ἔφη’
2289 802 2359 855 Ἦ
2398 803 2444 835 ⁵⁸
2491 801 2759 856 Ἰουδαίων
2799 802 2827 854 6
2874 800 3008 863 Θεὸς
3051 799 3213 869 μόνον
3254 799 3301 831 ⁹⁹
3350 798 3481 867 οὐχὶ
3511 797 3568 850 δὲ
3610 798 3699 850 καὶ

2105 891 2311 960 ἐθνῶν;
2336 893 2427 946 ναὶ
2450 893 2546 946 καὶ
2571 892 2741 947 ἐθνῶν
2764 910 2778 924 ο
2815 892 3049 961 ἐπείπερ
3075 886 3155 954 εἷς
3184 892 3212 943 6
3237 890 3399 953 Θεὸς,
3437 889 3499 951 ὃς
3529 889 3699 942 δικαι-

2104 983 2235 1038 ώσει
2282 982 2587 1056 περιτομὴν
2628 986 2692 1038 ἐκ
2740 984 2999 1050 πίστεως,
3048 983 3141 1037 καὶ
3186 981 3572 1054 ἀκροϐυστίαν
3617 980 3699 1033 διὰ

2104 1075 2207 1147 τῆς
2238 1076 2491 1139 πίστεως.
2532 1094 2552 1129 ι

2106 1208 2113 1214 .
2176 1165 2240 1221 λ’.
2290 1186 2308 1219 ι
2359 1168 2602 1237 Ἔφαγον
2627 1167 2722 1220 καὶ
2745 1165 3161 1237 προσεκύνησαν
3182 1162 3342 1234 αὐτῷ
3377 1163 3394 1194 ¹
3424 1163 3629 1225 πάντες
3650 1165 3696 1216 οἱ

2107 1259 2290 1323 πίονες
2316 1259 2416 1330 τῆς
2439 1261 2560 1329 γῆς,
2595 1259 2826 1313 ἐνώπιον
2853 1256 3020 1311 αὑτοῦ
3057 1255 3473 1328 προπεσοῦνται
3504 1255 3697 1319 πάντες

2106 1352 2157 1405 οἱ
2185 1351 2613 1415 καταϐαίνοντες
2655 1352 2738 1414 είς
2764 1351 2887 1422 γῆν.
2938 1369 2956 1402 ι
2998 1350 3063 1403 Ol
3098 1351 3118 1381 ²
3154 1348 3265 1418 γὰρ
3302 1349 3583 1418 φαγόντες
3611 1348 3697 1400 καὶ

2110 1442 2518 1513 ἐμπλησθέντες
2550 1443 2592 1510 ³,
2626 1442 2788 1513 χάριν
2832 1440 3226 1512 ὁμολογοῦντες
3259 1441 3398 1511 περὶ
3431 1440 3534 1509 τῆς
3567 1438 3694 1493 ἀθα-

2107 1536 2271 1589 νάτου
2310 1536 2539 1607 τροφῆς,
2576 1535 3046 1609 προσκυνήσουσιν
3079 1533 3153 1596 ὡς
3185 1532 3323 1585 Θεὸν
3366 1532 3464 1585 τὸν
3498 1530 3695 1584 τούτων

2108 1627 2403 1697 γενόμενον
2451 1628 2708 1699 χορηγόν.
2769 1626 2881 1679 Καὶ
2936 1623 3124 1696 ἐπειδὴ
3181 1626 3240 1677 ἐν
3298 1623 3384 1694 τῷ
3447 1624 3692 1696 προτέρῳ

2111 1719 2280 1790 στίχῳ
2321 1718 2431 1771 τῶν
2470 1719 2671 1772 πιόνων
2714 1717 3088 1788 ἐμνημόνευσε
3124 1715 3328 1786 μόνων,
3364 1702 3463 1769 (ire
3497 1715 3560 1785 δὴ
3592 1731 3694 1766 τοι·

2106 1812 2279 1865 ούτων
2306 1811 2409 1865 ὑπὸ
2433 1812 2532 1881 τῆς
2569 1811 2718 1874 θείας
2746 1809 2964 1880 ἐκείνης
2988 1808 3010 1840 ⁸
3038 1807 3438 1878 γεγενημένων
3474 1806 3689 1878 τροφῆς.

2106 1903 2331 1967 εἰκότως
2380 1898 2534 1956 εἶπεν
2567 1903 2624 1935 ⁸·
2683 1921 2702 1953 ι
2767 1901 3030 1956 Ἐνὼπιον
3075 1899 3241 1953 αὐτοῦ
3296 1897 3695 1969 προπεσοῦνται

2106 1994 2307 2058 πάντες
2336 1995 2385 2047 oi
2416 1993 2844 2056 καταϐαίνοντες
2876 1994 2957 2055 είς
2987 1989 3112 2061 γῆν.
3166 2009 3187 2043 ι
3241 1989 3409 2044 Μετὰ
3455 1989 3561 2059 γὰρ
3602 1989 3691 2057 τὴν

2052 2102 2067 2109 ‘
2106 2086 2173 2141 ἐκ
2204 2086 2414 2157 νεκρῶν
2445 2087 2758 2149 ἀνάστασιν,
2797 2087 2845 2137 οἱ
2884 2085 2983 2155 μὲν
3013 2082 3251 2146 ἑκόντες,
3286 2082 3342 2134 οἱ
3372 2081 3431 2135 δὲ
3458 2081 3690 2140 ἄκοντες,

2105 2180 2204 2233 καὶ
2239 2179 2288 2232 oi
2326 2178 2424 2248 μὲν
2450 2177 2625 2248 πόθῳ,
2656 2177 2705 2229 οἱ
2737 2175 2793 2230 δὲ
2822 2175 2994 2246 φόϐῳ,
3025 2174 3234 2242 ταύτην
3262 2170 3349 2243 τῷ
3389 2171 3511 2242 Θεῷ
3538 2187 3694 2241 προσ-

2105 2270 2313 2324 οίσουσι
2357 2269 2457 2342 τὴν
2508 2267 2914 2340 προσκύνησιν,
2964 2266 3109 2320 κατὰ
3143 2265 3164 2297 ⁸
3195 2262 3303 2333 τὴν
3342 2261 3691 2332 ἀποστολικὴν

2105 2359 2319 2430 ἐκείνην
2347 2359 2533 2431 φωνήν
2552 2372 2565 2386 ³
2590 2359 2673 2411 ὅτι
2705 2375 2724 2408 ι
2744 2346 2905 2427 Αὐτῷ
2925 2355 3134 2426 κάμψει
3163 2354 3269 2407 πᾶν
3305 2353 3437 2422 γόνυ
3471 2354 3693 2422 ἐπουρα-

2108 2452 2258 2519 νίων,
2318 2452 2414 2505 καὶ
2462 2450 2741 2519 ἐπιγείων,
2804 2450 2902 2503 καὶ
2953 2446 3365 2518 καταχθονίων,
3415 2444 3512 2498 καὶ
3556 2445 3692 2497 πᾶσα

2106 2546 2328 2616 γλῶσσα
2356 2545 2812 2616 ἐξομολογήσεται
2855 2545 2899 2610 ⁷,
2950 2544 3031 2597 ὅτι
3072 2541 3282 2614 Κύριος
3337 2538 3545 2613 Ἰησοῦς
3580 2539 3690 2610 Χρι·

2109 2639 2232 2704 στός
2262 2641 2343 2704 εἰς
2377 2638 2536 2703 δόξαν
2563 2636 2701 2690 Θεοῦ
2734 2635 2943 2708 πατρός
2987 2636 3032 2689 ⁸.
3063 2653 3082 2687 ι

2177 2732 2283 2787 λα’.
2331 2751 2349 2783 ι
2391 2731 2504 2784 Καὶ
2532 2731 2554 2762 ⁹
2586 2730 2620 2801 ἡ
2650 2728 2794 2800 ψυχή
2827 2745 2929 2795 μου
2957 2726 3107 2797 αὐτῷ
3135 2725 3224 2798 ζῇ,
3259 2725 3360 2779 καὶ
3387 2723 3448 2778 τδ
3479 2720 3684 2792 σπέρμα
3742 2787 3749 2793 ,

2112 2844 2215 2897 μου
2244 2824 2522 2879 δουλεύσει
2556 2821 2723 2893 αὐτῷ.
2766 2840 2785 2873 ι
2835 2822 3077 2890 Σπέρμα
3127 2819 3185 2873 δὲ
3232 2817 3347 2872 τοῦ
3393 2816 3680 2871 Δεσπότου

2108 2916 2406 2987 Χριστοῦ,
2460 2916 2511 2970 οί
2561 2915 2648 2969 διὰ
2676 2915 2778 2985 τῆς
2816 2912 2912 2966 τοῦ
2962 2911 3191 2984 λουτροῦ
3273 2904 3681 2978 παλιγγενεσίας

2110 3007 2546 3079 ἀναγεννώμενοι
2598 3007 2665 3071 ’⁸,
2717 3004 2906 3060 καὶτὸ
2960 3007 3060 3075 τῆς
3110 3001 3388 3067 υἱοθεσίας
3422 2999 3679 3070 δεχόμενοι

428 3093 670 3150 animam
736 3108 892 3149 suam
958 3094 1036 3149 illi
1090 3096 1317 3161 vivere,
1368 3105 1424 3152 et
1481 3113 1588 3153 non
1665 3108 1871 3156 servire
1926 3104 2006 3159 di-

2112 3102 2379 3173 χάρισμα.
2411 3098 2503 3152 Διὸ
2531 3098 2574 3130 ¹¹
2600 3097 2699 3170 τὴν
2726 3097 2825 3169 μὲν
2847 3094 3012 3150 αὑτοῦ
3039 3095 3217 3167 ψυχὴν
3253 3092 3408 3164 αὐτῷ
3435 3092 3552 3163 ζῇν,
3578 3086 3680 3140 ἀλλ’

430 3185 548 3260 xit,
604 3200 791 3242 semen
871 3200 1002 3241 vero
1081 3188 1307 3242 servire.
1366 3187 1644 3259 Siquidem
1732 3205 2008 3264 assumpta

431 3283 627 3330 natura
682 3290 806 3330 cum
852 3275 1137 3332 divinitate
1168 3288 1483 3334 assumente
1509 3281 1762 3351 copulata
1803 3285 1925 3348 fuit,
1958 3294 2014 3341 et

430 3368 673 3441 ejusdem
706 3368 891 3439 gloriae
916 3376 969 3424 et
1005 3370 1230 3426 honoris
1286 3370 1427 3426 facta
1458 3382 1543 3428 est
1574 3375 1867 3445 particeps.

502 3460 671 3517 Vens.
700 3460 792 3517 52.
826 3479 846 3513 ι
884 3460 1312 3517 Annuntiabitur
1329 3462 1559 3518 Domino
1585 3468 1862 3538 generatio
1884 3484 2014 3525 ven-

430 3561 576 3620 tura,
604 3562 657 3609 et
702 3552 1105 3609 annuntiabunt
1145 3553 1414 3623 justitiam
1478 3557 1600 3626 ejus
1662 3561 1861 3630 populo
1917 3562 2013 3631 qui

430 3653 713 3711 nascetur,
739 3658 902 3714 quem
928 3641 1060 3699 fecit
1103 3642 1389 3699 Dominus.
1432 3663 1452 3697 ι
1497 3646 1615 3701 Non
1643 3649 1712 3704 de
1768 3652 1891 3715 hac,
1924 3653 2011 3707 in-

430 3737 574 3808 quit,
623 3736 749 3792 dico
780 3734 1153 3805 generatione,
1204 3736 1503 3790 secundum
1549 3754 1711 3809 quam
1748 3756 1848 3812 ego
1910 3743 2014 3797 Da-

431 3829 520 3885 vid
554 3830 669 3883 hae
710 3826 989 3898 przedico:
1027 3840 1217 3881 verum
1245 3825 1314 3881 de
1362 3826 1563 3894 futura,
1627 3840 1792 3900 atque
1831 3835 1898 3888 de
1947 3849 2014 3890 eo

432 3921 633 3994 populo
676 3920 770 3991 qui
805 3924 1078 3983 nascetur,
1111 3932 1274 3987 quem
1337 3917 1454 3988 ipse
1492 3920 1872 3978 universorum
1907 3923 2015 3979 Do-

432 4013 619 4068 minus
651 4010 955 4066 constituit.
986 4008 1084 4065 Hic
1113 4008 1333 4079 quidem
1356 4011 1540 4065 omnia
1595 4012 1695 4067 ista
1744 4015 2013 4083 praedixit.

431 4103 547 4175 Ego
574 4113 754 4159 autem
782 4100 1095 4156 Iudaeorum
1129 4110 1409 4169 stuporem
1451 4101 1699 4173 deploro,
1752 4107 2012 4174 quoniam

431 4194 492 4250 in
535 4195 737 4250 divinis
766 4193 1006 4249 oraculis
1039 4207 1254 4262 semper
1292 4202 1599 4262 versantes,
1637 4196 1921 4252 veritatem
1957 4198 2012 4253 in

431 4290 523 4345 bis
569 4287 944 4358 splendentem
978 4285 1204 4341 minime
1236 4286 1608 4355 conspiciunt,
1647 4289 1742 4342 sed
1774 4294 1791 4310 ‘
1825 4289 1879 4342 in
1908 4289 2015 4345 Da-

430 4382 609 4437 videm
635 4378 841 4436 dictum
881 4392 1004 4434 esse
1032 4378 1182 4433 hunc
1228 4378 1501 4447 psalmum
1577 4390 1855 4446 asserunt,
1912 4398 2014 4437 au-

2112 3194 2174 3247 οὑ
2211 3191 2487 3247 δουλεύειν
2519 3192 2737 3262 εἴρηκε,
2768 3188 2830 3242 τὸ
2866 3187 2924 3241 δὲ
2954 3188 3176 3259 σπέρμα
3207 3187 3253 3216 ¹⁹
3284 3183 3577 3240 δουλεύειν.
3622 3176 3679 3229 Ἦ

2112 3285 2221 3357 γὰρ
2248 3284 2520 3355 ληφθεῖσα
2549 3281 2712 3351 φύσις
2737 3278 2922 3351 ήνὼθη
2963 3281 3029 3350 τῇ
3060 3264 3563 3350 λαὸούσῃθεότητι,
3599 3267 3681 3321 καὶ

2110 3380 2210 3451 τῆς
2238 3377 2406 3448 αὐτῆς
2433 3375 2593 3446 δόξης
2627 3373 2917 3445 μετείληχε
2952 3372 2996 3403 ⁸³
3028 3372 3123 3425 καὶ
3156 3368 3329 3441 τιμῆς
3367 3369 3432 3421 “'.

2183 3468 2283 3540 λβ’.
2331 3487 2350 3521 ι
2409 3465 2871 3537 Ἀναγγελήσεται
2923 3461 3001 3534 τῷ
3041 3462 3231 3534 Κυρίῳ
3277 3459 3441 3530 γενεὰ
3475 3458 3506 3528 ἡ
3545 3457 3679 3525 ἐρχοσ

2070 3608 2075 3611 ,
2117 3561 2277 3632 μένη,
2315 3559 2412 3613 καὶ
2454 3556 2816 3626 ἅναγγελοῦσι
2858 3554 2957 3626 τὴν
2995 3551 3352 3624 δικαιοσύνην
3396 3547 3553 3625 αὐτοῦ
3580 3542 3678 3613 λαῷ

2111 3652 2192 3724 τῷ
2219 3651 2626 3723 τεχθησομένῳ,
2657 3647 2716 3724 ὃν
2743 3648 2790 3681 ¹⁸
2816 3646 3074 3717 ἐποίησεν
3106 3648 3133 3698 6
3160 3644 3391 3716 Κύριος.
3427 3661 3445 3693 ι
3470 3640 3540 3694 Ού
3567 3633 3679 3706 περὶ

2111 3721 2338 3812 calam},
2372 3743 2527 3813 φησὶ,
2557 3721 2702 3808 λέγώ
2731 3739 2831 3810 τῆς
2864 3740 3080 3807 γενεᾶς,
3113 3736 3239 3792 καθ’
3272 3739 3343 3809 ἢν
3386 3732 3495 3802 ἐγὼ
3535 3733 3561 3784 ὁ
3585 3729 3676 3779 Δα-

2114 3837 2199 3890 6ὶδ
2234 3837 2407 3891 ταῦτα
2438 3833 2800 3907 προαγορεύω
2837 3832 2901 3898 ¹⁶,
2948 3832 3083 3886 ἀλλὰ
3117 3833 3245 3900 περὶ
3281 3831 3382 3900 τῆς
3411 3823 3675 3895 ἐσομένης,

2117 3929 2211 3982 καὶ
2257 3928 2353 3982 τοῦ
2397 3925 2801 3998 ¹τεχθησομένου
2847 3922 3003 3985 λαοῦ,
3035 3923 3094 3976 ὃν
3136 3920 3301 3985 αὐτὸς
3340 3922 3369 3972 6
3410 3916 3515 3971 τῶν
3557 3912 3677 3965 ὅλων

2118 4020 2490 4090 συνεστήσατο
2520 4016 2744 4088 Κύριος.
2790 4016 2850 4069 '0
2883 4014 2985 4086 μὲν
3010 4014 3104 4068 οὖν
3148 4011 3326 4067 ταῦτα
3364 4003 3678 4081 προηγόρευ-

2119 4129 2210 4166 σεν
2240 4111 2474 4166 ἅπαντα.
2518 4108 2662 4178 Ἐγὼ
2693 4108 2734 4140 ’⁷
2766 4107 2823 4162 δὲ
2852 4105 2952 4177 τὴν
2996 4103 3271 4159 Ἰουδαίων
3300 4091 3676 4173 ἐμϐροντησίαν

2118 4203 2322 4275 θρηνῶ,
2352 4204 2433 4256 ὅτι
2478 4203 2591 4265 τοῖς
2617 4198 2783 4265 θείοις
2811 4198 3012 4268 λογίοις
3040 4182 3308 4266 διηνεκῶς
3351 4183 3677 4275 ὲντνγχάγοψ

2117 4315 2242 4360 τες,
2290 4295 2391 4367 τὴν
2450 4297 2509 4349 ἐν
2552 4295 2765 4357 τούτοις
2817 4292 3237 4359 διαλάμπουσαν
3278 4287 3339 4341 οὐ
3400 4274 3675 4367 συνορῶσξν

2119 4358 2402 4457 ἀλήθειαν,
2435 4383 2550 4438 ἀλλ’
2581 4378 2662 4447 είς
2704 4382 2797 4436 τὸν
2843 4358 3009 4434 Δαὸὶδ
3057 4375 3314 4449 εἰρῆσθαι
3343 4374 3434 4427 τὸν
3471 4358 3673 4431 Ψαλμὺν

430 4470 640 4526 dientes
671 4468 929 4524 Davidem
985 4469 1425 4523 exclamantem:
1495 4486 1514 4520 ι
1576 4470 2006 4532 Annuutiabitur

2115 4477 2532 4548 ἀποφαίνονται,
2559 4474 2654 4530 τού
2687 4474 2921 4546 βοῶντος
2946 4473 2992 4506 ⁸⁸
3021 4470 3337 4533 ἀκούοντες,
3379 4487 3398 4520 σ
3438 4465 3673 4525 Ἀναγγε·

431 4559 667 4616 Domino
689 4559 969 4631 generatio
1003 4567 1254 4624 ventura,
1292 4568 1348 4614 et
1395 4561 1804 4616 annuntiabunt
1847 4564 2012 4633 justi-

435 4652 567 4708 tiam
595 4652 716 4722 ejus
749 4651 951 4723 populo
989 4650 1083 4722 qui
1128 4659 1409 4716 nascetur,
1443 4665 1610 4722 quem
1636 4651 1765 4708 fecit
1817 4653 2011 4713 Domi-

504 4769 534 4809 Ιι
561 4767 720 4826 Rom.
750 4786 836 4837 ιιι,
874 4771 966 4835 29,
997 4768 1086 4824 50.
1168 4767 1183 4807 ¹
1250 4767 1485 4839 Philipp.
1522 4784 1586 4833 tt,
1637 4769 1728 4834 ιο,
1771 4770 1861 4826 il.

2116 4571 2346 4641 λήσεται
2378 4568 2457 4639 τῷ
2484 4567 2677 4639 Κυρίῳ
2705 4566 2872 4636 γενεά
2912 4567 2945 4635 ἠ
2998 4563 3295 4635 ἐρχομένη,
3328 4558 3422 4650 καί
3460 4555 3673 4650 ἀναγγε-

2118 4658 2271 4714 λοῦσι
2297 4658 2394 4730 τὴν
2417 4656 2769 4728 δικαιοσύνην
2798 4654 2991 4721 αὐτοῦ,
3019 4653 3138 4725 λαῷ
3182 4652 3261 4724 τῷ
3294 4645 3671 4719 τεχθησομένῳο

1533 4880 1767 4938 VARUS
1805 4880 2193 4938 LECTIONES
2235 4880 2323 4936 ET
2367 4879 2603 4938 NOTAE.

523 4979 571 5015 ³⁸
603 4979 697 5034 Ἤ.
755 4976 921 5032 Abest
965 4992 992 5030 a
1027 4978 1149 5032 cod.
1199 4977 1254 5034 2.

435 5052 575 5122 Aug.
605 5057 659 5104 et
686 5063 717 5102 a
746 5046 1236 5122 versioneﬁrieca.

436 5208 491 5262 p.
524 5193 648 5248 390.
741 5190 766 5262 Τ
797 5188 1148 5262 ’ζΰιξομολοεγςἶ
1172 5189 1295 5262 cod.
1332 5188 1533 5262 l_addit
1565 5186 1737 5262 a6'ct'j).

1359 4978 1404 5009 ”
1446 4978 1507 5030 Ὀ
1562 4976 1706 5044 Θεὸς
1754 4980 1967 5045 μόνον.
2014 4976 2139 5032 cod.
2191 4978 2216 5030 1

1328 5050 1348 5080 ¹
1380 5050 1443 5101 Οἱ
1466 5075 1539 5087 ——
1564 5048 1843 5115 χορηγόν.
1872 5047 1993 5103 Des.
2030 5047 2083 5100 in
2115 5046 2235 5101 cod.
2273 5047 2326 5099 5.

434 5113 601 5178 Abest
632 5136 660 5173 a
696 5120 817 5173 εΟιΙ.
852 5118 909 5170 2.
1000 5117 1022 5148 ⁸
1050 5114 1254 5172 Εἶπεν.
1285 5117 1448 5173 Abest
1476 5131 1504 5169 a
1535 5113 1659 5172 cod.
1700 5113 1757 5182 'l',
1788 5118 1842 5172 2.
1885 5118 2006 5171 cod.

436 5208 491 5254 p.
524 5193 648 5248 390.
746 5190 766 5220 ⁷
797 5188 1143 5254 Ἑξομολογ.
1172 5189 1295 5243 cod.
1332 5191 1351 5242 l
1388 5188 1533 5242 addit
1565 5186 1737 5254 αὐτῷ.
1835 5188 1859 5221 ³
1882 5190 2006 5241 Har

2108 5117 2267 5171 habet
2302 5115 2551 5185 ἐπήγαγε
2577 5113 2658 5165 τό.
2760 5113 2780 5143 ⁸
2810 5113 2990 5173 Κατὰ,
3019 5126 3073 5161 κ.
3110 5113 3158 5162 λ.
3212 5113 3330 5160 Des.
3362 5113 3494 5165 apud
3528 5113 3667 5172 [mru-

2108 5210 2132 5240 ›.
2162 5186 2216 5240 In
2249 5186 2372 5241 cod.
2403 5187 2438 5239 5
2465 5185 2731 5254 sequitur,
2763 5181 2933 5251 ἁμήν.
2973 5178 3169 5254 Καλῶς
3196 5178 3250 5230 δὲ
3277 5174 3374 5254 τὴν
3399 5157 3668 5254 amovi:

2787 4972 2803 5002 ¹
2834 4970 3025 5035 Αὐτῷ.
3059 4968 3227 5023 Abest
3259 4982 3289 5020 a
3337 4959 3489 5035 codd.
3519 4951 3669 5035 tribus

2279 4977 2439 5045 μόνον
2470 4977 2498 5028 ὁ
2526 4972 2676 5045 Θεὸς.
2714 5041 2735 5045 _
2776 4972 2803 5045 f
2834 4972 3227 5045 A61®_._Abest
3259 4982 3289 5020 a
3337 4972 3489 5045 c992.
3516 4972 3557 5045 ξε

3359 5032 3380 5064 ι
3405 5030 3667 5083 Ἐκεὶνης·

2427 5046 2447 5077 ³
2504 5042 2675 5098 codex
2708 5041 2745 5095 2
2774 5040 3276 5111 ἐμπλησθήσονται.

2760 5086 2799 5143 ⁸-
3005 5086 3095 5161 ’,ἕῖ
3177 5086 3191 5091 ⁷
3202 5086 3330 5160 Des.
3362 5097 3494 5173 apud
3528 5086 3667 5173 gtt'l‘ilo

436 5228 661 5339 5.3.3;
693 5228 1149 5339 ._o.§2;3:'aaa=
1173 5228 1865 5339 gasazagajﬁa'..-
1882 5228 2006 5326 ῖιῖς

2112 5228 2679 5339 ίιρέονξᾶἐξηῖιῖᾷῗιιοιιι
2717 5228 3189 5339 νει-ξ’ρειιιίιιοιιῖ.
3276 5246 3296 5276 ³
3311 5228 3526 5339 gula—.—

438 5303 852 5395 ﬁéﬁggtabrq'i.
908 5303 1116 5383 ὒῖἶιιιεε
1174 5331 1494 5398 interpretes
1524 5303 1698 5383 Graeci
1742 5303 2000 5382 aberrare

2112 5303 2346 5381 {En};
2367 5303 2686 5398 ’ἶνὲἶιῖὀιξιὶῶ
2710 5303 2917 5398 “Hebr:
2943 5320 3099 5398 psa|..
3128 5333 3263 5376 χιιι.
3311 5313 3400 5398 5t),
3429 5305 3525 5398 .51;

440 5400 664 5460 Hieron.
702 5402 905 5456 rectius
943 5398 1023 5454 sic
1068 5401 1232 5454 vertit
1261 5419 1273 5453 :
1310 5395 1379 5454 Et
1421 5400 1602 5454 anima
1628 5398 1742 5468 ejus
1777 5416 1881 5453 non
1914 5399 2046 5452 vivet
2074 5412 2091 5450 :
2119 5413 2297 5468 semen
2323 5397 2513 5451 serviet
2540 5395 2609 5449 ei.

440 5472 765 5543 γενώμενοι.
837 5472 877 5503 ⁸⁸
912 5469 1010 5543 Διὸ
1036 5487 1098 5543 Δκ.
1130 5470 1180 5522 λ.
1212 5470 1337 5543 Des.
1369 5471 1422 5543 in
1457 5470 1571 5523 rod.
1608 5467 1660 5543 l.
1739 5470 1781 5500 "
1812 5469 2006 5543 Σξτᾴομ

2108 5469 2224 5543 cod.
2254 5467 2469 5543 2_addit
2502 5483 2624 5534 μου.
2726 5467 2959 5543 "_rodd.
3020 5471 3131 5543 tres
3179 5467 3412 5543 A_Ug_-__i_§

444 5526 488 5573 δι
514 5538 570 5595 lu
590 5526 845 5613 ‘tnargine
875 5540 998 5596 cod.
1028 5540 1052 5593 l
1088 5540 1326 5613 paucula
1349 5540 1413 5593 ad
1443 5555 1586 5594 vers.
1618 5540 1779 5593 istum
1815 5526 2134 5613 alia-manu
2144 5538 2414 5613 adscripta
2447 5526 2594 5613 sunt,
2620 5549 2748 5613 qum
2780 5540 2960 5613 tamen
2992 5531 3154 5613 culpa
3185 5526 3502 5613 ejursAtttiiafo

441 5610 741 5682 compegit,
771 5616 1041 5682 integrum
1087 5626 1196 5663 non
1218 5610 1443 5682 liabent
1460 5680 1476 5682 ᾼ
1494 5624 1740 5682 sensum.

1839 5609 1882 5641 η
1913 5609 2044 5662 Ὃν.
2100 5603 2338 5670 Rectius
2377 5606 2566 5675 Aquila
2618 5604 2773 5675 habet
2826 5603 2931 5656 ὅτι.

442 5669 607 5737 Cord.
640 5669 843 5748 ’590
878 5669 1145 5748 sequitur,
1180 5679 1278 5747 τὴν
1316 5679 1409 5732 τοῦ
1447 5678 1583 5733 Θεοῦ
1626 5679 1974 5749 δικαιοσύνην

2146 5679 2402 5749 πίστεως.
2420 5669 2641 5744 ἕνεργου
2652 5674 2876 5749 μένην.Δ
2934 5671 2977 5703 ¹⁷
3003 5669 3161 5749 Ἐγὼ⁸
3179 5669 3462 5749 -λττροσκ

2708 5357 2761 5423 ιδ
2769 5357 3296 5458 ιῇυκᾶἷξῒνξὲιμὲιίοοι.
3346 5357 3417 5435 οδ·
3428 5380 3439 5426 ¹
3449 5417 3460 5429 ·
3472 5414 3485 5426 ·
3552 5357 3667 5458 fit"

2726 5439 3002 5560 "'Fodd
3020 5439 3313 5560 ιτιθῖΑιιΞ.
3328 5538 3356 5560 ﬂ

3034 5559 3147 5598 ιιιμσι
3185 5559 3301 5597 υδυσ
3328 5559 3424 5602 ιιι-ι’
3445 5559 3495 5567 vv
3529 5577 3563 5626 Λ
3635 5559 3663 5611 ά

3034 5601 3077 5632 ¹⁶
3104 5600 3489 5668 Προαγορευω.
3547 5581 3629 5650 ~P"

3034 5669 3150 5707 venit
3179 5697 3248 5707 _
3282 5644 3664 5707 ποοσκυνησαί

448 5734 616 5805 Geor.
645 5734 990 5818 l'laacvpauci's
1025 5734 1246 5802 mutatis
1279 5749 1419 5820 apud
1443 5749 1603 5806 Corsi.
1636 5749 1886 5819 leguntur
1916 5734 1967 5819 ὁ.

2116 5789 2125 5801 .
2207 5748 2247 5781 ’⁸
2283 5734 2571 5811 Βοὶὖντόςξ
2604 5734 2723 5799 cod.
2763 5734 2812 5808 Ι,
2846 5742 2881 5795 2
2912 5734 3102 5813 ρι’ωηι.
3138 5734 3315 5790 Δαόῐδ.
