4004 6216
296 239 440 303 1025

1655 242 1739 304 ΙΝ
1769 242 1975 304 PSAL.
2040 242 2233 303 XXII.

3421 244 3559 310 1026

287 346 352 402 δν
385 345 648 418 ἐποίησεν
690 348 720 401 6
755 346 960 418 Κύριος
981 364 994 376 ·
1043 346 1448 419 μνησθήσονται
1482 347 1586 401 καὶ·
1619 348 1879 419 ἐπιστρα-

1988 362 2105 404 nus.
2132 345 2602 412 Reminiscentur,
2629 353 2685 401 et
2705 354 3097 403 convertentur
3126 347 3196 405 ad
3260 348 3558 410 Dominum

294 440 565 511 φήσονται
612 437 748 511 πρὸς
795 439 1002 511 Κύριον
1034 440 1213 494 πάντα
1252 438 1322 491 τὰ
1360 437 1576 510 πέρατα
1604 439 1705 510 τῆς
1732 439 1872 510 γῆς·

175 589 183 597 ,
295 532 393 586 καὶ
416 532 889 602 προσκυνήσουσιν
918 533 1150 586 ἐνώπιον
1176 530 1342 585 αὑτοῦ
1370 533 1542 585 πᾶσαι
1567 532 1625 583 αἱ
1650 531 1878 604 πατριαὶ

298 623 412 676 τῶν
444 620 632 677 ἐθνῶν.
690 623 801 677 Καὶ
839 622 1066 693 ἔφαγον,
1116 625 1214 678 καὶ
1264 622 1680 695 προσεκύνησαν
1728 622 1878 696 αὐτῷ

302 715 498 779 πάντες
531 714 574 747 ¹⁸
607 716 657 768 οί
691 715 874 779 πίονες
922 716 1024 786 τῆς
1066 714 1191 786 γῆς.
1248 732 1268 767 ι
1311 713 1528 768 Τούτων
1573 715 1683 784 γὰρ
1723 713 1878 768 οὐδὲν

299 808 395 862 ἐπὶ
421 807 513 860 τοῦ
552 807 720 861 Δαὸὶδ
749 807 967 879 ὁρῶμεν
997 806 1386 878 γεγενημένον,
1432 805 1556 860 οὐδὲ
1600 804 1691 870 επί
1730 821 1878 868 τινος

296 899 405 952 τῶν
444 900 510 953 ἐκ
545 898 731 953 Δαϐίδ.
773 900 952 964 Μόνος
994 899 1053 952 δὲ
1082 900 1110 952 ό
1136 898 1415 968 Δεσπότης
1459 884 1723 967 Χριστὸς,
1759 898 1789 950 6
1814 897 1879 950 ὲκ

292 985 462 1040 Δαδὶδ
493 986 636 1040 κατὰ
669 986 870 1059 σάρκα,
916 989 946 1041 ό
977 987 1407 1060 ὲνανθρωπήσας
1456 987 1590 1051 Θεὸς
1625 987 1822 1056 Λόγος,
1849 988 1879 1039 6

291 1078 359 1130 ἐκ
387 1075 558 1130 Δαύὶδ
586 1077 769 1133 λαϐὼν
796 1078 894 1150 τὴν
919 1078 1016 1133 τοῦ
1045 1080 1236 1133 δούλου
1267 1081 1487 1151 μορφήν
1506 1097 1519 1110 ·
1552 1081 1737 1133 πᾶσαν
1769 1080 1878 1150 γὰρ

290 1168 400 1238 γῆν
441 1168 536 1223 καὶ
565 1169 842 1224 θάλασσαν
892 1175 993 1242 τῆς
1041 1170 1373 1240 θεογνωσίας
1421 1170 1737 1243 ἐπλήρωσε,
1780 1173 1875 1225 καὶ

294 1260 533 1315 πέπεικε
557 1264 686 1327 τοὺς
714 1263 885 1318 πάλαι
924 1263 1309 1334 πλανωμένους
1340 1265 1409 1329 ⁸ο,
1442 1264 1538 1319 καὶ
1575 1266 1688 1329 τοῖς
1722 1264 1877 1317 εἰδώ-

292 1351 412 1417 λοις
445 1355 859 1427 προσφέροντας
886 1356 985 1429 τὴν
1036 1357 1427 1428 προσκύνησιν,
1478 1357 1601 1410 ἀντὶ
1644 1357 1752 1411 τῶν
1779 1357 1878 1410 οὐκ

291 1441 468 1496 ὄντων
494 1443 587 1497 τὸν
616 1444 749 1497 ὄντα
792 1447 1172 1515 προσκυνῆσαι
1200 1446 1353 1502 Θεόν.
1384 1446 1548 1501 Ἀλλὰ
1587 1447 1716 1510 τοὺς
1740 1447 1878 1518 πρὸς

292 1535 425 1598 τοὺς
451 1535 743 1600 Ἰουδαίους
783 1536 978 1607 λόγους
1018 1538 1060 1569 ²¹
1091 1537 1509 1600 καταλιπόντες,
1541 1538 1635 1590 ἐπὶ
1663 1536 1789 1600 τοὺς
1829 1538 1881 1577 ’⁸

296 1626 577 1698 παρόντας
601 1629 844 1698 ἀγῶνας,
864 1629 960 1683 καὶ
987 1630 1033 1661 ⁸³
1052 1629 1145 1682 ἐπὶ
1168 1630 1269 1700 τὴν
1287 1629 1397 1685 τῶν
1422 1628 1630 1684 λοιπῶν
1648 1628 1877 1698 ψαλμῶν

294 1718 600 1789 ἑρμηνείαν
639 1717 966 1790 βαδίσωμεν.

627 1834 893 1890 ΕΡΜΗΝ.
924 1834 1063 1891 ΤΟΥ
1092 1832 1199 1888 ΚΒ⁹
1227 1834 1547 1907 ΨΑΛῌΟΥ.

371 1951 441 2007 α’.
472 1952 568 2014 Εἰς
596 1949 658 2004 τὸ
680 1949 830 2012 τέλος
857 1948 925 2013 ’⁸,
960 1947 1174 2018 ψαλμὸς
1198 1946 1276 2016 τῷ
1306 1946 1490 1999 Δαδίδ.
1518 1966 1536 1997 ι
1562 1945 1632 2017 [η
1658 1944 1880 2016 ’ᾼδεται
1968 1948 1975 1961 '

293 2045 328 2098 6
360 2043 726 2116 προκείμενος
748 2039 963 2112 ψαλμὸς
979 2041 1045 2094 ὲκ
1066 2038 1364 2112 προσώπου
1384 2037 1494 2091 τῶν
1517 2038 1685 2092 ἐθνῶν
1711 2037 1881 2106 ἀγαλ-

296 2135 546 2208 λομὲνων
589 2136 684 2188 ἐπὶ
730 2133 810 2204 τῷ
861 2134 1126 2203 ποιμᾶναι
1160 2131 1333 2185 αὐτά·
1365 2129 1459 2184 καὶ
1513 2129 1619 2201 μὴν
1662 2129 1754 2181 καὶ
1782 2129 1881 2199 τὴν

300 2227 574 2300 μυστικὴν
625 2224 952 2297 ἐξηγοῦνται
993 2223 1229 2295 εὐωχίαν
1257 2223 1323 2293 ἣν
1356 2222 1667 2292 παρέθηκεν
1697 2222 1883 2284 αὐτοῖς

295 2323 327 2375 6
356 2319 662 2390 ποιμαίνων
707 2316 929 2379 αὐτούς.
961 2315 982 2388 ]
1021 2334 1039 2367 ι
1092 2315 1299 2385 Κύριος
1350 2311 1631 2381 ποιμαίνει
1669 2328 1758 2379 με,
1789 2311 1885 2364 καὶ

296 2409 457 2463 οὐδέν
494 2424 563 2478 με
605 2407 920 2477 ὑπερήσει.
964 2423 984 2456 ι
1036 2404 1148 2474 Τὴν
1189 2401 1358 2473 αὐτὴν
1417 2402 1531 2471 ἔχει
1569 2401 1665 2453 καὶ
1713 2398 1887 2453 ταῦτα

295 2503 416 2564 τοῖς
463 2498 962 2570 προερμηνευθετσι
992 2496 1039 2527 ³⁸
1091 2496 1355 2550 διάνοιαν.
1392 2492 1645 2565 Εἰρηκὼς
1675 2494 1785 2564 γὰρ
1828 2493 1886 2545 ὲν

296 2594 383 2665 τῷ
424 2594 533 2665 πρὸ
577 2594 773 2646 τούτου
814 2589 1064 2662 ψαλμῷ,-
1096 2608 1113 2641 ι
1149 2590 1422 2657 Φάγονται
1472 2586 1735 2656 πένητες,
1793 2585 1887 2639 καὶ

299 2684 791 2757 ὲμπλησθήσονται
821 2685 889 2749 ³⁷,
929 2682 1024 2736 καὶ
1059 2681 1335 2734 αίνέσουσι
1366 2680 1572 2751 Κύριον
1617 2678 1666 2731 οἱ
1721 2677 1886 2748 ἐκζη-

298 2777 523 2842 τοῦντες
550 2777 713 2830 αὐτόν
738 2791 753 2806 ·
794 2795 814 2828 ι
863 2774 960 2831 καὶ
995 2773 1184 2839 πάλιν,
1225 2792 1244 2825 ι
1275 2774 1544 2842 Ἐφαγον,
1592 2773 1688 2826 καὶ
1721 2789 1891 2844 προσ-

301 2867 579 2935 εκύνησαν
603 2866 650 2899 ³⁸
677 2867 883 2930 πάντες
910 2868 958 2919 oi
996 2867 1181 2929 πίονες
1210 2868 1310 2935 τῆς
1335 2865 1438 2936 γῆς
1467 2881 1482 2898 °
1517 2885 1537 2918 ι
1572 2864 1890 2919 ὑποδείκνυο

1981 439 2224 495 universi
2256 440 2393 495 lines
2424 446 2608 505 terrae,
2668 449 2723 496 et
2762 440 2925 512 ⁸147
2958 440 3269 497 adorabunt
3318 443 3372 498 in
3421 459 3558 501 eon-

1979 540 2172 602 spectu
2211 530 2332 602 ejus
2363 530 2635 587 universae
2667 529 2889 587 familia:
2911 533 3156 601 gentium
3186 552 3200 589 :
3236 544 3292 588 et
3322 537 3559 592 mandu-

1980 636 2260 687 caverunt,
2292 633 2347 680 et
2373 625 2738 680 adoraverunt
2773 625 2925 679 illum
2961 640 3155 682 omnes
3190 629 3423 698 pingues
3448 638 3559 685 ter-

1978 732 2076 774 ται.
2111 736 2130 770 ι
2174 716 2311 772 Nam
2344 718 2483 773 nihil
2510 717 2709 774 horum
2744 717 2937 772 Davidi
2966 718 3236 775 accidisse
3281 722 3558 789 videmus,

1979 825 2082 865 nec
2135 810 2299 865 alicui
2341 824 2534 865 eorum
2613 809 2705 880 qui
2741 824 2806 864 ex
2855 808 3056 865 Davide
3100 813 3352 882 prognati
3409 824 3557 870 sunt.

1982 900 2144 958 Solus
2194 912 2374 957 autem
2408 900 2678 957 Dominus
2706 901 2980 970 Christus,
3012 904 3199 974 quiAex
3233 903 3439 960 Davide
3469 921 3560 962 se-

1980 993 2224 1049 cundum
2251 1010 2473 1049 carnem
2509 994 2654 1050 Deus
2715 992 2957 1050 Verbum
2993 971 3174 1051 factus
3222 1005 3305 1052 est
3376 999 3560 1063 homo,

1978 1087 2072 1158 qui
2134 1104 2197 1143 ex
2255 1087 2456 1144 Davide
2484 1089 2720 1143 formam
2755 1089 2898 1144 servi
2929 1090 3158 1159 accepit,
3194 1105 3410 1145 omnem
3445 1100 3558 1146 ter-

1978 1193 2095 1233 ram
2125 1193 2188 1234 ac
2217 1195 2366 1234 mare
2395 1180 2574 1235 divina
2599 1179 2907 1250 cognitione
2937 1179 3205 1250 implevit,
3237 1189 3291 1245 et
3330 1196 3558 1251 persua-

1979 1271 2051 1325 sit
2086 1271 2153 1326 iis
2208 1272 2301 1341 qui
2333 1271 2461 1325 olim
2492 1271 2771 1337 errabant,
2801 1280 2966 1340 atque
2986 1272 3129 1327 idola
3160 1272 3431 1339 colebant,
3460 1287 3558 1342 pro

1980 1362 2087 1418 illis
2117 1362 2210 1433 qui
2242 1378 2347 1417 non
2370 1372 2519 1429 sunt,
2552 1362 2745 1428 Deum,
2769 1363 2980 1433 quiest,
3017 1363 3267 1418 adorare.
3296 1363 3564 1420 Porrois-

1982 1456 2051 1510 tis
2079 1469 2200 1508 cum
2230 1451 2433 1509 Iudaeis
2465 1454 2811 1509 sermonibus
2832 1452 3061 1519 relictis,
3082 1469 3181 1508 nos
3198 1455 3262 1508 ad
3287 1454 3562 1524 inceptum

1979 1554 2280 1611 certamen,
2314 1554 2368 1600 et
2402 1545 2468 1599 ad
2509 1544 2846 1614 reliquorum
2904 1542 3240 1613 psalmorum
3294 1545 3563 1615 interpre-

1980 1637 2240 1693 tationem
2277 1646 2644 1694 transeamus.

2401 1837 2675 1893 INTERP.
2703 1836 2959 1893 PSALMI
2990 1837 3155 1893 XXII.

2056 1949 2218 2008 Vsus.
2258 1950 2315 2004 1.
2373 1972 2391 2003 ι
2432 1951 2490 2006 In
2517 1951 2703 2017 linem,
2755 1954 3003 2023 psalmus
3034 1954 3248 2010 Davidi.
3284 1974 3303 2007 ι
3378 1954 3568 2027 [Cani-

1987 2054 2073 2098 tur
2102 2043 2192 2098 hic
2212 2046 2459 2114 psalmus
2487 2059 2553 2099 ex
2586 2061 2823 2115 persona
2869 2046 3114 2118 gentium
3179 2048 3570 2102 exsultantium

1983 2148 2270 2205 propterea
2321 2138 2466 2207 quod
2497 2139 2675 2208 pascit
2721 2153 2837 2194 eas.
2877 2139 3077 2210 Sicque
3130 2140 3420 2211 mysticum
3467 2155 3567 2194 ex-

1983 2227 2557 2295 ponuntconvivium,
2591 2228 2738 2298 quod
2778 2230 2872 2298 qui
2929 2229 3193 2299 pascebat
3242 2244 3355 2294 eas,
3399 2244 3570 2300 appo-

1986 2313 2145 2387 suit.]
2177 2334 2195 2367 ι
2239 2315 2501 2371 Dominus
2530 2317 2707 2388 pascit
2737 2332 2843 2384 me,
2866 2326 2921 2373 et
2968 2319 3104 2373 nihil
3132 2319 3265 2373 mihi
3318 2320 3507 2375 deerit.
3543 2336 3564 2371 ι

1986 2405 2161 2463 Etiam
2203 2409 2318 2465 haec
2348 2410 2593 2465 eamdem
2618 2409 2819 2465 habent
2847 2411 3197 2477 sententiam,
3254 2426 3421 2482 quam
3471 2427 3569 2468 su-

1987 2498 2225 2568 periora.
2254 2497 2391 2553 Cum
2420 2500 2566 2554 enim
2591 2499 2824 2554 dixisset
2853 2498 2907 2554 in
2934 2499 3147 2574 psalmo
3179 2501 3516 2571 praecedente
3547 2519 3563 2558 :

1994 2605 2012 2639 ι
2047 2587 2224 2644 Edent
2246 2605 2542 2662 pauperes,
2573 2598 2628 2647 et
2654 2591 3074 2658 saturabuntur,
3113 2590 3418 2646 laudabunt
3463 2592 3570 2646 Do-

1989 2682 2204 2739 miuum
2264 2686 2356 2756 qui
2386 2686 2676 2755 requirunt
2715 2700 2864 2751 eum,
2901 2703 2920 2737 ι
2968 2692 3022 2738 et
3068 2698 3305 2739 rursus:
3368 2701 3388 2735 ι
3419 2681 3574 2738 Man-

1989 2776 2348 2841 ducaverunt,
2377 2786 2431 2833 et
2458 2778 2827 2833 adoraverunt
2852 2791 3042 2832 omnes
3065 2776 3296 2847 pingues
3322 2787 3514 2844 terrae;
3544 2792 3565 2828 ι

1992 2869 2197 2925 indicat
2224 2870 2327 2924 hoc
2374 2870 2494 2925 loco
2527 2869 2692 2940 hujus
2725 2870 2832 2925 cibi
2869 2869 3213 2939 largitorem,
3241 2877 3296 2924 et
3338 2868 3572 2925 nutrito-

303 2978 393 3015 σιν
415 2959 648 3015 ἐνταῦθα
678 2959 771 3014 τὸν
821 2962 920 3032 τῆς
954 2958 1213 3032 τοιαύτης
1243 2959 1454 3030 τροφῆς
1487 2958 1723 3029 χορηγόν
1746 2975 1759 2989 ο
1796 2958 1885 3011 καὶ

1992 2977 2107 3017 rem
2156 2961 2322 3034 748
2349 2962 2584 3032 appellat
2610 2970 2908 3032 pastorem.
2945 2961 3038 3018 Sic
3071 2962 3219 3016 enim
3271 2975 3332 3017 se
3389 2960 3570 3030 ipsum

301 3052 466 3108 καλεῖ
505 3052 599 3107 τὸν
626 3052 835 3124 τροφέα
875 3028 1112 3122 ποιμένα
1132 3068 1144 3081 ·
1168 3028 1340 3105 Ὀὕτω
1363 3028 1473 3120 γὰρ
1506 3028 1603 3103 καὶ
1628 3051 1655 3102 ό
1683 3048 1885 3102 Δεσπό·

1992 3052 2257 3109 Dominus
2301 3052 2552 3109 Christus
2608 3052 2952 3108 nominavit:
3000 3070 3019 3104 ι
3051 3050 3163 3122 Ego
3222 3066 3346 3108 sum
3383 3059 3573 3122 pastor

301 3161 407 3218 της
421 3146 468 3179 ¹⁹
492 3145 729 3218 Χριστὸς
784 3145 980 3199 ἑαυτὸν
1002 3144 1468 3216 προσηγόρευσενυ
1505 3162 1524 3195 ι
1565 3140 1707 3211 Ἐγὼ
1727 3143 1843 3211 ειμι
1863 3141 1893 3193 ὁ

304 3238 510 3311 ποιμὴν
539 3241 568 3293 6
602 3238 785 3302 καλὸς,
828 3240 923 3291 καὶ
952 3237 1208 3306 γινώσκω
1237 3237 1306 3290 τὰ
1342 3235 1474 3307 ἐμὰ,
1506 3236 1602 3289 καὶ
1622 3233 1889 3304 γινώσκο-

306 3348 412 3400 μαι
445 3330 552 3383 ὑπὸ
584 3329 694 3384 τῶν
727 3330 897 3400 ἐμῶν.
933 3349 951 3380 ι
1011 3329 1200 3393 Οὕτως
1245 3328 1442 3383 ἑαυτὸν
1478 3328 1573 3381 καὶ
1595 3328 1683 3381 διὰ
1725 3328 1888 3392 Ἰεζε-

304 3420 439 3493 κιὴλ
468 3421 694 3474 ἐκάλεσε
711 3421 804 3474 τοῦ
828 3421 1128 3491 προφήτου.
1157 3419 1455 3474 Κάνταῦθα
1483 3419 1668 3471 τοίνυν
1709 3418 1886 3472 ᾶπαν-

304 3530 403 3576 τες
433 3512 482 3564 οἱ
511 3512 610 3580 τῆς
666 3511 935 3582 σωτηρίου
979 3510 1187 3580 τροφῆς
1230 3508 1642 3572 ἀπολαύσαντες
1698 3507 1886 3578 βοῶσι·

313 3618 333 3653 ι
384 3600 593 3670 Κύριος
639 3600 915 3670 ποιμαίνει
939 3617 1028 3669 με,
1065 3600 1159 3653 καὶ
1212 3600 1367 3653 οὐδέν
1399 3616 1467 3669 με
1497 3598 1809 3668 ύστερήσει.
1862 3617 1882 3651 ι

308 3690 671 3763 Παντοδαπὴν
702 3691 810 3762 γὰρ
838 3691 1139 3746 ἀπόλαυσιν
1166 3691 1390 3761 ἀγαθῶν
1423 3694 1451 3745 ό
1502 3689 1702 3760 ποιμὴν
1734 3683 1891 3755 οὗτος

305 3783 420 3844 τοῖς
453 3781 546 3833 ὑπ’
577 3779 744 3833 αὑτοῦ
782 3781 1230 3851 ποιμαινομένοις
1252 3781 1561 3854 χαρίζεται.

383 3872 449 3944 β’.
491 3892 510 3925 r
549 3875 644 3937 El;
675 3874 841 3927 τόπον
898 3874 1085 3944 χλόης,
1119 3875 1237 3928 ἐκεῖ
1275 3892 1343 3946 με
1379 3881 1824 3950 κατεσκήνωσεν.
1865 3898 1884 3933 ι

1990 3146 2195 3209 bonus,
2222 3155 2275 3200 et
2306 3159 2585 3216 cognosco
2626 3159 2758 3201 oves
2792 3159 2964 3212 meas,
2997 3154 3050 3200 et
3100 3151 3440 3215 cognoscunt
3483 3157 3573 3199 me

1990 3253 2126 3294 meas
2146 3246 2208 3293 ω.
2238 3257 2257 3290 ι
2287 3236 2491 3293 Eodem
2529 3237 2700 3293 modo
2733 3247 2788 3292 et
2826 3251 2924 3307 per
2961 3236 3281 3308 prophetam
3307 3235 3569 3295 Ezechie-

1991 3331 2095 3386 lem
2128 3339 2158 3367 ι
2204 3345 2263 3386 se
2293 3330 2471 3401 ipsum
2525 3329 2837 3399 appellavit.
2881 3328 2949 3383 Et
3015 3329 3109 3384 hic
3170 3329 3335 3401 igitur
3380 3341 3572 3384 omnes

1990 3424 2083 3495 qui
2132 3423 2357 3479 salutari
2390 3423 2514 3478 cibo
2567 3421 2726 3492 potiti
2754 3431 2903 3488 sunt,
2937 3421 3270 3487 exclamant,
3312 3437 3332 3497 ι
3377 3418 3567 3475 Domi-

1995 3532 2098 3573 nus
2128 3516 2304 3585 pascit
2331 3531 2442 3580 me,
2470 3514 2608 3569 nihil
2640 3514 2776 3569 mihi
2807 3514 3001 3570 deerit.
3050 3533 3069 3566 ι
3107 3511 3242 3568 Nam
3264 3511 3446 3568 omnis
3473 3525 3568 3582 ge-

1995 3608 2145 3663 neris
2178 3608 2451 3662 bonorum
2488 3606 2731 3661 fructum
2780 3605 2871 3661 hic
2912 3616 3102 3675 pastor
3141 3604 3210 3661 iis
3234 3605 3328 3676 qui
3379 3601 3449 3659 ab
3503 3615 3571 3659 eo

1996 3707 2295 3771 pascuntur
2322 3698 2569 3768 largitur.

2014 3838 2025 3845 ἡ
2075 3877 2315 3938 Vaas.2.
2356 3897 2375 3933 ι
2421 3876 2480 3935 In
2509 3879 2632 3935 loco
2683 3876 2874 3956 pascui
2921 3875 2996 3933 ibi
3046 3858 3157 3931 me»
3202 3871 3511 3931 collocavit.
3544 3891 3565 3925 ι

323 3964 545 4036 Ἐπειδὴ
596 3967 833 4037 ποιμένα
892 3967 984 4019 τὸν
1034 3966 1143 4020 τῶν
1212 3968 1437 4036 ἀγαθῶν
1485 3973 1885 4044 προσηγόρευσε

2001 3968 2299 4040 Postquam
2334 3981 2611 4039 pastorem
2658 3969 2929 4024 bonorum
2966 3968 3212 4023 datorem
3251 3964 3571 4037 appellavit,

312 4058 572 4129 xopwbv’
635 4058 861 4123 εἰκότως
920 4060 1016 4111 καὶ
1062 4059 1160 4129 τῆς
1211 4061 1321 4112 τῶν
1369 4062 1661 4133 προϐάτων
1691 4065 1885 4134 τροφῆς

2002 4063 2198 4117 merito
2223 4063 2370 4118 etde
2413 4062 2598 4116 ovium
2631 4070 2789 4132 pastu
2820 4076 2888 4116 ex
2946 4057 3306 4114 translatione
3343 4056 3576 4112 mentio-

311 4152 594 4220 τροπικῶς
622 4153 759 4222 ὲμνη
771 4153 1022 4222 μόνευσε.
1057 4152 1263 4219 Χλόην
1278 4152 1335 4205 δὲ
1357 4152 1594 4207 ἐνταῦθα
1613 4155 1713 4226 τὴν
1744 4155 1885 4227 ἱερὰι

2003 4169 2125 4209 nem
2155 4153 2304 4208 fecit.
2361 4153 2626 4207 l’ascuum
2661 4161 2841 4208 autem
2874 4152 2977 4206 hoc
3006 4151 3060 4205 in
3105 4149 3228 4204 loco
3255 4163 3466 4205 sacram
3498 4146 3577 4203 di-

314 4242 426 4296 τῶν
456 4242 616 4296 θείων
651 4242 846 4311 λογίων
884 4242 1241 4296 διδασκαλίαν
1273 4243 1451 4300 καλεῖ.
1479 4245 1755 4316 Πρότερον
1787 4251 1885 4318 γὰρ

2001 4246 2257 4301 vitiorum
2316 4247 2662 4301 oraculorum
2709 4244 3013 4300 doctrinam
3046 4246 3063 4264 '
3091 4249 3272 4297 vocat.
3325 4239 3573 4294 Primum

314 4333 576 4405 ἐκτρέφει
614 4310 731 4398 τοῖς
778 4334 983 4403 λόγοις,
1014 4334 1107 4387 καὶ
1148 4336 1270 4388 τότε
1324 4336 1423 4407 τὴν
1478 4310 1885 4411 μυστικωτέραλ

2004 4339 2152 4394 enim
2193 4338 2431 4393 oraculis
2470 4354 2570 4392 nos
2602 4337 2718 4404 alit,
2746 4345 2801 4391 et
2828 4335 3025 4391 deinde
3051 4332 3224 4403 magis
3282 4330 3574 4402 mysticum

314 4427 623 4499 προσφέρει
662 4429 893 4499 τροφήν.
919 4445 937 4477 ι
971 4426 1094 4480 Ἐπὶ
1117 4428 1160 4459 ³⁰
1187 4427 1381 4492 ὓδατος
1416 4429 1780 4495 ἀναπαύσεως
1811 4431 1885 4496 ἐξ·

2007 4430 2164 4487 aﬂert
2192 4431 2397 4487 cibum.
2458 4449 2477 4483 ι
2516 4430 2692 4501 Super
2726 4443 2924 4499 aquam
2955 4424 3275 4482 refectionis
3320 4422 3576 4479 educavit

316 4517 515 4588 ἑθρεψέ
539 4536 629 4588 με.
656 4538 673 4572 ι
711 4519 783 4572 Τὸ
811 4520 911 4589 τῆς
939 4518 1366 4588 παλιγγενεσίας
1392 4520 1536 4592 ὕδωρ
1574 4522 1885 4590 αἰνίττεταιτ

1998 4538 2104 4579 me.
2142 4542 2163 4575 ›
2220 4523 2667 4593 Begeneralionis
2709 4536 2908 4592 aquam
2958 4518 3159 4582 innuit,
3222 4517 3278 4570 in
3310 4531 3414 4587 qua
3444 4513 3577 4570 dum

317 4614 375 4665 ὲν
405 4605 450 4680 ᾧ
489 4611 888 4684 βαπτιζόμενος
940 4613 970 4665 6
1014 4613 1111 4684 τῆς
1148 4614 1372 4685 χάριτος
1422 4615 1734 4686 ἐφιέμενος.
1762 4618 1885 4669 ἀπο-

1998 4608 2308 4678 baptizatur
2329 4611 2424 4678 qui
2459 4610 2690 4680 gratiam
2756 4607 3121 4679 concupiscit,
3147 4613 3427 4662 senectute
3454 4604 3580 4677 qui-

317 4701 507 4754 δύεται
548 4702 647 4772 μὲν
700 4703 762 4755 τὺ
823 4703 1003 4775 γῆρας
1060 4703 1157 4774 τῆς
1191 4704 1488 4775 ἁμαρτίας,
1533 4705 1651 4769 νέος
1682 4705 1739 4759 δὲ
1780 4705 1885 4761 ἀντ⁴

2000 4702 2122 4757 dem
2155 4707 2361 4773 peccati
2411 4689 2653 4772 exuitur,
2689 4690 2907 4776 juvenis
2992 4715 3122 4758 vero
3174 4716 3274 4772 pro
3301 4714 3429 4758 sene
3467 4700 3580 4758 elli-

319 4794 696 4863 γεγηρακότος
719 4794 1088 4849 ἀποτελεῖται.

2002 4795 2163 4849 citur.

391 4978 431 5007 ω
462 4965 628 5022 Joan.
660 4982 716 5033 ι,
764 4980 838 5030 io.
918 4979 945 5007 ιι
975 4968 1172 5024 Ezech.
1208 4985 1394 5036 xxxw,
1425 4970 1492 5024 10
1531 4986 1684 5041 seqq.

1427 5130 1664 5185 VARUE
1702 5128 2085 5185 LECTIONES
2124 5129 2213 5184 ET
2252 5130 2484 5189 NOTAE.

338 5324 353 5337 _
393 5268 437 5340 ’θ’
462 5268 717 5333 Πάντες.
755 5266 921 5340 Abest
943 5282 969 5319 a
1003 5266 1126 5340 cod.
1169 5268 1219 5340 1.
1283 5267 1328 5340 ξθ
1352 5263 1883 5340 c0d,_lne_1r1av_r;pé

1988 5281 2031 5340 ς.
2053 5265 2099 5340 ξι
2121 5266 2396 5340 Athan-ct
2410 5268 2577 5340 Abest
2609 5283 2637 5321 a
2668 5267 2791 5340 cod.
2827 5268 2880 5340 1,
2909 5268 2964 5323 2.
3025 5269 3071 5302 ¹¹
3104 5268 3579 5340 Τοὺς-ἀγῶνας.

323 5334 444 5409 cod.
489 5352 741 5405 uterque,
774 5337 871 5409 τού
899 5338 1166 5409 παρόντος
1198 5338 1430 5405 ἀγῶνος.
1461 5337 1506 5367 ³³
1535 5334 1854 5409 Καὶ-έτῶν.

1988 5336 2085 5409 If};
2117 5337 2209 5388 ἐπί
2241 5354 2298 5388 τε
2331 5339 2459 5391 τῶν.
2488 5338 2533 5369 ’³
2558 5339 2662 5403 Εἷς
2703 5338 2769 5392 τὸ
2802 5338 2993 5404 τέλος.
3025 5334 3246 5394 Abesta
3289 5334 3407 5393 cod.
3450 5344 3497 5402 l,
3524 5334 3581 5394 2.

322 5409 367 5440 ³⁵
400 5407 445 5462 Ε
471 5409 597 5463 cod.
628 5408 807 5476 suppl.
838 5405 1039 5477 Eadem
1078 5410 1189 5462 fere
1224 5417 1351 5463 sunt
1404 5422 1527 5475 quae
1556 5405 1722 5477 (ἔοι-(1.
1759 5413 1798 5460 t.
1832 5405 1872 5465 Ι,

1988 5405 2112 5461 412.
2146 5414 2199 5459 et
2238 5410 2338 5460 sub
2373 5409 2479 5462 alio
2512 5410 2728 5461 nomine
2763 5426 2814 5477 p.
2843 5410 2947 5463 418
2983 5410 3225 5464 exhibet.
3315 5411 3360 5441 ’⁸
3391 5409 3587 5462 Ταῦτα

320 5478 445 5543 τοῖς
479 5471 875 5551 προερμξροιι.
900 5478 934 5529 2
957 5471 1108 5551 οὗτος
1136 5480 1209 5548 τῷ
1240 5471 1755 5551 προερμηνευθέντι.
1832 5477 1877 5551 ξτ
1906 5476 2493 5551 Ἐμίτληᾳθιῖσοντμι.
2524 5480 2647 5551 cod.
2680 5480 2700 5531 l
2739 5471 3223 5551 εὐφρανθήσονται.
3314 5479 3359 5551 ’_‘
3391 5483 3581 5551 Προσ.

320 5544 667 5616 exurimur.
689 5548 823 5601 Cod.
860 5550 879 5600 l
919 5557 973 5601 et
1004 5548 1037 5599 2
1070 5544 1485 5617 αιιιιίιιιιαύτῳζ
1575 5547 1617 5576 ²⁹
1647 5547 1876 5597 Ascrde

2010 5544 2131 5598 Des.
2164 5546 2218 5599 in
2248 5548 2364 5601 cod.
2401 5548 2454 5604 2.
2551 5550 2595 5582 ³⁰
2626 5551 2757 5603 Ἐπὶ
2784 5544 2856 5594 -ξ
2880 5544 3165 5619 ἐξέἁρεψέ
3190 5565 3284 5618 με.
3328 5549 3385 5603 In
3420 5544 3584 5606 Hebr.

320 5642 426 5714 leg.
458 5626 636 5702 ’35711’
676 5625 877 5701 n‘mﬁn
915 5624 1092 5714 νῦ·θῖ
1128 5651 1191 5694 aa
1230 5657 1395 5711 aquas
1431 5640 1615 5694 leniter
1643 5639 1864 5707 ﬂuentes

1988 5646 2045 5689 ὀι
2076 5654 2174 5691 me.
