4004 6216
449 203 588 273 1031

1400 270 1411 279 ⁵
1440 188 1929 253 THEODORETI
1954 185 2292 281 EPISCOPI
2323 182 2688 245 CYRENSIS

3589 175 3609 236 1
3620 179 3716 241 032

448 318 555 375 bus
595 313 834 370 animam
859 317 1147 383 purgatam
1194 307 1414 372 habeat,
1454 316 1511 363 et
1534 321 1731 362 manus
1751 304 1820 360 ab
1840 302 2031 359 istius-

2145 298 2410 370 λογισμῶν
2444 299 2664 352 ἀτόπων
2689 296 2789 368 τὴν
2816 292 3018 367 ψυχὴν,
3044 294 3410 366 καθαρεύειν,
3446 293 3547 348 καὶ
3589 296 3721 363 πρὸ.-

451 405 600 463 modi
631 403 943 460 actionibus
983 402 1217 458 mundas
1247 410 1419 471 gerat.
1450 399 1661 455 Etenim
1704 413 1892 451 manus
1921 410 2023 465 pro

451 496 762 553 actionibus
791 493 995 564 posuit,
1034 508 1134 563 per
1173 508 1265 546 cor
1308 499 1489 546 autem
1541 486 1900 558 c0gitationes
1944 484 2027 539 in-

451 589 593 644 nuit.
633 584 747 642 Hoe
789 585 934 640 enim
970 583 1368 647 consultamus,
1407 578 1515 635 illis
1542 594 1673 633 vero
1711 591 2023 647 operamur.

452 681 619 737 Decet
659 687 865 745 autem,
898 677 1096 746 inquit,
1133 672 1450 746 bujusmodi
1489 669 1768 725 hominem
1821 668 2027 722 nullam

453 788 568 828 rem
619 771 824 827 ﬂuxam
874 778 930 827 et
979 769 1236 825 caducam
1285 764 1697 834 concupiscere.
1731 759 1842 816 Has
1879 760 2028 815 enim

453 862 797 933 nuncupavit
825 876 907 914 res
940 876 1102 913 varias
1127 872 1144 911 :
1173 856 1442 924 siquidem
1473 854 1636 908 etiam
1674 851 2030 906 Ecclesiastes

455 957 537 1013 sic
560 970 656 1011 eas
688 954 935 1009 nominat
966 968 981 1006 :
1020 969 1039 1001 ι
1079 947 1326 1013 Vanitas,
1371 945 1580 1009 dicens,
1622 943 1943 1008 vanitatum,
1978 949 2033 996 et

454 1048 639 1103 omnia
669 1046 882 1101 vanitas
906 1055 954 1098 Ρ.
984 1062 1002 1095 ι
1038 1041 1103 1095 Ει
1127 1041 1386 1111 quoniam
1412 1038 1570 1094 dolus
1591 1052 1646 1092 et
1667 1035 2031 1108 transgressio

455 1137 818 1211 jurisjurandi
859 1134 1100 1191 avaritiae
1146 1132 1441 1204 conjuncta
1482 1137 1631 1199 sunt,
1682 1130 1878 1183 merito
1915 1128 2032 1183 haec

454 1246 580 1288 cum
608 1230 698 1285 illa
736 1227 942 1297 respuit
975 1244 988 1279 :
1028 1244 1046 1277 ι
1079 1224 1145 1279 Et
1165 1239 1273 1277 non
1303 1221 1509 1293 juravit
1540 1220 1597 1274 in
1628 1220 1753 1275 dolo
1776 1218 2030 1288 proximo

453 1337 578 1381 suo.
614 1339 636 1375 ι
677 1320 880 1375 Deinde
916 1318 1259 1374 demonstrat
1298 1316 1494 1369 horum
1529 1320 1678 1367 recte
1753 1308 2030 1366 factorum

450 1412 715 1469 fructum.

524 1618 691 1671 \‘sss.
717 1608 769 1663 5.
805 1627 823 1658 (
866 1604 962 1661 llic
993 1603 1225 1674 accipiet
1250 1601 1683 1657 benedictionem
1710 1615 1739 1654 a
1772 1598 2029 1664 Domino,

2132 391 2266 458 ξεων
2298 392 2731 463 τοιουτοτρόπων
2747 389 2793 423 ⁸⁷
2832 388 3128 460 ἐλευθέρας
3158 387 3305 459 ἔχειν
3350 387 3462 450 τὰς
3517 388 3721 460 χεῖρας.

2132 482 2247 547 Τὰς
2274 482 2385 553 γὰρ
2415 482 2478 554 δὴ
2518 481 2744 552 χεῖρας,
2779 480 2901 535 ἀντὶ
2938 479 3194 551 πράξεων
3239 479 3469 533 τέθεικε
3496 495 3511 510 ο
3544 477 3634 532 διὰ
3672 478 3723 532 δὲ

2130 577 2232 648 τῆς
2262 576 2530 646 καρδίας,
2562 575 2662 639 τὰς
2692 574 3024 644 ἐνθυμήσεις
3074 573 3321 645 ᾐνίξατο.
3360 574 3447 643 Τῇ
3482 572 3585 643 μὲν
3625 574 3727 643 γὰρ

2134 669 2535 740 βουλευόμεθα,
2592 670 2717 732 ταῖς
2769 667 2827 721 δὲ
2891 668 3230 738 πράττομεν.
3300 666 3597 737 Προσήκει
3651 665 3727 731 δὲ,

2133 762 2287 833 φησὶ,
2321 759 2686 815 τὸντοιοῦτον
2713 758 2945 830 μηδενὸς
2982 757 3092 812 τῶν
3125 756 3367 829 ῥεόντων
3422 758 3525 811 καὶ
3585 756 3731 827 φθει-

2134 854 2381 926 ρομένων
2442 851 2695 922 ἐφίεσθαι
2726 867 2739 881 ·
2780 849 2957 905 ταῦτα
3011 849 3121 922 γὰρ
3165 850 3404 904 ἐκάλεσε
3470 848 3727 919 μάταιιν

2132 945 2276 1000 οὕτω
2304 945 2411 1017 γὰρ
2439 947 2485 978 ⁸⁸
2542 943 2681 998 αὐτὰ
2720 945 2812 997 καὶ
2865 945 2893 997 ὁ
2936 942 3384 1013 Ἐκκλησιαστὴς
3451 941 3730 1011 ὀνομάζει,

2140 1059 2157 1091 ι
2176 1038 2516 1108 Ματαιότης,
2534 1037 2731 1105 λέγων,
2758 1037 3158 1106 ματαιοτήτων,
3188 1034 3260 1088 τὰ
3290 1034 3488 1088 πάντα
3512 1035 3732 1106 ματαιό-

2130 1144 2251 1198 της.
2288 1146 2306 1178 ι
2353 1126 2462 1179 Καὶ
2498 1124 2686 1196 ἐπειδὴ
2741 1125 2835 1177 καὶ
2871 1123 3022 1186 δόλος
3048 1122 3144 1178 καὶ
3184 1122 3519 1194 παράϐασις
3557 1123 3729 1194 ὅρκων

2134 1222 2200 1292 τῇ
2242 1218 2652 1291 φιλοχρηματίᾳ
2693 1217 3073 1283 συνέζευκται,
3135 1217 3372 1281 είκότως
3432 1217 3532 1271 καὶ
3566 1216 3731 1271 ταῦτα

2137 1310 2258 1382 μετ’
2300 1310 2521 1382 ἐκείνης
2547 1311 2916 1380 ἀπαγορεύειο
2956 1328 2975 1358 σ
3016 1310 3194 1363 Κα¹ι⁶⁰
3231 1309 3336 1363 οὐκ
3372 1308 3600 1381 ὤμοσεν
3645 1311 3729 1363 ἐπὶ

2134 1401 2271 1473 δόλῳ
2309 1399 2389 1472 τῷ
2447 1400 2674 1472 πλησίον
2715 1399 2901 1455 αὐτοῦ.
2951 1419 2971 1451 ι
3010 1393 3144 1453 Εἶτα
3197 1400 3457 1454 δείκνυσι
3488 1400 3584 1455 τὸν
3630 1401 3728 1454 τῶν

2134 1490 2587 1562 κατορθωμάτων
2610 1491 2656 1522 ⁷⁰
2679 1491 2887 1544 τούτων
2912 1490 3145 1561 καρπόν.

2206 1603 2270 1661 ε’.
2312 1623 2330 1657 ι
2376 1599 2545 1669 Οῦτος
2591 1604 2824 1675 λήψεται
2875 1605 3129 1673 εὐλογίαν
3161 1605 3316 1676 παρὰ
3374 1605 3617 1677 Κυρίου,
3642 1606 3728 1660 καὶ

408 1691 413 1699 ’
450 1712 505 1758 et
531 1699 969 1758 misericordiam
1008 1714 1041 1751 a
1065 1695 1176 1751 Deo
1207 1696 1480 1750 salvatore
1510 1708 1632 1748 suo.
1664 1712 1683 1745 ι
1719 1692 2028 1746 Admodum

2145 1697 2511 1770 ἐλεημοσύνην
2568 1698 2720 1770 παρά
2765 1699 2901 1752 Θεοῦ
2942 1699 3188 1770 σωτῆρος
3213 1697 3414 1754 αὑτοῦ.
3465 1718 3487 1752 ι
3523 1700 3723 1770 Κομιδῆ

452 1809 693 1864 congrue
712 1788 1150 1845 misericordiam
1175 1804 1297 1841 eum
1324 1786 1700 1840 benedictione
1726 1783 2031 1853 conjunxit.

452 1883 665 1939 Etenim
703 1898 827 1952 qum
859 1879 1251 1935 existimantur
1291 1875 1785 1939 remunerationes,
1818 1889 1914 1942 per
1948 1888 2037 1927 so-

454 1974 564 2028 lam
612 1972 859 2027 divinam
910 1967 1300 2038 benignitatem
1352 1964 1666 2019 hominibus
1705 1964 2034 2033 prtebentur.

455 2064 660 2119 Omnes
690 2061 835 2116 enim
869 2058 1157 2115 hominum
1185 2057 1412 2128 justitia:
1442 2056 1580 2112 nihil
1609 2064 1737 2113 sunt
1775 2055 1842 2111 ad
1893 2055 2039 2112 dona

457 2172 579 2226 qua:
607 2170 638 2210 a
678 2154 791 2207 Deo
820 2153 932 2222 jam
967 2150 1126 2206 nobis
1157 2149 1499 2220 suppeditata
1538 2157 1699 2213 sunt,
1737 2145 1938 2201 nedum
1971 2147 2038 2200 ad

459 2251 644 2305 futura
674 2258 929 2308 munera,
957 2257 1080 2312 quae
1102 2250 1156 2296 et
1181 2255 1401 2295 omnem
1434 2241 1730 2293 humanam
1756 2237 2041 2308 cogitatio-

459 2355 586 2396 nem
613 2335 1031 2393 transcendunt.

528 2475 693 2547 753
727 2471 895 2529 Vens.
935 2471 988 2527 6.
1035 2490 1054 2523 ι
1088 2470 1214 2527 Haec
1249 2479 1332 2525 est
1365 2470 1646 2541 generatio
1678 2469 2036 2540 quaerentium

457 2569 773 2632 Dominum,
804 2564 1168 2635 quaarentium
1219 2562 1414 2619 faciem
1466 2562 1561 2618 Dei
1603 2560 1815 2617 Jacobi.
1853 2581 1871 2613 ι
1911 2560 2037 2627 Qui,

458 2662 674 2730 inquit,
724 2656 1026 2713 secundum
1083 2657 1198 2711 haec
1239 2654 1469 2711 consilia
1523 2655 1707 2708 vivere
1753 2659 2037 2718 statuunt,

456 2768 649 2810 revera
697 2751 1015 2807 desiderant
1052 2749 1240 2804 videre
1286 2748 1467 2819 ipsum
1505 2746 1724 2801 virtutis
1765 2745 2041 2817 legislatu-

456 2862 597 2913 rem,
633 2845 727 2917 qui
776 2844 890 2915 jam
942 2843 1072 2897 olim
1121 2842 1285 2896 etiam
1335 2856 1595 2910 magnum
1638 2839 1902 2894 Jacobum
1939 2852 2041 2893 suo
2082 2870 2089 2877 ο

458 2940 633 3011 ipsius
686 2938 922 3008 aspectu
972 2936 1229 3007 dignatus
1277 2942 1381 2989 est.
1434 2931 1492 2986 ιιι
1541 2931 1835 2987 undecimo
1877 2931 2042 3002 igitur

2137 1792 2195 1844 δὲ
2245 1791 2544 1862 προσφυῶς
2578 1791 2675 1862 τὴν
2701 1791 3075 1862 ἐλεημοσύνην
3110 1794 3174 1864 τῇ
3208 1792 3446 1864 εὐλογίᾳ
3480 1793 3725 1858 συνέζευ-

2141 1883 2219 1948 ξε.
2261 1884 2371 1937 Καὶ
2417 1884 2528 1955 γὰρ
2581 1885 2638 1937 αἱ
2676 1884 3033 1955 νομιζόμεναι
3072 1885 3380 1948 ἀντιδόσεις
3425 1886 3518 1938 διὰ
3568 1887 3723 1957 μόνην

2138 1973 2240 2043 τὴν
2298 1972 2453 2027 Θείαν
2509 1972 2926 2045 φιλανθρωπίαν
2995 1975 3110 2038 τοῖς
3188 1973 3514 2043 ἀνθρώποις
3588 1991 3721 2045 παρ-

2140 2066 2332 2136 έχοντα
2356 2066 2424 2121 “.
2461 2067 2638 2120 Πᾶσαι
2663 2068 2773 2138 γὰρ
2799 2066 2910 2122 τῶν
2943 2065 3252 2136 ἀνθρώπων
3277 2068 3339 2121 αι
3359 2067 3717 2131 δικαιοσύναι,

2141 2159 2298 2212 οὐδὲν
2323 2160 2370 2192 ’⁷⁸
2417 2159 2553 2230 πρὸς
2613 2159 2712 2224 τὰς
2764 2158 2867 2231 ἥδη
2917 2157 3212 2229 δεδομένας
3274 2158 3387 2213 ὑπὸ
3450 2158 3546 2212 τοῦ
3593 2155 3717 2212 Θεοῦ

2139 2254 2349 2325 δωρεὰς
2385 2254 2696 2325 ἀποχρῶσι,
2737 2255 2921 2325 μήπου
2942 2254 2989 2286 ⁷³
3021 2271 3086 2323 γε
3110 2254 3175 2326 δὴ
3225 2254 3372 2324 πρὸς
3403 2255 3505 2318 τὰς
3544 2255 3720 2323 ἐσομέ-

2140 2364 2258 2410 νας,
2294 2345 2351 2402 αἳ
2390 2348 2485 2401 καὶ
2517 2346 2781 2417 λογισμὸν
2810 2346 3151 2418 ἀνθρώπινον
3181 2347 3628 2419 ὑπερϐαίνουσιν.

2209 2491 2288 2550 ς’.
2313 2487 2460 2556 Αὕτη
2489 2483 2706 2560 ήγενεά
2728 2484 3037 2555 ζητούντων
3068 2485 3160 2538 τὸν
3185 2483 3398 2556 Κύριον
3417 2484 3484 2548 ⁷⁵,
3509 2482 3716 2554 ζητούν-

2140 2592 2248 2630 των
2319 2575 2382 2629 τδ
2437 2576 2733 2646 πρόσωπον
2763 2575 2859 2629 τοῦ
2909 2575 3047 2629 Θεοῦ
3108 2575 3335 2631 Ἰακώϐ.
3381 2595 3400 2628 ι
3436 2577 3499 2629 Οἱ
3521 2576 3563 2607 ⁷⁸
3591 2571 3716 2627 κατά

2141 2665 2368 2733 ταύτας,
2418 2667 2573 2737 φησὶ,
2603 2666 2702 2731 τὰς
2751 2667 3036 2737 ὑποθήκας
3086 2665 3237 2737 βιοῦν
3272 2666 3712 2740 προαιρούμενοι,

2140 2756 2221 2827 τῷ
2250 2756 2363 2812 ὄντι
2398 2756 2626 2811 ποθοῦσι
2665 2758 2764 2829 τῆς
2800 2759 3003 2830 ἀρετῆς
3031 2758 3124 2812 τὸν
3156 2758 3470 2830 νομοθέτην
3508 2757 3645 2820 ίδεῖν,
3666 2754 3716 2816 ὃς

2142 2850 2313 2905 πάλαι
2345 2850 2474 2904 ποτὲ
2524 2851 2619 2904 καὶ
2657 2851 2752 2904 τὸν
2794 2851 2970 2922 μέγαν
3024 2850 3221 2905 Ἰακὼὸ
3254 2855 3361 2923 τῆς
3386 2851 3587 2914 οίκεὲας
3607 2850 3713 2901 ἑπι-

2143 2941 2373 3011 φανείας
2422 2940 2677 3011 ἠξίωσεν.
2714 2944 2879 2998 Ἐν⁷⁶
2935 2943 3035 3014 μὲν
3085 2940 3179 2998 οῦν
3213 2945 3256 2975 ⁷⁷
3323 2944 3405 3015 τῷ
3468 2941 3713 3011 ἑνδεκάτῳ

458 3033 696 3104 psalmo,
720 3030 788 3087 de
813 3028 1169 3102 generatione
1200 3025 1370 3081 altera
1393 3024 1649 3080 omnibus
1679 3024 1825 3081 vitiis
1848 3024 2037 3079 affecta

2145 3032 2348 3104 ψαλμῷ
2400 3034 2532 3107 περὶ
2568 3035 2762 3103 γενεᾶς
2813 3034 3006 3105 ἐτέρας
3039 3033 3105 3107 [⁷⁸
3136 3037 3165 3089 ὀ
3221 3036 3529 3108 Προφήτης
3556 3032 3711 3086 διαλε-

463 3123 733 3197 [loquens
762 3116 1061 3190 Propheta]
1092 3116 1262 3174 Deum
1287 3114 1614 3187 precabatur
1640 3115 1825 3170 dicens
1853 3131 1866 3168 :
1897 3133 1915 3165 ι
1936 3113 2041 3181 Τιι,

459 3215 716 3280 Domine,
748 3212 1027 3269 custodies
1068 3226 1197 3276 nos,
1238 3217 1294 3264 et
1343 3205 1587 3263 servabis
1626 3219 1729 3259 nos
1758 3219 1789 3258 a
1817 3219 2045 3275 genera-

426 3308 611 3364 'tione
643 3305 831 3363 hacin
860 3312 1126 3360 azternum
1147 3312 1198 3355 (ι.
1240 3320 1259 3353 ›
1296 3300 1396 3355 Hic
1425 3307 1606 3354 autem
1642 3296 1915 3352 contraria
1949 3311 2044 3350 va-

460 3399 740 3465 ticinatur,
786 3415 805 3449 ι
846 3398 1088 3478 Haecest
1133 3393 1417 3466 generatio
1450 3389 1814 3462 quaerentium
1864 3388 2047 3443 Domi-

461 3505 617 3546 num.
652 3508 671 3542 ›
701 3488 836 3543 Nam
865 3498 991 3559 post
1018 3486 1453 3541 incarnationem
1483 3482 1503 3504 ⁶
1532 3480 1629 3536 Dei
1657 3488 1712 3536 et
1744 3479 2047 3535 Salvatoris

462 3581 665 3649 nostri,
723 3581 903 3636 omnis
947 3589 1093 3634 terra
1133 3589 1187 3632 et
1220 3591 1374 3631 mare
1427 3573 1626 3629 divinas
1673 3571 2046 3643 praedicationi

464 3675 870 3743 obtemperans,
896 3671 1189 3741 dereliquit
1212 3669 1433 3739 quidem
1460 3667 1592 3723 deos
1623 3666 1851 3737 patrios,
1877 3665 2044 3720 Deum

434 3746 651 3823 .autem
689 3763 878 3820 Jacobi
914 3762 1164 3834 inquirit.
1215 3760 1332 3816 Hoc
1372 3758 1537 3815 modo
1577 3758 1731 3815 orbis
1774 3767 2047 3814 terrarum

467 3860 645 3919 salute
689 3857 974 3929 praedicta,
1026 3855 1186 3910 docet
1219 3852 1477 3921 deinceps
1506 3864 1602 3906 eos
1636 3851 1731 3921 qui
1769 3850 1837 3905 ad
1886 3849 2047 3904 ﬁdem

457 3962 850 4035 accesserunt,
878 3951 1176 4008 Dominum
1205 3948 1485 4005 Christum
1519 3962 1629 4003 non
1660 3947 1836 4003 solum
1870 3962 2051 4003 resur-

466 4048 682 4104 rexisse
710 4045 927 4102 devicto
957 4043 1153 4098 mortis
1183 4040 1435 4111 imperio,
1473 4039 1565 4096 sed
1600 4039 1766 4095 etiam
1795 4038 1849 4092 in
1881 4037 2050 4093 caelos

465 4138 720 4196 rediisse.
758 4134 1031 4204 Quoniam
1065 4134 1210 4190 enim
1242 4132 1537 4188 vicesimus
1566 4132 1778 4201 primus
1808 4129 2048 4199 psalmus

466 4230 689 4287 oracula
718 4228 1035 4285 continebat
1078 4226 1147 4282 de
1194 4225 1423 4282 salutari
1474 4224 1750 4295 passione,
1799 4236 1901 4276 nec
1938 4236 2049 4289 non

2144 3122 2402 3195 γόμενος]
2431 3124 2582 3196 πάσῃ
2608 3123 2780 3195 κακίᾳ
2831 3125 2929 3178 καὶ
2960 3123 3198 3196 πονηρίᾳ⁴
3227 3124 3493 3195 συζώσης
3517 3119 3710 3193 iii/1:66—

2144 3217 2223 3269 λει
2246 3215 2337 3270 τὸν
2363 3216 2497 3270 Θεὸν
2516 3216 2692 3285 λέγων
2711 3217 2757 3248 ⁷⁸
2786 3231 2800 3247 ο
2836 3236 2855 3268 ι
2876 3215 2974 3281 Σὺ,
2991 3215 3186 3288 Κύριε,
3217 3216 3483 3287 φυλάξεις
3500 3215 3544 3248 ⁸⁸
3562 3213 3709 3285 ἡμᾶς,

2146 3310 2242 3364 καὶ
2275 3309 2634 3381 διατηρήσας
2673 3310 2821 3380 ἡμᾶς
2852 3309 2962 3363 ἀπὸ
3011 3309 3112 3381 τῆς
3154 3313 3359 3379 γενεᾶς
3394 3309 3590 3379 ταύτης
3631 3302 3711 3358 καὶ

2147 3403 2228 3465 είς
2260 3402 2353 3456 τὸν
2410 3402 2605 3458 αἰῶνα.
2639 3420 2658 3453 ι
2705 3401 2973 3456 Ἐνταῦθα
3007 3400 3066 3455 δὲ
3120 3404 3395 3458 τάναντία
3440 3398 3707 3464 θεσπίζειο

2153 3511 2172 3544 ι
2202 3490 2350 3563 Αὕτη
2387 3493 2421 3562 ἡ
2461 3491 2626 3560 γενεά
2661 3490 2969 3563 ζητούντων
3000 3490 3092 3544 τὸν
3123 3490 3361 3562 Κύριον.
3402 3509 3423 3544 ι
3450 3488 3595 3544 Μετά
3619 3486 3711 3554 γὰρ

2148 3583 2246 3655 τὴν
2278 3583 2695 3654 ὲνανθρώπησιν
2724 3581 2821 3637 τοῦ
2866 3580 3002 3637 Θεοῦ
3026 3582 3069 3615 ⁸¹
3119 3582 3215 3636 καὶ
3251 3583 3511 3654 Σωτῆρος
3547 3576 3706 3650 ἡμῶν,

2150 3677 2301 3731 πᾶσα
2332 3678 2366 3748 ἡ
2382 3676 2454 3748 γῆ
2471 3675 2568 3729 καὶ
2592 3674 2841 3729 θάλασσα
2868 3673 2938 3747 τῷ
2963 3675 3096 3740 θείῳ
3121 3675 3419 3730 πεισθεῖσα
3438 3670 3707 3744 κηρύγμα-

2148 3786 2223 3835 τι,
2259 3768 2522 3822 κατέλιπε
2556 3767 2654 3838 μὲν
2693 3768 2821 3831 τοὺς
2855 3767 3145 3839 πατρῴους
3179 3768 3364 3835 θεοὺς,
3398 3766 3490 3820 τοῦ
3529 3763 3581 3817 δὲ
3616 3763 3707 3814 Ἰα-

2150 3860 2266 3914 κὼϐ
2290 3860 2543 3931 ἐπιζητεί
2561 3860 2606 3891 ⁸³
2662 3859 2752 3912 τὸν
2783 3859 2937 3914 Θεόν.
2972 3858 3129 3914 Οὕτω
3182 3857 3596 3932 προαγορεύσας
3620 3849 3707 3920 τῆς

2150 3954 2479 4024 οἰκουμένης
2503 3952 2549 3984 ⁸⁸
2579 3953 2679 4024 τὴν
2715 3955 3012 4024 σωτηρίαν,
3039 3953 3284 4011 διδάσκει
3301 3955 3489 4009 λοιπὸν
3512 3950 3625 4010 τοὺς
3646 3946 3702 4014 τῇ

2151 4046 2335 4099 πίστει
2379 4045 2874 4118 προσεληλυθότας,
2919 4046 2995 4110 ὡς
3053 4046 3116 4099 οὐ
3180 4046 3345 4117 μόνον
3383 4043 3574 4111 ἀνέστη
3623 4033 3704 4089 τοῦ

2153 4139 2386 4193 θανάτου
2416 4139 2734 4204 καταλύσας
2782 4139 2845 4193 τὸ
2870 4139 3074 4210 κράτος
3104 4141 3132 4193 ό
3161 4141 3444 4209 Δεσπότης
3473 4129 3700 4202 Χριστὸς.

2152 4229 2290 4285 ἀλλὰ
2332 4232 2423 4284 και
2454 4232 2535 4294 είς
2577 4232 2841 4305 οὐρανοὺς
2888 4231 3240 4303 ἀνελήλυθεν.
3286 4228 3505 4298 Ἐπειδὴ
3534 4224 3577 4257 ³⁸
3610 4219 3703 4289 γὰρ

465 4323 877 4397 praedictionem
906 4322 975 4377 de
1002 4320 1247 4392 gentium
1280 4319 1458 4376 salute
1481 4356 1497 4384 ,
1527 4316 1724 4372 merito
1751 4329 1940 4369 rursus
1963 4312 2039 4368 hic

2155 4326 2183 4377 ὁ
2210 4323 2428 4394 πρῶτος
2479 4324 2575 4377 καὶ
2628 4324 2876 4389 εἰκοστὸς
2943 4323 3162 4395 ψαλμὸς
3193 4324 3264 4379 τὰ
3295 4323 3404 4377 τῶν
3444 4311 3700 4387 σωτηρίων

464 4396 561 4474 ubi
599 4416 666 4472 de
694 4416 948 4487 gentibus
979 4413 1313 4469 mentionem
1343 4410 1496 4476 fecit,
1544 4419 1600 4465 et
1630 4416 1821 4464 earum
1860 4406 2039 4477 cogni-

2154 4415 2495 4486 παθημάτων
2548 4412 2664 4487 εἶχε
2703 4416 3076 4486 θεσπίσματα,
3112 4416 3209 4469 καὶ
3264 4415 3364 4486 τῆς
3417 4411 3523 4466 τῶν
3558 4400 3701 4457 ἐθνῶν

465 4512 670 4567 tionem
707 4510 980 4580 praedixit,
1008 4517 1063 4564 et
1099 4506 1318 4562 Domini
1360 4504 1738 4561 ascensionem
1764 4499 2042 4567 describit,

466 4611 522 4657 et
547 4602 708 4658 nobis
745 4600 1089 4674 angelorum
1122 4600 1323 4655 choros
1375 4595 1636 4660 ostendit,
1687 4593 1791 4648 hos
1826 4591 2047 4662 quidem

470 4693 755 4749 Dominum
805 4696 1083 4752 Christum
1141 4698 1471 4764 praeeuntes,
1528 4688 1653 4743 illos
1700 4683 1865 4757 7εᾶΙ
1916 4699 2047 4740 vero

539 4902 570 4945 ν
608 4891 816 4951 Eccles.
853 4910 891 4960 ι,
931 4894 988 4949 ‘2.
1070 4903 1097 4943 ει
1140 4891 1230 4949 Ps.
1270 4908 1348 4961 χι,
1392 4896 1446 4950 7.

2157 4507 2429 4579 σωτηρίας
2455 4508 2553 4579 τὴν
2585 4508 2948 4580 προφητείαν,
2966 4509 3204 4572 εἰκότως
3230 4492 3397 4562 πάλιν
3428 4496 3643 4557 ἐνταῦθα
3662 4489 3700 4523 ⁸⁵

2155 4595 2263 4650 τῶν
2304 4595 2475 4650 ἐθνῶν
2514 4596 2924 4669 μνημονεύσας,
2951 4598 3048 4652 καὶ
3074 4597 3174 4667 τὴν
3204 4597 3414 4651 τούτων
3440 4590 3700 4658 ἐπίγνωσιν

2160 4690 2588 4762 χρησμῳδῆσας.
2621 4691 2719 4745 καὶ
2761 4689 2861 4761 τὴν
2901 4691 3244 4761 Δεσποτικὴν
3289 4683 3553 4757 ἀνάληψιν
3591 4689 3699 4746 προ-

1564 5077 1796 5134 ἾΑΒΙΛΕ
1834 5075 2221 5133 LECTIONES
2258 5075 2348 5131 ET
2383 5074 2615 5133 ΝΟΤΔΕ.

542 5218 585 5251 ⁸⁷
619 5216 743 5274 cod.
777 5216 831 5271 l.
860 5215 896 5269 2
917 5216 1146 5287 τοιούτῳ
1169 5219 1377 5288 τρόπῳ.
1406 5216 1483 5273 Ita
1514 5233 1734 5289 quoque
1765 5217 1907 5288 apud
1938 5216 2039 5272 Cor

542 5288 571 5319 ,1
622 5288 658 5319 ω
766 5287 813 5318 το
845 5286 987 5319 νην-,1
1038 5303 1072 5319 η
1130 5289 1223 5319 λοι
1288 5288 1702 5319 ..κολλῆσαι-.-μευ
1816 5290 1858 5319 τι
1893 5288 2039 5319 "and

2145 5232 2191 5287 P-
2224 5217 2351 5272 ‘23-
2427 5217 2472 5250 “
2508 5215 2654 5285 Γάρ.
2686 5213 2807 5269 cod.
2834 5215 2860 5268 1
2882 5212 2960 5267 δέ.
3038 5213 3084 5246 ⁶⁹
3111 5204 3493 5269 Καὶ-αὺτοῦ,
3528 5189 3691 5274 οιαὶιι

2145 5304 2254 5319 μοι..
2308 5287 2407 5319 .mt
2447 5288 2467 5319 ι
2508 5285 2816 5319 ...δυκερ-η.
2872 5283 3102 5319 ωηιξη...
3139 5295 3315 5319 ιαιηηοη
3348 5275 3565 5319 Ιριιιίοηθ
3613 5267 3691 5314 1813

470 5288 593 5360 cod.
622 5288 679 5343 2.
739 5287 813 5360 ᾃ⁷⁰
845 5286 1009 5360 coni.
1038 5286 1249 5360 “flii,
1286 5286 1723 5360 κατορθούντων.
1776 5286 1833 5360 ςτ

472 5434 555 5481 est
598 5428 782 5481 αὐτόν.
858 5427 904 5458 ⁷³
944 5428 1099 5480 01——
1125 5428 1398 5490 ἐξίωσεν.
1428 5430 1552 5484 Des.
1598 5430 1651 5483 in
1675 5429 1796 5483 cod.

475 5497 597 5550 eod.
629 5500 663 5552 5
693 5498 873 5621 suppl.

477 5566 789 5621 σαιεοιίϐοιι
820 5605 835 5620 .

477 5579 594 5639 ραις
609 5566 835 5634 .Ι((]οιιί.
880 5584 914 5639 p

1886 5287 2083 5356 Παρέχ

1074 5263 1723 5373 ἕξεί-,λατορθούντωψ
1762 5263 1858 5373 ’ζ’
1882 5288 2039 5373 {laps

2145 5263 2277 5373 ἵζει,
2307 5287 2467 5373 ςρξῌ
2508 5263 3315 5373 χαᾷζονταιηειεοιίρια-ἷξέηςη
3347 5263 3695 5373 Ιθειίοηςοεὶξξί

472 5334 679 5413 Ξῖιὲἓειῗ
738 5358 784 5390 τι
815 5334 1723 5428 c3633Edaéf"vi'ﬁ;z§z36.'&3t32
1762 5357 1795 5413 δ
1872 5334 2039 5429 {Eii

472 5434 555 5481 est
598 5428 782 5481 αὐτόν.
858 5427 904 5458 ⁷³
944 5428 1099 5480 Οί-
1125 5428 1398 5482 ἐξίωσεν.
1428 5430 1552 5482 Des.
1598 5430 1651 5482 in
1675 5429 1796 5482 cod.
1964 5426 2011 5458 "

2741 5334 2928 5419 lectio,
2940 5334 3126 5422 ﬁda}:
3143 5334 3401 5422 WV—ulgata
3437 5334 3692 5409 expressit:

2151 5466 2165 5481 .
2194 5428 2317 5482 eod.
2347 5429 2383 5482 5
2411 5441 2598 5482 onem.
2630 5424 2746 5479 καί.
2823 5425 2867 5456 "
2899 5419 3033 5478 οὖν.
3076 5424 3201 5478 Des.
3237 5425 3290 5477 in
3328 5415 3443 5473 cod.
3471 5410 3530 5482 μδ.
3603 5394 3692 5482 ⁷⁸11⁵

983 5433 1099 5479 ’ί--
1125 5433 1398 5490 ἐξίωσεν.
1428 5433 1552 5484 Des.
1598 5433 1651 5483 in
1675 5433 1796 5483 cod.
1832 5433 1885 5481 5.
1964 5433 2011 5458 ⁷⁵
2046 5433 2165 5481 Ἐν.
2194 5433 2317 5482 eod.
2347 5433 2383 5482 5
2410 5441 2598 5496 praem.
2630 5433 2746 5479 καί.
2823 5433 2866 5456 "
2899 5433 3033 5478 οῠν.
3076 5433 3201 5478 Des.
3238 5433 3290 5477 in
3328 5433 3443 5473 cou.
3482 5433 3530 5463 υ.
3661 5433 3691 5444 υ

983 5496 1296 5584 mw;
1320 5498 1487 5584 Abas!
1508 5514 1536 5552 ε
1556 5500 1676 5584 99(1-
1719 5499 1777 5580 '-.
1840 5496 2217 5584 regem
2244 5527 2314 5538 -
2342 5495 2901 5584 δέξετηεάίῖείῖέὲίῗφ
2932 5464 3691 5584 ίμεηςεξυλᾲἐιξεῖῑυξῗτῖξέξῖ

920 5610 932 5623 .
980 5566 1145 5640 676),
1177 5584 1230 5621 n.
1267 5567 1375 5640 {et
1408 5568 1484 5640 8.)
1559 5570 1602 5601 ⁸¹
1631 5567 2039 5640 Θεοῦηςοιιηὸ

2145 5569 2295 5640 πρίουί.
2372 5568 2418 5600 ⁸⁸
2451 5565 2574 5640 eod.
2607 5566 2865 5640 ἐπεζήτει.

3603 5391 3695 5444 ηΕ

2960 5540 3545 5633 Maesessum.
3580 5540 3686 5593 vos-

474 5630 532 5687 ln
550 5630 762 5703 eod'jl.
835 5630 895 5671 ’δ’
922 5636 1161 5706 Ἐπειδὴ
1183 5666 1253 5675 -
1276 5636 1606 5708 διαγράφει.
1639 5640 1762 5711 Des.
1816 5638 1873 5693 in
1903 5637 2026 5712 cod.

2158 5630 2235 5671 ’⁸⁸
2271 5636 2585 5693 Ἐνταῦθα.
2619 5630 2787 5691 Abest
2817 5649 2847 5689 a
2880 5635 3001 5689 eod.
3033 5633 3089 5688 2.
