4004 6216
437 267 575 331 1035

1421 267 1916 329 TIIEODORETI
1945 266 2283 328 EPISCOPI
2315 263 2680 326 CYRENSIS

3575 261 3705 328 10136

432 395 646 458 palum,
676 390 732 440 et
762 389 1114 454 potestatem,
1155 391 1209 437 et
1240 380 1670 436 dominationem
1699 422 1714 448 ,
1758 392 1812 436 ct
1860 398 2024 438 omne
2055 433 2057 441 ι

2131 382 2580 453 ὑπανοιγείσαςί.
2619 378 2808 445 Οὐδεὶς
2845 378 2953 452 γάρ
2994 378 3210 444 ἐκείνας
3246 378 3355 434 τῶν
3401 377 3709 450 ἀνθρώπων

435 493 634 532 nomen
656 477 799 547 quod
820 475 1154 542 nominatur,
1174 490 1283 530 non
1301 475 1477 530 solum
1498 475 1550 528 in
1567 476 1670 530 hoc
1687 475 1907 540 saeculo,
1927 475 2022 530 sed

434 568 598 624 etiam
634 568 686 622 in
713 567 920 622 futuro.
950 565 1179 637 Magnus
1201 574 1381 620 autem
1415 564 1563 620 Elias
1593 574 1915 635 assumptus
1938 573 2022 620 est

395 653 686 730 “quidem,
715 669 772 714 at
803 676 910 714 non
947 661 998 715 in
1029 660 1252 725 cmlum,
1285 658 1378 713 sed
1415 666 1674 727 tanquam
1709 658 1762 712 in
1793 657 2016 713 caelum.

437 755 529 811 Sic
554 755 730 827 prima
750 754 1179 824 interrogatione
1201 762 1251 808 et
1283 750 1446 823 756
1472 752 1829 821 responsione
1853 751 2014 818 facta,

436 865 626 904 rursus
659 849 743 903 hae
771 849 989 918 quidem
1021 848 1371 917 interrogant,
1407 848 1490 900 hac
1511 860 1640 900 vero
1661 846 2014 916 respondent,

387 953 409 1012 4,
433 950 488 996 et
529 940 750 996 discunt
791 942 1054 995 virtutum
1113 938 1404 993 Dominum
1461 937 1608 993 hunc
1655 953 1777 993 esse
1834 955 2016 1008 regem

2127 473 2421 546 διεπέρασε
2468 473 2712 538 πώποτε,
2746 474 2862 527 ἀλλ’
2885 475 2914 526 ὁ
2967 473 3400 545 ἐνανθρωπήσας
3443 470 3578 534 Θεὸς
3608 471 3708 524 Λό-

2126 586 2246 638 γος,
2275 571 2374 640 τὴν
2400 569 2682 640 ἡμετέραν
2714 566 3002 622 ἀναλαϐὼν
3035 567 3318 638 ἀπαρχὴν,
3359 563 3610 636 ἀνήγαγέ
3649 581 3709 618 τε

2126 663 2205 724 είς
2247 661 2540 734 οὐρανοὺς,
2577 661 2672 714 καὶ
2701 659 2959 714 ἐκάθισεν
2990 660 3048 712 ἐν
3100 658 3252 730 δεξιᾷ
3286 661 3383 729 τῆς
3411 655 3712 727 μεγαλοσύ-

2124 771 2223 824 νης
2249 755 2307 807 ἐν
2338 757 2450 817 τοῖς
2487 753 2734 824 ὑψηλοῖς,
2788 753 2974 806 ἐπάνω
3001 751 3185 822 πάσης
3225 748 3530 820 ἀρχῆς,καὶ
3560 749 3712 815 ἐξου·

2125 846 2246 910 σίας
2273 847 2316 914 ⁸,
2351 847 2444 900 atati.
2466 846 2813 917 κυριότητος,
2840 845 2937 899 καὶ
2970 844 3172 907 παντὸς
3219 842 3484 912 ὀνόματος
3516 841 3712 910 ὀνομα-

2123 937 2384 1007 ζομένου,
2420 938 2484 991 ού
2531 937 2694 1009 μόνον
2746 939 2805 989 ἐν
2836 936 2913 1008 τῷ
2945 937 3104 990 αίῶνι
3134 935 3334 1005 τούτῳ,
3357 933 3496 988 ἀλλὰ
3528 933 3622 986 καὶ
3654 934 3714 984 ἐν

2121 1029 2198 1100 τῷ
2225 1029 2496 1100 μέλλοντι.
2555 1031 2614 1084 '0
2632 1031 2688 1084 δέ
2721 1031 2898 1100 μέγας
2927 1031 3112 1093 Ἠλίας
3133 1027 3412 1099 ἀνελήφθη
3450 1025 3574 1097 μὲν,
3595 1025 3715 1077 ἀλλ’

432 1134 489 1182 et
519 1126 692 1180 totius
735 1135 943 1180 natura:
984 1122 1280 1178 invisibilis
1319 1133 1374 1177 et
1421 1132 1619 1178 creatm
1669 1125 1926 1178 conditor
1967 1132 2022 1179 et

2121 1122 2222 1175 οὐκ
2256 1123 2334 1186 είς
2366 1122 2460 1176 τὸν
2498 1121 2752 1195 οὐρανὸν,
2781 1121 2895 1176 ἀλλ’
2926 1121 3000 1184 ῶς
3029 1123 3110 1184 εἰς
3142 1121 3232 1174 τὸν
3262 1120 3493 1191 οὐρανόν
3521 1135 3534 1149 ο
3567 1115 3715 1171 οὕτω

433 1213 617 1285 opifex
654 1222 757 1270 est.
2121 1213 2222 1284 τῆς
2246 1217 2524 1284 προτέρας
2573 1214 2822 1275 πεύσεως
2853 1214 2950 1268 καὶ
2993 1213 3343 1284 ἀποκρίσεως
3390 1211 3713 1281 γενομένης,

433 1305 591 1372 αὖθις
624 1309 678 1361 αἱ
725 1307 825 1377 μὲν
872 1303 1254 1369 πυνθάνονται,
1303 1305 1361 1358 αἱ
1401 1303 1459 1356 δέ
1500 1304 1898 1375 ἀποκρίνονται
1936 1305 2031 1358 καὶ
2073 1307 2440 1374 μανθάνουσιν
2494 1307 2571 1370 ὼς
2595 1309 2622 1362 ὸ
2690 1307 2801 1360 τῶν
2823 1306 3108 1377 δυνάμεων
3146 1302 3351 1374 Κύριος
3374 1303 3536 1367 αὑτός
3564 1302 3715 1354 ἐστιν

434 1035 644 1106 gloriae,
688 1036 790 1091 hoc
821 1045 926 1099 est,
959 1034 1050 1104 qui
1083 1033 1402 1100 angelorum
1448 1042 1503 1086 et
1535 1033 2015 1102 archangelorum,

317 1445 319 1447 ,
432 1402 462 1454 ὁ
525 1398 782 1470 βασιλεὺς
824 1396 926 1466 τῆς
996 1394 1181 1467 δόξης,
1235 1395 1517 1449 τουτέστιν
1555 1398 1583 1449 ὁ
1627 1396 1877 1466 ἀγγέλων
1921 1396 2017 1449 καὶ
2057 1399 2418 1468 άρχαγγέλων
2473 1398 2516 1466 ³,
2550 1401 2644 1454 καὶ
2679 1400 2867 1473 πάσης
2929 1399 3030 1470 τῆς
3069 1398 3305 1468 ἀοράτου
3339 1395 3435 1450 καὶ
3473 1395 3713 1468 γενητῆς

431 1491 671 1562 φύσεως,
706 1489 939 1560 ποιητής
993 1488 1113 1541 ἐστι
1141 1487 1164 1519 ’⁵
1184 1488 1280 1542 καὶ
1307 1487 1662 1559 δημιουργός.

816 1603 1096 1660 INTERP.
1144 1603 1395 1659 psmn
1438 1603 1629 1661 xxxv.
2049 1588 2096 1648 Β

498 1696 670 1755 Vens.
712 1697 765 1751 l.
808 1715 827 1749 ι
870 1698 923 1751 In
959 1696 1146 1760 tinem,
1179 1697 1426 1766 psalmus
1459 1696 1672 1752 Davidi.
1709 1716 1728 1748 ›
1769 1696 2018 1753 Psalmus

429 1790 521 1847 hic
555 1789 959 1860 deprecationis
1021 1787 1315 1842 formulam
1373 1787 1557 1843 habet.
1611 1787 1926 1858 Pmpterea,
1961 1799 2019 1844 ut

2122 1788 2224 1860 μὸς
2257 1779 2412 1850 οὗτος
2444 1787 2464 1817 ⁸
2496 1786 2807 1857 προσευχῆς
2847 1785 2961 1857 ἔχει
2990 1787 3198 1856 σχῆμα.
3232 1785 3333 1838 Διά
3361 1803 3443 1838 τοι
3465 1786 3485 1816 "
3523 1784 3709 1850 τοῦτο,

429 1883 731 1938 verisimile
776 1889 882 1946 est,
935 1895 1110 1950 neque
1154 1879 1440 1951 inscriptio
1503 1881 1680 1950 ipsum
1741 1882 2013 1951 psalmum

2117 1883 2190 1946 ὡς
2216 1883 2385 1947 είκὸς,
2415 1881 2535 1935 ούδέ
2567 1883 2586 1912 ⁸
2615 1881 2831 1952 ψαλμὸν
2859 1883 2879 1914 ⁸
2914 1881 2945 1951 ἡ
2981 1880 3265 1951 ἐπιγραφὴ
3286 1881 3708 1952 προσαγορεύει.

2452 1601 2719 1655 ΕΡΜΗΝ.
2748 1599 2888 1653 ΤΟΥ
2928 1599 3033 1652 KA'
3063 1599 3386 1654 ΨΑΛΜΟΥ.

2192 1692 2262 1749 α’.
2299 1713 2317 1745 ι
2357 1694 2451 1758 Εἰς
2482 1694 2541 1747 τὸ
2569 1694 2724 1758 τέλος
2747 1695 2790 1760 ⁸,
2828 1693 3044 1763 ψαλμὸς
3077 1691 3156 1764 τῷ
3193 1692 3379 1748 Δαϐίδ.
3417 1711 3436 1745 ι
3483 1693 3543 1746 '0
3572 1692 3714 1762 ψαλ-

430 1975 703 2031 nominat.
729 1973 916 2042 Aliqui
943 1981 1126 2027 autem
1159 1972 1455 2040 scriptores
1478 1972 1845 2042 captivitatem
1876 1988 2015 2044 prm-

431 2065 612 2121 dicere
642 2063 920 2124 dixerunt,
970 2069 1025 2114 et
1079 2071 1338 2126 tanquam
1396 2060 1464 2113 ab
1514 2059 1624 2114 illis
1669 2059 1763 2128 qui
1817 2060 2016 2128 captivi

430 2165 608 2221 erant,
657 2152 865 2207 dictum
921 2151 1307 2222 cxplanaruut,
1363 2151 1524 2205 tinem
1583 2157 1794 2205 tantum
1839 2161 2016 2206 atten-

431 2249 642 2302 dentes.
689 2263 708 2297 ι
750 2243 946 2299 Libera
995 2243 1164 2311 enim,
1195 2243 1392 2313 inquit,
1443 2243 1606 2312 Deus,
1657 2243 1909 2298 lsraeIem
1946 2259 2011 2298 ex

431 2337 689 2395 omnibus
746 2334 1194 2392 tribulationibus
1248 2335 1386 2404 ejus.
1422 2351 1440 2385 ι
1474 2332 1589 2404 Ego
1641 2345 1823 2388 atttem
1867 2335 2015 2390 hunc

430 2433 700 2502 psalmum
750 2445 780 2484 a
822 2430 981 2485 beato
1029 2425 1236 2484 Davide
1279 2428 1486 2482 dictum
1523 2429 1694 2484 fuisse
1733 2430 2010 2494 existimo,

431 2540 554 2580 cum
591 2523 793 2577 multos
841 2521 1083 2576 hostium
1129 2519 1367 2590 impetus
1399 2531 1694 2591 pateretur.
1735 2519 1909 2587 Quam
1942 2521 2013 2577 ob

429 2631 654 2673 causam
687 2616 755 2670 de
798 2615 997 2685 priscis
1028 2627 1194 2683 atque
1239 2615 1556 2670 recentibus
1587 2616 1826 2684 peccatis
1859 2630 2012 2669 men-

430 2709 632 2765 tionem
662 2706 812 2772 l'acit,
842 2706 910 2760 ab
942 2706 1140 2776 hisque
1185 2706 1403 2760 liberari
1436 2706 1708 2761 obsecrat.
1738 2706 2013 2762 Cohorta-

429 2801 630 2856 tioncm
651 2808 830 2854 autem
856 2798 1176 2854 hominibus
1197 2800 1384 2854 utilem
1408 2801 1719 2856 introducit.
1751 2800 2011 2873 [Maxime

429 2902 607 2948 autem
638 2891 895 2962 congruit
926 2890 1016 2945 hic
1046 2891 1290 2959 psalmus
1336 2891 1404 2946 iis
1441 2891 1534 2962 qui
1564 2907 1592 2946 e
1621 2893 1873 2963 gentibus
1910 2907 2007 2945 vo-

2118 1975 2277 2038 Τινές
2299 1975 2354 2028 δὲ
2395 1975 2504 2027 τῶν
2533 1972 2898 2044 συγγραφέων
2928 1975 3028 2044 τῆς
3053 1973 3432 2044 αἰχμαλωσίας
3465 1992 3707 2045 προαγο-

2118 2066 2368 2135 ρευτικὸν
2399 2065 2608 2135 ἔφασαν
2648 2067 2690 2096 ¹⁰
2718 2060 2883 2128 εἶναι,
2932 2065 3029 2118 καὶ
3072 2065 3148 2129 ὼς
3187 2065 3246 2130 ἐξ
3290 2066 3516 2119 ἐκείνων
3553 2068 3712 2138 είρη-

2118 2159 2280 2229 μένον
2313 2160 2689 2230 ἡρμήνευσαν,
2726 2159 2805 2229 τῷ
2849 2159 2994 2213 τέλει
3030 2159 3176 2229 μόνῳ
3224 2162 3667 2230 προσεσχηκότες
3693 2178 3708 2191 ο

2120 2269 2139 2303 ι
2169 2250 2608 2323 Λύτρωσαιγάρ,
2641 2251 2824 2322 φησὶν,
2853 2253 2882 2305 ὁ
2905 2252 3037 2316 Θεὸς
3066 2254 3129 2319 ¹¹,
3155 2251 3248 2305 τὸν
3271 2252 3488 2325 Ἰσραὴλ
3507 2257 3577 2306 ἐκ
3608 2273 3712 2308 πα-

2114 2345 2224 2398 σῶν
2256 2344 2364 2398 τῶν
2396 2344 2632 2415 θλίψεων
2661 2345 2845 2399 αὑτοῦ.
2887 2364 2905 2397 ι
2931 2343 3072 2414 Ἐγὼ
3095 2345 3152 2399 δὲ
3173 2346 3215 2378 ¹²
3239 2346 3481 2417 ἡγοῦμαι
3512 2347 3708 2400 τοῦτον

2115 2437 2158 2469 ⁸³
2194 2436 2448 2507 εἰρῆσθαι
2478 2437 2570 2491 τὸν
2608 2437 2823 2508 ψαλμὸν
2852 2436 2957 2490 ὑπὸ
3001 2437 3097 2492 τοῦ
3128 2439 3406 2510 μακαρίου
3438 2440 3482 2470 ³⁸
3511 2442 3706 2507 Δαΰιδ,

2111 2527 2275 2598 ήνίκα
2339 2527 2546 2592 πολλάς
2594 2528 2719 2598 ἔσχε
2780 2529 3060 2600 πολεμίων
3103 2532 3146 2564 ¹⁶
3187 2533 3602 2598 ἐπαναστάσεις
3642 2536 3705 2590 ³⁸.

2112 2609 2190 2670 Ob
2217 2617 2282 2689 δὴ
2304 2618 2464 2689 χάριν
2509 2620 2601 2673 καὶ
2628 2618 2876 2672 παλαιῶν
2919 2623 3014 2674 καὶ
3047 2620 3182 2674 νέων
3214 2625 3451 2676 ποιεῖται
3483 2627 3708 2695 μνήμην

2109 2709 2551 2782 ἁμαρτημάτων,
2579 2713 2673 2766 καὶ
2706 2711 2917 2766 τούτων
2946 2712 2988 2744 ¹⁷
3017 2713 3404 2784 ἀπαλλαγῆναι
3443 2731 3704 2786 παρακα-

2109 2801 2210 2854 λεῖ.
2241 2803 2558 2874 Εξσηγεῖται
2581 2803 2638 2857 δὲ
2672 2804 2765 2858 καὶ
2782 2804 3110 2876 παραίνεσιν
3143 2805 3456 2877 ἀνθρώποις
3479 2808 3526 2839 ¹⁸
3558 2808 3703 2878 ὼφὲ-

2109 2891 2286 2963 λιμον.
2329 2893 2397 2965 [¹⁹
2441 2895 2700 2965 Ἀρμόζει
2728 2895 2788 2948 δὲ
2841 2896 3077 2966 μάλιστα
3109 2897 3136 2950 6
3177 2898 3551 2968 προκείμενος
3570 2900 3714 2970 ψαλ-’

427 2986 530 3040 cati
561 2993 710 3051 sunt,
744 2982 1086 3052 multamque
1121 2997 1246 3038 cum
1278 2998 1343 3038 eo
1375 2984 1464 3054 qui
1499 2984 1759 3055 pragcedit
1780 3025 1795 3050 ,
1841 2984 2007 3041 habet
2035 2982 2057 2997 “

2111 2985 2212 3056 μὸς
2236 2990 2349 3049 τοῖς
2378 2986 2437 3054 ἐξ
2485 2988 2656 3043 ἐθνῶν
2701 2988 3084 3059 κεκλημένοις,
3117 2991 3213 3044 καὶ
3235 2989 3437 3063 πολλὴν
3481 2994 3703 3046 ἀκολουο

425 3075 856 3148 cognationem]
954 3119 980 3136 .

499 3190 518 3224 ι
555 3171 636 3227 Ad
675 3182 747 3236 te,
775 3171 1023 3238 Domine,
1053 3169 1227 3226 levavi
1272 3169 1511 3225 animam
1537 3184 1734 3224 meam.
1761 3174 1776 3194 ‘
1816 3169 2004 3245 [νεκε.

422 3263 478 3332 2,
507 3261 591 3336 5.]
631 3262 774 3319 Deus
801 3263 902 3328 mi,
935 3264 987 3316 in
1019 3275 1070 3318 te
1099 3262 1336 3328 conﬁdo,
1363 3278 1430 3317 ne
1451 3263 1774 3318 erubescam
1804 3263 1858 3317 in
1887 3279 2008 3332 per-

423 3367 670 3428 petuum.
705 3355 866 3427 757
907 3353 1093 3426 Neque
1128 3354 1396 3409 irrideant
1439 3370 1526 3409 me
1569 3355 1772 3410 inimici
1822 3355 1948 3409 mei.
1981 3372 2000 3406 ι

425 3449 676 3522 Undique
706 3451 775 3504 ab
807 3449 1044 3504 inﬁnitis
1079 3445 1330 3503 hostibus
1376 3457 1586 3518 septus,
1609 3447 1728 3514 tibi,
1751 3449 2002 3514 Domine,

422 3560 600 3600 meam
640 3544 880 3598 animam
926 3541 1116 3608 oll’ero,
1165 3550 1220 3597 et
1265 3557 1330 3595 ex
1372 3551 1465 3597 tuo
1508 3543 1710 3598 auxilio
1757 3545 2000 3614 pendeo,

421 3637 722 3692 obsecrans
780 3649 849 3688 ne
896 3649 1111 3704 semper
1157 3633 1212 3688 in
1268 3634 1571 3704 ignominia
1619 3636 1820 3704 vivam,
1870 3651 2004 3692 neve

424 3727 680 3784 hostibus
709 3725 950 3780 ludibrio
984 3726 1112 3779 sim.

498 3927 517 3960 ι
562 3907 774 3962 Etenim
808 3921 1020 3968 omnes,
1049 3907 1141 3978 qui
1175 3917 1495 3978 exspectant
1525 3915 1598 3972 te.
1624 3923 1732 3963 non
1765 3908 2003 3964 confun-

420 4003 641 4058 dentur.
669 3999 864 4074 ινετις.
899 3997 980 4073 4.]
1007 3999 1428 4058 Confundautur
1457 4003 1643 4072 iniqua
1676 4013 1896 4073 agentes
1925 4013 2001 4057 te-

421 4109 592 4149 mere.
625 4112 646 4145 »
700 4091 904 4158 Habeo,
951 4093 1048 4158 ait,
1083 4093 1343 4148 idoneum
1380 4095 1576 4165 pignus
1617 4096 1753 4164 spei,
1789 4111 1883 4151 eos
1909 4096 2002 4165 qui

420 4186 514 4242 tibi
546 4186 658 4256 iam
687 4184 1062 4250 crediderunt,
1093 4195 1294 4256 tuaque
1319 4201 1420 4256 ope
1444 4188 1596 4256 potiti
1619 4195 1764 4240 sunt.
1797 4185 1998 4242 llorum

2109 3079 2228 3132 θίαν
2265 3079 2380 3150 ἔχει
2427 3081 2564 3151 πρὸς
2613 3081 2704 3134 τὸν
2736 3081 2844 3151 πρὸ
2887 3081 3106 3154 αὐτοῦ.]

2183 3188 2202 3221 ι
2241 3169 2386 3240 Πρὸς
2415 3170 2496 3235 σὲ,
2543 3170 2738 3241 Κύριε,
2773 3167 2883 3243 ἦρα
2924 3171 3021 3244 τὴν
3063 3172 3240 3244 ψυχήν
3292 3190 3417 3245 μου.
3482 3176 3544 3231 '0
3572 3175 3699 3240 Θεὸς

2110 3276 2238 3329 μου,
2281 3259 2376 3312 ἐπὶ
2412 3261 2495 3314 σοὶ
2526 3261 2782 3328 πέποιθα,
2828 3263 2902 3334 μὴ
2957 3265 3414 3337 καταισχυνθείην
3468 3270 3554 3332 είς
3615 3269 3701 3321 τὸν

2105 3351 2300 3407 αίῶνα.
2331 3351 2379 3383 ⁸ο
2438 3353 2589 3423 Μηδὲ
2646 3355 3184 3423 καταγελασάτωσάν
3230 3375 3299 3428 με
3339 3359 3381 3390 ’ί
3420 3359 3475 3413 οἱ
3523 3360 3699 3430 ἐχθροί

2109 3461 2232 3515 μου.
2273 3463 2294 3496 ι
2359 3445 2633 3500 Πάντοθεν
2693 3447 2804 3502 ὑπὸ
2889 3450 3101 3520 μυρίων
3159 3453 3698 3524 περιστοιχιζόμενος

2103 3539 2406 3610 δυσμενῶν,
2448 3542 2532 3593 σοὶ
2575 3540 2674 3610 τὴν
2726 3541 2965 3611 ἐμαυτοῦ
2997 3581 3012 3605 ,
3067 3542 3310 3596 Δέσποτα
3336 3583 3351 3608 ,
3399 3546 3697 3616 προσφέρω

2103 3630 2300 3702 ψυχὴν,
2339 3633 2435 3686 καλ⁵
2472 3633 2570 3703 τῆς
2608 3633 2708 3703 σῆς
2754 3633 3010 3704 βοηθείας
3039 3635 3083 3665 ²¹
3114 3633 3446 3706 ἐξήρτημαι,
3501 3640 3577 3709 μὴ
3619 3639 3693 3692 δι-

2106 3725 2321 3794 ηνεκῶς
2355 3727 2414 3778 ἐν
2445 3725 2674 3797 αἰσχύνῃ
2698 3725 2928 3795 διάγειν,
2955 3728 3048 3782 καὶ
3075 3728 3372 3799 ἐπίχαρτος
3407 3723 3555 3784 εἶναι
3589 3733 3697 3793 τοῖς

2105 3816 2409 3887 πολεμίοις,
2440 3817 2740 3871 ἀντιϐολῶν
2774 3817 2840 3874 ³³.

2181 3926 2200 3960 ι
2232 3909 2341 3961 Καὶ
2369 3909 2478 3980 γάρ
2511 3911 2712 3974 πάντες
2740 3911 2790 3964 οἱ
2821 3910 3186 3980 ὑπομένοντές
3207 3928 3265 3965 σε
3288 3911 3348 3964 ού
3387 3913 3476 3987 μὴ
3505 3931 3694 3968 καται-

2105 4002 2430 4074 σχυνθῶσιν.
2465 4000 2582 4075 [δη]
2625 4003 3087 4074 Αίσχυνθήτωσαν
3123 4006 3171 4057 οἱ
3195 4003 3541 4074 ἀνομοῦντες
3587 4007 3694 4060 δια-

2103 4097 2288 4161 κενῆς.
2336 4113 2355 4146 ι
2397 4093 2548 4164 Ἔχω
2570 4092 2640 4158 ³⁸,
2671 4094 2825 4163 φησὶ,
2868 4097 2969 4164 τῆς
3017 4093 3228 4157 ἐλπίδος
3268 4094 3541 4164 ἐχέγγυον
3571 4097 3693 4150 ’ίκα-

2104 4185 2212 4250 νὸν,
2245 4186 2370 4249 τοὺς
2399 4184 2499 4256 ἤδη
2535 4202 2616 4238 σοι
2641 4185 3097 4248 πεπιστευκότας,
3121 4186 3215 4239 καὶ
3259 4187 3358 4254 τῆς
3383 4187 3496 4258 σῆς
3528 4189 3694 4260 ῥοπῆς

417 4277 564 4332 enim
617 4275 811 4332 solitus
859 4289 919 4329 es
968 4289 1153 4329 curam
1191 4291 1401 4346 gerere,
1451 4277 1788 4333 confundere
1822 4285 2057 4346 autem]

2109 4277 2543 4339 ἀπολαύσαντας.
2577 4276 2794 4330 Τούτων
2855 4277 2954 4347 μὲν
2998 4277 3106 4348 γὰρ
3145 4278 3341 4341 εἴωθας
3384 4282 3688 4353 προμηθεῖ-

418 4370 566 4426 vitiis
604 4369 837 4424 deditos.
877 4366 1049 4422 Porro
1079 4368 1378 4422 notandum
1421 4379 1505 4426 est
1561 4372 1704 4439 quod
1731 4385 1838 4426 non
1874 4387 2000 4441 pec-

417 4470 626 4525 cantes,
700 4475 885 4516 verum
941 4469 1144 4516 temere
1197 4463 1682 4533 transgredientes,
1732 4464 2000 4521 dedecore

419 4554 629 4624 itnpleri
669 4554 834 4608 dicat.
866 4551 986 4607 Non
1024 4553 1168 4608 enim
1201 4568 1391 4609 omnes
1420 4553 1702 4622 a‘qualiler
1730 4566 1995 4625 peccant:

420 4659 544 4699 nam
569 4645 736 4715 aliqui
771 4645 992 4715 quidem
1025 4644 1095 4700 ob
1130 4644 1370 4715 aliquam
1405 4645 1794 4711 calamitatem,
1823 4649 1905 4702 vel
1927 4649 2000 4703 ob

2109 4369 2255 4434 σθαι,
2302 4369 2686 4440 καταισχύνειν
2736 4369 2792 4423 δέ
2829 4370 2957 4433 τοὺς
3016 4373 3333 4443 παρανομία
3389 4375 3682 4439 συζῶντας.

2119 4461 2598 4532 Ἐπισημήνασοαι
2615 4462 2670 4515 δὲ
2692 4461 2987 4532 προσήκει,
3007 4461 3092 4516 ὅτι
3117 4463 3179 4516 ού
3200 4466 3327 4528 τοὺς
3341 4465 3684 4538 ἁμαρτάνον-

2103 4573 2202 4620 τας
2233 4558 2301 4624 ⁸⁵,
2333 4556 2471 4610 ἀλλὰ
2490 4555 2535 4588 ⁸⁸
2563 4558 2654 4610 καὶ
2677 4557 2805 4619 τοὺς
2833 4555 3087 4628 διακενῆς
3117 4557 3482 4628 άνομοῦντας,
3505 4557 3684 4630 αίσχύο

2100 4667 2196 4712 νης
2228 4649 2428 4720 ἔφησεν
2460 4651 2505 4682 ’⁷
2540 4649 3020 4720 ἀναπίμπλασθαι.
3044 4653 3120 4706 Οὐ
3143 4654 3254 4726 γὰρ
3276 4655 3485 4721 πάντες
3515 4657 3683 4726 πλημ-

1525 4823 1755 4880 νΛΒΙιΕ
1795 4823 2188 4880 ιεετιοαιῖδ
2224 4823 2314 4878 ΕΤ
2351 4822 2588 4881 NOTAE.

491 5008 509 5040 ¹
538 5007 662 5064 cod.
699 5007 732 5060 9.
777 5004 1226 5076 παρανοιγείσας.

1329 5007 1351 5037 ²
1377 5005 1484 5060 Καὶ
1526 5006 1835 5074 ἐξουσίας.
1875 5006 2042 5062 Abest
2082 5020 2110 5059 a
2139 5005 2260 5060 cod.
2307 5003 2359 5057 1.

2463 5005 2484 5037 ⁸
2547 5005 2659 5059 Καὶ
2702 5006 3114 5075 ἀρχαγγέλων.
3172 5006 3340 5062 Abest
3376 5023 3408 5062 a
3463 5009 3586 5065 cod.
3630 5009 3678 5062 Ι.

419 5080 440 5111 δ
475 5081 661 5134 Ἔστι.
692 5075 869 5131 Abest
895 5092 925 5149 _a
958 5077 1079 5149 _cod_.
1115 5077 1167 5142 1,
1189 5075 1245 5149 2_.
1286 5147 1291 5149 _
1321 5077 1466 5149 "_Elc
1489 5077 1556 5130 τὸ
1580 5076 1774 5149 τέλος.
1808 5078 1975 5132 Abest
1999 5093 2028 5130 a

2109 5078 2183 5149 )d.
2224 5076 2278 5140 1,
2310 5075 2363 5127 2.
2428 5077 2462 5149 _'
2486 5075 2561 5149 _'0
2587 5077 2834 5145 ψαλμύς
2867 5076 3083 5149 οὗτος..
3108 5076 3275 5132 Garu.
3313 5080 3472 5133 Auct.
3504 5095 3554 5149 p.
3579 5079 3632 5132 Η
3664 5095 3678 5132 :

417 5151 444 5202 6
491 5149 630 5218 μετὰ
665 5150 854 5218 χεῖρας
878 5145 1114 5218 ψαλμός.

418 5216 633 5290 lic—liqui
668 5216 880 5290 sit-ilicet
937 5216 1268 5290 interpretes
1303 5217 1430 5290 huic
1462 5217 1677 5273 Psalmo
1717 5219 1932 5290 titulum
1969 5217 2235 5279 fecerunt,
2267 5219 2361 5290 τοῦ
2393 5218 2582 5290 Aetia,
2627 5217 2955 5290 observante
2985 5216 3241 5290 Eusebio.

1211 5147 1230 5178 "
1266 5146 1368 5200 Διά
1394 5165 1482 5200 τοι
1513 5177 1586 5189 -
1608 5148 1876 5215 θλίψεων
1900 5147 2107 5201 αὐτοῦ.
2142 5147 2262 5201 Des.
2297 5144 2440 5213 apud
2475 5144 2642 5201 Garn.
2672 5144 2794 5202 Lyc.

2892 5150 2914 5182 ⁸
2937 5147 3091 5218 Ορδέ
3123 5179 3191 5218 -έ
3225 5147 3675 5218 προσαγορεύει.

3345 5226 3387 5305 ξ’.
3409 5219 3669 5305 Ἰ’Ξ¹ν¹ί⁴δῖ;

417 5281 623 5352 εοιΙ.Ἱ,
669 5289 704 5343 2
728 5288 934 5342 addunt
970 5281 1151 5340 αὐτὸν.
1231 5288 1598 5357 ¹⁰7”Εε;ασαν.
1633 5288 1755 5343 cod.
1789 5288 1838 5350 1,
1872 5289 1907 5340 2
1941 5303 2050 5357 pra!

2115 5328 2128 5341 .
2166 5289 2350 5344 αὐτόν.
2429 5289 2470 5319 ²¹
2497 5281 2754 5354 ὈγΘεός.
2799 5291 2965 5345 Abest
2993 5304 3022 5342 a
3055 5288 3179 5342 cod.
3211 5289 3266 5343 2.
3342 5290 3387 5322 ³⁸
3432 5281 3580 5357 Ἐγὼ
3613 5287 3675 5339 δὲ

413 5392 484 5403 —-
510 5360 777 5431 ψαλμόν.
839 5357 1096 5431 Garn.__l.
1141 5372 1190 5412 c.
1242 5356 1456 5431 εἴρηται
1479 5359 1576 5431 δέ,
1595 5359 1638 5389 ⁸³
1665 5357 1900 5431 Τούτων
1927 5356 2049 5431 eod.

2109 5358 2124 5412 ι
2153 5374 2344 5431 prtem.
2377 5357 2493 5412 καί.
2546 5357 2614 5431 ’⁸⁸
2641 5358 3123 5431 Maraplovacod.
3167 5359 3201 5412 2
3231 5360 3407 5431 θείου.
3487 5356 3534 5392 ’⁸
3561 5362 3677 5431 cod:

417 5432 441 5485 1
475 5475 488 5497 ,
515 5428 550 5486 2
575 5431 847 5500 πολέμων.
877 5499 885 5500 7
928 5428 971 5460 ⁸⁸
1011 5428 1508 5500 Ἐπαναστάσεις.
1544 5429 1708 5484 Garn.
1744 5429 2087 5500 ἀναστάσεις.

2168 5431 2207 5460 ³⁷
2240 5429 2494 5483 Τούτων.
2526 5427 2702 5498 βοτη.
2736 5431 2880 5482 τότε.
2960 5430 3004 5461 ⁸⁸
3045 5430 3441 5498 Ἀνθρώπολς.
3509 5430 3632 5484 cod.
3655 5428 3688 5479 3

414 5511 468 5576 et
502 5503 670 5576 ϐοτη.
703 5497 1042 5576 praemittunt
1072 5500 1256 5553 πᾶσιν.
1335 5499 1450 5576 ’11".
1483 5499 1651 5576 Gai-tt.
1684 5500 1873 5576 suppl._
1937 5499 1982 5576 ξο
2011 5502 2057 5552 Ε

2109 5521 2114 5534 ι
2146 5499 2482 5576 τὸνημὶῶνα.
2523 5497 2957 5576 EEsLatﬂtantum
2990 5497 3373 5576 itt_edit._Ald_
3407 5512 3461 5576 et
3485 5499 3691 5576 (Iouini.

421 5573 458 5602 "
491 5571 596 5626 Μέ.
651 5573 778 5626 Itec.
821 5570 982 5625 lentio
1012 5577 1094 5620 est
1127 5584 1250 5637 μου.

419 5641 463 5672 ιι
498 5643 660 5710 Ἕχω
690 5671 762 5682 --
788 5639 1114 5710 συζίῖηητιις.
1171 5637 1292 5693 Des.
1331 5641 1383 5693 in
1420 5642 1540 5694 cod.
1569 5642 1620 5694 5.

1353 5571 1396 5602 ’³
1422 5571 1732 5638 Βοηθείας.
1774 5570 1898 5623 cod.
1933 5569 1955 5621 l
2002 5579 2055 5622 et
2075 5571 2128 5635 ἓ,
2162 5587 2225 5623 ac
2249 5570 2413 5625 Cord.
2447 5585 2500 5638 p.
2532 5569 2658 5632 ιδι,
2700 5569 2935 5634 ἐλπίδος.

1700 5640 1745 5712 ξ’
1783 5639 2272 5712 ’.ἁμαρτάνον-τας.
2337 5640 2496 5696 codd.
2550 5641 2830 5712 trcsAug.
2891 5639 3250 5710 ἀνομοῦντας.

3046 5571 3090 5600 ’³
3131 5572 3252 5624 cod.
3298 5575 3331 5623 ‘2
3396 5568 3683 5623 ἀντιϐολῶ.

3046 5639 3250 5695 ὶῦντας.
3327 5641 3378 5671 ²⁶
3411 5640 3588 5695 Ἀλλὰ
3613 5661 3684 5679 -

414 5707 812 5781 άνομοῦντας.
864 5711 987 5764 Des.
1038 5707 1092 5760 in
1142 5711 1262 5763 cod.
1296 5711 1349 5764 3.
1385 5712 1427 5742 ’⁷
1461 5712 1582 5766 cod.
1624 5712 1647 5763 1
1686 5710 1812 5781 ἔφη.
1839 5707 1976 5766 cod.
2016 5710 2049 5763 2

2109 5712 2322 5780 ῖφασαν.
