4004 6216
304 350 440 415 1037

1634 330 1714 392 IN
1756 328 1963 390 I‘SAL.
2018 328 2228 391 XXIV.

3433 324 3568 391 1038

303 455 557 535 μελοῖωιν
578 453 778 527 ὁμοίως
802 469 814 482 ο
844 452 893 505 οί
922 449 1024 522 μὲν
1066 447 1175 520 γάρ
1210 447 1244 518 ἢ
1277 446 1342 499 ἐκ
1378 440 1882 535 περιστάσεώςᾼτι-

2011 437 2295 492 taturalem
2369 432 2800 493 imbecillitatem
2867 432 3165 498 labuntur;
3218 434 3388 507 aliqui
3436 452 3570 494 vero

302 530 412 619 νος,
447 552 482 623 ἢ
534 550 599 603 ὲκ
644 546 881 618 φυσικῆς
941 542 1336 598 ὀλισθαίνουσιν
1383 534 1702 598 ἀσθενείας·
1731 532 1782 585 oi
1821 530 1881 584 δὲ

307 647 401 703 καὶ
421 642 707 715 ἐφήδονται
737 640 861 702 ταῖς
887 634 1276 709 παρανομίαις,
1300 628 1397 685 καί⁸
1426 626 1742 683 ἐπινοοῦσιν
1768 623 1883 679 ἑτέ-

311 756 540 889 Pait”:
562 824 715 887 ὁδούς
740 840 860 889 σου,
877 820 1073 892 Κύριε,
1094 814 1362 887 γνώρισόν
1392 829 1501 885 μοι,
1521 809 1619 871 καὶ
1646 806 1747 870 τὰς
1772 804 1888 877 τρί-

305 922 432 984 δούς
463 936 558 973 σου
587 914 801 982 δίδαξόν
827 931 913 983 με.
956 911 1068 985 1ε’.]
1100 908 1400 980 Ὀδήγησόν
1426 921 1494 975 με
1518 903 1611 957 ἐπὶ
1626 900 1729 972 τὴν
1753 898 1887 969 ἁλή-

303 1012 455 1067 θειάν
482 1029 598 1074 σου,
636 1012 732 1064 καὶ
754 1007 966 1074 δίδαξόν
1017 1022 1108 1076 με,
1148 1004 1231 1057 ὅτι
1255 1001 1321 1054 σὺ
1347 993 1401 1053 εἴ
1426 1000 1454 1052 ὁ
1476 996 1610 1059 Θεὸς
1634 996 1663 1049 ὁ
1692 991 1889 1062 Σωτήρ

305 1118 432 1172 μου,
464 1101 561 1155 καὶ
594 1099 655 1153 σὲ
696 1098 971 1165 ὑπέμεινα
1001 1095 1131 1167 ὅλην
1180 1091 1280 1163 τὴν
1322 1087 1560 1161 ἡμέραν.
1585 1100 1606 1138 ο
1655 1081 1798 1152 Ἐγὼ
1833 1080 1892 1134 δὲ

304 1195 522 1265 πρῶτον
558 1194 660 1263 μὲν
690 1190 920 1245 ἱκετεύω
958 1186 1058 1250 τὰς
1100 1186 1199 1248 σάς
1241 1182 1395 1245 ὁδοὺς
1439 1176 1759 1247 διαγνῶναι,
1795 1174 1893 1228 καὶ

302 1288 403 1349 τὰς
440 1284 578 1355 πρός
612 1299 678 1353 με
703 1278 977 1352 φερούσας
1019 1275 1244 1348 τρίϐους
1288 1271 1503 1344 μαθεῖν,
1552 1268 1692 1322 ὥστε
1717 1265 1896 1335 διηνε·

303 1377 415 1440 κῶς
432 1376 533 1445 τὴν
544 1372 761 1441 ἀπλανῆ
780 1386 875 1423 σου
889 1369 985 1429 καὶ
997 1366 1175 1438 άληθῆ
1195 1362 1424 1433 πορείαν
1447 1360 1673 1414 ὁδεύειν.
1700 1356 1894 1410 Ἔπει-

304 1489 373 1526 τα
395 1470 462 1523 δι’
488 1465 671 1521 αὐτῶν
708 1460 942 1517 ἱκετεύω
980 1460 1090 1513 τῶν
1152 1455 1499 1529 πραγμάτων
1545 1450 1741 1522 μαθεῖν
1761 1488 1777 1511 ,
1810 1448 1893 1502 ὅτι

306 1561 497 1633 Σωτὴρ
527 1558 792 1628 ὑπάρχεις
818 1554 952 1626 ἐμός
974 1570 989 1586 ·
1011 1551 1110 1623 τὴν
1141 1550 1251 1622 γὰρ
1284 1547 1436 1618 παρὰ
1460 1544 1553 1599 σοῦ
1583 1540 1893 1633 φιλανθρω-

306 1629 753 1723 πίανῖτροσμένω
767 1643 1055 1715 διηνεκῶς·
1086 1642 1160 1695 Τδ
1181 1639 1291 1709 γὰρ
1316 1638 1477 1702 ὅλην
1500 1636 1616 1702 τὴν
1639 1629 1892 1723 ἡμέραῃ

306 1745 431 1801 ἀντὶ
460 1722 557 1799 τοῦ
590 1740 681 1795 ἀεὶ
706 1737 950 1792 τέθεικεν
975 1752 991 1770 ο
1061 1735 1156 1789 καὶ
1208 1732 1422 1798 διδάξαι
1493 1728 1767 1799 βούλεται,
1819 1722 1897 1785 ὡς

305 1838 368 1893 οὐ
398 1838 446 1871 ’³
473 1835 568 1891 νῦν
606 1833 707 1905 μὲν
731 1830 938 1898 ταύτην
967 1829 1080 1899 ἔχει
1107 1829 1152 1860 ⁸⁸
1173 1827 1273 1897 τὴν
1302 1822 1553 1894 γνώμην,
1580 1818 1676 1873 νῦν
1707 1816 1766 1870 δὲ
1787 1813 1899 1873 ἑτέ·-

310 1949 408 2001 ραν
432 1931 478 1964 ³⁸
509 1928 632 1984 ἀντὶ
666 1924 876 1993 ταύτης
926 1921 1254 1991 εἰσδέχεται.

378 2022 454 2091 ς’,
475 2021 540 2088 ς’.
580 2041 599 2074 ι
643 2018 931 2091 Μνήσθητι
957 2015 1066 2069 τῶν
1082 2008 1385 2083 οἰκτιρμῶν
1408 2024 1526 2071 σου,
1552 2003 1752 2074 Κύριε,
1798 1997 1895 2053 καὶ

308 2114 375 2167 τὰ
407 2111 534 2181 ὲλέη
561 2126 678 2172 σου,
708 2109 792 2163 δτι
834 2104 945 2161 άπὸ
991 2102 1087 2158 τοῦ
1136 2100 1338 2164 αίῶνός
1379 2100 1540 2152 εἰσιν.
1589 2091 1895 2165 Ἀμαρτίας

310 2202 558 2275 νεότητός
577 2219 679 2273 μου
700 2201 796 2255 καὶ
824 2197 1051 2267 ἀγνοίας
1069 2212 1171 2267 μου
1194 2194 1237 2226 ³⁸
1269 2192 1345 2264 μὴ
1392 2189 1637 2263 μνησθῇς
1659 2187 1729 2250 ⁵³,
1753 2183 1899 2238 κατὰ

309 2300 371 2353 τὸ
407 2298 556 2361 ἔλεός
580 2314 674 2350 σου
702 2292 972 2366 μνήσθητί
999 2307 1101 2361 μου
1125 2289 1193 2344 ³³.
1228 2307 1248 2341 ι
1279 2286 1557 2357 Ἦμὲρως,
1591 2282 1781 2351 φησὶν,
1809 2276 1899 2331 ἀεὶ

310 2389 405 2445 καὶ
431 2384 833 2458 φιλανθρώπως
865 2382 992 2444 τοὺς
1022 2378 1346 2450 ἀνθρώπους
1381 2374 1689 2442 οἰκονομεῖς
1720 2386 1735 2400 ·
1766 2366 1900 2423 ταύ-

310 2498 412 2552 της
439 2480 536 2534 καὶ
566 2478 660 2532 νῦν
703 2473 1010 2531 ἀπολαῦσαι
1047 2471 1145 2542 τῆς
1185 2468 1528 2539 ἀγαθὸτητος
1575 2459 1804 2517 ίκετεύω
1829 2458 1897 2525 ³⁸,

313 2575 410 2630 καὶ
442 2574 664 2643 μνήμην
726 2586 810 2624 σοι
865 2564 1123 2636 γενέσθαι
1150 2563 1250 2632 τῆς
1301 2561 1403 2630 σῆς
1460 2552 1897 2627 φιλανθρωπίας,

317 2664 394 2736 μὴ
426 2663 530 2733 τῆς
590 2660 732 2731 ἐμῆς
778 2657 1056 2729 ἁμαρτίας
1081 2672 1095 2686 ο
1135 2651 1230 2708 καὶ
1275 2652 1374 2723 τὴν
1404 2648 1546 2720 ἐμὴν
1578 2645 1636 2700 δὲ
1682 2644 1900 2736 μνήμην

315 2735 663 2824 ποιούμενος,
703 2750 949 2803 Δέσποτα
974 2788 991 2815 ,
1033 2743 1495 2816 φιλοικτιρμόνως
1537 2738 1782 2810 ποίησαι,
1825 2735 1901 2807 μὴ

314 2847 559 2910 δικαίως.
606 2843 781 2898 Τοῦτο
828 2841 938 2912 γὰρ
982 2840 1077 2894 καὶ
1104 2840 1150 2871 ³⁵
1176 2839 1234 2891 ἐν
1278 2839 1390 2899 τοῖς
1442 2835 1625 2907 ῥητοῖς
1651 2828 1903 2902 παρεκά-

316 2941 475 2994 λεσε·
507 2936 668 2992 Κατὰ
699 2935 762 2989 τδ
783 2934 931 3004 μέγα
962 2933 1008 2966 ³⁸
1037 2931 1188 2994 ἔλεός
1224 2948 1341 2991 σου,
1374 2923 1644 3000 μνήσθητί
1677 2939 1779 2995 μου
1814 2918 1900 2976 σύ·

321 3035 399 3106 μὴ
424 3034 523 3103 τῆς
550 3026 825 3101 ἁμαρτίας
846 3042 971 3097 μου,
992 3023 1107 3079 ἀλλ’
1135 3022 1269 3093 ἐμοῦ
1304 3019 1574 3091 μνήσθητι
1602 3013 1905 3088 φιλανθρώ-

320 3143 458 3190 πως.
489 3122 558 3196 [³⁷
587 3121 661 3176 Τδ
683 3120 742 3173 δὲ
768 3117 1060 3188 ἁμαρτίας
1084 3114 1365 3182 νεότητός
1394 3130 1515 3183 μου
1540 3110 1637 3167 καί
1659 3108 1907 3179 ἀγνοίας

1993 528 2294 586 sceleribus
2326 527 2459 598 ipsis
2482 526 2847 596 delectantur,
2879 528 3098 598 aliaque
3128 529 3465 600 excogitant.

2073 815 2092 848 ι
2127 794 2256 850 Vias
2284 802 2430 860 tuas,
2458 791 2709 863 Domine,
2738 790 3056 847 demonstra
3087 787 3246 855 mihi,
3269 798 3325 845 et
3351 788 3579 847 semitas

1996 899 2122 947 tuas
2142 887 2312 945 edoce
2351 902 2461 944 me.
2494 885 2690 959 [νεεδ.
2722 882 2822 956 5.]
2857 882 3039 953 Dirige
3101 897 3190 937 me
3234 882 3287 936 in
3349 883 3583 939 veritate

1995 992 2112 1047 tua,
2148 990 2205 1038 et
2235 981 2371 1037 doce
2399 994 2510 1046 me,
2529 979 2661 1050 quia
2692 985 2751 1034 tu
2776 990 2836 1032 es
2852 975 2997 1031 Deus
3022 973 3277 1031 Salvator
3313 990 3492 1041 meus,
3525 982 3583 1030 et

1997 1087 2050 1132 te
2085 1074 2395 1146 exspectavi
2428 1081 2544 1128 toto
2576 1071 2685 1127 die.
2728 1090 2746 1124 ι
2792 1069 2905 1142 Ego
2930 1076 3111 1124 autem
3146 1068 3199 1122 in
3238 1067 3429 1137 primis
3460 1077 3585 1125 tuas

1995 1167 2117 1224 vias
2155 1176 2219 1223 ut
2247 1181 2540 1236 agnoscam
2575 1165 2824 1230 obsecro,
2867 1171 2921 1217 et
2952 1163 3177 1219 semitas
3206 1162 3435 1225 discam,
3463 1178 3585 1232 qua-

1998 1260 2064 1316 ad
2097 1267 2149 1316 te
2182 1258 2411 1326 ducunt,
2448 1266 2507 1312 ut
2533 1271 2752 1328 semper
2777 1264 2926 1311 tuam
2960 1264 3164 1310 certam
3197 1264 3364 1325 atque
3396 1270 3584 1310 veram

2002 1355 2146 1409 viam
2188 1361 2423 1408 teneam.
2476 1347 2681 1406 Deinde
2709 1363 2903 1420 precor
2932 1357 3006 1412 te,
3037 1355 3098 1403 ut
3138 1363 3197 1403 re
3226 1347 3346 1419 ipsa
3376 1346 3585 1403 discam

1998 1458 2053 1504 te
2083 1461 2266 1504 meum
2330 1442 2668 1501 Salvatorem
2704 1458 2828 1501 esse
2856 1460 2872 1499 ι
2903 1451 3055 1498 tuam
3087 1441 3235 1498 enim
3268 1440 3586 1498 misericor-

1999 1541 2147 1597 diam
2206 1552 2426 1609 semper
2480 1543 2760 1607 exspecto.
2820 1533 2958 1589 Illud
3006 1534 3153 1590 enim
3187 1541 3296 1589 toto
3337 1532 3445 1595 die,
3485 1546 3587 1602 pro

2000 1647 2200 1701 semper
2226 1630 2409 1702 posuit
2434 1648 2447 1684 :
2473 1638 2528 1684 et
2541 1628 2739 1685 docere
2755 1626 2922 1699 758
2939 1625 3055 1681 vult
3095 1640 3154 1682 se
3174 1640 3280 1681 non
3300 1625 3405 1683 hoc
3422 1624 3587 1681 modo

2002 1739 2198 1794 capere
2228 1722 2548 1787 consilium,
2586 1719 2750 1776 modo
2777 1719 2925 1775 aliud
2951 1733 3051 1789 pro
3081 1718 3191 1773 illo.

2070 1987 2236 2042 Vens.
2270 1986 2392 2053 6,7.
2433 2003 2453 2037 ι
2486 1984 2858 2041 Reminiscere
2886 1985 3301 2040 miserationum
3341 1993 3584 2046 tuarum.

1996 2080 2248 2147 Domine,
2287 2086 2342 2134 et
2371 2076 2878 2135 misericordiarum
2906 2086 3147 2145 tuarum,
3178 2077 3378 2148 quippe
3404 2093 3524 2148 qum
3556 2094 3589 2132 a

1998 2173 2201 2229 saeculo
2221 2180 2369 2228 sunt.
2403 2170 2619 2227 Peccati
2656 2169 2964 2241 juventutis
2999 2184 3155 2235 meae,
3182 2179 3237 2225 et
3265 2169 3591 2240 ignorantiae

2001 2280 2135 2320 meae
2157 2279 2225 2319 ne
2259 2262 2597 2326 memineris,
2623 2261 2877 2328 Domine,
2936 2262 3236 2318 secundum
3270 2262 3590 2319 misericor-

1998 2357 2144 2412 diam
2181 2364 2328 2412 tuam
2368 2363 2643 2410 memento
2679 2355 2807 2410 mei.
2843 2373 2862 2405 ι
2907 2353 3211 2419 Mansuete,
3234 2354 3337 2418 ait,
3368 2369 3590 2426 semper

2000 2459 2166 2520 atque
2215 2448 2450 2519 benigne
2502 2446 2754 2503 homines
2807 2446 3106 2516 gubernas.
3156 2444 3307 2504 lianc
3341 2456 3401 2502 ut
3440 2463 3591 2503 nunc

2000 2556 2223 2614 quoque
2253 2538 2503 2607 experiar
2534 2538 2832 2593 bonitatem
2855 2552 3069 2608 precor,
3103 2549 3272 2608 utque
3302 2548 3408 2594 tuae
3435 2538 3591 2593 beni-

2003 2633 2248 2705 gnitatis,
2299 2648 2408 2688 non
2444 2640 2627 2688 autem
2660 2646 2906 2687 meorum
2939 2639 3290 2702 peccatorum
3327 2635 3592 2688 memine-

2004 2727 2103 2782 ris.
2148 2725 2215 2780 Et
2242 2724 2373 2780 dum
2418 2724 2524 2779 mei
2560 2723 2887 2789 recordaris.
2913 2738 2948 2778 ο
2982 2721 3229 2786 Domine.
3272 2724 3591 2781 misericors

2006 2816 2271 2874 adversus
2310 2832 2397 2873 me
2430 2815 2531 2882 sis,
2562 2831 2671 2871 non
2696 2816 2903 2887 justus.
2937 2813 3054 2872 IIoc
3084 2816 3229 2871 enim
3257 2824 3311 2871 et
3336 2817 3389 2871 in
3422 2831 3590 2888 supe-

2006 2907 2246 2964 rioribus
2277 2917 2535 2981 precatus
2563 2916 2647 2963 est
2679 2925 2692 2962 :
2735 2905 3047 2963 Secundum
3091 2923 3342 2979 magnam
3375 2907 3594 2964 miscri-

2006 3001 2249 3057 cordiam
2300 3008 2446 3055 tuam
2496 3013 2709 3054 memor
2750 3000 2827 3056 sis
2866 2999 3016 3054 mei:
3059 3014 3168 3054 non
3205 3000 3310 3055 mei
3359 3002 3590 3072 peccati,

2008 3090 2100 3146 sed
2159 3089 2267 3145 mei
2307 3089 2541 3161 benigne
2583 3089 2922 3146 memineris.
2967 3089 3124 3163 [Illud
3160 3101 3339 3146 autem
3385 3093 3592 3163 peccati

313 3183 731 3288 μήᾇικησθῇς,
774 3183 980 3277 ταύτην
1028 3205 1143 3277 ἔχει
1186 3205 1285 3276 τὴν
1309 3202 1586 3257 διάνοιαν
1614 3200 1750 3273 φησι
1796 3201 1902 3270 γὰρ

2011 3184 2295 3251 iuventutis
2343 3200 2472 3239 mete
2515 3192 2566 3237 et
2612 3183 2930 3255 ignorantia:
2976 3199 3039 3239 ne
3087 3186 3408 3253 memineris,
3448 3187 3595 3244 hunc

603 3264 1126 3373 'évAiyiimqi'
1173 3264 1273 3354 καὶ
1317 3298 1428 3368 γάρ
1470 3264 1902 3366 εἰδωλολάτρησα

2013 3276 2176 3331 habet
2236 3290 2506 3332 sensum:
2561 3273 2829 3345 Loquitur
2880 3274 3089 3330 scilicet
3136 3274 3203 3332 de
3235 3277 3437 3348 populo
3465 3294 3592 3334 cum

320 3404 458 3456 ἐκεῖ·
480 3399 555 3471 μὴ
570 3394 662 3452 οὖν
674 3397 899 3450 ἐκείνων
921 3394 1029 3447 τῶν
1049 3391 1465 3464 ἁμαρτημάτων
1487 3389 1752 3461 μνησθῇς,
1774 3388 1911 3442 ἀλλὰ

321 3492 425 3563 τῆς
471 3493 569 3557 σῆς
613 3486 1046 3559 φιλανθρωπίας,
1079 3484 1147 3537 δι’
1170 3478 1239 3556 ἦς
1287 3484 1386 3537 καὶ
1421 3483 1545 3535 τότε
1578 3480 1910 3550 ἀγνοοῦντας

326 3580 712 3654 φιλανθρωπίᾳ⁸
767 3577 1120 3650 χρησάμενος
1148 3570 1453 3647 θήλέησας]
1486 3592 1504 3624 ι
1532 3573 1758 3625 Ἕνεκεν
1812 3570 1910 3641 τῆς

324 3676 696 3751 χρηστότητός
720 3693 838 3740 σου,
862 3673 1090 3746 Κύριε.»
1116 3674 1190 3727 Οὐ
1214 3670 1323 3743 γὰρ
1350 3671 1436 3725 διὰ
1455 3669 1554 3743 τὴν
1571 3669 1710 3741 ἐμὴν
1727 3660 1909 3735 ἀξίαν,

325 3773 465 3829 ἀλλὰ
496 3771 585 3826 διὰ
613 3770 713 3842 τὴν
757 3768 857 3839 σὴν
893 3766 1328 3838 φιλανθρωπίαν,
1360 3764 1553 3818 τούτου
1584 3765 1769 3835 τυχεῖν
1801 3764 1909 3815 ἱκε-

324 3883 491 3919 τευω.

397 4021 470 4092 η’,
513 4040 532 4073 ε
566 4018 817 4092 Χρηστὸς
848 4017 944 4072 καὶ
972 4014 1135 4078 εὐθὺς
1176 4017 1205 4069 ὁ
1234 4013 1459 4085 Κύριοςο
1500 4032 1519 4066 ³
1550 4015 1663 4085 οὐχ
1699 4014 1908 4079 ἀπλῶςν

331 4115 484 4184 φησι,
520 4112 732 4173 τούτοις
768 4110 1092 4181 ἐχρησάμην
1129 4109 1245 4169 τοῖς
1276 4106 1477 4174 λόγοις,
1509 4105 1625 4159 ἀλλ’
1656 4105 1810 4169 είδὼς
1835 4106 1911 4169 ώς

331 4207 392 4261 ού
429 4204 590 4275 μόνον
625 4204 857 4267 δίκαιος,
907 4199 1045 4255 ἀλλὰ
1085 4200 1181 4253 καὶ
1239 4198 1626 4271 φιλάνθρωπος
1655 4201 1685 4251 ὁ
1709 4198 1914 4251 Δεσπό-

330 4316 430 4369 της
460 4296 527 4352 ³⁶.
555 4296 729 4349 Τοῦτο
755 4296 811 4348 δὲ
844 4293 1123 4365 πανταχοῦ
1150 4294 1298 4363 ἡμᾶς
1321 4293 1354 4363 ὴ
1375 4292 1495 4345 θεία
1512 4292 1750 4345 διδάσκει
1768 4293 1911 4363 Γρα-

332 4389 428 4457 φή.
463 4386 720 4439 Τοιοῦτόν
753 4386 870 4437 ἐστι
899 4385 959 4437 τό
978 4400 991 4413 ·
1030 4384 1219 4436 Ἔλεον
1250 4383 1344 4436 καὶ
1374 4382 1555 4454 κρίσιν
1576 4383 1779 4453 ᾀσομαί
1805 4401 1910 4450 σοι,

333 4478 526 4549 Κύριε.
559 4496 580 4531 ι
612 4477 723 4531 Καί
751 4494 764 4507 ·
806 4496 825 4529 ι
874 4476 1154 4547 Ἐλεήμων
1188 4476 1284 4529 καὶ
1327 4476 1628 4547 οίκτίρμων
1659 4476 1703 4508 ³⁹
1730 4477 1759 4529 ὁ
1801 4474 1914 4529 Κύ-

2008 3376 2155 3424 esset
2190 3370 2244 3422 in
2279 3365 2517 3439 Egypto
2549 3383 2564 3433 ;
2598 3367 2756 3437 quasi
2785 3364 3011 3431 diceret,
3051 3366 3197 3423 idola
3222 3368 3294 3423 ibi
3327 3369 3495 3435 colui,
3526 3387 3595 3426 ne

2010 3462 2193 3531 itaque
2220 3475 2408 3515 eorum
2439 3467 2789 3530 peccatorum
2833 3460 3170 3525 memineris,
3208 3463 3304 3518 sed
3343 3462 3596 3534 benigni-

2010 3552 2139 3607 tatis
2178 3559 2307 3617 tuaa,
2341 3552 2642 3606 secundum
2681 3566 2847 3621 quam
2890 3566 3200 3624 eoquoque
3227 3561 3471 3627 tempore
3496 3570 3595 3611 eo-

2007 3658 2131 3699 rum
2169 3642 2263 3713 qui
2310 3657 2378 3697 ex
2412 3642 2719 3712 ignorantia
2763 3642 3000 3715 agebant
3038 3644 3296 3702 misertus
3324 3660 3406 3711 es,
3439 3647 3594 3702 beni-

2008 3737 2215 3809 gnitate
2231 3733 2412 3809 usus.]
2439 3754 2457 3788 ι
2482 3737 2710 3807 Propter
2732 3740 2749 3759 ⁰
2773 3737 3069 3794 bonitatem
3092 3746 3266 3806 tuam,
3285 3739 3534 3796 Domine.
3568 3760 3589 3793 ι

2007 3829 2127 3886 Non
2163 3830 2310 3886 enim
2340 3829 2454 3885 ullo
2488 3843 2613 3885 meo
2638 3829 2856 3895 merito,
2890 3846 3080 3886 verum
3109 3832 3412 3889 secundum
3438 3843 3592 3890 tuam

2008 3922 2398 3994 benignitatem
2433 3923 2578 3978 hanc
2613 3924 2833 3993 assequi
2863 3930 3009 3993 pete.

2081 4015 2246 4071 Vens.
2274 4015 2328 4070 8.
2357 4033 2374 4067 ι
2399 4016 2675 4087 Benignus
2699 4024 2753 4071 et
2771 4024 2956 4072 rectus
2984 4025 3069 4073 est
3094 4017 3377 4075 Dominus.
3418 4038 3437 4072 ι
3472 4018 3594 4076 Non
3664 4058 3671 4065 -

2013 4115 2234 4172 temere,
2261 4108 2355 4172 ait,
2376 4107 2460 4162 his
2472 4107 2654 4162 verbis
2677 4123 2810 4164 usus
2835 4123 2978 4176 sum,
2994 4109 3091 4164 sed
3112 4111 3313 4177 sciens,
3336 4127 3445 4167 non
3476 4121 3564 4167 tan
3583 4142 3598 4156 ι

2013 4210 2131 4255 tum
2151 4199 2383 4270 justum,
2412 4214 2600 4255 verum
2629 4202 2794 4256 etiam
2816 4201 3110 4273 benignum
3136 4217 3257 4258 esse
3280 4202 3592 4258 Dominum.

2013 4292 2128 4348 Iloc
2144 4302 2327 4347 autem
2369 4292 2567 4363 ubique
2596 4293 2777 4349 divina
2812 4294 3096 4364 Scriptura
3129 4309 3231 4351 nos
3258 4294 3434 4349 docet.
3466 4294 3598 4350 Tale

2013 4394 2097 4439 est
2144 4384 2277 4439 illud
2310 4400 2324 4435 τ
2364 4403 2383 4436 ι
2417 4384 2871 4449 Misericordiam,
2915 4385 3249 4456 etjudicium
3280 4392 3435 4439 tuum
3454 4385 3599 4439 cele-

2015 4477 2212 4542 brabo,
2238 4477 2405 4548 759
2442 4476 2673 4532 Domine
2709 4486 2759 4531 ³.
2795 4496 2814 4530 ι
2845 4477 2952 4533 Et:
2993 4477 3336 4533 «Misericors
3362 4486 3416 4531 et
3446 4476 3600 4530 mise-

337 4586 471 4641 ριος,
512 4570 609 4624 καὶ
666 4569 898 4632 δίκαιος,
937 4568 1030 4622 καὶ
1054 4569 1083 4620 ὁ
1131 4567 1265 4631 Θεὸς
1295 4567 1452 4639 ἡμῶν
1508 4567 1668 4622 ἐλεεῖ.
1709 4585 1727 4618 t
1763 4568 1902 4621 Καί⁴

2018 4581 2168 4625 rator
2194 4571 2481 4636 Dominus,
2534 4583 2585 4626 et
2618 4570 2825 4641 justus,
2864 4580 2918 4627 et
2953 4571 3094 4626 Deus
3151 4578 3334 4625 noster
3370 4569 3598 4623 misero-

337 4678 361 4714 s
396 4660 457 4715 ’0
482 4659 617 4723 Θεὸς
648 4659 845 4730 κριτὴς
874 4655 1103 4722 δίκαιος,
1127 4655 1222 4709 καὶ
1254 4655 1494 4726 ἰσχυρὸς,
1515 4652 1607 4708 καὶ
1638 4653 1915 4723 μακρόθυο

339 4771 461 4827 μσς,
488 4753 587 4807 καὶ
620 4752 696 4824 μὴ
722 4750 891 4823 ὀργὴν
920 4751 1144 4817 ἐπάγων
1177 4748 1298 4802 καθ’
1337 4747 1575 4817 ἑκάστην
1619 4745 1850 4817 ήμέραν.
1891 4763 1910 4796 ι

413 4867 433 4901 ι
463 4848 565 4901 Διά
626 4846 784 4899 τοῦτο
829 4843 1187 4914 νομοθετήσει
1236 4840 1648 4912 ἁμαρτάνοντας
1693 4841 1751 4892 ἐν
1788 4838 1914 4909 ὁδῷ.

340 4939 457 5013 [θη]
498 4938 793 5008 Ὀδηγήσει
854 4936 1051 5006 πραεῖς
1091 4936 1148 4987 ὲν
1208 4934 1390 5004 κρίσει
1424 4932 1662 4997 ,διδάξει
1719 4933 1916 5002 πραεῖς

337 5033 488 5094 ὁδοὺς
512 5029 698 5085 αὐτοῦ.
738 5047 759 5081 ι
790 5026 964 5081 Τοῦτο
987 5026 1322 5095 σαφέστερον
1348 5025 1377 5078 ὁ
1409 5024 1707 5096 Σύμμαχος
1737 5026 1920 5095 ἡρμή-

340 5141 534 5180 νευσεο
570 5122 676 5177 Διὰ
709 5121 887 5176 τοῦτο
924 5118 1233 5182 ὑποδείξει
1270 5115 1723 5187 ἁμαρτάνουσιν
1752 5118 1915 5173 ὁδόν.

413 5272 437 5303 ο
468 5260 615 5319 Psal.
647 5277 699 5327 c.
748 5261 799 5315 I.
882 5263 902 5296 ι
935 5258 1249 5323 Psal.cxtv,
1285 5257 1339 5312 5.
1416 5266 1443 5294 ιι
1481 5255 1628 5311 Psal.
1678 5272 1774 5323 vu,
1830 5256 1917 5309 ii.

2020 4671 2108 4717 tur
2151 4664 2193 4718 ι.
2224 4682 2243 4715 ι
2282 4662 2389 4719 Et:
2427 4683 2446 4714 ι
2485 4662 2811 4731 Deusjudex
2843 4663 3047 4733 justus,
3085 4670 3137 4717 et
3167 4669 3383 4732 potens,
3423 4670 3476 4715 et
3503 4675 3600 4731 pa—

2019 4755 2181 4819 tiens,
2206 4764 2259 4809 et
2278 4755 2370 4824 qui
2397 4770 2503 4810 non
2537 4754 2806 4825 protrahit
2840 4755 2973 4808 iram
2990 4768 3085 4823 per
3107 4752 3352 4823 singulos
3374 4753 3489 4808 dies
3514 4765 3594 4807 υ.ι

2099 4865 2116 4897 ι
2165 4846 2391 4916 Propter
2425 4847 2530 4902 hoc
2560 4848 2731 4917 legem
2758 4844 2907 4901 dabit
2940 4844 3381 4914 delinquentibus
3412 4845 3464 4899 in
3490 4844 3597 4899 via.

2021 4937 2215 5010 [Vt-IRS.
2260 4937 2340 5011 9.]
2395 4938 2601 5009 Diriget
2650 4945 2968 4992 mansuetos
3017 4936 3069 4990 in
3108 4936 3337 5006 judicio,
3388 4938 3605 4991 docebit

2024 5031 2183 5087 mites
2216 5031 2333 5086 vias
2370 5046 2520 5088 suas.
2556 5049 2575 5083 ι
2628 5028 2744 5085 Hoc
2770 5030 2944 5099 magis
2971 5028 3208 5085 dilucide
3242 5028 3604 5100 Symmachus

2027 5122 2297 5193 expressit
2336 5140 2349 5175 :
2402 5120 2687 5192 Propterea
2709 5122 3045 5193 peccantibus
3086 5123 3226 5175 viam
3263 5120 3603 5194 monstrabit.

1450 5408 1681 5463 ΥΑΒΙᾹΞ
1724 5409 2111 5467 LECTIONES
2150 5409 2235 5462 ET
2277 5406 2508 5461 ΝΟΤΔΕ.

446 5539 492 5570 ’⁸
529 5539 633 5592 Οὐ.
684 5536 851 5591 Abest
881 5549 910 5587 a
944 5533 1068 5589 cod.
1097 5531 1153 5584 ‘2.

352 5609 394 5641 ³²
428 5606 741 5675 Μνησθιῇε.
777 5605 900 5660 cod.
929 5604 995 5675 2
1025 5602 1176 5675 addit
1227 5602 1422 5675 Κύριε.

1268 5532 1313 5563 ⁸⁸
1344 5530 1467 5584 cod.
1500 5530 1535 5582 2
1567 5529 1732 5598 ἔχειν.

1842 5527 2359 5596 ³⁰Ἑτέραν.Αι›ρει
2412 5540 2442 5578 a
2493 5524 2615 5580 cod.
2665 5524 2721 5578 Ξ.

1500 5602 1544 5632 ³³
1581 5590 1637 5653 III
1641 5617 1732 5653 ου.
1779 5598 1901 5653 cod.

2014 5590 2047 5652 Ξ
2083 5598 2237 5653 addit
2268 5596 2386 5664 σύν
2434 5596 2480 5626 ³⁵
2526 5596 2812 5651 Ἰκετεύω.
2856 5596 3028 5650 Abest
3053 5610 3083 5649 a
3114 5594 3236 5664 cod.
3264 5592 3320 5664 Ξ.
3397 5590 3604 5664 'fAKat'.

2825 5525 2867 5557 ³⁸
2898 5527 3051 5578 Μου.
3089 5523 3257 5577 Abest
3307 5537 3337 5576 a
3382 5520 3503 5578 COlI.
3547 5519 3604 5575 3.

356 5660 559 5732 begin;
592 5660 791 5739 coiit,
823 5676 878 5728 ε.
954 5673 999 5705 ιι
1034 5671 1217 5741 Μέγα.
1252 5660 1373 5727 θέε.
1418 5671 1549 5724 una.
1628 5671 1669 5741 ιτ
1705 5669 1747 5741 ε
1803 5670 1902 5722 cod

2039 5668 2213 5739 suppl.
2292 5667 2335 5699 ³⁸
2375 5663 2437 5719 '0
2488 5667 2817 5734 Δεσπότης.
2868 5666 3038 5723 Abest
3070 5680 3100 5719 a
3133 5662 3255 5720 cod.
3289 5662 3341 5718 I.
3419 5661 3464 5694 ”
3495 5660 3607 5716 Καὶ

355 5750 683 5816 οἰκτίρμων.
717 5747 838 5802 Des.
879 5747 931 5800 in
968 5739 1349 5807 vers.'Graeca,
1380 5751 1428 5796 et
1462 5742 1514 5795 in
1550 5739 1671 5797 cod.
1706 5740 1938 5810 August.
1970 5739 2020 5792 1.
