4004 6216
417 293 553 356 1039
581 301 593 307 “

1424 282 1921 347 THEODORETI
1945 281 2288 343 EPISCOPI
2323 282 2692 344 CYRENSIS

3554 285 3680 353 1040

406 407 655 464 Bonitate
686 409 834 463 enim
867 417 1027 463 utens
1067 420 1176 460 non
1212 411 1434 474 repente
1469 409 1758 472 peccantes
1792 400 1997 470 plectii,

2119 398 2442 472 ’Δγαθότητι
2494 401 2602 473 γάρ
2626 401 2673 434 ⁸ο
2702 401 3023 473 χρώμενος,
3054 402 3155 456 οὐκ
3202 401 3364 468 εὐθὺς
3395 402 3436 435 ⁵¹
3477 404 3684 473 κολάζει

407 501 520 557 imo
563 512 772 557 rectam
820 501 955 572 ipsis
999 499 1142 553 viam
1175 496 1435 561 ostendit,
1468 503 1525 550 et
1554 494 1887 565 ptenitentiae
1921 492 1997 547 le-

405 606 526 663 gem
577 594 755 660 docet,
805 603 970 662 atque
1005 591 1169 645 etiam
1223 603 1320 644 eos
1351 587 1445 659 qui
1499 584 1918 641 mansuetudine
1946 591 2000 638 et

366 683 759 760 asimplicitate
786 692 1033 749 utuntur,
1064 697 1245 738 rerum
1276 688 1528 735 naturam
1563 678 1877 733 discernere
1902 676 2001 731 do-

378 775 525 831 ‘ce-t:
547 790 851 845 omnesque
877 790 1007 830 suas
1031 770 1538 827 administrationes
1566 767 1695 824 facit
1715 775 1771 822 ut
1796 768 1997 833 sciant,

410 881 476 921 ne
498 865 823 935 simplicitas
858 865 1075 920 occasio
1108 861 1427 933 ignorantiae
1451 859 1614 924 facta,
1644 857 1876 914 multum
1903 860 2000 915 de-

411 957 655 1013 trimenti
689 955 909 1012 inferat.
942 954 1146 1009 Deinde
1189 962 1440 1007 naturam
1470 950 1854 1021 praedictarum
1884 950 1997 1004 via-

368 1033 375 1054 ³
409 1065 532 1104 rum
568 1049 833 1106 ostendit.

479 1249 647 1306 Vens.
687 1251 773 1305 10.
825 1270 843 1304 ι
883 1248 1165 1306 Universze
1204 1248 1306 1304 viae
1336 1247 1576 1313 Domini,
1619 1246 1999 1302 misericordia

405 1350 461 1399 et
512 1347 710 1397 veritas
765 1350 912 1405 sunt,
953 1341 1321 1411 quaerentibus
1362 1338 1543 1394 foedus
1573 1338 1715 1406 ejus,
1753 1345 1807 1392 et
1842 1337 1997 1392 testi-

408 1433 592 1489 monia
651 1433 792 1501 cjus.
826 1451 844 1484 ο
904 1429 1043 1486 Nam
1076 1446 1365 1487 sacrarunt
1395 1430 1723 1486 Litterarum
1759 1430 2001 1484 cultores

406 1524 615 1582 assidui
650 1540 749 1595 per
799 1525 947 1595 ipsas
997 1525 1250 1580 exactius
1299 1525 1527 1580 discunt
1580 1540 1772 1579 omnes
1815 1523 1907 1578 Dei
1945 1536 2002 1579 et

409 1617 708 1675 Salvatoris
753 1616 927 1673 nostri
975 1617 1486 1672 administrationes
1534 1617 1906 1672 misericordia
1945 1626 2002 1671 et

405 1711 633 1767 veritate
686 1714 1002 1782 temperari.
1054 1709 1188 1774 Nam
1241 1710 1635 1781 paenitentibus
1666 1711 1885 1780 quidem
1931 1710 2000 1764 de

2102 490 2229 555 τοὺς
2259 492 2700 564 ἁμαρτάνοντας,
2733 492 2870 547 ἀλλὰ
2890 492 2985 547 καὶ
3000 492 3099 565 τὴν
3129 493 3347 547 εὐθεῖαν
3369 495 3556 560 αὐτοῖς
3571 498 3684 551 ἁδὺν

2103 582 2477 647 ὑποδείκνυσι,
2513 585 2606 640 καὶ
2634 586 2736 656 τῆς
2771 585 3065 657 μετανοίας
3092 586 3411 640 ὲκπαιδεύει
3458 587 3552 642 τὸν
3598 589 3684 643 νό-

2105 692 2241 746 μον·
2272 677 2369 730 καὶ
2411 679 2510 748 μὲν
2538 677 2603 749 δή
2642 680 2738 732 καὶ
2786 680 2911 742 τοὺς
2962 678 3234 750 πραότητι
3288 678 3381 731 καὶ
3425 678 3687 752 ἁπλότητι
3732 682 3735 685 ’

2102 769 2480 843 κεχρημένους
2535 771 2838 843 διακρίνειν
2880 770 3127 825 διδάσκει
3171 768 3283 825 τῶν
3347 772 3688 842 πραγμάτων

2101 862 2200 936 τὴν
2223 862 2409 935 φύσιν,
2444 866 2538 918 καὶ
2571 865 2755 927 πάσας
2795 862 2963 916 αὑτοῦ
3011 862 3109 926 τάς
3150 863 3463 931 οἰκονομίας
3494 863 3701 931 εἰδέναι
3755 863 3758 866 ’

2103 957 2559 1030 παρασκευάζειο
2615 957 2705 1012 ἵνα
2762 957 2840 1029 μὴ
2890 956 3104 1025 ἐφόδιον
3154 956 3383 1026 ἀγνοίας
3430 959 3463 1028 ή
3528 956 3692 1011 ἁπλό-

2101 1066 2201 1121 της
2229 1049 2274 1080 δ’
2308 1050 2599 1120 γενομένη,
2622 1047 2825 1117 πολλὴν
2847 1048 2944 1118 τὴν
2970 1046 3177 1118 βλάϐην
3206 1048 3511 1118 ἐργάσηται
3536 1063 3550 1075 ·
3575 1043 3692 1102 εἶτα

2101 1141 2211 1194 τῶν
2245 1141 2556 1212 εἰρημένων
2586 1141 2721 1193 όδῶν
2748 1140 2847 1211 τὴν
2877 1138 3040 1209 φύσιν
3075 1138 3423 1192 ὑποδείκνυσι
3455 1140 3520 1195 ³³.

2174 1255 2225 1311 ι’.
2260 1275 2279 1308 ι
2320 1259 2500 1310 Πᾶσαι
2531 1258 2587 1310 αἱ
2620 1256 2733 1310 όδοῖ
2754 1256 2964 1327 Κυρίου
2995 1254 3145 1318 ἔλεος
3178 1255 3272 1309 καὶ
3295 1255 3549 1328 ἀλήθεια,
3582 1258 3693 1320 τοῖς

2101 1348 2426 1420 ἐκζητοῦσιν
2451 1350 2553 1419 τὴν
2583 1349 2846 1419 διαθήκην
2868 1346 3055 1411 αὐτοῦ,
3080 1348 3176 1402 καὶ
3205 1347 3273 1401 τὰ
3293 1348 3574 1420 μαρτύρια
3600 1350 3693 1402 αὐ-

2101 1440 2219 1494 τοῦ.
2261 1461 2279 1490 ι
2315 1441 2380 1493 υἱ
2408 1440 2455 1472 ⁸⁵
2482 1442 2593 1511 γὰρ
2647 1439 2915 1511 διηνεκῶς
2954 1438 3000 1471 ⁸⁸
3027 1442 3143 1503 τοῖς
3211 1440 3377 1510 ἱεροῖς
3438 1441 3697 1512 ἐντρεφό-

2104 1547 2257 1599 μενοι
2292 1529 2493 1598 Λόγοις
2544 1528 2910 1598 μανθάνουσιν
2940 1528 3185 1600 ἀκριϐῶς
3233 1529 3300 1582 δι’
3337 1530 3591 1596 ἐκείνων,
3619 1533 3692 1594 ὡς

2104 1621 2280 1673 πᾶσαι
2308 1621 2363 1674 αἱ
2397 1619 2491 1673 τοῦ
2514 1620 2651 1673 Θεοῦ
2672 1619 2769 1673 καὶ
2792 1619 3044 1690 Σωτῆρος
3072 1621 3232 1690 ήμῶν
3249 1620 3293 1652 ⁸⁸
3319 1622 3628 1694 οἰκονομίαι
3651 1626 3691 1657 ⁵⁷

2104 1710 2239 1782 ἐλέῳ
2271 1712 2367 1765 καὶ
2410 1711 2643 1782 ἀληθείᾳ
2686 1712 3091 1784 συγκέκρανται
3121 1730 3135 1745 °
3162 1716 3276 1779 τοῖς
3323 1715 3423 1785 μὲν
3460 1717 3574 1788 γὰρ
3604 1736 3696 1790 με-

406 1804 647 1873 peccatis
666 1819 791 1887 quae.
821 1811 1226 1873 perpetrarunt,
1248 1803 1683 1857 misericordiam
1707 1810 1761 1855 et
1779 1802 1994 1856 veniam

2107 1803 2500 1875 ταμελομένοις
2534 1804 2621 1875 ἐφ’
2652 1799 2735 1867 οἷς
2766 1806 3232 1877 ἐπλημμέλησαν,
3268 1809 3360 1863 τὸν
3400 1809 3553 1865 ἔλεον
3605 1812 3696 1867 καὶ

406 1897 699 1964 concedit;
736 1898 967 1951 invictos
1000 1907 1181 1951 autem
1217 1897 1432 1951 virtutis
1460 1897 1694 1951 athletas
1726 1895 2000 1966 praeconio

407 1990 668 2055 celebrat,
698 2002 751 2044 et
778 2001 1030 2057 coronat,
1060 1989 1224 2060 760
1250 2004 1375 2043 cum
1412 1990 1640 2043 veritate
1672 1989 1997 2043 sententiam

406 2082 815 2153 pronuntians;
866 2082 998 2151 quin
1049 2083 1213 2135 etiam
1246 2081 1567 2137 hominibus
1602 2080 1750 2136 vitiis
1778 2081 1997 2147 deditis,

408 2192 510 2230 nec
539 2175 915 2247 paenitentiam
949 2173 1260 2244 agentibus,
1289 2187 1356 2227 ex
1404 2172 1726 2242 praescripto
1755 2171 1999 2227 veritatis

408 2283 603 2340 ptenas
641 2267 856 2339 inﬂigit.

480 2471 639 2528 Vens.
686 2470 772 2525 ll.
817 2489 835 2523 ι
891 2468 1121 2540 Propter
1152 2482 1352 2524 nomen
1385 2478 1559 2536 tuum,
1585 2468 1833 2534 Domine,
1869 2483 1998 2539 pro-

407 2563 577 2634 pitius
606 2579 824 2634 quoque
852 2564 928 2619 sis
960 2571 1184 2634 peccato
1217 2577 1356 2626 meo,
1391 2571 1476 2616 est
1500 2561 1644 2616 enim
1677 2560 1931 2615 multum.
1970 2578 1991 2619 ι

408 2658 524 2729 Ego
552 2655 740 2727 igitur,
788 2656 884 2722 ait,
938 2663 997 2709 ut
1032 2655 1169 2709 meis
1208 2654 1444 2725 peccatis
1479 2654 1749 2726 propitius
1781 2653 1858 2710 sis
1897 2654 1998 2710 ob-

409 2763 588 2816 secro,
642 2763 750 2802 non
785 2748 853 2801 ob
903 2756 1151 2801 exactam
1208 2745 1587 2817 pcenitentiam
1644 2761 1847 2811 meam,
1902 2745 1998 2803 sed

409 2841 481 2896 ob
526 2848 674 2895 tuam
742 2838 1157 2909 benignitatem,
1197 2852 1304 2908 qua
1358 2838 1630 2910 benignus
1671 2837 1996 2905 nominaris,

406 2943 463 2989 et
515 2933 644 3005 quia
683 2933 738 2987 in
791 2941 885 2988 tuo
934 2932 1156 2989 nomine
1188 2945 1410 2987 omnem
1465 2947 1617 3003 spem
1653 2947 1833 2990 meam
1899 2933 1998 2989 de-

410 3027 527 3082 ﬁxi.

2101 1894 2202 1965 τὴν
2228 1894 2565 1967 συγγνώμην
2598 1896 2784 1967 ὀρέγει
2813 1912 2827 1927 ⁸
2855 1897 2985 1962 τοὺς
3010 1897 3069 1952 δὲ
3100 1899 3403 1973 ἀηττήτους
3433 1905 3533 1973 τῆς
3566 1905 3695 1975 ἀρε-

2102 1986 2202 2056 τῆς
2227 1985 2471 2059 ἀθλητὰς
2496 1986 2869 2059 άνακηρύττει
2890 1990 2987 2042 καὶ
3015 1994 3307 2061 στεφανοῖ,
3331 1994 3428 2048 σὺν
3464 1994 3695 2068 ἀληθείᾳ
3787 1986 3790 1988 ’

2102 2079 2202 2150 τὴν
2236 2079 2418 2152 ψῆφον
2456 2080 2744 2153 ὲκφέρωψ
2799 2082 2889 2136 καὶ
2931 2082 3117 2153 μέντοι
3169 2086 3265 2139 καὶ
3296 2088 3412 2152 τοῖς
3449 2105 3695 2159 παρανο-

2104 2173 2206 2244 μίᾳ
2257 2173 2619 2244 συνεζηκόσι,
2653 2176 2749 2229 καὶ
2794 2176 2868 2247 μὴ
2927 2177 3263 2251 μεταμελείᾳ
3298 2183 3695 2253 χρησαμένοις,

2102 2267 2247 2318 κατὰ
2276 2265 2404 2330 τοὺς
2439 2267 2540 2337 τῆς
2582 2266 2845 2338 ἀληθείας
2889 2267 3052 2337 ὄρους
3092 2269 3344 2342 ἐπιφέρει
3378 2272 3481 2337 τάς
3520 2291 3695 2345 τιμω-

2102 2358 2244 2427 ρίας.
2840 2370 2845 2374 ·
3250 2382 3253 2385 ·

2175 2471 2264 2527 ια’.
2305 2490 2323 2524 ι
2360 2471 2704 2527 Ἕνεκεντοῦ
2726 2473 2994 2545 ὀνόματός
3027 2491 3147 2541 σου,
3181 2475 3355 2548 Κύριε
3379 2493 3393 2510 ·
3436 2481 3534 2532 καὶ
3585 2480 3697 2534 ἱλά-

2102 2563 2263 2634 σθητι
2293 2563 2339 2596 ⁸⁸
2368 2567 2434 2636 τῇ
2468 2566 2718 2637 ἁμαρτίᾳ
2760 2584 2862 2637 μου
2889 2581 2904 2596 ·
2938 2566 3110 2638 πολλὴ
3133 2568 3241 2640 γάρ
3277 2571 3446 2624 ἐστιν.
3490 2591 3509 2622 ι
3560 2573 3695 2641 Ἐγὼ

2101 2656 2309 2722 τοίνυν,
2332 2659 2522 2728 φησὶν,
2568 2657 2728 2710 ἵλεών
2784 2675 2845 2711 σε
2871 2658 3129 2727 γενέσθαι
3168 2663 3289 2725 ταῖς
3321 2664 3483 2733 ἐμαῖς
3507 2664 3695 2735 ἁμαρ-

2098 2748 2246 2813 τίαις
2279 2749 2609 2821 παρακαλῶ,
2638 2750 2699 2802 οὐ
2730 2748 2820 2803 διὰ
2863 2749 2962 2821 τὴν
2992 2750 3285 2805 σπουδαίαν
3309 2752 3354 2784 δ’
3384 2770 3487 2824 μου
3521 2772 3694 2825 μετα·

2105 2842 2353 2914 μέλειαν,
2380 2841 2519 2897 ἀλλὰ
2548 2840 2616 2895 δι’
2646 2843 2712 2913 ἣν
2763 2841 2908 2912 ἔχεις
2955 2841 3373 2914 φιλανθρωπίας
3420 2863 3695 2917 προσηγο-

2106 2934 2250 3006 ρίαν,
2279 2936 2375 2989 καὶ
2403 2934 2590 3005 ἐπειδὴ
2615 2932 2710 2988 τοῦ
2739 2932 2835 2987 σοῦ
2860 2934 3124 3006 ὀνόματος
3162 2935 3263 3000 τάς
3297 2937 3438 3007 ἐμάς
3468 2938 3695 3004 ἐλπίδας

2102 3026 2404 3099 ὲξήρτησα.

478 3140 498 3162 ’
536 3140 704 3196 Vsus.
739 3140 828 3204 12,
858 3139 946 3196 15.
982 3159 999 3192 ι
1034 3138 1170 3207 Quis
1200 3148 1283 3195 est
1316 3139 1481 3194 homo
1512 3138 1605 3209 qui
1634 3138 1788 3194 timet
1816 3139 1998 3195 Domi-

2174 3140 2262 3213 ιβ’,
2290 3146 2378 3210 ιγ’.
2403 3158 2421 3192 ι
2447 3138 2543 3205 Τίς
2568 3141 2715 3195 ἐστιν
2744 3140 3030 3214 ἄνθρωπος
3048 3144 3074 3196 ὁ
3091 3142 3257 3213 φοϐού
3267 3162 3429 3215 μενος
3459 3146 3561 3203 τὸν
3582 3146 3690 3203 Κύ-

409 3234 592 3293 num?
629 3234 802 3303 legem
851 3241 1055 3288 statuet
1082 3232 1132 3288 ei
1174 3232 1226 3286 in
1269 3232 1354 3287 via
1391 3247 1557 3302 quam
1587 3231 1769 3300 elegit.
1803 3232 1998 3287 Anima

408 3326 530 3395 ejus
554 3325 611 3379 in
636 3325 802 3380 bonis
823 3324 1280 3387 commorabitur,
1307 3334 1360 3378 ct
1398 3337 1586 3379 semen
1622 3322 1741 3393 ejus
1771 3323 1998 3378 haeredi-

411 3417 548 3473 tabit
597 3425 819 3471 terram.
862 3433 883 3466 ι
923 3414 1191 3484 Deinceps
1242 3413 1484 3479 instruit,
1511 3423 1566 3469 et
1594 3414 1996 3469 conducibilem

408 3509 836 3565 admonitionem
870 3507 1051 3574 aﬂ'crt,
1081 3518 1134 3562 et
1151 3507 1473 3563 timentibus
1498 3507 1789 3562 Dominum
1816 3509 1998 3565 omnis

407 3605 623 3675 generis
646 3620 805 3676 opem
832 3604 1138 3674 pollicetur.
1167 3603 1234 3658 Et
1249 3602 1379 3674 quia
1408 3604 1736 3674 multiplices
1764 3603 1997 3660 diversi-

407 3712 514 3768 qne
539 3696 830 3759 suntmodi
877 3697 967 3767 pie
1008 3695 1243 3763 vivendi,
1288 3695 1522 3752 solitarii
1557 3705 1614 3750 et
1652 3683 1995 3764 communes,

408 3798 654 3861 agrestes
700 3797 755 3845 et
790 3788 1013 3854 urbani,
1073 3787 1272 3858 privati
1297 3787 1667 3855 etmilitares,
1701 3788 1912 3861 regales
1944 3799 2000 3844 et

411 3880 758 3948 mercenarii,
779 3881 983 3935 nautici
1003 3880 1284 3946 etrustici,
1304 3881 1465 3936 ctalii
1483 3882 1638 3937 multi
1667 3892 1722 3938 et
1750 3883 1909 3950 varii,
1942 3884 1995 3938 in

345 4023 359 4037 .
408 3972 644 4045 singulis
671 3980 856 4028 autem
891 3972 1007 4029 licri
1048 3982 1227 4043 potest
1282 3982 1341 4028 ut
1365 3972 1476 4028 Deo
1510 3975 1848 4045 placeamus,
1876 3978 1999 4047 jure

408 4067 761 4138 prepheticus
791 4080 973 4123 sermo
1019 4067 1094 4121 ait
1137 4083 1151 4119 :
1208 4086 1226 4119 ι
1256 4066 1389 4134 Quis
1413 4076 1498 4124 est
1527 4068 1694 4125 homo
1718 4070 1811 4141 qui
1847 4070 2001 4126 timet

410 4159 751 4215 Dominum?
782 4159 956 4230 legem
999 4168 1202 4215 statuet
1239 4160 1289 4214 ei
1320 4160 1376 4214 in
1405 4160 1493 4215 via
1549 4176 1716 4231 quam
1747 4161 1931 4233 elegit.
1970 4179 1991 4215 ι

410 4250 674 4309 Videlicet
718 4254 772 4306 in
839 4252 930 4308 illa
986 4253 1094 4308 vita
1146 4267 1311 4323 quam
1359 4252 1469 4309 sibi
1523 4255 1759 4323 quisque
1823 4254 1995 4325 eligit,

406 4346 725 4401 commodas
745 4355 802 4401 et
827 4352 1195 4416 congruentes
1223 4344 1297 4398 illi
1323 4344 1469 4416 leges
1501 4344 1762 4415 imponet.
1795 4343 1886 4401 Sic
1908 4345 1997 4401 di-

407 4440 567 4495 vinus
593 4438 836 4496 Joannes
869 4438 1111 4509 Baptista
1142 4439 1609 4507 interrogantibus
1635 4438 1857 4509 quidem
1890 4455 1991 4510 pu-

408 4533 660 4599 blicanis,
717 4532 848 4602 quid
904 4539 1153 4603 oporteat
1200 4528 1407 4594 facere,
1441 4531 1745 4600 respondit,
1785 4550 1804 4583 ι
1849 4529 1996 4587 Nihil

407 4625 664 4697 amplius,
713 4624 874 4696 761
920 4638 1087 4697 quam
1119 4623 1269 4694 quod
1300 4622 1664 4680 constitutum
1703 4632 1788 4681 est
1817 4624 1994 4691 vobis,

2104 3250 2219 3306 ριον
2246 3250 2260 3299 ;
2293 3232 2650 3305 νομοθετήσει
2681 3233 2829 3305 αὐτῷ
2864 3236 2922 3286 ἐν
2957 3230 3117 3309 ὁδῷᾖ
3159 3236 3471 3308 ᾑρετίσατο.
3517 3241 3581 3294 Ἡ
3599 3241 3692 3312 ψυ-

2100 3325 2171 3399 χὴ
2197 3325 2363 3379 αὐτοῦ
2404 3326 2461 3379 ὲν
2506 3326 2735 3394 ἀγαθοῖς
2789 3325 3204 3394 αὑλισθήσεται,
3234 3330 3329 3382 καὶ
3380 3330 3441 3383 τὸ
3470 3332 3692 3405 σπέρμα

2100 3415 2266 3469 αὐτοῦ
2299 3416 2703 3488 κληρονομήσει
2733 3416 2858 3487 γῆν.
2907 3436 2926 3469 ι
2967 3417 3252 3473 Ἐντεῦθεν
3279 3421 3324 3452 ⁶⁰
3360 3422 3689 3492 εἰσηγεῖται,

2101 3513 2197 3562 καὶ
2230 3508 2329 3580 τὴν
2356 3509 2684 3580 ὀνησιφόρον
2715 3510 3018 3581 προσφέρει
3061 3511 3412 3582 παραίνεσιν,
3443 3516 3548 3569 καὶ
3587 3517 3692 3579 τοῖς

2099 3602 2190 3656 τὸν
2223 3602 2426 3675 Κύριον
2462 3602 2823 3673 φοϐουμένοις
2866 3603 2968 3673 τὴν
3011 3605 3364 3678 παντοδαπὴν
3409 3609 3691 3680 ἐπαγγέλ-

2099 3697 2250 3752 λεται
2283 3698 2560 3770 πρόνοιαν.
2589 3698 2699 3752 Καὶ
2731 3696 2921 3770 ἐπειδὴ
2953 3697 3140 3752 πολλοὶ
3173 3701 3268 3753 καὶ
3305 3700 3567 3774 διάφοροι
3599 3704 3692 3774 τῆς

2100 3791 2382 3853 εὐσεϐείας
2413 3792 2462 3844 oi
2507 3790 2635 3861 βίοι,
2675 3790 2958 3861 μοναδικοὶ
2991 3792 3034 3824 ³¹
3066 3792 3160 3847 καὶ
3190 3796 3530 3863 κοινωνικοὶ,
3568 3799 3693 3869 ἐρη-

2104 3885 2254 3959 μικοὶ
2276 3885 2319 3916 ⁵³
2353 3884 2443 3938 καὶ
2501 3882 2792 3949 πολιτικοὶ,
2828 3883 3088 3938 ἰδιωτικοὶ
3137 3887 3231 3940 καὶ
3273 3889 3689 3958 στρατιωτικοὶ,

2102 3978 2375 4051 βασιλικοὶ
2399 3977 2494 4031 καὶ
2512 3977 3029 4048 ἀποχειροϐιωτικοὶ
3051 3978 3120 4043 ⁸³,
3139 3980 3387 4033 ναυτικοὶ
3405 3982 3506 4036 καὶ
3524 4000 3693 4055 γεωρ-

2099 4073 2269 4141 γικοὶ,
2306 4072 2403 4126 καὶ
2432 4070 2484 4123 oi
2521 4069 2672 4123 ἄλλοι
2701 4069 2886 4123 πολλοὶ
2930 4071 3025 4123 καὶ
3066 4070 3315 4144 διάφοροι
3342 4089 3356 4102 °
3383 4075 3441 4127 ὲν
3476 4076 3694 4147 ἑκάστῳ

2098 4163 2156 4218 δὲ
2183 4163 2283 4235 βίῳ
2311 4162 2539 4219 δυνατὸν
2581 4161 2782 4235 ἀρέσαι
2842 4161 2962 4232 Θεῷ
3004 4163 3231 4227 είκότως
3279 4165 3308 4218 ὁ
3349 4169 3693 4240 προφητικὸς

2099 4256 2204 4330 ἔφη
2239 4257 2419 4326 λόγος·
2461 4274 2481 4309 ι
2509 4256 2607 4320 Τίς
2640 4258 2789 4310 ἐστιν
2843 4254 3134 4329 ἄνθρωπος
3167 4259 3194 4310 ὁ
3219 4258 3569 4331 φοϐούμενος
3604 4260 3693 4314 τὸν

2099 4352 2342 4424 Κύριονς
2384 4351 2742 4422 νομοθετήσει
2800 4350 2951 4421 αὐτῴ
2998 4352 3054 4405 ἐν
3092 4350 3198 4421 ὁδῷ
3310 4353 3631 4424 ᾑρετίσατο.
3666 4371 3684 4403 ι

2111 4443 2259 4497 Ἀντὶ
2288 4442 2407 4508 τοῦ,
2439 4443 2497 4495 ἐν
2526 4442 2723 4514 ἐκείνῳ
2758 4441 2835 4513 τῷ
2868 4442 2988 4513 βίῳ,
3021 4442 3080 4497 ὃν
3104 4442 3149 4475 ⁸⁸
3179 4443 3450 4514 βιοτεύειν
3483 4449 3690 4510 ἐκεῖνος

2102 4538 2447 4607 προαιρεῖται
2476 4535 2545 4598 ⁵⁸,
2572 4536 2700 4599 τοὺς
2738 4537 3043 4606 προσφυεῖς
3095 4535 3248 4608 αὑτῷ
3289 4538 3385 4592 καὶ
3418 4538 3690 4611 ἁρμόζον-

2102 4643 2203 4691 τας
2230 4626 2389 4698 θήσει
2419 4625 2465 4658 ⁵⁸
2487 4625 2706 4696 νόμους.
2743 4624 2934 4690 Οὕτως
2959 4625 3004 4658 ⁸⁷
3027 4627 3056 4681 ὁ
3097 4626 3242 4693 θεῖος
3271 4628 3318 4660 ⁵⁸
3360 4629 3624 4703 Ἰωάννης
3663 4630 3689 4682 ὁ

1512 4857 1748 4915 νΑΙῖΙΑΞ
1781 4857 2172 4915 LECTIONES
2210 4856 2300 4912 ET
2342 4855 2582 4916 NOTAE.

477 5016 523 5049 ⁸ο
549 5013 693 5083 Γὰρ.
736 5015 902 5071 Abest
932 5014 1001 5072 ab
1030 5025 1269 5088 utroque
1296 5010 1506 5084 codice,
1549 5016 1601 5070 in
1629 5031 1740 5087 quo
1763 5017 1998 5088 ἀγαθότη

480 5085 607 5142 sito.
682 5084 727 5117 ⁸¹
751 5086 1087 5142 Εὑθύε.εοι1.
1107 5089 1134 5142 1
1157 5088 1307 5142 addit
1336 5088 1467 5142 γάρ.
1546 5088 1595 5119 ⁸³
1621 5089 1691 5142 Ἦ
1713 5088 1998 5142 ἁπλότης.

2107 5016 2365 5088 [ρώμενος
2389 5014 2823 5087 praecedentibus
2843 5016 3117 5141 jungitur,
3161 5016 3280 5073 colo
3315 5017 3382 5073 ad
3402 5018 3687 5091 χρώμενος

2107 5092 2157 5141 ιι.
2183 5087 2219 5140 2
2237 5087 2270 5142 ἢ
2295 5087 2622 5142 ἁπλότητος.
2712 5086 2760 5118 ⁴³
2783 5086 2906 5142 cod.
3004 5087 3379 5142 ὑποδεικνύει.
3457 5089 3507 5122 ⁸⁸
3535 5093 3687 5142 01-

408 5085 611 5159 posito.
682 5084 727 5117 “
751 5086 1087 5159 Ebﬂécmod.
1107 5089 1134 5143 1
1157 5084 1307 5143 addit
1336 5088 1467 5159 γάρ.

1546 5088 1595 5119 ι·
1621 5089 1691 5142 Ἦ
1713 5087 2157 5160 dammam,
2183 5087 2270 5160 an
2295 5087 2622 5160 ἁπλότητος·

2712 5086 2760 5118 ⁴³
2783 5086 2906 5143 cod.
2939 5086 2974 5141 2
3004 5087 3379 5148 ὑποδεικνύει.
3403 5086 3507 5122 ’Ἶδ
3529 5086 3687 5142 01-

405 5154 1040 5245 τιμωρίαις.(Ξειιικδῐίοεἒ
1065 5159 1180 5214 haec
1208 5154 1500 5245 paucis'ita
1528 5154 1946 5245 complectituri
1990 5159 1998 5177 ‘

2107 5158 2195 5212 πῶν
2232 5154 2393 5238 ἱερῶν
2427 5154 3053 5245 ἐντρυιφώμενρςιλόγωιν
3079 5157 3346 5245 μανθάνει
3373 5161 3491 5223 τοῖς
3520 5176 3687 5241 μετα-

405 5226 584 5311 νοούσι
615 5228 710 5311 τὲν
738 5226 969 5311 Σωτῆρα
994 5226 1141 5311 ἔλεον
1171 5226 1265 5282 καὶ
1295 5231 1633 5311 συγγνώμην
1655 5226 2392 5311 παρέχοντα,.σξεφανοῦντα
2418 5226 2535 5308 καὶὴ
2547 5226 2649 5311 σῦν
2678 5228 2913 5311 ἀληθεία
2942 5228 3039 5311 καὶ
3062 5226 3394 5311 κρίσει-τοίη
3416 5226 3684 5311 νικῷντας

405 5297 464 5350 ιν
507 5297 829 5370 ἁρετῇμκαῖ
857 5298 985 5360 τοὺς
1013 5298 1088 5370 μὴ
1122 5297 1532 5369 μετανοοῦντας
1549 5297 1869 5363 κολάζοντα.

404 5367 613 5424 οοάζῖ.
654 5367 732 5400 ⁷⁷⁸⁷
763 5367 1133 5435 Οἰκονομίαι.
1159 5370 1281 5423 cod.
1318 5370 1344 5423 1
1380 5372 1612 5442 κρίσεις,
1655 5372 1892 5439 ascripta
1932 5376 1998 5424 tat

404 5439 525 5492 Ald.
555 5448 610 5493 et
634 5436 844 5494 Compl.
886 5435 1015 5491 nec.
1052 5437 1212 5492 lectio
1244 5450 1327 5494 est
1360 5441 1539 5494 ἱλάσῃ.
1648 5440 1694 5473 ἰθ
1728 5440 1853 5494 Τὴν
1872 5455 1996 5493 σπο

2107 5387 2114 5423 ι
2165 5367 2337 5424 altera
2396 5370 2649 5425 lectione.
2759 5367 2808 5400 ⁸⁸
2845 5367 2983 5423 Ἵλάι

2107 5440 2238 5493 ιιάν.
2277 5439 2400 5494 cod.
2428 5439 2464 5493 2
2511 5441 2611 5494 τὴν
2644 5440 2742 5494 τῆς
2785 5439 2983 5494 σπουδῆ

404 5439 525 5492 Ald.
555 5448 610 5493 et
634 5439 844 5507 Compl.
886 5439 1015 5491 llec.
1052 5439 1212 5492 lectio
1244 5450 1327 5495 est
1360 5439 1539 5514 ἱλάσῃ.
1648 5440 1694 5473 ’⁵³
1728 5440 1853 5509 Τὴν
1872 5455 1996 5493 σπο

403 5508 713 5582 amor-oratr.
763 5509 895 5582 Haec
925 5508 1067 5576 apud
1102 5506 1266 5582 (Iord.
1300 5526 1351 5579 p.
1387 5513 1522 5580 456,
1558 5515 1844 5582 sequentia
1885 5520 1998 5565 aute

2107 5440 2238 5493 ιιάν.
2277 5439 2400 5494 cod.
2428 5439 2464 5493 2
2511 5441 2611 5511 τὴν
2644 5440 2742 5507 τῆς
2785 5439 3043 5509 σπουδῆς.

2127 5527 2179 5581 p.
2208 5510 2335 5571 445,
2358 5518 2596 5565 exstant.
2624 5579 2640 5582 _
2672 5511 2717 5582 ¹ξ¹
2757 5508 3043 5582 Μοναδικς

404 5439 525 5514 Ald_.
555 5448 610 5493 et
634 5436 844 5514 Compl.
886 5435 1015 5491 nec.
1052 5437 1327 5514 lectioest
1360 5435 1539 5514 ἱλάσῃ.

1965 5298 2012 5332 ⁸⁸
2038 5296 2167 5367 ινφ
2196 5296 2509 5368 διηνεκῶς.
2547 5297 2672 5355 Des.
2724 5296 2936 5368 idcod.
2960 5299 3032 5368 45.
3106 5296 3156 5330 “
3198 5298 3414 5368 Ἠμῶν.
3452 5300 3627 5355 Abest
3654 5312 3682 5350 a

2759 5366 2808 5400 ⁸⁸
2845 5366 3171 5438 Ἰλάσθητι.
3222 5366 3298 5423 Ita
3336 5369 3543 5424 habent
3597 5370 3682 5423 ed.

3146 5439 3193 5472 ⁸⁰
3267 5438 3591 5493 Ἐντεῦθεν
3615 5466 3686 5480 —-

2127 5527 2179 5581 p.
2208 5510 2335 5571 445,
2358 5507 2596 5565 exstant.
2626 5579 2639 5581 _
2672 5511 2717 5581 εί
2757 5507 3083 5581 Μοναδιίκοὶ
3114 5539 3187 5553 ---
3214 5509 3510 5579 διάφοροι.
3553 5507 3681 5581 Des.

404 5578 546 5659 Ellill'ti
571 5577 736 5659 th‘d.
762 5581 894 5659 loto
921 5577 1234 5659 posteriori.
1266 5577 1356 5659 ﬂ“
1380 5577 1685 5659 Ἐρήμικὸζ
1715 5622 1728 5636 .
1759 5582 1928 5659 Abest
1957 5596 1987 5634 a

2107 5577 2262 5659 Ιξ-1.Δ
2284 5581 2349 5659 ⁸⁸³
2375 5582 2496 5636 cod.
2533 5583 2582 5645 1,
2618 5579 2651 5633 Ξ
2674 5579 3153 5659 όιπρχειρωϐιότοιζ
3212 5581 3270 5659 ξι
3307 5577 3436 5659 “pr.
3469 5578 3684 5659 coqui!

489 5638 585 5724 ᾤ’-
632 5646 677 5678 ⁸⁸
709 5650 831 5724 coll.
853 5651 899 5724 ἓ
921 5638 1184 5724 ἓκίρεῖται·
1262 5651 1309 5684 ⁵⁸
1337 5638 1635 5711 οοιίῖι.”ιι“θε
1660 5654 1799 5724 Aug.
1841 5652 2048 5723 τίθησι.

401 5713 449 5747 ⁸⁸
479 5714 667 5780 Θεῖος.
697 5718 818 5772 cod.
851 5722 883 5775 '5
917 5713 1222 5780 θεσπέσιος.

2148 5652 2192 5686 ⁸⁷
2227 5652 2446 5719 Οὕτως.
2475 5681 2548 5693 --
2584 5648 2813 5722 τροφῇ.
2842 5648 2969 5706 υοε.
3012 5651 3159 5720 apud
3206 5649 3372 5707 Cord.
3430 5664 3486 5719 p.
3551 5648 3679 5704 M5.
