4004 6216
402 275 537 342 1043

1387 282 1879 345 THEODORETI
1918 283 2262 347 EPISCOPI
2294 287 2666 350 CYRENSIS

3549 289 3678 357 1044

399 404 564 449 tatem
587 406 788 460 meam,
817 400 872 448 et
906 393 1151 450 laborem
1177 408 1383 462 meum,
1413 405 1467 451 et
1492 396 1705 452 dimitte
1730 396 1977 453 universa

2090 399 2427 456 ταπείνωσιν
2449 418 2576 473 μου,
2623 402 2717 456 καὶ
2752 400 2845 456 τὸν
2889 401 3060 458 κόπον
3089 418 3215 473 μου,
3249 400 3346 458 καὶ
3382 402 3526 473 ἄφες
3573 410 3675 463 πά-

396 487 593 542 dclicta
645 501 788 542 mea.
828 506 847 538 ι
894 482 1091 551 Multae,
1140 487 1337 558 inquit,
1384 486 1711 545 aﬂlictiones
1760 504 1849 546 me
1879 490 1988 546 cir-

398 589 696 637 cumstant.
751 581 886 636 Cum
916 579 1083 653 igitur
1133 580 1279 638 hanc
1324 597 1503 638 meam
1535 583 1897 654 abjeetionem
1935 594 1992 641 et

398 669 678 726 miseriam
730 670 867 727 meis
921 672 1163 743 peccatis
1223 673 1559 744 rependeris,
1612 674 1852 730 concede
1902 689 1990 730 re-

398 763 742 832 missionem,
777 772 943 836 atque
974 766 1187 821 veniam
1221 766 1424 838 praebe.

380 996 383 999 ,
468 947 635 1005 Vens.
688 948 775 1004 19.
833 967 852 1001 ι
899 944 1127 1019 Respice
1175 947 1436 1004 inimicos
1487 962 1662 1016 meos,
1720 951 1984 1021 quoniam

398 1045 749 1117 multiplicati
800 1055 947 1111 sunt,
992 1052 1047 1100 et
1077 1044 1203 1100 odio
1237 1044 1428 1116 iniquo
1461 1046 1700 1101 oderunt
1729 1060 1836 1101 me.
1875 1064 1895 1098 ι
1928 1045 1987 1102 Si

396 1155 507 1195 non
531 1140 739 1204 videor,
768 1139 867 1204 ait,
888 1139 1084 1209 dignus
1105 1137 1468 1206 humanitate,
1495 1154 1620 1194 cum
1645 1139 1846 1196 talibus
1866 1155 1985 1197 ma-

395 1231 466 1288 lis
487 1233 808 1301 colluctans,
834 1233 1018 1290 saltem
1036 1232 1268 1303 injustas
1299 1232 1645 1290 inimicorum
1668 1233 1987 1291 inimicitias

397 1327 762 1398 conspiciens,
797 1325 1191 1382 misericordia:
1221 1326 1543 1398 participem
1569 1327 1731 1399 763
1757 1343 1843 1384 me
1872 1327 1982 1386 iac.

400 1418 460 1476 In
489 1428 540 1477 te
567 1420 715 1478 enim
762 1419 1008 1492 peccavi,
1035 1435 1159 1477 eum
1178 1428 1270 1476 tua
1300 1430 1572 1493 praecepta
1607 1430 1986 1494 transgressus

399 1513 502 1570 sim
534 1532 550 1570 :
589 1514 664 1569 illi
696 1523 904 1577 autem.
955 1529 1081 1570 cum
1113 1513 1254 1571 nihil
1288 1515 1423 1571 mihi
1454 1515 1588 1572 vitio
1618 1524 1831 1572 vertere
1858 1531 1985 1588 pos-

396 1606 529 1670 sint.
578 1606 782 1678 injuste
819 1606 1018 1663 bellum
1054 1616 1270 1679 gerunt.

466 1696 628 1755 Vens.
661 1699 754 1755 20.
802 1718 821 1752 ι
855 1700 1086 1757 Custodi
1111 1702 1352 1757 animam
1383 1716 1582 1768 meam,
1610 1710 1666 1759 et
1691 1717 1824 1758 erue
1852 1717 1977 1771 me;

2092 508 2194 556 σας
2221 493 2324 557 τὰς
2359 495 2652 566 ἀνομίας⁸⁵
2688 512 2813 567 μου.
2848 513 2869 548 ι
2907 494 3153 562 Πολλοῖς,
3180 498 3368 568 φησὶν,
3406 495 3670 567 ἀλγεινοῖς

2091 587 2432 658 πανταχόθεν
2462 589 2969 661 περιστοιχίζομαι.
2996 586 3218 659 Ταύτην
3246 605 3351 659 μου
3375 588 3553 644 τοίνυν
3573 590 3669 663 τὴν

2087 679 2445 745 ταπείνωσιν,
2479 681 2576 735 καὶ
2618 682 2719 753 τὴν
2763 680 3173 752 ταλαιπωρίαν,
3205 681 3328 745 ταῖς
3377 681 3535 750 ἐμαῖς
3574 683 3671 735 ἀν-

2088 772 2520 838 τιταλαντεύσας
2544 774 2938 846 παρανομίαις,
2967 773 3058 837 δὸς
3082 770 3183 844 τὴν
3209 772 3426 841 ἄφεσιν,
3455 775 3549 827 καὶ
3572 771 3671 844 τὴν

2089 866 2427 937 συγγνώμην
2462 867 2741 938 παράσχε.

2161 960 2248 1015 ιϐ’.
2291 977 2311 1012 ι
2353 958 2462 1015 Ἴδε
2490 959 2619 1025 τοὺς
2670 959 2905 1032 ἐχθρούς
2941 974 3068 1032 μου,
3109 957 3198 1013 ὅτι
3226 955 3670 1029 ὲπληθύνθησαν,

2087 1052 2183 1107 καὶ⁵
2215 1055 2375 1124 μῖσος
2412 1052 2600 1108 ἄδικον
2641 1052 2913 1124 ὲμίσησάν
2949 1069 3042 1125 με.
3085 1068 3108 1106 ι
3136 1051 3203 1105 El
3247 1051 3323 1122 μὴ
3359 1049 3505 1104 δοκῶ
3528 1089 3544 1117 ,
3566 1067 3671 1123 φη⁴

2087 1145 2194 1212 σὶν,
2235 1146 2389 1214 ἄξιος
2439 1141 2583 1200 εἶναι
2631 1146 3069 1219 φιλανθρωπίας,
3103 1143 3386 1208 τοσούτοις
3418 1160 3673 1215 προσπα-

2084 1239 2254 1295 λαίων
2291 1242 2503 1307 κακοῖς,
2533 1238 2635 1310 τὴν
2667 1239 2857 1293 ἄδικον
2890 1237 3025 1308 γοῦν
3080 1235 3192 1293 τῶν
3232 1235 3519 1307 πολεμίων
3566 1236 3672 1293 ἀπ·

2083 1330 2302 1401 ἐχθειαν
2325 1330 2682 1403 θεασάμενος,
2706 1330 3125 1404 φιλανθρωπίας
3174 1328 3429 1400 μετάδος.
3470 1327 3569 1391 Εἰς
3614 1327 3672 1381 σὲ

2084 1422 2196 1494 γάρ
2224 1425 2659 1496 ὲπλημμέλησα,
2693 1424 2792 1490 τὰς
2823 1423 2922 1489 σάς
2966 1420 3380 1495 παραϐεϐηκὼς
3403 1420 3632 1485 ἐντολάς
3653 1435 3668 1449 °

2083 1516 2288 1572 ἐκεῖνοι
2307 1515 2365 1569 δὲ
2388 1516 2559 1588 μηδὲν
2585 1514 2842 1585 ἐγκαλεῖν
2899 1514 3118 1585 ιχοντες
3134 1553 3152 1581 ,
3189 1511 3532 1584 πολεμοῦσιν
3558 1510 3673 1566 ἀδί-

2084 1626 2218 1674 κως.

2153 1708 2223 1757 κ’.
2269 1720 2289 1755 ι
2316 1701 2559 1767 Φύλαξον
2586 1700 2685 1773 τὴν
2713 1701 2898 1773 ψυχήν
2931 1717 3058 1771 μου,
3106 1699 3203 1754 καὶ
3242 1698 3403 1771 ῥῦσαί
3442 1715 3550 1771 με’
3602 1699 3672 1770 μὴ

394 1805 505 1846 non
532 1792 877 1859 erubescam,
904 1794 1165 1863 quoniam
1197 1796 1412 1865 speravi
1444 1796 1498 1850 in
1531 1803 1605 1851 te.
1635 1814 1654 1847 ι
1688 1795 1801 1851 Etsi
1829 1798 1975 1853 enim

2088 1792 2623 1865 καταισχυνθείηνθθ,
2649 1794 2733 1847 ὅτι
2764 1792 3193 1864 ὲπεκαλεσάμην
3224 1807 3283 1847 σε
3300 1792 3369 1847 ⁸⁷.
3400 1810 3421 1846 ι
3479 1793 3543 1846 Et
3570 1790 3674 1863 γὰρ

393 1881 606 1953 aliquas
668 1891 884 1937 tuarum
916 1884 1097 1954 legum
1129 1894 1507 1956 transgressus
1546 1902 1692 1953 sum,
1734 1894 1918 1942 tamen
1946 1902 1979 1943 a

392 1986 485 2031 tua
522 1976 863 2046 providentia
910 1978 1180 2048 meipsum
1227 1995 1335 2034 non
1376 1980 1662 2050 separavi:
1691 1989 1978 2052 proritet-ea

391 2084 615 2139 quoque
657 2077 718 2124 ut
752 2069 821 2126 ab
850 2069 1101 2127 hostibus
1132 2071 1353 2140 liberer,
1389 2081 1445 2129 et
1483 2083 1541 2129 ut
1571 2089 1864 2131 conscrver
1881 2074 1973 2131 ob-

392 2174 575 2216 SCOI‘O.

471 2252 632 2312 Vens.
668 2256 759 2311 Ἦ.
797 2275 815 2309 ι
851 2257 1174 2316 lnnoccntes
1195 2268 1252 2317 et
1283 2260 1415 2317 recti
1437 2261 1785 2316 adhaeserunt
1816 2260 1974 2326 mihi,

390 2347 518 2416 quia
579 2348 887 2417 exspectavi
939 2356 1011 2403 te.
1061 2368 1081 2401 ι
1136 2348 1204 2404 Ει
1251 2351 1357 2406 hoc
1419 2351 1702 2422 proprium
1756 2350 1977 2406 virtutis

390 2450 479 2497 est
516 2440 887 2511 improborum
930 2443 1383 2500 consuetudinem
1424 2442 1554 2500 odio
1595 2443 1838 2509 habere;
1879 2458 1976 2499 eos

389 2549 522 2589 vero
545 2530 638 2599 qui
661 2529 1027 2599 aequalitatem
1051 2531 1346 2603 honorant,
1364 2547 1419 2592 et
1449 2537 1778 2594 rectitudine
1807 2544 1976 2593 utun-

388 2634 500 2691 tur,
538 2634 592 2680 et
619 2641 650 2680 a
684 2620 895 2682 malitia
924 2624 955 2661 ¥
987 2625 1141 2681 liberi
1193 2636 1346 2695 sunt,
1380 2628 1505 2696 hos,
1535 2631 1783 2701 inquam,
1818 2629 1977 2686 tami-

388 2718 551 2775 Iiares
582 2729 635 2774 et
650 2719 858 2787 amicos
882 2717 1099 2774 habere.
1135 2715 1251 2775 Hoc
1279 2730 1459 2776 autem
1498 2722 1763 2793 propheta
1796 2737 1856 2779 se
1888 2721 1973 2779 l'e-

389 2811 532 2868 cisse
578 2811 676 2878 ait,
738 2820 999 2884 tanquam
1058 2811 1113 2867 in
1156 2811 1273 2869 hoe
1319 2812 1615 2871 Dominum
1653 2816 1837 2873 colere
1854 2815 1976 2873 exi-

387 2904 642 2961 stimans.

459 2998 623 3053 Vens.
678 2998 769 3057 ΕΞ.
807 3019 826 3052 ι
858 2999 1082 3071 Libera,
1118 2999 1283 3067 Deus,
1326 2999 1580 3058 lsraelem
1609 3019 1676 3059 ex
1717 3005 1976 3062 omnibus

2081 1882 2175 1938 καί
2205 1901 2358 1949 τινας
2389 1883 2499 1937 τῶν
2543 1883 2652 1937 σῶν
2687 1881 3058 1954 παραϐέϐηκα
3097 1881 3283 1953 νόμων
3304 1921 3321 1946 ,
3369 1881 3494 1936 ἀλλ’
3526 1877 3671 1937 οὖν⁸⁵

2079 1976 2180 2048 τῆς
2207 1978 2308 2049 σῆς
2339 1975 2578 2048 ἐμαυτὸν
2625 1975 2729 2030 οὐκ
2776 1973 3020 2046 ἑχώρισα
3051 1973 3399 2046 προμηθείας
3418 1989 3442 2006 ⁶
3479 1974 3559 2028 διὸ
3585 1972 3672 2028 καὶ

2082 2069 2350 2144 ρυσθῆναι
2382 2069 2492 2124 τῶν
2532 2068 2938 2141 πολεμούντων,
2977 2067 3073 2123 καὶ
3113 2067 3460 2139 φυλαχθῆναι
3489 2084 3663 2140 παρα-

2081 2161 2258 2219 καλῶ.

2151 2236 2259 2311 καί
2304 2272 2324 2307 ι
2352 2255 2586 2310 ’Δκακοι
2623 2253 2719 2309 καὶ
2760 2251 2939 2318 εὐθεῖς
2967 2251 3269 2308 ὲκολλῶντό
3297 2268 3416 2323 μοι,
3450 2252 3533 2305 ὅτι
3566 2250 3666 2305 6:»-

2078 2345 2273 2416 ἐμεινά
2319 2362 2403 2411 σε,
2436 2344 2630 2416 Κύριε.
2679 2364 2698 2398 ι
2754 2344 2864 2398 Καὶ
2907 2342 3069 2398 τοῦτο
3085 2343 3133 2377 ⁸⁸
3166 2342 3299 2400 ἴδιον
3349 2342 3580 2414 ἀρετῆς.
3612 2340 3668 2396 τὸ

2081 2441 2259 2510 μισεῖν
2289 2439 2389 2511 μὲν
2417 2438 2525 2492 τῶν
2572 2436 2793 2510 φαύλων
2829 2438 2931 2503 τὰς
2977 2436 3291 2503 συνουσίας,
3325 2437 3464 2500 τοὺς
3488 2436 3546 2491 δὲ
3576 2434 3667 2507 τὴν

2081 2532 2303 2605 ἰσότητα
2332 2531 2631 2604 τιμῶντας,
2662 2531 2758 2585 καὶ
2785 2529 3044 2601 εύθύτητι
3073 2530 3422 2603 χρωμένους,
3450 2529 3545 2584 καὶ
3574 2545 3666 2582 κα-

2076 2626 2202 2689 κίας
2269 2624 2760 2696 ἀπηλλαγμένους,
2815 2620 3069 2694 συνήθεις
3119 2621 3266 2693 ἔχειν
3314 2622 3422 2677 καὶ
3469 2621 3664 2691 φίλους.

2078 2718 2253 2772 Τοῦτο
2269 2719 2316 2751 ⁹⁰
2347 2717 2454 2788 γὰρ
2485 2716 2580 2772 καὶ
2609 2718 2637 2770 ὁ
2668 2715 2958 2787 προφήτης
2986 2715 3092 2786 ἔφη
3146 2716 3538 2788 πεποιηκέναι,
3576 2713 3666 2770 ατε

2076 2811 2143 2883 δὴ
2177 2808 2500 2883 θεραπεύειν
2527 2809 2643 2863 sv“
2686 2807 2863 2879 τούτῳ
2890 2808 2955 2881 δὴ
2970 2810 3017 2843 ⁹²
3055 2808 3150 2862 τὸν
3187 2807 3480 2880 Δεσπότην
3508 2803 3665 2879 ἡγού-

2123 2920 2260 2966 ενος.

2080 2921 2260 3063 μεζέῗ..
2281 3012 2299 3046 ι
2325 2992 2634 3063 Λύτρωσαι,
2664 2992 2693 3045 ὁ
2717 2992 2877 3058 Θεὸς,
2903 2992 2996 3046 τὸν
3022 2991 3238 3064 Ἰσραὴλ
3265 2991 3331 3046 lx
3352 2992 3549 3048 πασῶν
3565 2991 3664 3046 τῶν

389 3089 838 3147 tribulationibus
875 3092 1041 3147 illius.
1086 3112 1105 3144 ι
1151 3092 1279 3148 Haec
1308 3094 1622 3164 deprecatio
1656 3095 1767 3151 Deo
1792 3098 1973 3153 oblata

2088 3084 2311 3156 θλίψεων
2341 3084 2529 3140 αὐτοῦ,
2557 3106 2577 3139 ι
2608 3084 2886 3139 Βασιλεῖ⁹³
2908 3085 3194 3157 πρέπουσα
3223 3086 3258 3157 ἡ
3286 3085 3665 3159 προσενεχθεῖ-

389 3183 505 3255 regi
537 3183 815 3239 convenit.
840 3183 1005 3240 Decet
1030 3185 1177 3239 enim
1205 3201 1357 3254 eum,
1387 3186 1481 3256 qui
1516 3186 1569 3240 in
1590 3186 1820 3257 imperio
1843 3203 1975 3242 con-

390 3276 616 3331 stitutus
648 3283 753 3341 est,
785 3276 852 3331 de
879 3276 1114 3333 subditis
1137 3292 1357 3333 omnem
1386 3293 1575 3333 curam
1603 3294 1815 3350 gerere.
1844 3278 1977 3335 Pro-

388 3378 575 3439 pterea
616 3368 809 3439 beatus
842 3367 1014 3425 David
1045 3384 1150 3425 non
1181 3377 1391 3424 tantum
1424 3385 1525 3441 pro
1554 3386 1615 3427 se
1646 3386 1836 3441 preces
1874 3370 1973 3427 ob-

388 3462 536 3529 tulit,
562 3477 752 3517 verum
785 3462 948 3517 etiam
984 3475 1085 3533 pro
1114 3463 1317 3533 populo
1339 3461 1440 3518 sibi
1469 3464 1794 3531 commisso,
1829 3473 1975 3519 tam-o

387 3555 493 3610 etsi
542 3554 596 3609 in
652 3554 772 3623 ejus
805 3555 896 3625 qui
952 3554 1090 3610 bene
1137 3555 1510 3627 praeclareque
1572 3566 1771 3628 regnat
1800 3558 1978 3614 salute

390 3647 706 3703 communis
756 3647 965 3702 utilitas
1007 3647 1191 3717 populi
1232 3648 1506 3704 consistit.
1549 3650 1761 3706 [labent
1793 3660 1975 3708 autem

390 3748 446 3794 et
481 3739 648 3793 alium
689 3753 910 3794 sensum
954 3738 1071 3794 haec
1098 3740 1283 3794 verba.
1318 3739 1534 3798 Divisus
1562 3752 1680 3799 erat
1707 3742 1893 3809 Israel,
1924 3753 1979 3799 et

393 3844 643 3900 tempore
697 3831 901 3895 Saulis,
936 3840 992 3887 et
1023 3831 1457 3903 Memphiboslae,
1490 3842 1546 3889 et
1585 3835 1891 3892 Absalomi;
1917 3836 1978 3892 Si

392 3925 561 3995 igitur
615 3934 790 3988 tuum.
841 3925 1042 3996 inquit,
1081 3927 1350 3982 auxilium
1385 3926 1548 4001 764
1585 3944 1975 4000 consequerer,

391 4028 447 4071 et
509 4015 698 4071 hostes
750 4029 1087 4087 superarem,
1138 4028 1193 4073 et
1232 4018 1350 4089 ipse
1396 4019 1563 4075 Israel
1588 4022 1747 4079 civile
1775 4023 1975 4079 bellum

393 4108 596 4175 ﬁniret,
655 4123 845 4180 pacem
892 4108 1182 4176 obtineret,
1236 4120 1290 4167 et
1334 4111 1493 4169 bonis
1523 4115 1783 4171 omnibus
1828 4117 1976 4173 frue-

390 4213 564 4260 I‘L‘llﬂ‘.

779 4531 1055 4589 INTERP.
1118 4532 1374 4589 PSALMI
1416 4533 1582 4592 XXV.

463 4667 627 4723 Vens.
676 4671 729 4722 1.
767 4684 789 4719 ι
833 4667 1086 4723 Psalmus
1124 4665 1335 4721 Davidi.
1377 4686 1395 4720 ι
1433 4666 1497 4722 Ει
1525 4667 1673 4724 hunc
1702 4670 1972 4739 psalmum

391 4758 612 4815 divinus
641 4760 810 4815 David
831 4760 901 4815 de
926 4762 1111 4831 seipso
1138 4761 1346 4816 dixisse
1407 4761 1542 4816 mihi
1577 4762 1793 4818 videtur
1818 4782 1831 4818 :
1858 4766 1977 4820 exi-

393 4854 557 4909 stimo
573 4863 754 4911 autem
777 4853 924 4912 hunc
941 4865 1066 4913 ante
1086 4856 1478 4928 princedcntem
1499 4856 1765 4926 scriptum
1784 4857 1974 4916 fuisse.

2079 3195 2147 3232 σα
2179 3176 2257 3249 τῷ
2287 3176 2408 3248 Θεῷ
2439 3177 2740 3248 προσευχή.
2773 3177 3049 3247 Πῳσήκει
3086 3177 3199 3249 γὰρ
3229 3176 3320 3232 τὸν
3351 3178 3552 3248 ἄρχειν
3586 3192 3665 3231 τε·

2073 3271 2368 3342 ταγμένον,
2414 3272 2595 3325 πᾶσαν
2640 3270 3034 3343 ποιήσασθαι⁹⁸
3063 3270 3173 3324 τῶν
3210 3270 3668 3342 ύπηκόων.κηδε-

2078 3364 2290 3434 μονίαν.
2344 3363 2445 3419 Διά
2476 3380 2559 3418 τοι
2607 3362 2768 3418 τοῦτο
2805 3364 2900 3418 καὶ
2941 3366 2969 3418 ὁ
3017 3362 3342 3434 μακάριος⁹⁶
3391 3364 3573 3428 Δασὶδ,
3611 3363 3669 3419 οὐ

2079 3459 2241 3528 μόνον
2272 3455 2415 3527 ὑπὲρ
2444 3455 2642 3511 ἑαυτοῦ
2659 3458 2707 3491 9⁸
2750 3456 3117 3528 προσενήνοχε
3161 3454 3260 3528 τὴν
3309 3456 3510 3530 εὐχὴν,
3544 3456 3671 3512 ἀλλὰ

2076 3552 2172 3606 καὶ
2221 3550 2363 3621 ὑπὲρ
2416 3550 2901 3622 ὲγκεχειρισμένου
2935 3548 3065 3604 λαοῦ
3085 3568 3100 3584 ⁸
3148 3551 3393 3615 ᾶλλως⁹⁷
3425 3568 3484 3606 τε
3517 3550 3662 3622 καὶή

2074 3642 2171 3698 τοῦ
2198 3640 2258 3698 εὖ
2306 3643 2402 3697 καὶ
2454 3642 2638 3706 καλῶς
2670 3641 3055 3713 βασιλεύοντος
3102 3643 3355 3714 σωτηρία
3389 3646 3543 3717 κοινὴ
3574 3643 3661 3699 τοῦ

2075 3736 2204 3792 λαοῦ
2240 3737 2582 3808 καθέστηκεν
2602 3737 2648 3769 ³⁸
2678 3736 2935 3805 ὠφέλεια.
2975 3737 3127 3808 Ἔχει
3155 3737 3212 3791 δὲ
3241 3738 3341 3792 καὶ
3373 3740 3564 3812 ἑτέραν
3587 3739 3664 3791 ἔν-

2076 3846 2227 3884 νοιαν
2281 3830 2343 3884 τὸ
2393 3830 2578 3902 ῥητόν.
2631 3829 2867 3901 Διῄρητο
2909 3831 2937 3884 ὁ
2985 3829 3227 3902 Ἰσραὴλ,
3278 3833 3381 3886 καὶ
3434 3834 3528 3887 ἐπὶ
3574 3829 3662 3886 τοῦ

2076 3923 2271 3990 Σαοὺλ,
2301 3924 2395 3977 καὶ
2417 3921 2509 3976 ἐπὶ
2530 3922 2626 3977 τοῦ
2654 3922 3014 3994 Μεμφιϐοσθὲ
3026 3926 3094 3989 ⁸⁵,
3126 3924 3223 3977 καὶ
3241 3923 3340 3978 ἐπὶ
3368 3925 3466 3980 τοῦ
3489 3924 3666 3978 Ἀϐεσ-

2078 4015 2331 4086 σαλώμί.
2356 4015 2418 4070 Εί
2448 4014 2653 4080 τοίνυν,
2688 4016 2826 4086 φησὶ
2842 4016 2885 4082 ³,
2923 4015 3025 4086 τῆς
3059 4015 3161 4087 σῆς
3208 4017 3390 4089 ῥοπῆς
3431 4017 3665 4071 ἀπολαύ-

2078 4123 2260 4176 σαιμι,
2310 4106 2406 4160 καὶ
2458 4105 2725 4178 κρείττων
2770 4106 3035 4177 γενοίμην
3074 4108 3187 4162 τῶν
3226 4108 3540 4181 δυσμενῶν,
3579 4107 3666 4162 καὶ

2078 4198 2244 4261 αὐτὸς
2290 4198 2320 4251 ὁ
2377 4198 2631 4269 Ἰσραὴλ,
2690 4199 2994 4269 ὲμφύλιον³
3042 4199 3280 4270 πόλεμον
3336 4201 3663 4267 καταλύσας,

1990 4290 1999 4299 “
2079 4290 2302 4361 εἰρήνης
2360 4288 2645 4355 τεύξεται,
2700 4290 2797 4342 καὶ
2850 4291 2966 4354 τοῖς
3029 4292 3140 4354 σοῖς
3197 4291 3433 4359 ἀγαθοῖς
3481 4294 3663 4364 ἐντρυ-

2081 4385 2264 4455 φήσει.

2389 4542 2658 4597 ΕΡΜΗΝ.
2699 4541 2839 4596 ΤΟΥ
2879 4543 2987 4597 KE'
3026 4542 3350 4599 ΨΑΛΜΟΥ.

2151 4682 2222 4734 α’.
2265 4696 2283 4729 ι
2315 4677 2547 4748 Ψαλμὸς
2582 4677 2665 4748 τῷ
2694 4677 2877 4733 Δαϐίδ.
2911 4696 2931 4732 ι
2975 4678 3084 4732 Καὶ
3112 4676 3305 4732 τοῦτον
3332 4679 3431 4732 τὸν
3456 4676 3661 4748 ψαλμὸν

2079 4771 2107 4823 ὁ
2134 4768 2276 4833 θεῖος
2306 4769 2471 4822 Δαϐὶδ
2504 4771 2582 4834 είς
2613 4770 2809 4824 ἑαυτὸν
2843 4770 3125 4842 εἰρηκέναι
3158 4771 3309 4825 δοκεῖ
3340 4788 3468 4842 μοι·
3505 4766 3662 4841 ἡγοῦ-

2083 4878 2183 4932 μαι
2214 4861 2272 4915 δὲ
2298 4860 2486 4915 τοῦτον
2528 4863 2739 4917 ἐκείνου
2786 4863 3214 4935 προγενέστερον
3253 4860 3418 4919 εἷναι.
3477 4864 3536 4918 '0
3566 4860 3659 4933 μὲν

1494 5087 1733 5147 VARUE
1775 5086 2160 5147 LECTIONES
2196 5086 2283 5147 ET
2317 5089 2556 5147 NOTAE.

555 5267 857 5348 ’Δια-οσιιίιις·ἔ
890 5267 1013 5324 cod.
1039 5271 1089 5329 1.
1123 5273 1159 5327 2
1186 5273 1481 5348 ἁμαρτίας,
1509 5288 1628 5348 quae
1669 5279 1899 5348 estrec.
1937 5272 1977 5326 le

2088 5290 2097 5324 ι
2126 5271 2183 5326 h.
2213 5271 2252 5348 1ἶ
2349 5270 2402 5348 _“
2431 5269 2542 5348 ΜὴΔ
2561 5273 3101 5348 καταισχυνθείην.
3135 5272 3305 5348 Abest
3350 5267 3569 5348 ιιῃοοιῖΖ

1366 5341 1569 5412 ἤλπισα
1599 5343 1691 5396 ἐπὶ
1727 5343 1808 5402 σὲ.
1840 5358 1964 5411 qua:

2092 5358 2201 5396 rec.
2239 5342 2421 5397 lectio.
2475 5342 2543 5412 78°
2581 5341 2886 5397 Ὰλλόὗν.
2918 5344 3038 5397 end.
3081 5345 3102 5398 1
3141 5344 3296 5399 ἀλλά.
3374 5341 3422 5373 ⁸⁸
3463 5341 3653 5412 Τοῦτο.

1434 5417 1716 5482 Ὁύμενος.
1749 5404 1873 5468 Des:
1902 5414 1955 5466 in

2095 5450 2109 5466 .
2139 5412 2192 5467 3.
2226 5412 2266 5444 ⁹¹
2322 5413 2448 5482 Ἐν.
2473 5411 2597 5467 Des.
2634 5412 2685 5482 in
2723 5415 2846 5468 cod.
2876 5413 2932 5467 2.
2986 5414 3030 5446 "
3056 5414 3157 5480 Δή.
3188 5413 3357 5469 Abest
3393 5425 3424 5465 a
3453 5409 3573 5482 eod.
3606 5404 3654 5482 l_.

394 5341 438 5372 ⁸⁷
480 5336 978 5409 Ἐπεκαζιεσάμην
1006 5358 1099 5395 σε.
1130 5336 1251 5399 (ποεῖ.

395 5413 517 5484 cod.
553 5414 595 5484 ᾖ
616 5410 766 5465 addit
798 5410 877 5484 δέἔ
983 5411 1030 5484 ’ξ
1066 5413 1246 5468 Τοῦτο
1267 5442 1336 5456 -—
1364 5410 1429 5484 ἠγ

393 5481 447 5534 ‘2.
551 5481 600 5515 "
626 5481 894 5536 Βασιλεῖ.
921 5480 1045 5536 rod.
1080 5484 1115 5537 5
1143 5484 1294 5538 addit
1322 5480 1403 5540 δέ.

395 5551 593 5623 αύτοῦ.
626 5622 631 5623 ν
683 5552 728 5623 Ἶτ
773 5553 995 5623 "Aliae
1026 5583 1097 5592 —
1136 5553 1412 5623 ὠφέλεια.
1451 5554 1575 5610 Des.
1611 5555 1665 5608 in
1713 5553 1832 5608 eod.
1880 5553 1933 5608 5.

396 5620 445 5653 ⁸³
460 5622 579 5695 _Ka_tl
610 5621 709 5673 ἐπὶ
732 5622 839 5695 τοῦ
864 5627 1060 5695 Meyer.
1104 5620 1230 5679 Des.
1269 5625 1321 5679 in
1350 5626 1477 5695 cod.
1502 5625 1556 5679 5.

395 5692 499 5768 τού
525 5692 829 5768 Βηρσαϐεέ.
862 5692 1044 5753 ξοάζῦ
1073 5695 1167 5751 καὶ
1199 5695 1292 5749 ἐπὶ
1320 5694 1415 5749 τοῦ
1446 5694 1643 5767 Σαμεέ.
1680 5693 1840 5751 Conf.
1873 5710 1926 5768 p.
1949 5692 2075 5753 713.

394 5760 445 5828 1,
468 5762 503 5817 2
529 5773 726 5832 pra'm.
759 5761 871 5823 τόν,

1500 5480 1548 5519 ⁸⁷⁸
1576 5486 1699 5539 cod.
1737 5483 1777 5537 5'
1811 5482 2101 5538 ποιεῖσθαι.
2198 5484 2243 5517 ⁸⁵
2277 5480 2600 5549 Μακάριος.
2636 5480 2833 5538 Αὺεςι·
2858 5500 2889 5538 a
2918 5484 3039 5539 cod.
3077 5485 3132 5539 2.
3253 5482 3299 5517 9‘
3326 5482 3451 5536 ιὀίι.
3492 5480 3526 5533 2
3549 5486 3600 5531 et
3624 5480 3652 5528 5

1500 5570 1575 5610 es.
1611 5555 1665 5608 in
1713 5553 1832 5608 eod.
1880 5553 1933 5608 5.
2037 5551 2082 5587 ⁸⁸
2120 5556 2378 5608 Καθεστ.
2421 5552 2696 5623 ὠφέλεια.
2740 5553 2878 5615 βοά.
2910 5554 2945 5607 2
2984 5550 3652 5623 καθεπηκὲναιίόφείλει.

1667 5625 1681 5655 ³
1695 5625 1780 5695 ΑἈ
1789 5626 1977 5695 ἄεσα-α

2088 5643 2127 5681 ι.
2187 5626 2308 5677 rod.
2340 5625 2363 5676 1
2395 5615 2573 5695 addit,
2598 5623 2692 5675 xui.
2723 5623 2817 5695 ἐπὶ
2853 5625 2950 5678 τοῦ
2981 5615 3355 5695 Σεΰεαίᾘωιί.
3387 5622 3422 5676 2
3452 5615 3544 5675 καὶ
3570 5615 3657 5695 ἐπὶ

2355 5270 2402 5304 ⁸⁸
2431 5269 2529 5333 Μὴ
2561 5273 3089 5341 καταισχυνθειήν.
3135 5272 3305 5329 Abest
3350 5286 3381 5326 a
3434 5263 3569 5341 eod.
3604 5261 3654 5318 2.

3253 5482 3299 5517 9‘
3326 5482 3451 5536 cod.
3492 5479 3526 5533 2
3549 5486 3600 5531 et
3624 5476 3655 5528 5

2193 5696 2213 5727 ³
2244 5694 2420 5764 Φησί.
2445 5685 2665 5751 Abesta
2693 5694 2818 5751 cod.
2847 5695 2898 5761 1,
2923 5695 2979 5750 9..
3082 5695 3105 5727 ⁸
3144 5693 3492 5764 Ἐμφύλιονκ
3533 5685 3652 5747 cod-
