  <div class='ocr_page' id='page_1' title='image "/cluster/home/n/w/nwhite01/storage/ocr_20150623/80/mdp.39015007044145/553.png"; bbox 0 0 4004 6216; ppageno 0'>
   <div class='ocr_carea' id='block_1_1' title="bbox 490 341 3731 419">
    <p class='ocr_par' dir='ltr' id='par_1_1' title="bbox 490 341 3731 419">
     <span class='ocr_line' id='line_1_1' title="bbox 490 341 3731 419; baseline 0.003 -13"><span class='ocrx_word' id='word_1_1' title='bbox 490 341 621 406; x_wconf 76' lang='grc'><strong>1051</strong></span> <span class='ocrx_word' id='word_1_2' title='bbox 1493 347 1596 406; x_wconf 87' lang='grc' dir='ltr'><strong>ΤΗ</strong></span> <span class='ocrx_word' id='word_1_3' title='bbox 1608 345 1986 410; x_wconf 80' lang='lat' dir='ltr'><strong>EODORETI</strong></span> <span class='ocrx_word' id='word_1_4' title='bbox 2029 348 2371 411; x_wconf 87' lang='lat' dir='ltr'><strong>EPISCOPI</strong></span> <span class='ocrx_word' id='word_1_5' title='bbox 2401 350 2772 411; x_wconf 81' lang='lat' dir='ltr'><strong>CYRENSIS</strong></span> <span class='ocrx_word' id='word_1_6' title='bbox 3611 352 3731 419; x_wconf 72' lang='lat'><strong>1052</strong></span> 
     </span>
    </p>
   </div>
   <div class='ocr_carea' id='block_1_2' title="bbox 483 453 2064 538">
    <p class='ocr_par' dir='ltr' id='par_1_2' title="bbox 483 453 2064 525">
     <span class='ocr_line' id='line_1_2' title="bbox 483 453 2064 525; baseline 0.002 -15"><span class='ocrx_word' id='word_1_7' title='bbox 483 472 638 511; x_wconf 82' lang='lat' dir='ltr'><strong>more</strong></span> <span class='ocrx_word' id='word_1_8' title='bbox 692 453 1192 525; x_wconf 78' lang='lat' dir='ltr'><strong>persequebantur,</strong></span> <span class='ocrx_word' id='word_1_9' title='bbox 1241 468 1306 509; x_wconf 88' lang='lat' dir='ltr'><strong>ac</strong></span> <span class='ocrx_word' id='word_1_10' title='bbox 1359 454 1627 512; x_wconf 68' lang='lat' dir='ltr'><strong>devorare</strong></span> <span class='ocrx_word' id='word_1_11' title='bbox 1681 457 2064 522; x_wconf 89' lang='lat' dir='ltr'><strong>conabantur.</strong></span> 
     </span>
    </p>
   </div>
   <div class='ocr_carea' id='block_1_3' title="bbox 2145 453 3726 538">
    <p class='ocr_par' dir='ltr' id='par_1_3' title="bbox 2171 460 3726 538">
     <span class='ocr_line' id='line_1_3' title="bbox 2171 460 3726 538; baseline 0.004 -25"><span class='ocrx_word' id='word_1_12' title='bbox 2171 477 2382 524; x_wconf 83' lang='grc' dir='ltr'>κοντες,</span> <span class='ocrx_word' id='word_1_13' title='bbox 2415 461 2513 514; x_wconf 78' lang='grc' dir='ltr'>καὶ</span> <span class='ocrx_word' id='word_1_14' title='bbox 2552 460 2739 529; x_wconf 90' lang='grc' dir='ltr'>θοίνην</span> <span class='ocrx_word' id='word_1_15' title='bbox 2767 461 3057 534; x_wconf 75' lang='grc' dir='ltr'>ὠμοϐόρον</span> <span class='ocrx_word' id='word_1_16' title='bbox 3085 462 3417 534; x_wconf 79' lang='grc' dir='ltr'>ποιήσασθαι</span> <span class='ocrx_word' id='word_1_17' title='bbox 3460 468 3726 538; x_wconf 81' lang='grc' dir='ltr'>πειραθέν-</span> 
     </span>
    </p>
   </div>
   <div class='ocr_carea' id='block_1_4' title="bbox 483 544 2064 628">
    <p class='ocr_par' dir='ltr' id='par_1_4' title="bbox 483 544 2064 618">
     <span class='ocr_line' id='line_1_4' title="bbox 483 544 2064 618; baseline 0.003 -17"><span class='ocrx_word' id='word_1_18' title='bbox 483 547 618 601; x_wconf 79' lang='lat' dir='ltr'><strong>mihi</strong></span> <span class='ocrx_word' id='word_1_19' title='bbox 648 545 865 615; x_wconf 81' lang='lat' dir='ltr'><strong>quidem</strong></span> <span class='ocrx_word' id='word_1_20' title='bbox 899 544 1045 599; x_wconf 87' lang='lat' dir='ltr'><strong>haud</strong></span> <span class='ocrx_word' id='word_1_21' title='bbox 1073 556 1415 612; x_wconf 86' lang='lat' dir='ltr'><strong>nocuerunt,</strong></span> <span class='ocrx_word' id='word_1_22' title='bbox 1456 545 1560 618; x_wconf 87' lang='lat' dir='ltr'><strong>ipsi</strong></span> <span class='ocrx_word' id='word_1_23' title='bbox 1603 563 1738 603; x_wconf 89' lang='lat' dir='ltr'><strong>vero</strong></span> <span class='ocrx_word' id='word_1_24' title='bbox 1767 558 2064 606; x_wconf 76' lang='lat' dir='ltr'><strong>extremam</strong></span> 
     </span>
    </p>
   </div>
   <div class='ocr_carea' id='block_1_5' title="bbox 2149 544 3730 628">
    <p class='ocr_par' dir='ltr' id='par_1_5' title="bbox 2174 554 3730 628">
     <span class='ocr_line' id='line_1_5' title="bbox 2174 554 3730 628; baseline 0.003 -23"><span class='ocrx_word' id='word_1_25' title='bbox 2174 569 2286 620; x_wconf 86' lang='grc' dir='ltr'>τες,</span> <span class='ocrx_word' id='word_1_26' title='bbox 2326 554 2425 625; x_wconf 84' lang='grc' dir='ltr'><strong>ἐμὲ</strong></span> <span class='ocrx_word' id='word_1_27' title='bbox 2456 554 2555 625; x_wconf 84' lang='grc' dir='ltr'>μὲν</span> <span class='ocrx_word' id='word_1_28' title='bbox 2583 555 2685 607; x_wconf 75' lang='grc' dir='ltr'><strong>οὐκ</strong></span> <span class='ocrx_word' id='word_1_29' title='bbox 2709 554 3078 627; x_wconf 79' lang='grc' dir='ltr'>ἐλωϐήσαντο,</span> <span class='ocrx_word' id='word_1_30' title='bbox 3113 555 3269 608; x_wconf 71' lang='grc' dir='ltr'>αὐτοὶ</span> <span class='ocrx_word' id='word_1_31' title='bbox 3294 555 3353 608; x_wconf 81' lang='grc' dir='ltr'>δὲ</span> <span class='ocrx_word' id='word_1_32' title='bbox 3380 557 3730 628; x_wconf 71' lang='grc' dir='ltr'>πανωλεθρὶαν</span> 
     </span>
    </p>
   </div>
   <div class='ocr_carea' id='block_1_6' title="bbox 484 638 2065 719">
    <p class='ocr_par' dir='ltr' id='par_1_6' title="bbox 484 638 2065 712">
     <span class='ocr_line' id='line_1_6' title="bbox 484 638 2065 712; baseline 0.003 -16"><span class='ocrx_word' id='word_1_33' title='bbox 484 640 784 712; x_wconf 76' lang='lat' dir='ltr'><strong>perniciem</strong></span> <span class='ocrx_word' id='word_1_34' title='bbox 825 640 969 708; x_wconf 85' lang='lat' dir='ltr'><strong>passi</strong></span> <span class='ocrx_word' id='word_1_35' title='bbox 1009 649 1161 695; x_wconf 86' lang='lat' dir='ltr'><strong>sunt.</strong></span> <span class='ocrx_word' id='word_1_36' title='bbox 1195 638 1309 696; x_wconf 88' lang='lat' dir='ltr'><strong>Hoc</strong></span> <span class='ocrx_word' id='word_1_37' title='bbox 1335 650 1516 696; x_wconf 85' lang='lat' dir='ltr'><strong>autem</strong></span> <span class='ocrx_word' id='word_1_38' title='bbox 1555 642 1757 712; x_wconf 64' lang='lat' dir='ltr'><strong>saepius</strong></span> <span class='ocrx_word' id='word_1_39' title='bbox 1801 644 2065 700; x_wconf 85' lang='lat' dir='ltr'><strong>accidisse</strong></span> 
     </span>
    </p>
   </div>
   <div class='ocr_carea' id='block_1_7' title="bbox 2151 638 3732 719">
    <p class='ocr_par' dir='ltr' id='par_1_7' title="bbox 2173 644 3732 719">
     <span class='ocr_line' id='line_1_7' title="bbox 2173 644 3732 719; baseline 0.003 -22"><span class='ocrx_word' id='word_1_40' title='bbox 2173 645 2501 715; x_wconf 82' lang='grc' dir='ltr'>ὑπέμειναν.</span> <span class='ocrx_word' id='word_1_41' title='bbox 2542 645 2714 699; x_wconf 80' lang='grc' dir='ltr'>Τοῦτο</span> <span class='ocrx_word' id='word_1_42' title='bbox 2740 646 2796 699; x_wconf 85' lang='grc' dir='ltr'>δὲ</span> <span class='ocrx_word' id='word_1_43' title='bbox 2825 645 3158 717; x_wconf 86' lang='grc' dir='ltr'>γεγενῆσθαι</span> <span class='ocrx_word' id='word_1_44' title='bbox 3191 644 3452 711; x_wconf 80' lang='grc' dir='ltr'><strong>πολλάκις</strong></span> <span class='ocrx_word' id='word_1_45' title='bbox 3481 648 3513 719; x_wconf 79' lang='grc' dir='ltr'><strong>ἡ</strong></span> <span class='ocrx_word' id='word_1_46' title='bbox 3546 649 3732 719; x_wconf 82' lang='grc' dir='ltr'>ἱστορία</span> 
     </span>
    </p>
   </div>
   <div class='ocr_carea' id='block_1_8' title="bbox 484 731 2065 812">
    <p class='ocr_par' dir='ltr' id='par_1_8' title="bbox 484 731 2065 800">
     <span class='ocr_line' id='line_1_8' title="bbox 484 731 2065 800; baseline 0.003 -12"><span class='ocrx_word' id='word_1_47' title='bbox 484 732 714 789; x_wconf 73' lang='lat' dir='ltr'><strong>historia</strong></span> <span class='ocrx_word' id='word_1_48' title='bbox 745 734 928 789; x_wconf 89' lang='lat' dir='ltr'><strong>docet.</strong></span> <span class='ocrx_word' id='word_1_49' title='bbox 960 731 1097 788; x_wconf 89' lang='lat' dir='ltr'><strong>Nam</strong></span> <span class='ocrx_word' id='word_1_50' title='bbox 1127 742 1183 789; x_wconf 90' lang='lat' dir='ltr'><strong>et</strong></span> <span class='ocrx_word' id='word_1_51' title='bbox 1212 734 1379 788; x_wconf 84' lang='lat' dir='ltr'><strong>semel</strong></span> <span class='ocrx_word' id='word_1_52' title='bbox 1416 745 1468 790; x_wconf 88' lang='lat' dir='ltr'><strong>et</strong></span> <span class='ocrx_word' id='word_1_53' title='bbox 1500 735 1736 800; x_wconf 86' lang='lat' dir='ltr'><strong>iterum,</strong></span> <span class='ocrx_word' id='word_1_54' title='bbox 1777 751 1903 790; x_wconf 90' lang='lat' dir='ltr'><strong>cum</strong></span> <span class='ocrx_word' id='word_1_55' title='bbox 1938 735 2065 794; x_wconf 89' lang='lat' dir='ltr'><strong>Saul</strong></span> 
     </span>
    </p>
   </div>
   <div class='ocr_carea' id='block_1_9' title="bbox 2152 731 3733 812">
    <p class='ocr_par' dir='ltr' id='par_1_9' title="bbox 2170 735 3733 812">
     <span class='ocr_line' id='line_1_9' title="bbox 2170 735 3733 812; baseline 0.002 -22"><span class='ocrx_word' id='word_1_56' title='bbox 2170 735 2436 793; x_wconf 82' lang='grc' dir='ltr'>διδάσκει.</span> <span class='ocrx_word' id='word_1_57' title='bbox 2470 738 2584 792; x_wconf 81' lang='grc' dir='ltr'>Καὶ</span> <span class='ocrx_word' id='word_1_58' title='bbox 2613 736 2764 803; x_wconf 74' lang='grc' dir='ltr'>ἅπαξ</span> <span class='ocrx_word' id='word_1_59' title='bbox 2789 739 2919 809; x_wconf 75' lang='grc' dir='ltr'>γὰρ,</span> <span class='ocrx_word' id='word_1_60' title='bbox 2954 739 3048 791; x_wconf 79' lang='grc' dir='ltr'><strong>καὶ</strong></span> <span class='ocrx_word' id='word_1_61' title='bbox 3073 738 3176 803; x_wconf 76' lang='grc' dir='ltr'>δὶς,</span> <span class='ocrx_word' id='word_1_62' title='bbox 3209 739 3315 792; x_wconf 81' lang='grc' dir='ltr'>ὑπὸ</span> <span class='ocrx_word' id='word_1_63' title='bbox 3340 737 3433 791; x_wconf 78' lang='grc' dir='ltr'><strong>τοῦ</strong></span> <span class='ocrx_word' id='word_1_64' title='bbox 3459 740 3627 794; x_wconf 80' lang='grc' dir='ltr'>Σαοὺλ</span> <span class='ocrx_word' id='word_1_65' title='bbox 3648 741 3733 812; x_wconf 82' lang='grc' dir='ltr'>οη-</span> 
     </span>
    </p>
   </div>
   <div class='ocr_carea' id='block_1_10' title="bbox 486 824 2067 911">
    <p class='ocr_par' dir='ltr' id='par_1_10' title="bbox 486 824 2067 895">
     <span class='ocr_line' id='line_1_10' title="bbox 486 824 2067 895; baseline 0.003 -17"><span class='ocrx_word' id='word_1_66' title='bbox 486 824 665 894; x_wconf 85' lang='lat' dir='ltr'><strong>ipsum</strong></span> <span class='ocrx_word' id='word_1_67' title='bbox 700 824 1163 895; x_wconf 81' lang='lat' dir='ltr'><strong>comprehendere</strong></span> <span class='ocrx_word' id='word_1_68' title='bbox 1193 835 1428 880; x_wconf 82' lang='lat' dir='ltr'><strong>conatus</strong></span> <span class='ocrx_word' id='word_1_69' title='bbox 1455 833 1620 892; x_wconf 84' lang='lat' dir='ltr'><strong>esset,</strong></span> <span class='ocrx_word' id='word_1_70' title='bbox 1652 825 1789 881; x_wconf 85' lang='lat' dir='ltr'><strong>retia</strong></span> <span class='ocrx_word' id='word_1_71' title='bbox 1813 828 2067 883; x_wconf 82' lang='lat' dir='ltr'><strong>evitavit:</strong></span> 
     </span>
    </p>
   </div>
   <div class='ocr_carea' id='block_1_11' title="bbox 2181 824 3762 911">
    <p class='ocr_par' dir='ltr' id='par_1_11' title="bbox 2181 830 3762 911">
     <span class='ocr_line' id='line_1_11' title="bbox 2181 830 3762 911; baseline 0.003 -28"><span class='ocrx_word' id='word_1_72' title='bbox 2181 830 2410 901; x_wconf 73' lang='grc' dir='ltr'>ρευθεὶς,</span> <span class='ocrx_word' id='word_1_73' title='bbox 2443 832 2545 894; x_wconf 83' lang='grc' dir='ltr'><strong>τάς</strong></span> <span class='ocrx_word' id='word_1_74' title='bbox 2569 831 2782 902; x_wconf 75' lang='grc' dir='ltr'>ἄρκυας</span> <span class='ocrx_word' id='word_1_75' title='bbox 2812 831 3062 901; x_wconf 80' lang='grc' dir='ltr'>διέφυγε,</span> <span class='ocrx_word' id='word_1_76' title='bbox 3102 831 3309 904; x_wconf 79' lang='grc' dir='ltr'>μᾶλλον</span> <span class='ocrx_word' id='word_1_77' title='bbox 3333 832 3390 885; x_wconf 79' lang='grc' dir='ltr'>δὲ</span> <span class='ocrx_word' id='word_1_78' title='bbox 3420 833 3578 887; x_wconf 73' lang='grc' dir='ltr'>αὐτὸν</span> <span class='ocrx_word' id='word_1_79' title='bbox 3606 836 3762 911; x_wconf 51' lang='grc' dir='ltr'>ἀνείη</span> 
     </span>
    </p>
   </div>
   <div class='ocr_carea' id='block_1_12' title="bbox 486 915 2067 995">
    <p class='ocr_par' dir='ltr' id='par_1_12' title="bbox 486 915 2067 987">
     <span class='ocr_line' id='line_1_12' title="bbox 486 915 2067 987; baseline 0.001 -17"><span class='ocrx_word' id='word_1_80' title='bbox 486 921 599 971; x_wconf 86' lang='lat' dir='ltr'><strong>imo</strong></span> <span class='ocrx_word' id='word_1_81' title='bbox 644 929 812 982; x_wconf 83' lang='lat' dir='ltr'><strong>vero,</strong></span> <span class='ocrx_word' id='word_1_82' title='bbox 861 916 906 972; x_wconf 98' lang='lat' dir='ltr'><strong>si</strong></span> <span class='ocrx_word' id='word_1_83' title='bbox 955 915 1247 982; x_wconf 88' lang='lat' dir='ltr'><strong>voluisset,</strong></span> <span class='ocrx_word' id='word_1_84' title='bbox 1295 915 1473 984; x_wconf 85' lang='lat' dir='ltr'><strong>ipsum</strong></span> <span class='ocrx_word' id='word_1_85' title='bbox 1520 917 1898 987; x_wconf 86' lang='lat' dir='ltr'><strong>insequentem</strong></span> <span class='ocrx_word' id='word_1_86' title='bbox 1949 932 2067 987; x_wconf 88' lang='lat' dir='ltr'><strong>per-</strong></span> 
     </span>
    </p>
   </div>
   <div class='ocr_carea' id='block_1_13' title="bbox 2156 915 3737 995">
    <p class='ocr_par' dir='ltr' id='par_1_13' title="bbox 2172 920 3737 995">
     <span class='ocr_line' id='line_1_13' title="bbox 2172 920 3737 995; baseline 0.004 -22"><span class='ocrx_word' id='word_1_87' title='bbox 2172 920 2263 974; x_wconf 86' lang='grc' dir='ltr'><strong>λεν</strong></span> <span class='ocrx_word' id='word_1_88' title='bbox 2284 922 2371 984; x_wconf 89' lang='grc' dir='ltr'><strong>ἂν,</strong></span> <span class='ocrx_word' id='word_1_89' title='bbox 2400 923 2559 993; x_wconf 74' lang='grc' dir='ltr'>εἴπερ</span> <span class='ocrx_word' id='word_1_90' title='bbox 2582 922 2845 995; x_wconf 80' lang='grc' dir='ltr'>ἠθέλησε,</span> <span class='ocrx_word' id='word_1_91' title='bbox 2875 923 2966 977; x_wconf 81' lang='grc' dir='ltr'><strong>τὸν</strong></span> <span class='ocrx_word' id='word_1_92' title='bbox 2988 923 3278 978; x_wconf 80' lang='grc' dir='ltr'><strong>διώκοντα·</strong></span> <span class='ocrx_word' id='word_1_93' title='bbox 3311 923 3448 979; x_wconf 81' lang='grc' dir='ltr'>ἀλλὰ</span> <span class='ocrx_word' id='word_1_94' title='bbox 3469 925 3624 989; x_wconf 77' lang='grc' dir='ltr'>αὐτὸς</span> <span class='ocrx_word' id='word_1_95' title='bbox 3646 924 3737 995; x_wconf 78' lang='grc' dir='ltr'>μὲν</span> 
     </span>
    </p>
   </div>
   <div class='ocr_carea' id='block_1_14' title="bbox 484 1006 2065 1086">
    <p class='ocr_par' dir='ltr' id='par_1_14' title="bbox 484 1006 2065 1080">
     <span class='ocr_line' id='line_1_14' title="bbox 484 1006 2065 1080; baseline 0.002 -18"><span class='ocrx_word' id='word_1_96' title='bbox 484 1008 617 1064; x_wconf 89' lang='lat' dir='ltr'><strong>dere</strong></span> <span class='ocrx_word' id='word_1_97' title='bbox 650 1007 933 1078; x_wconf 87' lang='lat' dir='ltr'><strong>potuisset.</strong></span> <span class='ocrx_word' id='word_1_98' title='bbox 970 1007 1141 1063; x_wconf 88' lang='lat' dir='ltr'><strong>Porro</strong></span> <span class='ocrx_word' id='word_1_99' title='bbox 1177 1008 1292 1077; x_wconf 89' lang='lat' dir='ltr'><strong>ipse</strong></span> <span class='ocrx_word' id='word_1_100' title='bbox 1326 1006 1495 1063; x_wconf 85' lang='lat' dir='ltr'><strong>David</strong></span> <span class='ocrx_word' id='word_1_101' title='bbox 1525 1010 1803 1080; x_wconf 82' lang='lat' dir='ltr'><strong>propriam</strong></span> <span class='ocrx_word' id='word_1_102' title='bbox 1850 1010 2065 1079; x_wconf 82' lang='lat' dir='ltr'><strong>quidem</strong></span> 
     </span>
    </p>
   </div>
   <div class='ocr_carea' id='block_1_15' title="bbox 2154 1006 3735 1086">
    <p class='ocr_par' dir='ltr' id='par_1_15' title="bbox 2171 1012 3735 1086">
     <span class='ocr_line' id='line_1_15' title="bbox 2171 1012 3735 1086; baseline 0.004 -21"><span class='ocrx_word' id='word_1_103' title='bbox 2171 1012 2270 1082; x_wconf 79' lang='grc' dir='ltr'><strong>τὴν</strong></span> <span class='ocrx_word' id='word_1_104' title='bbox 2298 1014 2506 1068; x_wconf 81' lang='grc' dir='ltr'><strong>οἰκείαν</strong></span> <span class='ocrx_word' id='word_1_105' title='bbox 2537 1014 2853 1081; x_wconf 75' lang='grc' dir='ltr'>ἐπεδείξατο</span> <span class='ocrx_word' id='word_1_106' title='bbox 2881 1014 3235 1086; x_wconf 74' lang='grc' dir='ltr'><strong>φιλοσοφίαν,</strong></span> <span class='ocrx_word' id='word_1_107' title='bbox 3281 1017 3489 1080; x_wconf 82' lang='grc' dir='ltr'>ἐκεῖνος</span> <span class='ocrx_word' id='word_1_108' title='bbox 3513 1016 3567 1069; x_wconf 81' lang='grc' dir='ltr'>δὲ</span> <span class='ocrx_word' id='word_1_109' title='bbox 3597 1018 3735 1086; x_wconf 84' lang='grc' dir='ltr'><strong>παρά</strong></span> 
     </span>
    </p>
   </div>
   <div class='ocr_carea' id='block_1_16' title="bbox 486 1098 2067 1182">
    <p class='ocr_par' dir='ltr' id='par_1_16' title="bbox 486 1098 2067 1173">
     <span class='ocr_line' id='line_1_16' title="bbox 486 1098 2067 1173; baseline 0.003 -20"><span class='ocrx_word' id='word_1_110' title='bbox 486 1099 887 1170; x_wconf 79' lang='lat' dir='ltr'><strong>philosophiam</strong></span> <span class='ocrx_word' id='word_1_111' title='bbox 914 1103 928 1122; x_wconf 84' lang='lat'><strong><em>&#39;</em></strong></span> <span class='ocrx_word' id='word_1_112' title='bbox 959 1099 1215 1163; x_wconf 74' lang='lat' dir='ltr'><strong>ostendit,</strong></span> <span class='ocrx_word' id='word_1_113' title='bbox 1248 1098 1338 1153; x_wconf 92' lang='lat' dir='ltr'><strong>ille</strong></span> <span class='ocrx_word' id='word_1_114' title='bbox 1359 1109 1542 1154; x_wconf 88' lang='lat' dir='ltr'><strong>autem</strong></span> <span class='ocrx_word' id='word_1_115' title='bbox 1572 1102 1713 1171; x_wconf 87' lang='lat' dir='ltr'><strong>apud</strong></span> <span class='ocrx_word' id='word_1_116' title='bbox 1739 1101 2067 1173; x_wconf 82' lang='lat' dir='ltr'><strong>alienigenas</strong></span> 
     </span>
    </p>
   </div>
   <div class='ocr_carea' id='block_1_17' title="bbox 2152 1098 3733 1182">
    <p class='ocr_par' dir='ltr' id='par_1_17' title="bbox 2170 1107 3733 1182">
     <span class='ocr_line' id='line_1_17' title="bbox 2170 1107 3733 1182; baseline 0.003 -25"><span class='ocrx_word' id='word_1_117' title='bbox 2170 1108 2284 1168; x_wconf 85' lang='grc' dir='ltr'>τοῖς</span> <span class='ocrx_word' id='word_1_118' title='bbox 2318 1107 2641 1174; x_wconf 79' lang='grc' dir='ltr'>ἀλλοφύλοις</span> <span class='ocrx_word' id='word_1_119' title='bbox 2688 1108 2836 1161; x_wconf 74' lang='grc' dir='ltr'>ἔτισε</span> <span class='ocrx_word' id='word_1_120' title='bbox 2879 1109 2982 1177; x_wconf 78' lang='grc' dir='ltr'><strong>τῆς</strong></span> <span class='ocrx_word' id='word_1_121' title='bbox 3011 1107 3283 1179; x_wconf 82' lang='grc' dir='ltr'><strong>πονηρίας</strong></span> <span class='ocrx_word' id='word_1_122' title='bbox 3318 1108 3544 1180; x_wconf 85' lang='grc' dir='ltr'>ποινήν·</span> <span class='ocrx_word' id='word_1_123' title='bbox 3578 1111 3733 1182; x_wconf 81' lang='grc' dir='ltr'>πρόῤ-</span> 
     </span>
    </p>
   </div>
   <div class='ocr_carea' id='block_1_18' title="bbox 489 1189 2070 1273">
    <p class='ocr_par' dir='ltr' id='par_1_18' title="bbox 489 1189 2070 1264">
     <span class='ocr_line' id='line_1_18' title="bbox 489 1189 2070 1264; baseline 0.002 -19"><span class='ocrx_word' id='word_1_124' title='bbox 489 1205 681 1261; x_wconf 73' lang='grc' dir='ltr'>ρωιιοε</span> <span class='ocrx_word' id='word_1_125' title='bbox 706 1190 923 1245; x_wconf 70' lang='lat' dir='ltr'><strong>malitia:</strong></span> <span class='ocrx_word' id='word_1_126' title='bbox 945 1189 1221 1260; x_wconf 85' lang='lat' dir='ltr'><strong>pependit.</strong></span> <span class='ocrx_word' id='word_1_127' title='bbox 1239 1190 1384 1256; x_wconf 71' lang='lat' dir='ltr'><strong>Quae</strong></span> <span class='ocrx_word' id='word_1_128' title='bbox 1416 1190 1562 1247; x_wconf 85' lang='lat' dir='ltr'><strong>dicta</strong></span> <span class='ocrx_word' id='word_1_129' title='bbox 1592 1202 1722 1247; x_wconf 89' lang='lat' dir='ltr'><strong>sunt</strong></span> <span class='ocrx_word' id='word_1_130' title='bbox 1750 1192 1947 1264; x_wconf 82' lang='lat' dir='ltr'><strong>igitur,</strong></span> <span class='ocrx_word' id='word_1_131' title='bbox 1980 1192 2070 1248; x_wconf 89' lang='lat' dir='ltr'><strong>fu-</strong></span> 
     </span>
    </p>
   </div>
   <div class='ocr_carea' id='block_1_19' title="bbox 2013 1189 3594 1273">
    <p class='ocr_par' dir='ltr' id='par_1_19' title="bbox 2013 1196 3594 1273">
     <span class='ocr_line' id='line_1_19' title="bbox 2013 1196 3594 1273; baseline 0.004 -25"><span class='ocrx_word' id='word_1_132' title='bbox 2013 1210 2072 1248; x_wconf 76' lang='lat' dir='ltr'><strong>ll-</strong></span> <span class='ocrx_word' id='word_1_133' title='bbox 2177 1196 2340 1268; x_wconf 79' lang='grc' dir='ltr'>ρησίς</span> <span class='ocrx_word' id='word_1_134' title='bbox 2366 1198 2484 1250; x_wconf 85' lang='grc' dir='ltr'>ἐστι</span> <span class='ocrx_word' id='word_1_135' title='bbox 2502 1199 2547 1230; x_wconf 76' lang='grc'>³⁸</span> <span class='ocrx_word' id='word_1_136' title='bbox 2577 1198 2755 1253; x_wconf 80' lang='grc' dir='ltr'>τοίνυν</span> <span class='ocrx_word' id='word_1_137' title='bbox 2779 1198 2887 1252; x_wconf 89' lang='grc' dir='ltr'><strong>τῶν</strong></span> <span class='ocrx_word' id='word_1_138' title='bbox 2912 1199 3189 1270; x_wconf 75' lang='grc' dir='ltr'>ἐσομένων</span> <span class='ocrx_word' id='word_1_139' title='bbox 3212 1200 3282 1254; x_wconf 78' lang='grc' dir='ltr'>τὰ</span> <span class='ocrx_word' id='word_1_140' title='bbox 3306 1200 3594 1273; x_wconf 77' lang='grc' dir='ltr'><strong>εἰρημένα.</strong></span> 
     </span>
    </p>
   </div>
   <div class='ocr_carea' id='block_1_20' title="bbox 483 1280 1601 1353">
    <p class='ocr_par' dir='ltr' id='par_1_20' title="bbox 483 1280 1601 1353">
     <span class='ocr_line' id='line_1_20' title="bbox 483 1280 1601 1353; baseline 0.001 -15"><span class='ocrx_word' id='word_1_141' title='bbox 483 1280 738 1339; x_wconf 79' lang='lat' dir='ltr'><strong>tororum</strong></span> <span class='ocrx_word' id='word_1_142' title='bbox 766 1283 1014 1353; x_wconf 75' lang='lat' dir='ltr'><strong>quaedam</strong></span> <span class='ocrx_word' id='word_1_143' title='bbox 1043 1282 1423 1352; x_wconf 65' lang='lat' dir='ltr'><strong>praedictiones</strong></span> <span class='ocrx_word' id='word_1_144' title='bbox 1456 1292 1601 1341; x_wconf 88' lang='lat' dir='ltr'><strong>sunt.</strong></span> 
     </span>
    </p>
   </div>
   <div class='ocr_carea' id='block_1_21' title="bbox 559 1373 2140 1451">
    <p class='ocr_par' dir='ltr' id='par_1_21' title="bbox 559 1373 2070 1444">
     <span class='ocr_line' id='line_1_21' title="bbox 559 1373 2070 1444; baseline 0.002 -14"><span class='ocrx_word' id='word_1_145' title='bbox 559 1373 722 1431; x_wconf 74' lang='lat' dir='ltr'><strong>Vsus.</strong></span> <span class='ocrx_word' id='word_1_146' title='bbox 753 1374 807 1430; x_wconf 78' lang='lat'><strong>3.</strong></span> <span class='ocrx_word' id='word_1_147' title='bbox 843 1393 862 1427; x_wconf 77' lang='grc' dir='ltr'><strong>ι</strong></span> <span class='ocrx_word' id='word_1_148' title='bbox 896 1374 953 1429; x_wconf 91' lang='lat' dir='ltr'><strong>Si</strong></span> <span class='ocrx_word' id='word_1_149' title='bbox 977 1375 1288 1430; x_wconf 83' lang='lat' dir='ltr'><strong>consistant</strong></span> <span class='ocrx_word' id='word_1_150' title='bbox 1315 1376 1584 1432; x_wconf 75' lang='lat' dir='ltr'><strong>ailvrrsus</strong></span> <span class='ocrx_word' id='word_1_151' title='bbox 1615 1392 1702 1433; x_wconf 90' lang='lat' dir='ltr'><strong>me</strong></span> <span class='ocrx_word' id='word_1_152' title='bbox 1726 1385 1932 1444; x_wconf 84' lang='lat' dir='ltr'><strong>castra,</strong></span> <span class='ocrx_word' id='word_1_153' title='bbox 1960 1394 2070 1434; x_wconf 90' lang='lat' dir='ltr'><strong>non</strong></span> 
     </span>
    </p>
   </div>
   <div class='ocr_carea' id='block_1_22' title="bbox 2155 1373 3736 1451">
    <p class='ocr_par' dir='ltr' id='par_1_22' title="bbox 2241 1373 3736 1451">
     <span class='ocr_line' id='line_1_22' title="bbox 2241 1373 3736 1451; baseline 0.003 -22"><span class='ocrx_word' id='word_1_154' title='bbox 2241 1373 2291 1445; x_wconf 82' lang='grc' dir='ltr'>γ’</span> <span class='ocrx_word' id='word_1_155' title='bbox 2298 1414 2312 1429; x_wconf 94' lang='grc'><strong>.</strong></span> <span class='ocrx_word' id='word_1_156' title='bbox 2350 1395 2371 1428; x_wconf 74' lang='grc' dir='ltr'><strong>ι</strong></span> <span class='ocrx_word' id='word_1_157' title='bbox 2393 1375 2522 1431; x_wconf 78' lang='grc' dir='ltr'><strong>Ἐὰν</strong></span> <span class='ocrx_word' id='word_1_158' title='bbox 2547 1375 2935 1448; x_wconf 83' lang='grc' dir='ltr'>παρατάξηται</span> <span class='ocrx_word' id='word_1_159' title='bbox 2961 1376 3053 1431; x_wconf 84' lang='grc' dir='ltr'>ἐπ’</span> <span class='ocrx_word' id='word_1_160' title='bbox 3073 1376 3176 1448; x_wconf 77' lang='grc' dir='ltr'>ἐμὲ</span> <span class='ocrx_word' id='word_1_161' title='bbox 3201 1377 3551 1451; x_wconf 73' lang='grc' dir='ltr'>παρεμϐολὴ,</span> <span class='ocrx_word' id='word_1_162' title='bbox 3576 1379 3633 1433; x_wconf 79' lang='grc' dir='ltr'><strong>οὐ</strong></span> <span class='ocrx_word' id='word_1_163' title='bbox 3654 1397 3736 1449; x_wconf 79' lang='grc' dir='ltr'><strong>φο-</strong></span> 
     </span>
    </p>
   </div>
   <div class='ocr_carea' id='block_1_23' title="bbox 487 1458 2068 1544">
    <p class='ocr_par' dir='ltr' id='par_1_23' title="bbox 487 1468 2068 1542">
     <span class='ocr_line' id='line_1_23' title="bbox 487 1468 2068 1542; baseline 0.003 -20"><span class='ocrx_word' id='word_1_164' title='bbox 487 1468 702 1523; x_wconf 89' lang='lat' dir='ltr'><strong>timebit</strong></span> <span class='ocrx_word' id='word_1_165' title='bbox 730 1480 831 1522; x_wconf 91' lang='lat' dir='ltr'><strong>cor</strong></span> <span class='ocrx_word' id='word_1_166' title='bbox 855 1481 1081 1522; x_wconf 85' lang='lat' dir='ltr'><strong>meum:</strong></span> <span class='ocrx_word' id='word_1_167' title='bbox 1120 1468 1166 1522; x_wconf 92' lang='lat' dir='ltr'><strong>si</strong></span> <span class='ocrx_word' id='word_1_168' title='bbox 1193 1476 1456 1538; x_wconf 79' lang='lat' dir='ltr'><strong>exsurgat</strong></span> <span class='ocrx_word' id='word_1_169' title='bbox 1494 1470 1760 1526; x_wconf 83' lang='lat' dir='ltr'><strong>adversus</strong></span> <span class='ocrx_word' id='word_1_170' title='bbox 1804 1486 1891 1527; x_wconf 86' lang='lat' dir='ltr'><strong>me</strong></span> <span class='ocrx_word' id='word_1_171' title='bbox 1930 1487 2068 1542; x_wconf 74' lang='lat' dir='ltr'><strong>pne-</strong></span> 
     </span>
    </p>
   </div>
   <div class='ocr_carea' id='block_1_24' title="bbox 2152 1458 3733 1544">
    <p class='ocr_par' dir='ltr' id='par_1_24' title="bbox 2171 1458 3733 1544">
     <span class='ocr_line' id='line_1_24' title="bbox 2171 1458 3733 1544; baseline 0.005 -25"><span class='ocrx_word' id='word_1_172' title='bbox 2171 1458 2473 1538; x_wconf 74' lang='grc' dir='ltr'>6ηθήσεται</span> <span class='ocrx_word' id='word_1_173' title='bbox 2506 1469 2540 1539; x_wconf 78' lang='grc' dir='ltr'><strong>ἡ</strong></span> <span class='ocrx_word' id='word_1_174' title='bbox 2570 1470 2768 1540; x_wconf 88' lang='grc' dir='ltr'>καρδία</span> <span class='ocrx_word' id='word_1_175' title='bbox 2797 1487 2900 1541; x_wconf 91' lang='grc' dir='ltr'><strong>μου</strong></span> <span class='ocrx_word' id='word_1_176' title='bbox 2919 1484 2935 1501; x_wconf 77' lang='grc' dir='ltr'><strong><em>ο</em></strong></span> <span class='ocrx_word' id='word_1_177' title='bbox 2970 1469 3069 1523; x_wconf 75' lang='grc' dir='ltr'><strong>ἐὰν</strong></span> <span class='ocrx_word' id='word_1_178' title='bbox 3098 1472 3385 1542; x_wconf 75' lang='grc' dir='ltr'>ἐπαναστῇ</span> <span class='ocrx_word' id='word_1_179' title='bbox 3416 1471 3503 1525; x_wconf 84' lang='grc' dir='ltr'>ἐπ’</span> <span class='ocrx_word' id='word_1_180' title='bbox 3524 1473 3621 1544; x_wconf 84' lang='grc' dir='ltr'>ἐμὲ</span> <span class='ocrx_word' id='word_1_181' title='bbox 3648 1473 3733 1527; x_wconf 84' lang='grc' dir='ltr'><strong>πό-</strong></span> 
     </span>
    </p>
   </div>
   <div class='ocr_carea' id='block_1_25' title="bbox 485 1558 2066 1637">
    <p class='ocr_par' dir='ltr' id='par_1_25' title="bbox 485 1558 2066 1634">
     <span class='ocr_line' id='line_1_25' title="bbox 485 1558 2066 1634; baseline 0.002 -20"><span class='ocrx_word' id='word_1_182' title='bbox 485 1559 654 1624; x_wconf 86' lang='lat' dir='ltr'><strong>lium,</strong></span> <span class='ocrx_word' id='word_1_183' title='bbox 686 1558 894 1614; x_wconf 84' lang='lat' dir='ltr'><strong>interea</strong></span> <span class='ocrx_word' id='word_1_184' title='bbox 924 1573 1027 1631; x_wconf 86' lang='lat' dir='ltr'><strong>ego</strong></span> <span class='ocrx_word' id='word_1_185' title='bbox 1067 1559 1319 1629; x_wconf 83' lang='lat' dir='ltr'><strong>sperabo.</strong></span> <span class='ocrx_word' id='word_1_186' title='bbox 1362 1578 1382 1611; x_wconf 72' lang='grc' dir='ltr'><strong>ι</strong></span> <span class='ocrx_word' id='word_1_187' title='bbox 1421 1559 1558 1615; x_wconf 83' lang='lat' dir='ltr'><strong>Cum</strong></span> <span class='ocrx_word' id='word_1_188' title='bbox 1592 1561 1659 1615; x_wconf 90' lang='lat' dir='ltr'><strong>de</strong></span> <span class='ocrx_word' id='word_1_189' title='bbox 1692 1569 1819 1628; x_wconf 91' lang='lat' dir='ltr'><strong>tuo,</strong></span> <span class='ocrx_word' id='word_1_190' title='bbox 1865 1562 2066 1634; x_wconf 87' lang='lat' dir='ltr'><strong>inquit,</strong></span> 
     </span>
    </p>
   </div>
   <div class='ocr_carea' id='block_1_26' title="bbox 2153 1558 3734 1637">
    <p class='ocr_par' dir='ltr' id='par_1_26' title="bbox 2170 1560 3734 1637">
     <span class='ocr_line' id='line_1_26' title="bbox 2170 1560 3734 1637; baseline 0.004 -24"><span class='ocrx_word' id='word_1_191' title='bbox 2170 1560 2370 1631; x_wconf 89' lang='grc' dir='ltr'>λεμος,</span> <span class='ocrx_word' id='word_1_192' title='bbox 2425 1562 2485 1614; x_wconf 84' lang='grc' dir='ltr'><strong>ἐν</strong></span> <span class='ocrx_word' id='word_1_193' title='bbox 2531 1561 2710 1633; x_wconf 83' lang='grc' dir='ltr'>ταύτῃ</span> <span class='ocrx_word' id='word_1_194' title='bbox 2762 1561 2873 1631; x_wconf 82' lang='grc' dir='ltr'><strong>ἐγὼ</strong></span> <span class='ocrx_word' id='word_1_195' title='bbox 2917 1562 3144 1628; x_wconf 77' lang='grc' dir='ltr'>ἐλπίζω.</span> <span class='ocrx_word' id='word_1_196' title='bbox 3176 1583 3196 1616; x_wconf 74' lang='grc' dir='ltr'><strong>ι</strong></span> <span class='ocrx_word' id='word_1_197' title='bbox 3255 1565 3567 1637; x_wconf 87' lang='grc' dir='ltr'>Τοσαύτην,</span> <span class='ocrx_word' id='word_1_198' title='bbox 3598 1566 3734 1636; x_wconf 68' lang='grc' dir='ltr'>φησι,</span> 
     </span>
    </p>
   </div>
   <div class='ocr_carea' id='block_1_27' title="bbox 485 1649 2066 1726">
    <p class='ocr_par' dir='ltr' id='par_1_27' title="bbox 485 1649 2066 1725">
     <span class='ocr_line' id='line_1_27' title="bbox 485 1649 2066 1725; baseline 0.003 -19"><span class='ocrx_word' id='word_1_199' title='bbox 485 1651 693 1706; x_wconf 78' lang='lat' dir='ltr'><strong>auxilio</strong></span> <span class='ocrx_word' id='word_1_200' title='bbox 721 1651 829 1706; x_wconf 87' lang='lat' dir='ltr'><strong>tale</strong></span> <span class='ocrx_word' id='word_1_201' title='bbox 862 1649 1085 1706; x_wconf 81' lang='lat' dir='ltr'><strong>fecerim</strong></span> <span class='ocrx_word' id='word_1_202' title='bbox 1132 1651 1569 1721; x_wconf 77' lang='lat' dir='ltr'><strong>experimentum</strong></span> <span class='ocrx_word' id='word_1_203' title='bbox 1591 1694 1606 1720; x_wconf 95' lang='lat'><strong>,</strong></span> <span class='ocrx_word' id='word_1_204' title='bbox 1654 1653 1781 1709; x_wconf 90' lang='lat' dir='ltr'><strong>licet</strong></span> <span class='ocrx_word' id='word_1_205' title='bbox 1820 1655 1984 1725; x_wconf 87' lang='lat' dir='ltr'><strong>duplo</strong></span> <span class='ocrx_word' id='word_1_206' title='bbox 2018 1666 2066 1712; x_wconf 93' lang='lat' dir='ltr'><strong>et</strong></span> 
     </span>
    </p>
   </div>
   <div class='ocr_carea' id='block_1_28' title="bbox 2154 1649 3735 1726">
    <p class='ocr_par' dir='ltr' id='par_1_28' title="bbox 2171 1654 3735 1726">
     <span class='ocr_line' id='line_1_28' title="bbox 2171 1654 3735 1726; baseline 0.003 -19"><span class='ocrx_word' id='word_1_207' title='bbox 2171 1656 2367 1724; x_wconf 79' lang='grc' dir='ltr'>πεῖραν</span> <span class='ocrx_word' id='word_1_208' title='bbox 2396 1654 2495 1726; x_wconf 86' lang='grc' dir='ltr'>τῆς</span> <span class='ocrx_word' id='word_1_209' title='bbox 2523 1655 2846 1725; x_wconf 74' lang='grc' dir='ltr'>ἐπικουρίας</span> <span class='ocrx_word' id='word_1_210' title='bbox 2874 1655 3083 1720; x_wconf 76' lang='grc' dir='ltr'>λαϐὼν,</span> <span class='ocrx_word' id='word_1_211' title='bbox 3118 1656 3225 1710; x_wconf 72' lang='grc' dir='ltr'>κᾶν</span> <span class='ocrx_word' id='word_1_212' title='bbox 3253 1657 3336 1721; x_wconf 68' lang='grc' dir='ltr'><strong>δὶς</strong></span> <span class='ocrx_word' id='word_1_213' title='bbox 3359 1658 3617 1723; x_wconf 83' lang='grc' dir='ltr'>τοσοῦτοι,</span> <span class='ocrx_word' id='word_1_214' title='bbox 3645 1658 3735 1712; x_wconf 74' lang='grc' dir='ltr'><strong>κᾶν</strong></span> 
     </span>
    </p>
   </div>
   <div class='ocr_carea' id='block_1_29' title="bbox 484 1743 2065 1821">
    <p class='ocr_par' dir='ltr' id='par_1_29' title="bbox 484 1743 2064 1816">
     <span class='ocr_line' id='line_1_29' title="bbox 484 1743 2064 1816; baseline 0.004 -21"><span class='ocrx_word' id='word_1_215' title='bbox 484 1743 648 1813; x_wconf 89' lang='lat' dir='ltr'><strong>triplo</strong></span> <span class='ocrx_word' id='word_1_216' title='bbox 701 1743 876 1812; x_wconf 90' lang='lat' dir='ltr'><strong>major</strong></span> <span class='ocrx_word' id='word_1_217' title='bbox 928 1758 1194 1799; x_wconf 86' lang='lat' dir='ltr'><strong>numerus</strong></span> <span class='ocrx_word' id='word_1_218' title='bbox 1248 1743 1487 1799; x_wconf 89' lang='lat' dir='ltr'><strong>hostium</strong></span> <span class='ocrx_word' id='word_1_219' title='bbox 1545 1760 1632 1799; x_wconf 90' lang='lat' dir='ltr'><strong>me</strong></span> <span class='ocrx_word' id='word_1_220' title='bbox 1676 1747 2064 1816; x_wconf 80' lang='lat' dir='ltr'><strong>aggrediatur,</strong></span> 
     </span>
    </p>
   </div>
   <div class='ocr_carea' id='block_1_30' title="bbox 2154 1743 3735 1821">
    <p class='ocr_par' dir='ltr' id='par_1_30' title="bbox 2171 1744 3735 1821">
     <span class='ocr_line' id='line_1_30' title="bbox 2171 1744 3735 1821; baseline 0.006 -26"><span class='ocrx_word' id='word_1_221' title='bbox 2171 1744 2294 1815; x_wconf 80' lang='grc' dir='ltr'>τρὶς</span> <span class='ocrx_word' id='word_1_222' title='bbox 2314 1785 2329 1811; x_wconf 92' lang='grc'><strong>,</strong></span> <span class='ocrx_word' id='word_1_223' title='bbox 2381 1745 2716 1816; x_wconf 80' lang='grc' dir='ltr'>προσϐαλεῖν</span> <span class='ocrx_word' id='word_1_224' title='bbox 2735 1747 2778 1778; x_wconf 83' lang='grc'>⁸⁷</span> <span class='ocrx_word' id='word_1_225' title='bbox 2808 1764 2899 1818; x_wconf 84' lang='grc' dir='ltr'><strong>μοι</strong></span> <span class='ocrx_word' id='word_1_226' title='bbox 2928 1747 3233 1819; x_wconf 89' lang='grc' dir='ltr'>πειραθῶσι</span> <span class='ocrx_word' id='word_1_227' title='bbox 3265 1749 3536 1821; x_wconf 85' lang='grc' dir='ltr'>πολέμιοι,</span> <span class='ocrx_word' id='word_1_228' title='bbox 3586 1768 3735 1805; x_wconf 79' lang='grc' dir='ltr'>κατα-</span> 
     </span>
    </p>
   </div>
   <div class='ocr_carea' id='block_1_31' title="bbox 487 1834 2068 1914">
    <p class='ocr_par' dir='ltr' id='par_1_31' title="bbox 487 1834 2068 1911">
     <span class='ocr_line' id='line_1_31' title="bbox 487 1834 2068 1911; baseline 0.003 -21"><span class='ocrx_word' id='word_1_229' title='bbox 487 1834 793 1905; x_wconf 82' lang='lat' dir='ltr'><strong>iutrcpidus</strong></span> <span class='ocrx_word' id='word_1_230' title='bbox 822 1836 938 1893; x_wconf 71' lang='lat' dir='ltr'><strong>ltmc</strong></span> <span class='ocrx_word' id='word_1_231' title='bbox 963 1835 1288 1892; x_wconf 88' lang='lat' dir='ltr'><strong>discrimina</strong></span> <span class='ocrx_word' id='word_1_232' title='bbox 1326 1837 1526 1892; x_wconf 84' lang='lat' dir='ltr'><strong>subibo</strong></span> <span class='ocrx_word' id='word_1_233' title='bbox 1551 1879 1567 1906; x_wconf 97' lang='lat'><strong>,</strong></span> <span class='ocrx_word' id='word_1_234' title='bbox 1612 1838 1930 1910; x_wconf 87' lang='lat' dir='ltr'><strong>hujusmodi</strong></span> <span class='ocrx_word' id='word_1_235' title='bbox 1976 1855 2068 1911; x_wconf 87' lang='lat' dir='ltr'><strong>spe</strong></span> 
     </span>
    </p>
   </div>
   <div class='ocr_carea' id='block_1_32' title="bbox 2156 1834 3737 1914">
    <p class='ocr_par' dir='ltr' id='par_1_32' title="bbox 2174 1835 3737 1914">
     <span class='ocr_line' id='line_1_32' title="bbox 2174 1835 3737 1914; baseline 0.004 -26"><span class='ocrx_word' id='word_1_236' title='bbox 2174 1835 2359 1908; x_wconf 81' lang='grc' dir='ltr'>Οαρρῶ</span> <span class='ocrx_word' id='word_1_237' title='bbox 2387 1836 2496 1890; x_wconf 89' lang='grc' dir='ltr'><strong>τῶν</strong></span> <span class='ocrx_word' id='word_1_238' title='bbox 2522 1836 2735 1904; x_wconf 86' lang='grc' dir='ltr'>δεινῶν,</span> <span class='ocrx_word' id='word_1_239' title='bbox 2769 1841 2836 1911; x_wconf 80' lang='grc' dir='ltr'>τῇ</span> <span class='ocrx_word' id='word_1_240' title='bbox 2869 1839 3049 1893; x_wconf 84' lang='grc' dir='ltr'>ἐλπίδι</span> <span class='ocrx_word' id='word_1_241' title='bbox 3075 1842 3250 1912; x_wconf 76' lang='grc' dir='ltr'>ταύτῃ</span> <span class='ocrx_word' id='word_1_242' title='bbox 3279 1840 3737 1914; x_wconf 81' lang='grc' dir='ltr'>καθωπλισμένος.</span> 
     </span>
    </p>
   </div>
   <div class='ocr_carea' id='block_1_33' title="bbox 488 1937 756 1985">
    <p class='ocr_par' dir='ltr' id='par_1_33' title="bbox 488 1937 756 1985">
     <span class='ocr_line' id='line_1_33' title="bbox 488 1937 756 1985; baseline 0.007 -4"><span class='ocrx_word' id='word_1_243' title='bbox 488 1937 756 1985; x_wconf 80' lang='lat' dir='ltr'><strong>armatus.</strong></span> 
     </span>
    </p>
   </div>
   <div class='ocr_carea' id='block_1_34' title="bbox 562 2014 2143 2097">
    <p class='ocr_par' dir='ltr' id='par_1_34' title="bbox 562 2017 2073 2097">
     <span class='ocr_line' id='line_1_34' title="bbox 562 2017 2073 2097; baseline 0.007 -24"><span class='ocrx_word' id='word_1_244' title='bbox 562 2019 729 2077; x_wconf 75' lang='lat' dir='ltr'><strong>Vens.</strong></span> <span class='ocrx_word' id='word_1_245' title='bbox 763 2019 821 2086; x_wconf 73' lang='grc' dir='ltr'><strong>ι,</strong></span> <span class='ocrx_word' id='word_1_246' title='bbox 856 2019 911 2074; x_wconf 83' lang='grc'>5.</span> <span class='ocrx_word' id='word_1_247' title='bbox 956 2039 975 2073; x_wconf 78' lang='grc' dir='ltr'><strong>ι</strong></span> <span class='ocrx_word' id='word_1_248' title='bbox 1007 2017 1182 2075; x_wconf 88' lang='lat' dir='ltr'><strong>Unum</strong></span> <span class='ocrx_word' id='word_1_249' title='bbox 1219 2021 1348 2091; x_wconf 90' lang='lat' dir='ltr'><strong>petii</strong></span> <span class='ocrx_word' id='word_1_250' title='bbox 1392 2036 1421 2076; x_wconf 90' lang='lat' dir='ltr'><strong>a</strong></span> <span class='ocrx_word' id='word_1_251' title='bbox 1458 2021 1723 2091; x_wconf 87' lang='lat' dir='ltr'><strong>Domino,</strong></span> <span class='ocrx_word' id='word_1_252' title='bbox 1771 2026 1936 2097; x_wconf 82' lang='lat'><strong>770</strong></span> <span class='ocrx_word' id='word_1_253' title='bbox 1968 2027 2073 2085; x_wconf 88' lang='lat' dir='ltr'><strong>hoc</strong></span> 
     </span>
    </p>
   </div>
   <div class='ocr_carea' id='block_1_35' title="bbox 2156 2014 3737 2097">
    <p class='ocr_par' dir='ltr' id='par_1_35' title="bbox 2238 2014 3737 2094">
     <span class='ocr_line' id='line_1_35' title="bbox 2238 2014 3737 2094; baseline 0.003 -24"><span class='ocrx_word' id='word_1_254' title='bbox 2238 2015 2379 2080; x_wconf 83' lang='grc' dir='ltr'>δ’,ε’.</span> <span class='ocrx_word' id='word_1_255' title='bbox 2415 2034 2434 2067; x_wconf 78' lang='lat' dir='ltr'><strong>t</strong></span> <span class='ocrx_word' id='word_1_256' title='bbox 2455 2014 2600 2070; x_wconf 86' lang='grc' dir='ltr'>Μίαν</span> <span class='ocrx_word' id='word_1_257' title='bbox 2621 2016 2915 2088; x_wconf 70' lang='grc' dir='ltr'>ᾐτησάμην</span> <span class='ocrx_word' id='word_1_258' title='bbox 2940 2019 3093 2088; x_wconf 87' lang='grc' dir='ltr'><strong>παρά</strong></span> <span class='ocrx_word' id='word_1_259' title='bbox 3117 2020 3353 2093; x_wconf 80' lang='grc' dir='ltr'>Κυρίου,</span> <span class='ocrx_word' id='word_1_260' title='bbox 3376 2021 3579 2093; x_wconf 87' lang='grc' dir='ltr'>ταύτην</span> <span class='ocrx_word' id='word_1_261' title='bbox 3596 2022 3737 2094; x_wconf 75' lang='grc' dir='ltr'>ζητή·</span> 
     </span>
    </p>
   </div>
   <div class='ocr_carea' id='block_1_36' title="bbox 489 2107 2070 2184">
    <p class='ocr_par' dir='ltr' id='par_1_36' title="bbox 489 2111 2070 2181">
     <span class='ocr_line' id='line_1_36' title="bbox 489 2111 2070 2181; baseline 0.006 -16"><span class='ocrx_word' id='word_1_262' title='bbox 489 2112 800 2181; x_wconf 78' lang='lat' dir='ltr'><strong>requiram,</strong></span> <span class='ocrx_word' id='word_1_263' title='bbox 846 2119 908 2166; x_wconf 93' lang='lat' dir='ltr'><strong>ut</strong></span> <span class='ocrx_word' id='word_1_264' title='bbox 952 2111 1195 2166; x_wconf 88' lang='lat' dir='ltr'><strong>habitem</strong></span> <span class='ocrx_word' id='word_1_265' title='bbox 1256 2114 1312 2168; x_wconf 91' lang='lat' dir='ltr'><strong>in</strong></span> <span class='ocrx_word' id='word_1_266' title='bbox 1347 2116 1515 2169; x_wconf 86' lang='lat' dir='ltr'><strong>domo</strong></span> <span class='ocrx_word' id='word_1_267' title='bbox 1556 2113 1774 2171; x_wconf 88' lang='lat' dir='ltr'><strong>Domini</strong></span> <span class='ocrx_word' id='word_1_268' title='bbox 1815 2119 2070 2174; x_wconf 86' lang='lat' dir='ltr'><strong>omnibus</strong></span> 
     </span>
    </p>
   </div>
   <div class='ocr_carea' id='block_1_37' title="bbox 2154 2107 3735 2184">
    <p class='ocr_par' dir='ltr' id='par_1_37' title="bbox 2173 2107 3735 2184">
     <span class='ocr_line' id='line_1_37' title="bbox 2173 2107 3735 2184; baseline 0.004 -23"><span class='ocrx_word' id='word_1_269' title='bbox 2173 2122 2282 2162; x_wconf 86' lang='grc' dir='ltr'>σω⁶</span> <span class='ocrx_word' id='word_1_270' title='bbox 2336 2109 2398 2161; x_wconf 82' lang='grc' dir='ltr'><strong>τὸ</strong></span> <span class='ocrx_word' id='word_1_271' title='bbox 2415 2107 2460 2140; x_wconf 76' lang='grc'>⁸⁸</span> <span class='ocrx_word' id='word_1_272' title='bbox 2505 2110 2846 2163; x_wconf 79' lang='grc' dir='ltr'>κατοικεῑν⁸⁹</span> <span class='ocrx_word' id='word_1_273' title='bbox 2890 2111 2949 2164; x_wconf 86' lang='grc' dir='ltr'>ὲν</span> <span class='ocrx_word' id='word_1_274' title='bbox 2989 2109 3126 2181; x_wconf 83' lang='grc' dir='ltr'>οίκῳ</span> <span class='ocrx_word' id='word_1_275' title='bbox 3177 2112 3398 2184; x_wconf 84' lang='grc' dir='ltr'>Κυρίου</span> <span class='ocrx_word' id='word_1_276' title='bbox 3438 2112 3613 2178; x_wconf 79' lang='grc' dir='ltr'>πάσας</span> <span class='ocrx_word' id='word_1_277' title='bbox 3650 2112 3735 2177; x_wconf 75' lang='grc' dir='ltr'>τὰς</span> 
     </span>
    </p>
   </div>
   <div class='ocr_carea' id='block_1_38' title="bbox 490 2199 2071 2278">
    <p class='ocr_par' dir='ltr' id='par_1_38' title="bbox 490 2201 2069 2277">
     <span class='ocr_line' id='line_1_38' title="bbox 490 2201 2069 2277; baseline 0.006 -21"><span class='ocrx_word' id='word_1_278' title='bbox 490 2201 685 2259; x_wconf 83' lang='lat' dir='ltr'><strong>diebus</strong></span> <span class='ocrx_word' id='word_1_279' title='bbox 719 2203 842 2258; x_wconf 67' lang='lat' dir='ltr'><strong>vlta</strong></span> <span class='ocrx_word' id='word_1_280' title='bbox 876 2218 1043 2259; x_wconf 71' lang='lat' dir='ltr'><strong>meat:</strong></span> <span class='ocrx_word' id='word_1_281' title='bbox 1074 2213 1133 2258; x_wconf 92' lang='lat' dir='ltr'><strong>ut</strong></span> <span class='ocrx_word' id='word_1_282' title='bbox 1156 2203 1365 2259; x_wconf 85' lang='lat' dir='ltr'><strong>videam</strong></span> <span class='ocrx_word' id='word_1_283' title='bbox 1399 2205 1802 2276; x_wconf 84' lang='lat' dir='ltr'><strong>jucundilatem</strong></span> <span class='ocrx_word' id='word_1_284' title='bbox 1834 2208 2069 2277; x_wconf 89' lang='lat' dir='ltr'><strong>Domini,</strong></span> 
     </span>
    </p>
   </div>
   <div class='ocr_carea' id='block_1_39' title="bbox 2154 2199 3735 2278">
    <p class='ocr_par' dir='ltr' id='par_1_39' title="bbox 2171 2199 3735 2278">
     <span class='ocr_line' id='line_1_39' title="bbox 2171 2199 3735 2278; baseline 0.004 -25"><span class='ocrx_word' id='word_1_285' title='bbox 2171 2201 2387 2272; x_wconf 79' lang='grc' dir='ltr'>ἡμέρας</span> <span class='ocrx_word' id='word_1_286' title='bbox 2420 2199 2519 2272; x_wconf 85' lang='grc' dir='ltr'>τῆς</span> <span class='ocrx_word' id='word_1_287' title='bbox 2547 2201 2694 2273; x_wconf 79' lang='grc' dir='ltr'>ζωῆς</span> <span class='ocrx_word' id='word_1_288' title='bbox 2718 2219 2821 2273; x_wconf 91' lang='grc' dir='ltr'><strong>μου</strong></span> <span class='ocrx_word' id='word_1_289' title='bbox 2843 2217 2856 2233; x_wconf 89' lang='grc'><strong>·</strong></span> <span class='ocrx_word' id='word_1_290' title='bbox 2908 2202 3002 2257; x_wconf 78' lang='grc' dir='ltr'>τοῦ</span> <span class='ocrx_word' id='word_1_291' title='bbox 3034 2203 3265 2277; x_wconf 81' lang='grc' dir='ltr'>θεωρεῖν</span> <span class='ocrx_word' id='word_1_292' title='bbox 3293 2222 3369 2276; x_wconf 87' lang='grc' dir='ltr'><strong>με</strong></span> <span class='ocrx_word' id='word_1_293' title='bbox 3402 2204 3502 2278; x_wconf 81' lang='grc' dir='ltr'>τὴν</span> <span class='ocrx_word' id='word_1_294' title='bbox 3525 2206 3735 2278; x_wconf 86' lang='grc' dir='ltr'>τερπνὸ·</span> 
     </span>
    </p>
   </div>
   <div class='ocr_carea' id='block_1_40' title="bbox 491 2295 2072 2368">
    <p class='ocr_par' dir='ltr' id='par_1_40' title="bbox 491 2295 2071 2368">
     <span class='ocr_line' id='line_1_40' title="bbox 491 2295 2071 2368; baseline 0.006 -18"><span class='ocrx_word' id='word_1_295' title='bbox 491 2303 549 2350; x_wconf 90' lang='lat' dir='ltr'><strong>et</strong></span> <span class='ocrx_word' id='word_1_296' title='bbox 575 2296 791 2352; x_wconf 89' lang='lat' dir='ltr'><strong>visitem</strong></span> <span class='ocrx_word' id='word_1_297' title='bbox 822 2297 1083 2368; x_wconf 88' lang='lat' dir='ltr'><strong>templum</strong></span> <span class='ocrx_word' id='word_1_298' title='bbox 1111 2295 1249 2365; x_wconf 89' lang='lat' dir='ltr'><strong>ejus.</strong></span> <span class='ocrx_word' id='word_1_299' title='bbox 1280 2295 1551 2364; x_wconf 85' lang='lat' dir='ltr'><strong>Quoniam</strong></span> <span class='ocrx_word' id='word_1_300' title='bbox 1585 2299 1873 2357; x_wconf 86' lang='lat' dir='ltr'><strong>abscondit</strong></span> <span class='ocrx_word' id='word_1_301' title='bbox 1907 2318 1994 2359; x_wconf 91' lang='lat' dir='ltr'><strong>me</strong></span> <span class='ocrx_word' id='word_1_302' title='bbox 2016 2304 2071 2359; x_wconf 92' lang='lat' dir='ltr'><strong>in</strong></span> 
     </span>
    </p>
   </div>
   <div class='ocr_carea' id='block_1_41' title="bbox 2155 2295 3736 2368">
    <p class='ocr_par' dir='ltr' id='par_1_41' title="bbox 2169 2295 3736 2367">
     <span class='ocr_line' id='line_1_41' title="bbox 2169 2295 3736 2367; baseline 0.002 -19"><span class='ocrx_word' id='word_1_303' title='bbox 2169 2311 2307 2365; x_wconf 89' lang='grc' dir='ltr'>τητα</span> <span class='ocrx_word' id='word_1_304' title='bbox 2339 2295 2541 2364; x_wconf 80' lang='grc' dir='ltr'>Κυρίου</span> <span class='ocrx_word' id='word_1_305' title='bbox 2563 2336 2579 2361; x_wconf 92' lang='grc'><strong>,</strong></span> <span class='ocrx_word' id='word_1_306' title='bbox 2614 2296 2711 2349; x_wconf 62' lang='grc' dir='ltr'><strong>καί⁵</strong></span> <span class='ocrx_word' id='word_1_307' title='bbox 2740 2296 3176 2351; x_wconf 73' lang='grc' dir='ltr'>ἐπισκέπτεσθαι</span> <span class='ocrx_word' id='word_1_308' title='bbox 3203 2296 3302 2351; x_wconf 79' lang='grc' dir='ltr'>τὸν</span> <span class='ocrx_word' id='word_1_309' title='bbox 3332 2299 3460 2352; x_wconf 80' lang='grc' dir='ltr'>ναὸν</span> <span class='ocrx_word' id='word_1_310' title='bbox 3488 2298 3577 2353; x_wconf 82' lang='grc' dir='ltr'>τὸν</span> <span class='ocrx_word' id='word_1_311' title='bbox 3602 2298 3736 2367; x_wconf 73' lang='grc' dir='ltr'>ἅγιον</span> 
     </span>
    </p>
   </div>
   <div class='ocr_carea' id='block_1_42' title="bbox 493 2385 2074 2462">
    <p class='ocr_par' dir='ltr' id='par_1_42' title="bbox 493 2389 2071 2462">
     <span class='ocr_line' id='line_1_42' title="bbox 493 2389 2071 2462; baseline 0.006 -19"><span class='ocrx_word' id='word_1_312' title='bbox 493 2389 846 2445; x_wconf 84' lang='lat' dir='ltr'><strong>tabernaculo</strong></span> <span class='ocrx_word' id='word_1_313' title='bbox 878 2404 981 2444; x_wconf 88' lang='lat' dir='ltr'><strong>suo</strong></span> <span class='ocrx_word' id='word_1_314' title='bbox 1003 2389 1091 2444; x_wconf 83' lang='lat' dir='ltr'><strong>die</strong></span> <span class='ocrx_word' id='word_1_315' title='bbox 1121 2390 1390 2445; x_wconf 90' lang='lat' dir='ltr'><strong>malorum</strong></span> <span class='ocrx_word' id='word_1_316' title='bbox 1420 2406 1434 2443; x_wconf 90' lang='lat'><strong>:</strong></span> <span class='ocrx_word' id='word_1_317' title='bbox 1476 2393 1715 2462; x_wconf 79' lang='lat' dir='ltr'><strong>protexit</strong></span> <span class='ocrx_word' id='word_1_318' title='bbox 1743 2408 1828 2449; x_wconf 89' lang='lat' dir='ltr'><strong>me</strong></span> <span class='ocrx_word' id='word_1_319' title='bbox 1857 2394 1911 2450; x_wconf 92' lang='lat' dir='ltr'><strong>in</strong></span> <span class='ocrx_word' id='word_1_320' title='bbox 1941 2396 2071 2452; x_wconf 86' lang='lat' dir='ltr'><strong>abs-</strong></span> 
     </span>
    </p>
   </div>
   <div class='ocr_carea' id='block_1_43' title="bbox 2157 2385 3738 2462">
    <p class='ocr_par' dir='ltr' id='par_1_43' title="bbox 2172 2385 3738 2462">
     <span class='ocr_line' id='line_1_43' title="bbox 2172 2385 3738 2462; baseline 0.001 -22"><span class='ocrx_word' id='word_1_321' title='bbox 2172 2385 2360 2442; x_wconf 83' lang='grc' dir='ltr'>αὐτοῦ.</span> <span class='ocrx_word' id='word_1_322' title='bbox 2411 2388 2533 2440; x_wconf 87' lang='grc' dir='ltr'>’Ότι</span> <span class='ocrx_word' id='word_1_323' title='bbox 2578 2385 2786 2458; x_wconf 70' lang='grc' dir='ltr'>ἔκρυψέ</span> <span class='ocrx_word' id='word_1_324' title='bbox 2835 2405 2907 2459; x_wconf 90' lang='grc' dir='ltr'><strong>με</strong></span> <span class='ocrx_word' id='word_1_325' title='bbox 2957 2390 3016 2444; x_wconf 75' lang='grc' dir='ltr'>ὲν</span> <span class='ocrx_word' id='word_1_326' title='bbox 3063 2393 3241 2462; x_wconf 80' lang='grc' dir='ltr'>σκηνῇ</span> <span class='ocrx_word' id='word_1_327' title='bbox 3285 2391 3460 2446; x_wconf 79' lang='grc' dir='ltr'>αὐτοῦ</span> <span class='ocrx_word' id='word_1_328' title='bbox 3492 2392 3549 2444; x_wconf 78' lang='grc' dir='ltr'><strong>ἐν</strong></span> <span class='ocrx_word' id='word_1_329' title='bbox 3574 2391 3738 2461; x_wconf 72' lang='grc' dir='ltr'>ἡμέρᾳ</span> 
     </span>
    </p>
   </div>
   <div class='ocr_carea' id='block_1_44' title="bbox 490 2478 2071 2556">
    <p class='ocr_par' dir='ltr' id='par_1_44' title="bbox 490 2480 2066 2552">
     <span class='ocr_line' id='line_1_44' title="bbox 490 2480 2066 2552; baseline 0.003 -17"><span class='ocrx_word' id='word_1_330' title='bbox 490 2480 713 2535; x_wconf 90' lang='lat' dir='ltr'><strong>condito</strong></span> <span class='ocrx_word' id='word_1_331' title='bbox 762 2481 1098 2536; x_wconf 82' lang='lat' dir='ltr'><strong>tabernaculi</strong></span> <span class='ocrx_word' id='word_1_332' title='bbox 1139 2482 1253 2549; x_wconf 89' lang='lat' dir='ltr'><strong>sui;</strong></span> <span class='ocrx_word' id='word_1_333' title='bbox 1298 2481 1352 2536; x_wconf 90' lang='lat' dir='ltr'><strong>in</strong></span> <span class='ocrx_word' id='word_1_334' title='bbox 1398 2492 1553 2552; x_wconf 83' lang='lat' dir='ltr'><strong>petra</strong></span> <span class='ocrx_word' id='word_1_335' title='bbox 1605 2483 1866 2540; x_wconf 80' lang='lat' dir='ltr'><strong>exaltavit</strong></span> <span class='ocrx_word' id='word_1_336' title='bbox 1906 2502 2013 2542; x_wconf 88' lang='lat' dir='ltr'><strong>me.</strong></span> <span class='ocrx_word' id='word_1_337' title='bbox 2047 2505 2066 2539; x_wconf 74' lang='grc' dir='ltr'><strong>ι</strong></span> 
     </span>
    </p>
   </div>
   <div class='ocr_carea' id='block_1_45' title="bbox 2157 2478 3738 2556">
    <p class='ocr_par' dir='ltr' id='par_1_45' title="bbox 2172 2478 3738 2556">
     <span class='ocr_line' id='line_1_45' title="bbox 2172 2478 3738 2556; baseline 0.008 -24"><span class='ocrx_word' id='word_1_338' title='bbox 2172 2478 2362 2533; x_wconf 85' lang='grc' dir='ltr'>κακῶν</span> <span class='ocrx_word' id='word_1_339' title='bbox 2398 2496 2498 2550; x_wconf 88' lang='grc' dir='ltr'><strong>μου</strong></span> <span class='ocrx_word' id='word_1_340' title='bbox 2521 2493 2536 2511; x_wconf 89' lang='grc'><strong>·</strong></span> <span class='ocrx_word' id='word_1_341' title='bbox 2581 2478 2858 2535; x_wconf 79' lang='grc' dir='ltr'>ἐσκέπασέ</span> <span class='ocrx_word' id='word_1_342' title='bbox 2891 2498 2961 2552; x_wconf 87' lang='grc' dir='ltr'><strong>με</strong></span> <span class='ocrx_word' id='word_1_343' title='bbox 3000 2483 3059 2536; x_wconf 81' lang='grc' dir='ltr'>ὲν</span> <span class='ocrx_word' id='word_1_344' title='bbox 3089 2482 3406 2556; x_wconf 75' lang='grc' dir='ltr'>ἀποκρύφῳ</span> <span class='ocrx_word' id='word_1_345' title='bbox 3434 2484 3528 2554; x_wconf 83' lang='grc' dir='ltr'>τῆς</span> <span class='ocrx_word' id='word_1_346' title='bbox 3555 2483 3738 2553; x_wconf 80' lang='grc' dir='ltr'>σκηνῆς</span> 
     </span>
    </p>
   </div>
   <div class='ocr_carea' id='block_1_46' title="bbox 490 2570 2071 2648">
    <p class='ocr_par' dir='ltr' id='par_1_46' title="bbox 490 2572 2071 2645">
     <span class='ocr_line' id='line_1_46' title="bbox 490 2572 2071 2645; baseline 0.004 -18"><span class='ocrx_word' id='word_1_347' title='bbox 490 2572 605 2644; x_wconf 83' lang='lat' dir='ltr'><strong>Ego</strong></span> <span class='ocrx_word' id='word_1_348' title='bbox 640 2582 847 2640; x_wconf 89' lang='lat' dir='ltr'><strong>autem,</strong></span> <span class='ocrx_word' id='word_1_349' title='bbox 878 2572 1074 2645; x_wconf 88' lang='lat' dir='ltr'><strong>inquit,</strong></span> <span class='ocrx_word' id='word_1_350' title='bbox 1103 2574 1194 2628; x_wconf 84' lang='lat' dir='ltr'><strong>tuli</strong></span> <span class='ocrx_word' id='word_1_351' title='bbox 1222 2573 1426 2644; x_wconf 84' lang='lat' dir='ltr'><strong>potitus</strong></span> <span class='ocrx_word' id='word_1_352' title='bbox 1453 2574 1718 2631; x_wconf 79' lang='lat' dir='ltr'><strong>beneﬁcio</strong></span> <span class='ocrx_word' id='word_1_353' title='bbox 1740 2619 1755 2644; x_wconf 92' lang='lat'><strong>,</strong></span> <span class='ocrx_word' id='word_1_354' title='bbox 1793 2591 1904 2633; x_wconf 91' lang='lat' dir='ltr'><strong>non</strong></span> <span class='ocrx_word' id='word_1_355' title='bbox 1933 2578 2071 2633; x_wconf 87' lang='lat' dir='ltr'><strong>divi-</strong></span> 
     </span>
    </p>
   </div>
   <div class='ocr_carea' id='block_1_47' title="bbox 2155 2570 3736 2648">
    <p class='ocr_par' dir='ltr' id='par_1_47' title="bbox 2171 2570 3736 2648">
     <span class='ocr_line' id='line_1_47' title="bbox 2171 2570 3736 2648; baseline 0.002 -24"><span class='ocrx_word' id='word_1_356' title='bbox 2171 2570 2337 2625; x_wconf 79' lang='grc' dir='ltr'><strong>αὐτοῦ</strong></span> <span class='ocrx_word' id='word_1_357' title='bbox 2358 2587 2372 2600; x_wconf 87' lang='grc'><strong>·</strong></span> <span class='ocrx_word' id='word_1_358' title='bbox 2409 2572 2467 2624; x_wconf 89' lang='grc' dir='ltr'><strong>ἐν</strong></span> <span class='ocrx_word' id='word_1_359' title='bbox 2493 2571 2671 2644; x_wconf 72' lang='grc' dir='ltr'>πέτρᾳ</span> <span class='ocrx_word' id='word_1_360' title='bbox 2700 2570 2886 2643; x_wconf 75' lang='grc' dir='ltr'>ὕψωσέ</span> <span class='ocrx_word' id='word_1_361' title='bbox 2915 2588 3034 2646; x_wconf 71' lang='grc' dir='ltr'>με.»</span> <span class='ocrx_word' id='word_1_362' title='bbox 3088 2575 3231 2644; x_wconf 80' lang='grc' dir='ltr'>Ἐγὼ</span> <span class='ocrx_word' id='word_1_363' title='bbox 3255 2575 3343 2644; x_wconf 81' lang='grc' dir='ltr'><strong>δὲ,</strong></span> <span class='ocrx_word' id='word_1_364' title='bbox 3374 2579 3528 2648; x_wconf 61' lang='grc' dir='ltr'>φησι,</span> <span class='ocrx_word' id='word_1_365' title='bbox 3561 2575 3736 2634; x_wconf 71' lang='grc' dir='ltr'>τοσαύ-</span> 
     </span>
    </p>
   </div>
   <div class='ocr_carea' id='block_1_48' title="bbox 491 2661 2072 2742">
    <p class='ocr_par' dir='ltr' id='par_1_48' title="bbox 491 2665 2072 2741">
     <span class='ocr_line' id='line_1_48' title="bbox 491 2665 2072 2741; baseline 0.003 -18"><span class='ocrx_word' id='word_1_366' title='bbox 491 2667 594 2724; x_wconf 89' lang='lat' dir='ltr'><strong>tias</strong></span> <span class='ocrx_word' id='word_1_367' title='bbox 638 2683 668 2722; x_wconf 94' lang='lat' dir='ltr'><strong>a</strong></span> <span class='ocrx_word' id='word_1_368' title='bbox 716 2681 839 2721; x_wconf 91' lang='lat' dir='ltr'><strong>meo</strong></span> <span class='ocrx_word' id='word_1_369' title='bbox 883 2665 1232 2723; x_wconf 79' lang='lat' dir='ltr'><strong>benefactore</strong></span> <span class='ocrx_word' id='word_1_370' title='bbox 1277 2683 1461 2737; x_wconf 70' lang='lat' dir='ltr'><strong>quaero</strong></span> <span class='ocrx_word' id='word_1_371' title='bbox 1501 2677 1556 2723; x_wconf 89' lang='lat' dir='ltr'><strong>et</strong></span> <span class='ocrx_word' id='word_1_372' title='bbox 1594 2670 1889 2741; x_wconf 84' lang='lat' dir='ltr'><strong>potentiam</strong></span> <span class='ocrx_word' id='word_1_373' title='bbox 1918 2711 1934 2738; x_wconf 92' lang='lat'><strong>,</strong></span> <span class='ocrx_word' id='word_1_374' title='bbox 1971 2686 2072 2728; x_wconf 92' lang='lat' dir='ltr'><strong>nec</strong></span> 
     </span>
    </p>
   </div>
   <div class='ocr_carea' id='block_1_49' title="bbox 2159 2661 3740 2742">
    <p class='ocr_par' dir='ltr' id='par_1_49' title="bbox 2170 2661 3740 2742">
     <span class='ocr_line' id='line_1_49' title="bbox 2170 2661 3740 2742; baseline 0.003 -27"><span class='ocrx_word' id='word_1_375' title='bbox 2170 2680 2270 2734; x_wconf 86' lang='grc' dir='ltr'><strong>της</strong></span> <span class='ocrx_word' id='word_1_376' title='bbox 2297 2661 2615 2728; x_wconf 84' lang='grc' dir='ltr'>ἀπολαύσας</span> <span class='ocrx_word' id='word_1_377' title='bbox 2643 2665 2987 2736; x_wconf 86' lang='grc' dir='ltr'>εὐεργεσίας,</span> <span class='ocrx_word' id='word_1_378' title='bbox 3034 2666 3099 2721; x_wconf 83' lang='grc' dir='ltr'><strong>ού</strong></span> <span class='ocrx_word' id='word_1_379' title='bbox 3134 2667 3380 2723; x_wconf 84' lang='grc' dir='ltr'>πλοῦτον</span> <span class='ocrx_word' id='word_1_380' title='bbox 3420 2668 3563 2742; x_wconf 78' lang='grc' dir='ltr'>ζητῶ</span> <span class='ocrx_word' id='word_1_381' title='bbox 3586 2669 3629 2702; x_wconf 77' lang='grc'><strong>⁷⁸</strong></span> <span class='ocrx_word' id='word_1_382' title='bbox 3658 2667 3740 2723; x_wconf 77' lang='grc' dir='ltr'>τὸν</span> 
     </span>
    </p>
   </div>
   <div class='ocr_carea' id='block_1_50' title="bbox 488 2755 2069 2831">
    <p class='ocr_par' dir='ltr' id='par_1_50' title="bbox 488 2756 2069 2830">
     <span class='ocr_line' id='line_1_50' title="bbox 488 2756 2069 2830; baseline 0.003 -19"><span class='ocrx_word' id='word_1_383' title='bbox 488 2771 716 2827; x_wconf 77' lang='lat' dir='ltr'><strong>regnum</strong></span> <span class='ocrx_word' id='word_1_384' title='bbox 754 2765 809 2810; x_wconf 90' lang='lat' dir='ltr'><strong>et</strong></span> <span class='ocrx_word' id='word_1_385' title='bbox 836 2756 1101 2827; x_wconf 85' lang='lat' dir='ltr'><strong>gloriam,</strong></span> <span class='ocrx_word' id='word_1_386' title='bbox 1130 2771 1318 2811; x_wconf 86' lang='lat' dir='ltr'><strong>verum</strong></span> <span class='ocrx_word' id='word_1_387' title='bbox 1349 2766 1408 2811; x_wconf 92' lang='lat' dir='ltr'><strong>ut</strong></span> <span class='ocrx_word' id='word_1_388' title='bbox 1437 2758 1624 2813; x_wconf 90' lang='lat' dir='ltr'><strong>divino</strong></span> <span class='ocrx_word' id='word_1_389' title='bbox 1658 2760 1862 2830; x_wconf 90' lang='lat' dir='ltr'><strong>templo</strong></span> <span class='ocrx_word' id='word_1_390' title='bbox 1890 2760 2069 2816; x_wconf 90' lang='lat' dir='ltr'><strong>conti-</strong></span> 
     </span>
    </p>
   </div>
   <div class='ocr_carea' id='block_1_51' title="bbox 2157 2755 3738 2831">
    <p class='ocr_par' dir='ltr' id='par_1_51' title="bbox 2171 2755 3738 2831">
     <span class='ocr_line' id='line_1_51' title="bbox 2171 2755 3738 2831; baseline 0.002 -24"><span class='ocrx_word' id='word_1_391' title='bbox 2171 2756 2305 2825; x_wconf 65' lang='grc' dir='ltr'>ἐμὸν</span> <span class='ocrx_word' id='word_1_392' title='bbox 2339 2755 2656 2827; x_wconf 81' lang='grc' dir='ltr'>εὐεργέτην,</span> <span class='ocrx_word' id='word_1_393' title='bbox 2692 2757 2789 2810; x_wconf 75' lang='grc' dir='ltr'><strong>καὶ</strong></span> <span class='ocrx_word' id='word_1_394' title='bbox 2817 2756 3162 2824; x_wconf 87' lang='grc' dir='ltr'>δυναστείαν,</span> <span class='ocrx_word' id='word_1_395' title='bbox 3194 2759 3333 2813; x_wconf 75' lang='grc' dir='ltr'>οὐδὲ</span> <span class='ocrx_word' id='word_1_396' title='bbox 3364 2759 3632 2831; x_wconf 84' lang='grc' dir='ltr'>βασιλείαν</span> <span class='ocrx_word' id='word_1_397' title='bbox 3657 2759 3738 2812; x_wconf 70' lang='grc' dir='ltr'>καὶ</span> 
     </span>
    </p>
   </div>
   <div class='ocr_carea' id='block_1_52' title="bbox 490 2844 2071 2924">
    <p class='ocr_par' dir='ltr' id='par_1_52' title="bbox 490 2849 2069 2923">
     <span class='ocr_line' id='line_1_52' title="bbox 490 2849 2069 2923; baseline 0.002 -18"><span class='ocrx_word' id='word_1_398' title='bbox 490 2864 599 2905; x_wconf 84' lang='lat' dir='ltr'><strong>nue</strong></span> <span class='ocrx_word' id='word_1_399' title='bbox 653 2849 958 2916; x_wconf 81' lang='lat' dir='ltr'><strong>assideant,</strong></span> <span class='ocrx_word' id='word_1_400' title='bbox 1007 2859 1063 2905; x_wconf 89' lang='lat' dir='ltr'><strong>et</strong></span> <span class='ocrx_word' id='word_1_401' title='bbox 1107 2850 1264 2905; x_wconf 84' lang='lat' dir='ltr'><strong>illinc</strong></span> <span class='ocrx_word' id='word_1_402' title='bbox 1308 2849 1549 2906; x_wconf 83' lang='lat' dir='ltr'><strong>divinam</strong></span> <span class='ocrx_word' id='word_1_403' title='bbox 1604 2854 2069 2923; x_wconf 87' lang='lat' dir='ltr'><strong>pulchritudinem</strong></span> 
     </span>
    </p>
   </div>
   <div class='ocr_carea' id='block_1_53' title="bbox 2156 2844 3737 2924">
    <p class='ocr_par' dir='ltr' id='par_1_53' title="bbox 2170 2844 3737 2924">
     <span class='ocr_line' id='line_1_53' title="bbox 2170 2844 3737 2924; baseline 0.005 -26"><span class='ocrx_word' id='word_1_404' title='bbox 2170 2844 2327 2910; x_wconf 82' lang='grc' dir='ltr'>δόξαν</span> <span class='ocrx_word' id='word_1_405' title='bbox 2347 2886 2362 2911; x_wconf 93' lang='grc'><strong>,</strong></span> <span class='ocrx_word' id='word_1_406' title='bbox 2398 2846 2536 2900; x_wconf 85' lang='grc' dir='ltr'><strong>ἀλλὰ</strong></span> <span class='ocrx_word' id='word_1_407' title='bbox 2563 2848 2623 2901; x_wconf 85' lang='grc' dir='ltr'>τὺ</span> <span class='ocrx_word' id='word_1_408' title='bbox 2644 2847 2910 2919; x_wconf 85' lang='grc' dir='ltr'>διηνεκῶς</span> <span class='ocrx_word' id='word_1_409' title='bbox 2940 2850 3018 2921; x_wconf 86' lang='grc' dir='ltr'>τῷ</span> <span class='ocrx_word' id='word_1_410' title='bbox 3049 2849 3179 2922; x_wconf 87' lang='grc' dir='ltr'>θείῳ</span> <span class='ocrx_word' id='word_1_411' title='bbox 3205 2852 3601 2924; x_wconf 81' lang='grc' dir='ltr'>προσεδρεύειν</span> <span class='ocrx_word' id='word_1_412' title='bbox 3623 2848 3737 2918; x_wconf 84' lang='grc' dir='ltr'>ναῷ,</span> 
     </span>
    </p>
   </div>
   <div class='ocr_carea' id='block_1_54' title="bbox 489 2936 2070 3016">
    <p class='ocr_par' dir='ltr' id='par_1_54' title="bbox 489 2941 2070 3016">
     <span class='ocr_line' id='line_1_54' title="bbox 489 2941 2070 3016; baseline 0.003 -19"><span class='ocrx_word' id='word_1_413' title='bbox 489 2951 751 3013; x_wconf 88' lang='lat' dir='ltr'><strong>tanquam</strong></span> <span class='ocrx_word' id='word_1_414' title='bbox 783 2941 837 2997; x_wconf 88' lang='lat' dir='ltr'><strong>in</strong></span> <span class='ocrx_word' id='word_1_415' title='bbox 868 2942 1088 3012; x_wconf 90' lang='lat' dir='ltr'><strong>speculo</strong></span> <span class='ocrx_word' id='word_1_416' title='bbox 1115 2945 1456 3014; x_wconf 89' lang='lat' dir='ltr'><strong>contempler</strong></span> <span class='ocrx_word' id='word_1_417' title='bbox 1478 2983 1494 3009; x_wconf 94' lang='lat'><strong>,</strong></span> <span class='ocrx_word' id='word_1_418' title='bbox 1534 2954 1700 3016; x_wconf 90' lang='lat' dir='ltr'><strong>atque</strong></span> <span class='ocrx_word' id='word_1_419' title='bbox 1736 2946 1917 3001; x_wconf 83' lang='lat' dir='ltr'><strong>omnia</strong></span> <span class='ocrx_word' id='word_1_420' title='bbox 1950 2962 2070 3016; x_wconf 71' lang='lat' dir='ltr'><strong>quae</strong></span> 
     </span>
    </p>
   </div>
   <div class='ocr_carea' id='block_1_55' title="bbox 2159 2936 3740 3016">
    <p class='ocr_par' dir='ltr' id='par_1_55' title="bbox 2171 2936 3740 3014">
     <span class='ocr_line' id='line_1_55' title="bbox 2171 2936 3740 3014; baseline 0.002 -23"><span class='ocrx_word' id='word_1_421' title='bbox 2171 2938 2266 2991; x_wconf 80' lang='grc' dir='ltr'>καὶ</span> <span class='ocrx_word' id='word_1_422' title='bbox 2290 2937 2351 2990; x_wconf 83' lang='grc' dir='ltr'><strong>τὸ</strong></span> <span class='ocrx_word' id='word_1_423' title='bbox 2370 2936 2513 2991; x_wconf 84' lang='grc' dir='ltr'>θεῖον</span> <span class='ocrx_word' id='word_1_424' title='bbox 2542 2939 2753 2993; x_wconf 83' lang='grc' dir='ltr'>ἐκεῖθεν</span> <span class='ocrx_word' id='word_1_425' title='bbox 2774 2941 3242 3014; x_wconf 79' lang='grc' dir='ltr'>κατοπτρίζεσθαι</span> <span class='ocrx_word' id='word_1_426' title='bbox 3272 2945 3503 3009; x_wconf 70' lang='grc' dir='ltr'>κάλλος,</span> <span class='ocrx_word' id='word_1_427' title='bbox 3529 2944 3617 2997; x_wconf 81' lang='grc' dir='ltr'>καὶ</span> <span class='ocrx_word' id='word_1_428' title='bbox 3640 2944 3740 2996; x_wconf 77' lang='grc' dir='ltr'>ἐπι-</span> 
     </span>
    </p>
   </div>
   <div class='ocr_carea' id='block_1_56' title="bbox 491 3021 2072 3107">
    <p class='ocr_par' dir='ltr' id='par_1_56' title="bbox 491 3021 2070 3105">
     <span class='ocr_line' id='line_1_56' title="bbox 491 3021 2070 3105; baseline 0.002 -17"><span class='ocrx_word' id='word_1_429' title='bbox 491 3035 800 3089; x_wconf 85' lang='lat' dir='ltr'><strong>secundum</strong></span> <span class='ocrx_word' id='word_1_430' title='bbox 842 3033 1016 3105; x_wconf 83' lang='lat' dir='ltr'><strong>legem</strong></span> <span class='ocrx_word' id='word_1_431' title='bbox 1066 3032 1318 3103; x_wconf 78' lang='lat' dir='ltr'><strong>facienda</strong></span> <span class='ocrx_word' id='word_1_432' title='bbox 1370 3045 1499 3091; x_wconf 92' lang='lat' dir='ltr'><strong>sunt</strong></span> <span class='ocrx_word' id='word_1_433' title='bbox 1535 3034 1900 3090; x_wconf 88' lang='lat' dir='ltr'><strong>considerem.</strong></span> <span class='ocrx_word' id='word_1_434' title='bbox 1925 3021 2070 3091; x_wconf 79' lang='lat' dir='ltr'><strong>Nam</strong></span> 
     </span>
    </p>
   </div>
   <div class='ocr_carea' id='block_1_57' title="bbox 2163 3021 3744 3107">
    <p class='ocr_par' dir='ltr' id='par_1_57' title="bbox 2174 3030 3744 3107">
     <span class='ocr_line' id='line_1_57' title="bbox 2174 3030 3744 3107; baseline 0.003 -25"><span class='ocrx_word' id='word_1_435' title='bbox 2174 3032 2398 3083; x_wconf 81' lang='grc' dir='ltr'>σκοπεῖν</span> <span class='ocrx_word' id='word_1_436' title='bbox 2431 3030 2652 3085; x_wconf 78' lang='grc' dir='ltr'>ἅπαντα</span> <span class='ocrx_word' id='word_1_437' title='bbox 2677 3031 2747 3085; x_wconf 90' lang='grc' dir='ltr'><strong>τά</strong></span> <span class='ocrx_word' id='word_1_438' title='bbox 2772 3034 2912 3088; x_wconf 86' lang='grc' dir='ltr'><strong>κατά</strong></span> <span class='ocrx_word' id='word_1_439' title='bbox 2932 3034 3098 3106; x_wconf 85' lang='grc' dir='ltr'>νόμον</span> <span class='ocrx_word' id='word_1_440' title='bbox 3120 3036 3426 3106; x_wconf 69' lang='grc' dir='ltr'>γινόμενα*</span> <span class='ocrx_word' id='word_1_441' title='bbox 3454 3036 3636 3107; x_wconf 86' lang='grc' dir='ltr'>πεῖραν</span> <span class='ocrx_word' id='word_1_442' title='bbox 3652 3033 3744 3104; x_wconf 75' lang='grc' dir='ltr'>γὰρ</span> 
     </span>
    </p>
   </div>
   <div class='ocr_carea' id='block_1_58' title="bbox 491 3117 2072 3195">
    <p class='ocr_par' dir='ltr' id='par_1_58' title="bbox 491 3123 2072 3195">
     <span class='ocr_line' id='line_1_58' title="bbox 491 3123 2072 3195; baseline 0.003 -17"><span class='ocrx_word' id='word_1_443' title='bbox 491 3123 559 3180; x_wconf 89' lang='lat' dir='ltr'><strong>de</strong></span> <span class='ocrx_word' id='word_1_444' title='bbox 584 3125 819 3179; x_wconf 82' lang='lat' dir='ltr'><strong>utilitate</strong></span> <span class='ocrx_word' id='word_1_445' title='bbox 840 3125 1178 3194; x_wconf 77' lang='lat' dir='ltr'><strong>experientia</strong></span> <span class='ocrx_word' id='word_1_446' title='bbox 1206 3125 1336 3179; x_wconf 89' lang='lat' dir='ltr'><strong>mihi</strong></span> <span class='ocrx_word' id='word_1_447' title='bbox 1363 3135 1601 3191; x_wconf 84' lang='lat' dir='ltr'><strong>constat,</strong></span> <span class='ocrx_word' id='word_1_448' title='bbox 1624 3142 1748 3180; x_wconf 90' lang='lat' dir='ltr'><strong>cum</strong></span> <span class='ocrx_word' id='word_1_449' title='bbox 1776 3127 1888 3195; x_wconf 83' lang='lat' dir='ltr'><strong>jam</strong></span> <span class='ocrx_word' id='word_1_450' title='bbox 1922 3127 2072 3183; x_wconf 91' lang='lat' dir='ltr'><strong>illinc</strong></span> 
     </span>
    </p>
   </div>
   <div class='ocr_carea' id='block_1_59' title="bbox 2158 3117 3739 3195">
    <p class='ocr_par' dir='ltr' id='par_1_59' title="bbox 2172 3117 3739 3194">
     <span class='ocr_line' id='line_1_59' title="bbox 2172 3117 3739 3194; baseline 0.001 -24"><span class='ocrx_word' id='word_1_451' title='bbox 2172 3117 2280 3189; x_wconf 77' lang='grc' dir='ltr'><strong>ἔχω</strong></span> <span class='ocrx_word' id='word_1_452' title='bbox 2310 3118 2409 3189; x_wconf 85' lang='grc' dir='ltr'>τῆς</span> <span class='ocrx_word' id='word_1_453' title='bbox 2437 3118 2728 3188; x_wconf 80' lang='grc' dir='ltr'>ὠφελείας,</span> <span class='ocrx_word' id='word_1_454' title='bbox 2759 3120 2862 3191; x_wconf 77' lang='grc' dir='ltr'>ήδη</span> <span class='ocrx_word' id='word_1_455' title='bbox 2886 3121 2994 3192; x_wconf 79' lang='grc' dir='ltr'>τὴν</span> <span class='ocrx_word' id='word_1_456' title='bbox 3016 3122 3233 3175; x_wconf 81' lang='grc' dir='ltr'>ἐκεῖθεν</span> <span class='ocrx_word' id='word_1_457' title='bbox 3258 3123 3545 3194; x_wconf 83' lang='grc' dir='ltr'>σωτηρίαν</span> <span class='ocrx_word' id='word_1_458' title='bbox 3562 3118 3739 3193; x_wconf 73' lang='grc' dir='ltr'>δρεψά-</span> 
     </span>
    </p>
   </div>
   <div class='ocr_carea' id='block_1_60' title="bbox 494 3195 2075 3287">
    <p class='ocr_par' dir='ltr' id='par_1_60' title="bbox 494 3215 2075 3285">
     <span class='ocr_line' id='line_1_60' title="bbox 494 3215 2075 3285; baseline 0.001 -15"><span class='ocrx_word' id='word_1_459' title='bbox 494 3217 728 3271; x_wconf 83' lang='lat' dir='ltr'><strong>salutem</strong></span> <span class='ocrx_word' id='word_1_460' title='bbox 769 3216 1084 3285; x_wconf 89' lang='lat' dir='ltr'><strong>retulerim,</strong></span> <span class='ocrx_word' id='word_1_461' title='bbox 1118 3224 1173 3271; x_wconf 82' lang='lat' dir='ltr'><strong>et</strong></span> <span class='ocrx_word' id='word_1_462' title='bbox 1201 3215 1553 3271; x_wconf 87' lang='lat' dir='ltr'><strong>inimicorum</strong></span> <span class='ocrx_word' id='word_1_463' title='bbox 1598 3233 1793 3275; x_wconf 88' lang='lat' dir='ltr'><strong>manus</strong></span> <span class='ocrx_word' id='word_1_464' title='bbox 1830 3218 2075 3273; x_wconf 86' lang='lat' dir='ltr'><strong>declina-</strong></span> 
     </span>
    </p>
   </div>
   <div class='ocr_carea' id='block_1_61' title="bbox 2152 3195 3733 3287">
    <p class='ocr_par' dir='ltr' id='par_1_61' title="bbox 2168 3208 3733 3287">
     <span class='ocr_line' id='line_1_61' title="bbox 2168 3208 3733 3287; baseline 0.002 -25"><span class='ocrx_word' id='word_1_465' title='bbox 2168 3226 2362 3280; x_wconf 83' lang='grc' dir='ltr'>μενος,</span> <span class='ocrx_word' id='word_1_466' title='bbox 2419 3210 2516 3264; x_wconf 75' lang='grc' dir='ltr'><strong>καὶ</strong></span> <span class='ocrx_word' id='word_1_467' title='bbox 2560 3210 2671 3264; x_wconf 88' lang='grc' dir='ltr'><strong>τῶν</strong></span> <span class='ocrx_word' id='word_1_468' title='bbox 2712 3211 3020 3267; x_wconf 85' lang='grc' dir='ltr'>διωκόντων</span> <span class='ocrx_word' id='word_1_469' title='bbox 3065 3214 3169 3276; x_wconf 80' lang='grc' dir='ltr'>τὰς</span> <span class='ocrx_word' id='word_1_470' title='bbox 3210 3217 3413 3287; x_wconf 83' lang='grc' dir='ltr'>χεῖρας</span> <span class='ocrx_word' id='word_1_471' title='bbox 3453 3208 3733 3283; x_wconf 76' lang='grc' dir='ltr'>διαφυγών·</span> 
     </span>
    </p>
   </div>
   <div class='ocr_carea' id='block_1_62' title="bbox 493 3300 2074 3379">
    <p class='ocr_par' dir='ltr' id='par_1_62' title="bbox 493 3306 2074 3379">
     <span class='ocr_line' id='line_1_62' title="bbox 493 3306 2074 3379; baseline 0.001 -17"><span class='ocrx_word' id='word_1_472' title='bbox 493 3309 687 3363; x_wconf 82' lang='lat' dir='ltr'><strong>verim.</strong></span> <span class='ocrx_word' id='word_1_473' title='bbox 737 3306 866 3363; x_wconf 63' lang='lat' dir='ltr'><strong>Haec</strong></span> <span class='ocrx_word' id='word_1_474' title='bbox 909 3317 965 3363; x_wconf 89' lang='lat' dir='ltr'><strong>et</strong></span> <span class='ocrx_word' id='word_1_475' title='bbox 1007 3324 1240 3379; x_wconf 85' lang='lat' dir='ltr'><strong>magnus</strong></span> <span class='ocrx_word' id='word_1_476' title='bbox 1272 3307 1441 3363; x_wconf 84' lang='lat' dir='ltr'><strong>David</strong></span> <span class='ocrx_word' id='word_1_477' title='bbox 1478 3309 1668 3378; x_wconf 79' lang='lat' dir='ltr'><strong>petiit,</strong></span> <span class='ocrx_word' id='word_1_478' title='bbox 1704 3318 1757 3364; x_wconf 89' lang='lat' dir='ltr'><strong>et</strong></span> <span class='ocrx_word' id='word_1_479' title='bbox 1788 3325 1819 3365; x_wconf 89' lang='lat' dir='ltr'><strong>a</strong></span> <span class='ocrx_word' id='word_1_480' title='bbox 1856 3311 2074 3364; x_wconf 87' lang='lat' dir='ltr'><strong>muniti-</strong></span> 
     </span>
    </p>
   </div>
   <div class='ocr_carea' id='block_1_63' title="bbox 2157 3300 3738 3379">
    <p class='ocr_par' dir='ltr' id='par_1_63' title="bbox 2176 3300 3738 3374">
     <span class='ocr_line' id='line_1_63' title="bbox 2176 3300 3738 3374; baseline 0.001 -20"><span class='ocrx_word' id='word_1_481' title='bbox 2176 3300 2350 3355; x_wconf 83' lang='grc' dir='ltr'>ταῦτα</span> <span class='ocrx_word' id='word_1_482' title='bbox 2398 3302 2492 3355; x_wconf 75' lang='grc' dir='ltr'>καὶ</span> <span class='ocrx_word' id='word_1_483' title='bbox 2519 3301 2725 3374; x_wconf 75' lang='grc' dir='ltr'>ᾔτησεν</span> <span class='ocrx_word' id='word_1_484' title='bbox 2752 3305 2781 3357; x_wconf 80' lang='grc' dir='ltr'><strong>ὁ</strong></span> <span class='ocrx_word' id='word_1_485' title='bbox 2814 3303 2989 3374; x_wconf 83' lang='grc' dir='ltr'>μέγας</span> <span class='ocrx_word' id='word_1_486' title='bbox 3016 3304 3214 3373; x_wconf 79' lang='grc' dir='ltr'>Δαόὶδ,</span> <span class='ocrx_word' id='word_1_487' title='bbox 3277 3308 3376 3361; x_wconf 76' lang='grc' dir='ltr'><strong>καὶ</strong></span> <span class='ocrx_word' id='word_1_488' title='bbox 3424 3305 3578 3360; x_wconf 78' lang='grc' dir='ltr'>ἔλασε</span> <span class='ocrx_word' id='word_1_489' title='bbox 3609 3301 3738 3370; x_wconf 68' lang='grc' dir='ltr'>παρὰ</span> 
     </span>
    </p>
   </div>
   <div class='ocr_carea' id='block_1_64' title="bbox 490 3390 2071 3475">
    <p class='ocr_par' dir='ltr' id='par_1_64' title="bbox 490 3398 2071 3475">
     <span class='ocr_line' id='line_1_64' title="bbox 490 3398 2071 3475; baseline 0.002 -19"><span class='ocrx_word' id='word_1_490' title='bbox 490 3400 818 3456; x_wconf 89' lang='lat' dir='ltr'><strong>centissimo</strong></span> <span class='ocrx_word' id='word_1_491' title='bbox 842 3399 951 3455; x_wconf 89' lang='lat' dir='ltr'><strong>Deo</strong></span> <span class='ocrx_word' id='word_1_492' title='bbox 975 3400 1204 3475; x_wconf 77' lang='lat' dir='ltr'><strong>accepit.</strong></span> <span class='ocrx_word' id='word_1_493' title='bbox 1230 3398 1367 3454; x_wconf 85' lang='lat' dir='ltr'><strong>Nam</strong></span> <span class='ocrx_word' id='word_1_494' title='bbox 1400 3407 1455 3456; x_wconf 91' lang='lat' dir='ltr'><strong>et</strong></span> <span class='ocrx_word' id='word_1_495' title='bbox 1484 3401 1598 3470; x_wconf 90' lang='lat' dir='ltr'><strong>ipse</strong></span> <span class='ocrx_word' id='word_1_496' title='bbox 1628 3402 1863 3456; x_wconf 85' lang='lat' dir='ltr'><strong>divinam</strong></span> <span class='ocrx_word' id='word_1_497' title='bbox 1892 3419 2071 3459; x_wconf 86' lang='lat' dir='ltr'><strong>arcam</strong></span> 
     </span>
    </p>
   </div>
   <div class='ocr_carea' id='block_1_65' title="bbox 2159 3390 3740 3475">
    <p class='ocr_par' dir='ltr' id='par_1_65' title="bbox 2176 3390 3740 3468">
     <span class='ocr_line' id='line_1_65' title="bbox 2176 3390 3740 3468; baseline 0 -23"><span class='ocrx_word' id='word_1_498' title='bbox 2176 3392 2271 3446; x_wconf 76' lang='grc' dir='ltr'>τοῦ</span> <span class='ocrx_word' id='word_1_499' title='bbox 2325 3390 2708 3465; x_wconf 85' lang='grc' dir='ltr'>μεγαλοδώρου</span> <span class='ocrx_word' id='word_1_500' title='bbox 2753 3392 2914 3449; x_wconf 81' lang='grc' dir='ltr'>Θεοῦ.</span> <span class='ocrx_word' id='word_1_501' title='bbox 2974 3395 3148 3460; x_wconf 76' lang='grc' dir='ltr'>Αὐτὸς</span> <span class='ocrx_word' id='word_1_502' title='bbox 3192 3396 3311 3468; x_wconf 85' lang='grc' dir='ltr'>γὰρ</span> <span class='ocrx_word' id='word_1_503' title='bbox 3359 3400 3456 3452; x_wconf 74' lang='grc' dir='ltr'><strong>καὶ</strong></span> <span class='ocrx_word' id='word_1_504' title='bbox 3487 3396 3581 3468; x_wconf 82' lang='grc' dir='ltr'><strong>τὴν</strong></span> <span class='ocrx_word' id='word_1_505' title='bbox 3609 3394 3740 3448; x_wconf 84' lang='grc' dir='ltr'>θείαν</span> 
     </span>
    </p>
   </div>
   <div class='ocr_carea' id='block_1_66' title="bbox 490 3484 2071 3562">
    <p class='ocr_par' dir='ltr' id='par_1_66' title="bbox 490 3492 2071 3559">
     <span class='ocr_line' id='line_1_66' title="bbox 490 3492 2071 3559; baseline 0.003 -12"><span class='ocrx_word' id='word_1_506' title='bbox 490 3492 732 3559; x_wconf 75' lang='lat' dir='ltr'><strong>reduxit,</strong></span> <span class='ocrx_word' id='word_1_507' title='bbox 755 3501 809 3547; x_wconf 90' lang='lat' dir='ltr'><strong>et</strong></span> <span class='ocrx_word' id='word_1_508' title='bbox 832 3492 1245 3548; x_wconf 87' lang='lat' dir='ltr'><strong>tabernaculum</strong></span> <span class='ocrx_word' id='word_1_509' title='bbox 1270 3492 1503 3547; x_wconf 84' lang='lat' dir='ltr'><strong>alterunt</strong></span> <span class='ocrx_word' id='word_1_510' title='bbox 1543 3492 1921 3551; x_wconf 87' lang='lat' dir='ltr'><strong>admirabilius</strong></span> <span class='ocrx_word' id='word_1_511' title='bbox 1946 3510 2071 3551; x_wconf 87' lang='lat' dir='ltr'><strong>con-</strong></span> 
     </span>
    </p>
   </div>
   <div class='ocr_carea' id='block_1_67' title="bbox 2156 3484 3737 3562">
    <p class='ocr_par' dir='ltr' id='par_1_67' title="bbox 2178 3484 3737 3562">
     <span class='ocr_line' id='line_1_67' title="bbox 2178 3484 3737 3562; baseline -0.001 -24"><span class='ocrx_word' id='word_1_512' title='bbox 2178 3485 2497 3556; x_wconf 81' lang='grc' dir='ltr'>ὲπανήγαγε</span> <span class='ocrx_word' id='word_1_513' title='bbox 2528 3484 2804 3562; x_wconf 74' lang='grc' dir='ltr'>κιὸωτδν,</span> <span class='ocrx_word' id='word_1_514' title='bbox 2866 3487 2965 3540; x_wconf 70' lang='grc' dir='ltr'>καὶ</span> <span class='ocrx_word' id='word_1_515' title='bbox 3023 3488 3236 3559; x_wconf 82' lang='grc' dir='ltr'>σκηνὴν</span> <span class='ocrx_word' id='word_1_516' title='bbox 3271 3490 3470 3562; x_wconf 78' lang='grc' dir='ltr'>ἑτέραν</span> <span class='ocrx_word' id='word_1_517' title='bbox 3498 3488 3737 3556; x_wconf 80' lang='grc' dir='ltr'>θαυμασι-</span> 
     </span>
    </p>
   </div>
   <div class='ocr_carea' id='block_1_68' title="bbox 492 3574 2073 3651">
    <p class='ocr_par' dir='ltr' id='par_1_68' title="bbox 492 3586 2073 3651">
     <span class='ocr_line' id='line_1_68' title="bbox 492 3586 2073 3651; baseline 0.003 -10"><span class='ocrx_word' id='word_1_518' title='bbox 492 3586 723 3651; x_wconf 78' lang='lat' dir='ltr'><strong>struxit,</strong></span> <span class='ocrx_word' id='word_1_519' title='bbox 757 3594 811 3640; x_wconf 88' lang='lat' dir='ltr'><strong>et</strong></span> <span class='ocrx_word' id='word_1_520' title='bbox 847 3586 1093 3642; x_wconf 88' lang='lat' dir='ltr'><strong>diversos</strong></span> <span class='ocrx_word' id='word_1_521' title='bbox 1133 3594 1429 3641; x_wconf 86' lang='lat' dir='ltr'><strong>cantorum</strong></span> <span class='ocrx_word' id='word_1_522' title='bbox 1465 3586 1665 3642; x_wconf 84' lang='lat' dir='ltr'><strong>choros</strong></span> <span class='ocrx_word' id='word_1_523' title='bbox 1707 3587 1947 3643; x_wconf 89' lang='lat' dir='ltr'><strong>instituit</strong></span> <span class='ocrx_word' id='word_1_524' title='bbox 1975 3598 2073 3645; x_wconf 20' lang='lat' dir='ltr'><strong>:‘el</strong></span> 
     </span>
    </p>
   </div>
   <div class='ocr_carea' id='block_1_69' title="bbox 2157 3574 3738 3651">
    <p class='ocr_par' dir='ltr' id='par_1_69' title="bbox 2177 3574 3738 3651">
     <span class='ocr_line' id='line_1_69' title="bbox 2177 3574 3738 3651; baseline 0 -24"><span class='ocrx_word' id='word_1_525' title='bbox 2177 3575 2388 3645; x_wconf 80' lang='grc' dir='ltr'>ωτέραν</span> <span class='ocrx_word' id='word_1_526' title='bbox 2416 3575 2661 3647; x_wconf 78' lang='grc' dir='ltr'>ἐπήξατο</span> <span class='ocrx_word' id='word_1_527' title='bbox 2679 3618 2694 3642; x_wconf 92' lang='grc'><strong>,</strong></span> <span class='ocrx_word' id='word_1_528' title='bbox 2731 3577 2828 3631; x_wconf 79' lang='grc' dir='ltr'>καὶ</span> <span class='ocrx_word' id='word_1_529' title='bbox 2856 3578 2986 3642; x_wconf 86' lang='grc' dir='ltr'>τοὺς</span> <span class='ocrx_word' id='word_1_530' title='bbox 3012 3578 3318 3650; x_wconf 84' lang='grc' dir='ltr'>διαφόρους</span> <span class='ocrx_word' id='word_1_531' title='bbox 3346 3580 3457 3634; x_wconf 79' lang='grc' dir='ltr'><strong>τῶν</strong></span> <span class='ocrx_word' id='word_1_532' title='bbox 3476 3574 3738 3651; x_wconf 81' lang='grc' dir='ltr'>ψαλτῳδῶν</span> 
     </span>
    </p>
   </div>
   <div class='ocr_carea' id='block_1_70' title="bbox 494 3665 2075 3749">
    <p class='ocr_par' dir='ltr' id='par_1_70' title="bbox 494 3675 2075 3749">
     <span class='ocr_line' id='line_1_70' title="bbox 494 3675 2075 3749; baseline 0.003 -17"><span class='ocrx_word' id='word_1_533' title='bbox 494 3679 613 3733; x_wconf 68' lang='lat' dir='ltr'><strong>haec</strong></span> <span class='ocrx_word' id='word_1_534' title='bbox 649 3692 715 3732; x_wconf 76' lang='lat' dir='ltr'><strong>ex</strong></span> <span class='ocrx_word' id='word_1_535' title='bbox 759 3676 1215 3748; x_wconf 82' lang='lat' dir='ltr'><strong>Paralipomenon</strong></span> <span class='ocrx_word' id='word_1_536' title='bbox 1258 3675 1401 3732; x_wconf 87' lang='lat' dir='ltr'><strong>libro</strong></span> <span class='ocrx_word' id='word_1_537' title='bbox 1434 3677 1682 3733; x_wconf 85' lang='lat' dir='ltr'><strong>exactius</strong></span> <span class='ocrx_word' id='word_1_538' title='bbox 1715 3679 1839 3749; x_wconf 90' lang='lat' dir='ltr'><strong>quis</strong></span> <span class='ocrx_word' id='word_1_539' title='bbox 1870 3681 2075 3736; x_wconf 89' lang='lat' dir='ltr'><strong>discere</strong></span> 
     </span>
    </p>
   </div>
   <div class='ocr_carea' id='block_1_71' title="bbox 2158 3665 3739 3749">
    <p class='ocr_par' dir='ltr' id='par_1_71' title="bbox 2177 3665 3739 3741">
     <span class='ocr_line' id='line_1_71' title="bbox 2177 3665 3739 3741; baseline 0.002 -24"><span class='ocrx_word' id='word_1_540' title='bbox 2177 3665 2373 3737; x_wconf 84' lang='grc' dir='ltr'>χοροὺς</span> <span class='ocrx_word' id='word_1_541' title='bbox 2399 3667 2794 3738; x_wconf 87' lang='grc' dir='ltr'>συνεστήσατο·</span> <span class='ocrx_word' id='word_1_542' title='bbox 2827 3669 2923 3722; x_wconf 73' lang='grc' dir='ltr'><strong>καὶ</strong></span> <span class='ocrx_word' id='word_1_543' title='bbox 2947 3669 3125 3723; x_wconf 81' lang='grc' dir='ltr'>ταῦτα</span> <span class='ocrx_word' id='word_1_544' title='bbox 3152 3671 3216 3723; x_wconf 81' lang='grc' dir='ltr'>ὲκ</span> <span class='ocrx_word' id='word_1_545' title='bbox 3238 3672 3345 3741; x_wconf 79' lang='grc' dir='ltr'>τῆς</span> <span class='ocrx_word' id='word_1_546' title='bbox 3371 3671 3482 3725; x_wconf 87' lang='grc' dir='ltr'><strong>τῶν</strong></span> <span class='ocrx_word' id='word_1_547' title='bbox 3503 3669 3739 3740; x_wconf 78' lang='grc' dir='ltr'>Παραλειο</span> 
     </span>
    </p>
   </div>
   <div class='ocr_carea' id='block_1_72' title="bbox 496 3756 2077 3842">
    <p class='ocr_par' dir='ltr' id='par_1_72' title="bbox 496 3766 2077 3842">
     <span class='ocr_line' id='line_1_72' title="bbox 496 3766 2077 3842; baseline 0.004 -20"><span class='ocrx_word' id='word_1_548' title='bbox 496 3768 716 3839; x_wconf 89' lang='lat' dir='ltr'><strong>poterit.</strong></span> <span class='ocrx_word' id='word_1_549' title='bbox 748 3767 862 3823; x_wconf 86' lang='lat' dir='ltr'><strong>Hoc</strong></span> <span class='ocrx_word' id='word_1_550' title='bbox 890 3776 1072 3823; x_wconf 89' lang='lat' dir='ltr'><strong>autem</strong></span> <span class='ocrx_word' id='word_1_551' title='bbox 1104 3783 1118 3819; x_wconf 88' lang='lat'><strong>:</strong></span> <span class='ocrx_word' id='word_1_552' title='bbox 1157 3786 1176 3818; x_wconf 74' lang='grc' dir='ltr'><strong>ε</strong></span> <span class='ocrx_word' id='word_1_553' title='bbox 1206 3766 1386 3822; x_wconf 87' lang='lat' dir='ltr'><strong>Unum</strong></span> <span class='ocrx_word' id='word_1_554' title='bbox 1420 3768 1549 3838; x_wconf 89' lang='lat' dir='ltr'><strong>petii</strong></span> <span class='ocrx_word' id='word_1_555' title='bbox 1581 3784 1611 3822; x_wconf 90' lang='lat' dir='ltr'><strong>a</strong></span> <span class='ocrx_word' id='word_1_556' title='bbox 1635 3769 2077 3842; x_wconf 68' lang='lat' dir='ltr'><strong>Domino,tidem</strong></span> 
     </span>
    </p>
   </div>
   <div class='ocr_carea' id='block_1_73' title="bbox 2155 3756 3736 3842">
    <p class='ocr_par' dir='ltr' id='par_1_73' title="bbox 2179 3756 3736 3837">
     <span class='ocr_line' id='line_1_73' title="bbox 2179 3756 3736 3837; baseline 0.001 -26"><span class='ocrx_word' id='word_1_557' title='bbox 2179 3758 2432 3828; x_wconf 88' lang='grc' dir='ltr'>πομένων</span> <span class='ocrx_word' id='word_1_558' title='bbox 2463 3758 2711 3829; x_wconf 73' lang='grc' dir='ltr'><strong>βίϐλου·ἰ</strong></span> <span class='ocrx_word' id='word_1_559' title='bbox 2739 3758 2901 3832; x_wconf 80' lang='grc' dir='ltr'>μάθοι</span> <span class='ocrx_word' id='word_1_560' title='bbox 2930 3778 3015 3826; x_wconf 88' lang='grc' dir='ltr'><strong>τις</strong></span> <span class='ocrx_word' id='word_1_561' title='bbox 3042 3761 3109 3816; x_wconf 85' lang='grc' dir='ltr'><strong>ἂν</strong></span> <span class='ocrx_word' id='word_1_562' title='bbox 3134 3762 3555 3837; x_wconf 79' lang='grc' dir='ltr'>ἀκριϐέστερον.</span> <span class='ocrx_word' id='word_1_563' title='bbox 3579 3760 3645 3814; x_wconf 86' lang='grc' dir='ltr'><strong>Τδ</strong></span> <span class='ocrx_word' id='word_1_564' title='bbox 3663 3756 3736 3812; x_wconf 79' lang='grc' dir='ltr'>δέ·</span> 
     </span>
    </p>
   </div>
   <div class='ocr_carea' id='block_1_74' title="bbox 495 3850 2076 3936">
    <p class='ocr_par' dir='ltr' id='par_1_74' title="bbox 495 3859 2076 3936">
     <span class='ocr_line' id='line_1_74' title="bbox 495 3859 2076 3936; baseline 0.003 -22"><span class='ocrx_word' id='word_1_565' title='bbox 495 3868 582 3916; x_wconf 89' lang='lat' dir='ltr'><strong>est</strong></span> <span class='ocrx_word' id='word_1_566' title='bbox 607 3859 754 3930; x_wconf 89' lang='lat' dir='ltr'><strong>quod</strong></span> <span class='ocrx_word' id='word_1_567' title='bbox 792 3877 810 3911; x_wconf 82' lang='grc' dir='ltr'><strong>ι</strong></span> <span class='ocrx_word' id='word_1_568' title='bbox 843 3875 1007 3915; x_wconf 88' lang='lat' dir='ltr'><strong>unam</strong></span> <span class='ocrx_word' id='word_1_569' title='bbox 1039 3859 1293 3931; x_wconf 84' lang='lat' dir='ltr'><strong>gratiam.</strong></span> <span class='ocrx_word' id='word_1_570' title='bbox 1324 3878 1343 3912; x_wconf 73' lang='grc' dir='ltr'><strong>ι</strong></span> <span class='ocrx_word' id='word_1_571' title='bbox 1376 3860 1466 3916; x_wconf 91' lang='lat' dir='ltr'><strong>Sic</strong></span> <span class='ocrx_word' id='word_1_572' title='bbox 1494 3861 1641 3916; x_wconf 87' lang='lat' dir='ltr'><strong>enim</strong></span> <span class='ocrx_word' id='word_1_573' title='bbox 1672 3860 2076 3936; x_wconf 80' lang='lat' dir='ltr'><strong>intelligendum</strong></span> 
     </span>
    </p>
   </div>
   <div class='ocr_carea' id='block_1_75' title="bbox 2161 3850 3742 3936">
    <p class='ocr_par' dir='ltr' id='par_1_75' title="bbox 2183 3850 3742 3926">
     <span class='ocr_line' id='line_1_75' title="bbox 2183 3850 3742 3926; baseline 0.001 -24"><span class='ocrx_word' id='word_1_574' title='bbox 2183 3866 2204 3902; x_wconf 75' lang='grc' dir='ltr'><strong>ε</strong></span> <span class='ocrx_word' id='word_1_575' title='bbox 2232 3850 2377 3905; x_wconf 85' lang='grc' dir='ltr'>Μίαν</span> <span class='ocrx_word' id='word_1_576' title='bbox 2405 3852 2696 3925; x_wconf 77' lang='grc' dir='ltr'>ᾐτησάμην</span> <span class='ocrx_word' id='word_1_577' title='bbox 2726 3854 2880 3926; x_wconf 83' lang='grc' dir='ltr'><strong>παρά</strong></span> <span class='ocrx_word' id='word_1_578' title='bbox 2906 3855 3116 3926; x_wconf 84' lang='grc' dir='ltr'>Κυρίου</span> <span class='ocrx_word' id='word_1_579' title='bbox 3128 3856 3198 3923; x_wconf 79' lang='grc'><strong>⁷³,</strong></span> <span class='ocrx_word' id='word_1_580' title='bbox 3224 3875 3245 3909; x_wconf 72' lang='grc' dir='ltr'><strong>ι</strong></span> <span class='ocrx_word' id='word_1_581' title='bbox 3288 3858 3415 3913; x_wconf 76' lang='grc' dir='ltr'>ἀντὶ</span> <span class='ocrx_word' id='word_1_582' title='bbox 3441 3857 3556 3920; x_wconf 82' lang='grc' dir='ltr'>τοῦ,</span> <span class='ocrx_word' id='word_1_583' title='bbox 3595 3851 3742 3925; x_wconf 82' lang='grc' dir='ltr'>ιμίαν</span> 
     </span>
    </p>
   </div>
   <div class='ocr_carea' id='block_1_76' title="bbox 414 3941 3058 4018">
    <p class='ocr_par' dir='ltr' id='par_1_76' title="bbox 414 3941 3058 4018">
     <span class='ocr_line' id='line_1_76' title="bbox 414 3941 3058 4018; baseline 0.005 -31"><span class='ocrx_word' id='word_1_584' title='bbox 414 3982 419 3987; x_wconf 87' lang='grc'><strong>.</strong></span> <span class='ocrx_word' id='word_1_585' title='bbox 497 3961 603 4010; x_wconf 56' lang='grc' dir='ltr'><strong>οδε,</strong></span> <span class='ocrx_word' id='word_1_586' title='bbox 1029 3989 1038 3996; x_wconf 80' lang='grc'><strong>,</strong></span> <span class='ocrx_word' id='word_1_587' title='bbox 2179 3941 2397 4014; x_wconf 73' lang='grc' dir='ltr'>χάριν.»</span> <span class='ocrx_word' id='word_1_588' title='bbox 2437 3943 2596 3998; x_wconf 81' lang='grc' dir='ltr'>Οὕτω</span> <span class='ocrx_word' id='word_1_589' title='bbox 2619 3945 2786 4017; x_wconf 84' lang='grc' dir='ltr'>γάρ⁷³</span> <span class='ocrx_word' id='word_1_590' title='bbox 2816 3946 3058 4018; x_wconf 88' lang='grc' dir='ltr'>νοητέον.</span> 
     </span>
    </p>
   </div>
   <div class='ocr_carea' id='block_1_77' title="bbox 567 4033 2148 4120">
    <p class='ocr_par' dir='ltr' id='par_1_77' title="bbox 567 4042 2083 4120">
     <span class='ocr_line' id='line_1_77' title="bbox 567 4042 2083 4120; baseline 0.002 -19"><span class='ocrx_word' id='word_1_591' title='bbox 567 4045 733 4101; x_wconf 67' lang='grc' dir='ltr'>νειιε.</span> <span class='ocrx_word' id='word_1_592' title='bbox 765 4043 819 4099; x_wconf 88' lang='lat'><strong>6.</strong></span> <span class='ocrx_word' id='word_1_593' title='bbox 863 4063 881 4096; x_wconf 77' lang='grc' dir='ltr'><strong>ι</strong></span> <span class='ocrx_word' id='word_1_594' title='bbox 912 4042 979 4100; x_wconf 85' lang='grc' dir='ltr'>Ει</span> <span class='ocrx_word' id='word_1_595' title='bbox 1020 4058 1169 4099; x_wconf 89' lang='lat' dir='ltr'><strong>nunc</strong></span> <span class='ocrx_word' id='word_1_596' title='bbox 1210 4044 1471 4101; x_wconf 83' lang='lat' dir='ltr'><strong>exaltavit</strong></span> <span class='ocrx_word' id='word_1_597' title='bbox 1505 4054 1669 4117; x_wconf 86' lang='lat' dir='ltr'><strong>caput</strong></span> <span class='ocrx_word' id='word_1_598' title='bbox 1701 4064 1883 4104; x_wconf 89' lang='lat' dir='ltr'><strong>meum</strong></span> <span class='ocrx_word' id='word_1_599' title='bbox 1917 4064 2083 4120; x_wconf 89' lang='lat' dir='ltr'><strong>super</strong></span> 
     </span>
    </p>
   </div>
   <div class='ocr_carea' id='block_1_78' title="bbox 2160 4033 3741 4120">
    <p class='ocr_par' dir='ltr' id='par_1_78' title="bbox 2251 4033 3741 4112">
     <span class='ocr_line' id='line_1_78' title="bbox 2251 4033 3741 4112; baseline 0.002 -22"><span class='ocrx_word' id='word_1_600' title='bbox 2251 4043 2326 4102; x_wconf 82' lang='grc' dir='ltr'>ς’.</span> <span class='ocrx_word' id='word_1_601' title='bbox 2365 4055 2384 4090; x_wconf 71' lang='grc' dir='ltr'><strong>ι</strong></span> <span class='ocrx_word' id='word_1_602' title='bbox 2410 4038 2523 4092; x_wconf 69' lang='grc' dir='ltr'>Καὶ</span> <span class='ocrx_word' id='word_1_603' title='bbox 2544 4038 2640 4092; x_wconf 84' lang='grc' dir='ltr'>νῦν</span> <span class='ocrx_word' id='word_1_604' title='bbox 2670 4038 2781 4093; x_wconf 84' lang='grc' dir='ltr'>ίδοὺ</span> <span class='ocrx_word' id='word_1_605' title='bbox 2810 4037 2995 4109; x_wconf 61' lang='grc' dir='ltr'>ὕψωσεν</span> <span class='ocrx_word' id='word_1_606' title='bbox 3022 4037 3272 4111; x_wconf 82' lang='grc' dir='ltr'>κεφαλήν</span> <span class='ocrx_word' id='word_1_607' title='bbox 3299 4058 3406 4112; x_wconf 86' lang='grc' dir='ltr'><strong>μου</strong></span> <span class='ocrx_word' id='word_1_608' title='bbox 3433 4040 3519 4093; x_wconf 73' lang='grc' dir='ltr'>ἐπ’</span> <span class='ocrx_word' id='word_1_609' title='bbox 3541 4033 3741 4108; x_wconf 82' lang='grc' dir='ltr'>ἐχθρούς</span> 
     </span>
    </p>
   </div>
   <div class='ocr_carea' id='block_1_79' title="bbox 499 4127 2080 4206">
    <p class='ocr_par' dir='ltr' id='par_1_79' title="bbox 499 4136 2080 4204">
     <span class='ocr_line' id='line_1_79' title="bbox 499 4136 2080 4204; baseline 0.001 -11"><span class='ocrx_word' id='word_1_610' title='bbox 499 4139 755 4194; x_wconf 87' lang='lat' dir='ltr'><strong>inimicos</strong></span> <span class='ocrx_word' id='word_1_611' title='bbox 801 4152 953 4193; x_wconf 84' lang='lat' dir='ltr'><strong>meos</strong></span> <span class='ocrx_word' id='word_1_612' title='bbox 984 4155 997 4191; x_wconf 93' lang='lat'>:</span> <span class='ocrx_word' id='word_1_613' title='bbox 1043 4136 1271 4192; x_wconf 85' lang='lat' dir='ltr'><strong>cireuivi</strong></span> <span class='ocrx_word' id='word_1_614' title='bbox 1296 4180 1312 4204; x_wconf 92' lang='lat'><strong>,</strong></span> <span class='ocrx_word' id='word_1_615' title='bbox 1348 4148 1402 4193; x_wconf 90' lang='lat' dir='ltr'><strong>et</strong></span> <span class='ocrx_word' id='word_1_616' title='bbox 1430 4138 1705 4193; x_wconf 80' lang='lat' dir='ltr'><strong>immolavi</strong></span> <span class='ocrx_word' id='word_1_617' title='bbox 1742 4140 1793 4194; x_wconf 91' lang='lat' dir='ltr'><strong>iu</strong></span> <span class='ocrx_word' id='word_1_618' title='bbox 1828 4141 2080 4196; x_wconf 87' lang='lat' dir='ltr'><strong>taberna-</strong></span> 
     </span>
    </p>
   </div>
   <div class='ocr_carea' id='block_1_80' title="bbox 2159 4127 3740 4206">
    <p class='ocr_par' dir='ltr' id='par_1_80' title="bbox 2183 4127 3740 4206">
     <span class='ocr_line' id='line_1_80' title="bbox 2183 4127 3740 4206; baseline -0.004 -24"><span class='ocrx_word' id='word_1_619' title='bbox 2183 4147 2284 4199; x_wconf 85' lang='grc' dir='ltr'><strong>μου</strong></span> <span class='ocrx_word' id='word_1_620' title='bbox 2305 4145 2319 4160; x_wconf 87' lang='grc'><strong>·</strong></span> <span class='ocrx_word' id='word_1_621' title='bbox 2356 4129 2646 4184; x_wconf 82' lang='grc' dir='ltr'>έκύκλωσα</span> <span class='ocrx_word' id='word_1_622' title='bbox 2674 4131 2771 4185; x_wconf 79' lang='grc' dir='ltr'>καὶ</span> <span class='ocrx_word' id='word_1_623' title='bbox 2799 4131 2970 4187; x_wconf 80' lang='grc' dir='ltr'>ἔθυσα</span> <span class='ocrx_word' id='word_1_624' title='bbox 2999 4135 3057 4186; x_wconf 80' lang='grc' dir='ltr'><strong>ἐν</strong></span> <span class='ocrx_word' id='word_1_625' title='bbox 3080 4137 3149 4205; x_wconf 76' lang='grc' dir='ltr'><strong>τῇ</strong></span> <span class='ocrx_word' id='word_1_626' title='bbox 3179 4137 3361 4206; x_wconf 83' lang='grc' dir='ltr'>σκηνῇ</span> <span class='ocrx_word' id='word_1_627' title='bbox 3382 4132 3553 4188; x_wconf 83' lang='grc' dir='ltr'>αὑτοῦ</span> <span class='ocrx_word' id='word_1_628' title='bbox 3577 4127 3740 4185; x_wconf 76' lang='grc' dir='ltr'>θυσίαν</span> 
     </span>
    </p>
   </div>
   <div class='ocr_carea' id='block_1_81' title="bbox 496 4218 2077 4302">
    <p class='ocr_par' dir='ltr' id='par_1_81' title="bbox 496 4229 2077 4302">
     <span class='ocr_line' id='line_1_81' title="bbox 496 4229 2077 4302; baseline 0.001 -15"><span class='ocrx_word' id='word_1_629' title='bbox 496 4232 625 4287; x_wconf 91' lang='lat' dir='ltr'><strong>culo</strong></span> <span class='ocrx_word' id='word_1_630' title='bbox 662 4230 783 4302; x_wconf 83' lang='lat' dir='ltr'><strong>ejus</strong></span> <span class='ocrx_word' id='word_1_631' title='bbox 831 4229 1068 4286; x_wconf 87' lang='lat' dir='ltr'><strong>hostiam</strong></span> <span class='ocrx_word' id='word_1_632' title='bbox 1119 4230 1299 4284; x_wconf 91' lang='lat' dir='ltr'><strong>laudis</strong></span> <span class='ocrx_word' id='word_1_633' title='bbox 1340 4238 1396 4285; x_wconf 92' lang='lat' dir='ltr'><strong>et</strong></span> <span class='ocrx_word' id='word_1_634' title='bbox 1438 4229 1872 4287; x_wconf 83' lang='lat' dir='ltr'><strong>vociferationis.</strong></span> <span class='ocrx_word' id='word_1_635' title='bbox 1910 4251 1929 4284; x_wconf 75' lang='grc' dir='ltr'><strong>ι</strong></span> <span class='ocrx_word' id='word_1_636' title='bbox 1984 4233 2077 4289; x_wconf 90' lang='lat' dir='ltr'><strong>llic</strong></span> 
     </span>
    </p>
   </div>
   <div class='ocr_carea' id='block_1_82' title="bbox 2158 4218 3739 4302">
    <p class='ocr_par' dir='ltr' id='par_1_82' title="bbox 2181 4218 3739 4293">
     <span class='ocr_line' id='line_1_82' title="bbox 2181 4218 3739 4293; baseline 0.004 -21"><span class='ocrx_word' id='word_1_637' title='bbox 2181 4218 2506 4283; x_wconf 72' lang='grc' dir='ltr'>αἰνέσεως⁷⁶</span> <span class='ocrx_word' id='word_1_638' title='bbox 2556 4221 2654 4273; x_wconf 83' lang='grc' dir='ltr'>καὶ</span> <span class='ocrx_word' id='word_1_639' title='bbox 2699 4220 3102 4293; x_wconf 66' lang='grc' dir='ltr'>ἀλαλαγμοῦτδ.</span> <span class='ocrx_word' id='word_1_640' title='bbox 3136 4243 3156 4276; x_wconf 73' lang='grc' dir='ltr'><strong>ι</strong></span> <span class='ocrx_word' id='word_1_641' title='bbox 3221 4225 3496 4279; x_wconf 79' lang='grc' dir='ltr'>Ἐνταῦθα</span> <span class='ocrx_word' id='word_1_642' title='bbox 3523 4226 3552 4277; x_wconf 86' lang='grc'>6</span> <span class='ocrx_word' id='word_1_643' title='bbox 3577 4220 3739 4293; x_wconf 78' lang='grc' dir='ltr'><strong>χρόνος</strong></span> 
     </span>
    </p>
   </div>
   <div class='ocr_carea' id='block_1_83' title="bbox 496 4309 2077 4395">
    <p class='ocr_par' dir='ltr' id='par_1_83' title="bbox 496 4321 2077 4395">
     <span class='ocr_line' id='line_1_83' title="bbox 496 4321 2077 4395; baseline 0 -16"><span class='ocrx_word' id='word_1_644' title='bbox 496 4333 714 4395; x_wconf 89' lang='lat' dir='ltr'><strong>tempus</strong></span> <span class='ocrx_word' id='word_1_645' title='bbox 744 4331 1012 4378; x_wconf 89' lang='lat' dir='ltr'><strong>mutatum</strong></span> <span class='ocrx_word' id='word_1_646' title='bbox 1046 4331 1131 4377; x_wconf 88' lang='lat' dir='ltr'><strong>est</strong></span> <span class='ocrx_word' id='word_1_647' title='bbox 1155 4365 1170 4390; x_wconf 95' lang='lat'><strong>,</strong></span> <span class='ocrx_word' id='word_1_648' title='bbox 1203 4321 1348 4393; x_wconf 88' lang='lat' dir='ltr'><strong>quod</strong></span> <span class='ocrx_word' id='word_1_649' title='bbox 1378 4332 1430 4377; x_wconf 87' lang='lat' dir='ltr'><strong>et</strong></span> <span class='ocrx_word' id='word_1_650' title='bbox 1463 4322 1658 4391; x_wconf 79' lang='lat' dir='ltr'><strong>Aquila</strong></span> <span class='ocrx_word' id='word_1_651' title='bbox 1685 4322 1869 4378; x_wconf 90' lang='lat' dir='ltr'><strong>docuit</strong></span> <span class='ocrx_word' id='word_1_652' title='bbox 1900 4341 1913 4376; x_wconf 86' lang='lat'><strong>:</strong></span> <span class='ocrx_word' id='word_1_653' title='bbox 1953 4339 2077 4379; x_wconf 89' lang='lat' dir='ltr'><strong>nam</strong></span> 
     </span>
    </p>
   </div>
   <div class='ocr_carea' id='block_1_84' title="bbox 2157 4309 3738 4395">
    <p class='ocr_par' dir='ltr' id='par_1_84' title="bbox 2181 4309 3738 4381">
     <span class='ocr_line' id='line_1_84' title="bbox 2181 4309 3738 4381; baseline 0.002 -19"><span class='ocrx_word' id='word_1_654' title='bbox 2181 4310 2505 4381; x_wconf 81' lang='grc' dir='ltr'>ἐνήλλακται</span> <span class='ocrx_word' id='word_1_655' title='bbox 2531 4324 2547 4342; x_wconf 75' lang='grc' dir='ltr'><strong>ο</strong></span> <span class='ocrx_word' id='word_1_656' title='bbox 2605 4311 2768 4366; x_wconf 83' lang='grc' dir='ltr'>τοῦτο</span> <span class='ocrx_word' id='word_1_657' title='bbox 2791 4313 2847 4367; x_wconf 82' lang='grc' dir='ltr'>δὲ</span> <span class='ocrx_word' id='word_1_658' title='bbox 2880 4316 2975 4368; x_wconf 78' lang='grc' dir='ltr'><strong>καὶ</strong></span> <span class='ocrx_word' id='word_1_659' title='bbox 2996 4316 3026 4368; x_wconf 85' lang='grc' dir='ltr'><strong>ὁ</strong></span> <span class='ocrx_word' id='word_1_660' title='bbox 3059 4314 3296 4379; x_wconf 80' lang='grc' dir='ltr'>Ἀκύλας</span> <span class='ocrx_word' id='word_1_661' title='bbox 3327 4315 3595 4381; x_wconf 77' lang='grc' dir='ltr'>ἐδίδαξενο</span> <span class='ocrx_word' id='word_1_662' title='bbox 3640 4309 3738 4365; x_wconf 72' lang='grc' dir='ltr'><strong>ἀπὶ</strong></span> 
     </span>
    </p>
   </div>
   <div class='ocr_carea' id='block_1_85' title="bbox 496 4401 2077 4490">
    <p class='ocr_par' dir='ltr' id='par_1_85' title="bbox 496 4415 2077 4490">
     <span class='ocr_line' id='line_1_85' title="bbox 496 4415 2077 4490; baseline 0.001 -18"><span class='ocrx_word' id='word_1_663' title='bbox 496 4435 597 4490; x_wconf 91' lang='lat' dir='ltr'><strong>pro</strong></span> <span class='ocrx_word' id='word_1_664' title='bbox 631 4417 883 4474; x_wconf 68' lang='lat' dir='ltr'><strong>exultavit</strong></span> <span class='ocrx_word' id='word_1_665' title='bbox 915 4424 1074 4486; x_wconf 85' lang='lat' dir='ltr'><strong>caput</strong></span> <span class='ocrx_word' id='word_1_666' title='bbox 1111 4432 1303 4483; x_wconf 88' lang='lat' dir='ltr'><strong>meum,</strong></span> <span class='ocrx_word' id='word_1_667' title='bbox 1334 4416 1538 4487; x_wconf 89' lang='lat' dir='ltr'><strong>posuit,</strong></span> <span class='ocrx_word' id='word_1_668' title='bbox 1564 4415 1893 4470; x_wconf 75' lang='lat' dir='ltr'><strong>exaltabitur</strong></span> <span class='ocrx_word' id='word_1_669' title='bbox 1920 4429 2077 4488; x_wconf 84' lang='lat' dir='ltr'><strong>caput</strong></span> 
     </span>
    </p>
   </div>
   <div class='ocr_carea' id='block_1_86' title="bbox 2157 4401 3738 4490">
    <p class='ocr_par' dir='ltr' id='par_1_86' title="bbox 2180 4401 3738 4476">
     <span class='ocr_line' id='line_1_86' title="bbox 2180 4401 3738 4476; baseline -0.001 -21"><span class='ocrx_word' id='word_1_670' title='bbox 2180 4401 2287 4471; x_wconf 77' lang='grc' dir='ltr'>γὰρ</span> <span class='ocrx_word' id='word_1_671' title='bbox 2307 4401 2428 4467; x_wconf 86' lang='grc' dir='ltr'>τοῦ,</span> <span class='ocrx_word' id='word_1_672' title='bbox 2448 4402 2659 4472; x_wconf 80' lang='grc' dir='ltr'>ὕψωσε</span> <span class='ocrx_word' id='word_1_673' title='bbox 2685 4404 2962 4473; x_wconf 68' lang='grc' dir='ltr'>κεφαλήν</span> <span class='ocrx_word' id='word_1_674' title='bbox 2980 4423 3100 4476; x_wconf 85' lang='grc' dir='ltr'><strong>μου</strong></span> <span class='ocrx_word' id='word_1_675' title='bbox 3112 4407 3178 4471; x_wconf 80' lang='grc'><strong>⁷⁸,</strong></span> <span class='ocrx_word' id='word_1_676' title='bbox 3204 4407 3592 4475; x_wconf 74' lang='grc' dir='ltr'>ὑψωθήσεται</span> <span class='ocrx_word' id='word_1_677' title='bbox 3612 4403 3647 4470; x_wconf 75' lang='grc' dir='ltr'>ἡ</span> <span class='ocrx_word' id='word_1_678' title='bbox 3662 4415 3738 4454; x_wconf 80' lang='grc' dir='ltr'>κε·</span> 
     </span>
    </p>
   </div>
   <div class='ocr_carea' id='block_1_87' title="bbox 495 4490 2076 4582">
    <p class='ocr_par' dir='ltr' id='par_1_87' title="bbox 495 4508 2076 4582">
     <span class='ocr_line' id='line_1_87' title="bbox 495 4508 2076 4582; baseline 0.001 -16"><span class='ocrx_word' id='word_1_679' title='bbox 495 4528 690 4567; x_wconf 84' lang='lat' dir='ltr'><strong>meum.</strong></span> <span class='ocrx_word' id='word_1_680' title='bbox 727 4508 1068 4582; x_wconf 82' lang='lat' dir='ltr'><strong>Significavit</strong></span> <span class='ocrx_word' id='word_1_681' title='bbox 1101 4509 1267 4581; x_wconf 82' lang='lat' dir='ltr'><strong>igitur</strong></span> <span class='ocrx_word' id='word_1_682' title='bbox 1300 4524 1359 4565; x_wconf 90' lang='lat' dir='ltr'><strong>se</strong></span> <span class='ocrx_word' id='word_1_683' title='bbox 1396 4518 1749 4578; x_wconf 85' lang='lat' dir='ltr'><strong>regnaturum</strong></span> <span class='ocrx_word' id='word_1_684' title='bbox 1781 4525 1940 4576; x_wconf 89' lang='lat' dir='ltr'><strong>esse,</strong></span> <span class='ocrx_word' id='word_1_685' title='bbox 1972 4510 2076 4567; x_wconf 88' lang='lat' dir='ltr'><strong>iui-</strong></span> 
     </span>
    </p>
   </div>
   <div class='ocr_carea' id='block_1_88' title="bbox 2151 4490 3732 4582">
    <p class='ocr_par' dir='ltr' id='par_1_88' title="bbox 2151 4490 3732 4582">
     <span class='ocr_line' id='line_1_88' title="bbox 2151 4490 3732 4582; baseline -0.015 -17"><span class='ocrx_word' id='word_1_686' title='bbox 2151 4573 2154 4582; x_wconf 33' lang='grc' dir='ltr'>λ</span> <span class='ocrx_word' id='word_1_687' title='bbox 2181 4493 2347 4564; x_wconf 70' lang='grc' dir='ltr'><em>φαλή</em></span> <span class='ocrx_word' id='word_1_688' title='bbox 2373 4513 2493 4565; x_wconf 77' lang='grc' dir='ltr'><strong>μου</strong></span> <span class='ocrx_word' id='word_1_689' title='bbox 2521 4497 2792 4551; x_wconf 86' lang='grc' dir='ltr'>τέθεικεν.</span> <span class='ocrx_word' id='word_1_690' title='bbox 2823 4497 3152 4568; x_wconf 77' lang='grc' dir='ltr'><strong>ΣημαίνειΠ</strong></span> <span class='ocrx_word' id='word_1_691' title='bbox 3177 4499 3389 4564; x_wconf 80' lang='grc' dir='ltr'>τοίνυν,</span> <span class='ocrx_word' id='word_1_692' title='bbox 3416 4500 3499 4553; x_wconf 82' lang='grc' dir='ltr'><strong>ὅτι</strong></span> <span class='ocrx_word' id='word_1_693' title='bbox 3523 4490 3732 4569; x_wconf 67' lang='grc' dir='ltr'>βασιλεύ</span> 
     </span>
    </p>
   </div>
   <div class='ocr_carea' id='block_1_89' title="bbox 495 4585 2076 4686">
    <p class='ocr_par' dir='ltr' id='par_1_89' title="bbox 495 4596 2076 4673">
     <span class='ocr_line' id='line_1_89' title="bbox 495 4596 2076 4673; baseline -0.009 -14"><span class='ocrx_word' id='word_1_694' title='bbox 495 4603 762 4673; x_wconf 82' lang='lat' dir='ltr'><strong>tulcisque</strong></span> <span class='ocrx_word' id='word_1_695' title='bbox 794 4601 1136 4673; x_wconf 83' lang='lat' dir='ltr'><strong>superiorem</strong></span> <span class='ocrx_word' id='word_1_696' title='bbox 1182 4600 1341 4670; x_wconf 81' lang='lat'><strong>771</strong></span> <span class='ocrx_word' id='word_1_697' title='bbox 1376 4596 1494 4655; x_wconf 85' lang='lat' dir='ltr'><strong>fore</strong></span> <span class='ocrx_word' id='word_1_698' title='bbox 1517 4639 1532 4664; x_wconf 92' lang='lat'><strong>,</strong></span> <span class='ocrx_word' id='word_1_699' title='bbox 1580 4607 1745 4670; x_wconf 86' lang='lat' dir='ltr'><strong>atque</strong></span> <span class='ocrx_word' id='word_1_700' title='bbox 1784 4600 1936 4670; x_wconf 85' lang='lat' dir='ltr'><strong>ipsos</strong></span> <span class='ocrx_word' id='word_1_701' title='bbox 1968 4603 2076 4659; x_wconf 67' lang='lat' dir='ltr'><strong>cir-</strong></span> 
     </span>
    </p>
   </div>
   <div class='ocr_carea' id='block_1_90' title="bbox 2156 4585 3737 4686">
    <p class='ocr_par' dir='ltr' id='par_1_90' title="bbox 2186 4585 3737 4662">
     <span class='ocr_line' id='line_1_90' title="bbox 2186 4585 3737 4662; baseline -0.001 -23"><span class='ocrx_word' id='word_1_702' title='bbox 2186 4602 2291 4650; x_wconf 85' lang='grc' dir='ltr'>σει,</span> <span class='ocrx_word' id='word_1_703' title='bbox 2322 4587 2417 4642; x_wconf 78' lang='grc' dir='ltr'><strong>καὶ</strong></span> <span class='ocrx_word' id='word_1_704' title='bbox 2445 4590 2876 4661; x_wconf 85' lang='grc' dir='ltr'>περιγενήσεται</span> <span class='ocrx_word' id='word_1_705' title='bbox 2903 4589 3015 4644; x_wconf 91' lang='grc' dir='ltr'><strong>τῶν</strong></span> <span class='ocrx_word' id='word_1_706' title='bbox 3033 4591 3350 4662; x_wconf 87' lang='grc' dir='ltr'>δυσμενῶν,</span> <span class='ocrx_word' id='word_1_707' title='bbox 3379 4593 3475 4647; x_wconf 74' lang='grc' dir='ltr'><strong>καὶ</strong></span> <span class='ocrx_word' id='word_1_708' title='bbox 3501 4585 3737 4645; x_wconf 74' lang='grc' dir='ltr'>κυκλώσει</span> 
     </span>
    </p>
   </div>
   <div class='ocr_carea' id='block_1_91' title="bbox 495 4677 2076 4763">
    <p class='ocr_par' dir='ltr' id='par_1_91' title="bbox 495 4691 2073 4763">
     <span class='ocr_line' id='line_1_91' title="bbox 495 4691 2073 4763; baseline 0 -13"><span class='ocrx_word' id='word_1_709' title='bbox 495 4696 913 4760; x_wconf 88' lang='lat' dir='ltr'><strong>cumdaturum,</strong></span> <span class='ocrx_word' id='word_1_710' title='bbox 968 4694 1061 4763; x_wconf 92' lang='lat' dir='ltr'><strong>qui</strong></span> <span class='ocrx_word' id='word_1_711' title='bbox 1105 4706 1251 4746; x_wconf 89' lang='lat' dir='ltr'><strong>nunc</strong></span> <span class='ocrx_word' id='word_1_712' title='bbox 1294 4694 1363 4746; x_wconf 88' lang='lat' dir='ltr'><strong>ab</strong></span> <span class='ocrx_word' id='word_1_713' title='bbox 1407 4692 1542 4761; x_wconf 90' lang='lat' dir='ltr'><strong>ipsis</strong></span> <span class='ocrx_word' id='word_1_714' title='bbox 1589 4691 2073 4750; x_wconf 88' lang='lat' dir='ltr'><strong>circumdabatur:</strong></span> 
     </span>
    </p>
   </div>
   <div class='ocr_carea' id='block_1_92' title="bbox 2156 4677 3737 4763">
    <p class='ocr_par' dir='ltr' id='par_1_92' title="bbox 2180 4677 3737 4754">
     <span class='ocr_line' id='line_1_92' title="bbox 2180 4677 3737 4754; baseline -0.001 -22"><span class='ocrx_word' id='word_1_715' title='bbox 2180 4678 2379 4741; x_wconf 78' lang='grc' dir='ltr'>αὐτοὺς</span> <span class='ocrx_word' id='word_1_716' title='bbox 2412 4681 2441 4733; x_wconf 87' lang='grc' dir='ltr'>ὁ</span> <span class='ocrx_word' id='word_1_717' title='bbox 2469 4680 2564 4734; x_wconf 83' lang='grc' dir='ltr'>νῦν</span> <span class='ocrx_word' id='word_1_718' title='bbox 2599 4681 2691 4735; x_wconf 83' lang='grc' dir='ltr'>ὑπ’</span> <span class='ocrx_word' id='word_1_719' title='bbox 2717 4681 2901 4736; x_wconf 79' lang='grc' dir='ltr'>αὐτῶν</span> <span class='ocrx_word' id='word_1_720' title='bbox 2936 4683 3312 4753; x_wconf 82' lang='grc' dir='ltr'>κυκλούμενος</span> <span class='ocrx_word' id='word_1_721' title='bbox 3334 4700 3351 4717; x_wconf 75' lang='grc' dir='ltr'><strong>ο</strong></span> <span class='ocrx_word' id='word_1_722' title='bbox 3413 4685 3508 4738; x_wconf 83' lang='grc' dir='ltr'><strong>καὶ</strong></span> <span class='ocrx_word' id='word_1_723' title='bbox 3546 4680 3620 4754; x_wconf 83' lang='grc' dir='ltr'>τῷ</span> <span class='ocrx_word' id='word_1_724' title='bbox 3642 4677 3737 4744; x_wconf 83' lang='grc' dir='ltr'><strong>Θεῷ</strong></span> 
     </span>
    </p>
   </div>
   <div class='ocr_carea' id='block_1_93' title="bbox 495 4769 2076 4854">
    <p class='ocr_par' dir='ltr' id='par_1_93' title="bbox 495 4782 2076 4854">
     <span class='ocr_line' id='line_1_93' title="bbox 495 4782 2076 4854; baseline -0.001 -13"><span class='ocrx_word' id='word_1_725' title='bbox 495 4794 551 4841; x_wconf 86' lang='lat' dir='ltr'><strong>ct</strong></span> <span class='ocrx_word' id='word_1_726' title='bbox 581 4785 689 4840; x_wconf 87' lang='lat' dir='ltr'><strong>Deo</strong></span> <span class='ocrx_word' id='word_1_727' title='bbox 715 4786 1030 4840; x_wconf 89' lang='lat' dir='ltr'><strong>oblaturum</strong></span> <span class='ocrx_word' id='word_1_728' title='bbox 1054 4824 1069 4848; x_wconf 98' lang='lat'><strong>,</strong></span> <span class='ocrx_word' id='word_1_729' title='bbox 1112 4799 1221 4838; x_wconf 86' lang='lat' dir='ltr'><strong>non</strong></span> <span class='ocrx_word' id='word_1_730' title='bbox 1260 4782 1394 4854; x_wconf 83' lang='lat' dir='ltr'><strong>legis</strong></span> <span class='ocrx_word' id='word_1_731' title='bbox 1428 4782 1700 4839; x_wconf 73' lang='lat' dir='ltr'><strong>sacriﬁcia</strong></span> <span class='ocrx_word' id='word_1_732' title='bbox 1735 4782 1789 4837; x_wconf 91' lang='lat' dir='ltr'><strong>in</strong></span> <span class='ocrx_word' id='word_1_733' title='bbox 1826 4784 2076 4840; x_wconf 85' lang='lat' dir='ltr'><strong>taberna-</strong></span> 
     </span>
    </p>
   </div>
   <div class='ocr_carea' id='block_1_94' title="bbox 2155 4769 3736 4854">
    <p class='ocr_par' dir='ltr' id='par_1_94' title="bbox 2180 4769 3736 4849">
     <span class='ocr_line' id='line_1_94' title="bbox 2180 4769 3736 4849; baseline 0.006 -27"><span class='ocrx_word' id='word_1_734' title='bbox 2180 4769 2502 4841; x_wconf 87' lang='grc' dir='ltr'>προσοίσει,</span> <span class='ocrx_word' id='word_1_735' title='bbox 2559 4773 2620 4825; x_wconf 77' lang='grc' dir='ltr'><strong>ού</strong></span> <span class='ocrx_word' id='word_1_736' title='bbox 2676 4773 2777 4838; x_wconf 75' lang='grc' dir='ltr'><strong>τὰς</strong></span> <span class='ocrx_word' id='word_1_737' title='bbox 2825 4777 3062 4845; x_wconf 79' lang='grc' dir='ltr'>νομικὰς</span> <span class='ocrx_word' id='word_1_738' title='bbox 3104 4776 3301 4842; x_wconf 88' lang='grc' dir='ltr'>θυσίας</span> <span class='ocrx_word' id='word_1_739' title='bbox 3350 4779 3414 4831; x_wconf 85' lang='grc' dir='ltr'><strong>ἐν</strong></span> <span class='ocrx_word' id='word_1_740' title='bbox 3454 4780 3521 4849; x_wconf 81' lang='grc' dir='ltr'>τῇ</span> <span class='ocrx_word' id='word_1_741' title='bbox 3571 4772 3736 4841; x_wconf 45' lang='grc' dir='ltr'>σκηνῇ</span> 
     </span>
    </p>
   </div>
   <div class='ocr_carea' id='block_1_95' title="bbox 496 4859 2077 4948">
    <p class='ocr_par' dir='ltr' id='par_1_95' title="bbox 496 4873 2077 4948">
     <span class='ocr_line' id='line_1_95' title="bbox 496 4873 2077 4948; baseline 0 -16"><span class='ocrx_word' id='word_1_742' title='bbox 496 4879 655 4941; x_wconf 90' lang='lat' dir='ltr'><strong>culo,</strong></span> <span class='ocrx_word' id='word_1_743' title='bbox 684 4877 778 4932; x_wconf 92' lang='lat' dir='ltr'><strong>sed</strong></span> <span class='ocrx_word' id='word_1_744' title='bbox 806 4878 983 4932; x_wconf 88' lang='lat' dir='ltr'><strong>laudis</strong></span> <span class='ocrx_word' id='word_1_745' title='bbox 1014 4876 1251 4932; x_wconf 90' lang='lat' dir='ltr'><strong>hostiam</strong></span> <span class='ocrx_word' id='word_1_746' title='bbox 1272 4916 1287 4942; x_wconf 89' lang='lat'><strong>,</strong></span> <span class='ocrx_word' id='word_1_747' title='bbox 1319 4889 1484 4948; x_wconf 80' lang='lat' dir='ltr'><strong>quam</strong></span> <span class='ocrx_word' id='word_1_748' title='bbox 1527 4873 1579 4928; x_wconf 91' lang='lat' dir='ltr'><strong>in</strong></span> <span class='ocrx_word' id='word_1_749' title='bbox 1621 4873 1879 4930; x_wconf 88' lang='lat' dir='ltr'><strong>omnibus</strong></span> <span class='ocrx_word' id='word_1_750' title='bbox 1914 4876 2077 4934; x_wconf 85' lang='lat' dir='ltr'><strong>totius</strong></span> 
     </span>
    </p>
   </div>
   <div class='ocr_carea' id='block_1_96' title="bbox 2154 4859 3735 4948">
    <p class='ocr_par' dir='ltr' id='par_1_96' title="bbox 2177 4859 3735 4948">
     <span class='ocr_line' id='line_1_96' title="bbox 2177 4859 3735 4948; baseline -0.004 -33"><span class='ocrx_word' id='word_1_751' title='bbox 2177 4859 2316 4915; x_wconf 79' lang='grc' dir='ltr'>ἀλλὰ</span> <span class='ocrx_word' id='word_1_752' title='bbox 2365 4861 2464 4933; x_wconf 77' lang='grc' dir='ltr'>τὴν</span> <span class='ocrx_word' id='word_1_753' title='bbox 2505 4862 2605 4933; x_wconf 84' lang='grc' dir='ltr'>τῆς</span> <span class='ocrx_word' id='word_1_754' title='bbox 2646 4865 2907 4928; x_wconf 75' lang='grc' dir='ltr'>αἰνέσεως</span> <span class='ocrx_word' id='word_1_755' title='bbox 2940 4865 3164 4934; x_wconf 89' lang='grc' dir='ltr'>θυσίαν,</span> <span class='ocrx_word' id='word_1_756' title='bbox 3220 4867 3291 4938; x_wconf 83' lang='grc' dir='ltr'>ἢν</span> <span class='ocrx_word' id='word_1_757' title='bbox 3328 4869 3387 4920; x_wconf 89' lang='grc' dir='ltr'><strong>ἐν</strong></span> <span class='ocrx_word' id='word_1_758' title='bbox 3420 4867 3617 4924; x_wconf 79' lang='grc' dir='ltr'>πάσαις</span> <span class='ocrx_word' id='word_1_759' title='bbox 3644 4861 3735 4948; x_wconf 73' lang='grc' dir='ltr'>ταῖς</span> 
     </span>
    </p>
   </div>
   <div class='ocr_carea' id='block_1_97' title="bbox 394 4946 1975 5041">
    <p class='ocr_par' dir='ltr' id='par_1_97' title="bbox 394 4967 1975 5041">
     <span class='ocr_line' id='line_1_97' title="bbox 394 4967 1975 5041; baseline -0.001 -14"><span class='ocrx_word' id='word_1_760' title='bbox 394 5000 407 5010; x_wconf 84' lang='grc'><strong>-</strong></span> <span class='ocrx_word' id='word_1_761' title='bbox 496 4971 649 5027; x_wconf 88' lang='lat' dir='ltr'><strong>orbis</strong></span> <span class='ocrx_word' id='word_1_762' title='bbox 679 4971 930 5025; x_wconf 90' lang='lat' dir='ltr'><strong>ecclesiis</strong></span> <span class='ocrx_word' id='word_1_763' title='bbox 977 4984 1072 5041; x_wconf 90' lang='lat' dir='ltr'><strong>per</strong></span> <span class='ocrx_word' id='word_1_764' title='bbox 1099 4984 1196 5025; x_wconf 89' lang='lat' dir='ltr'><strong>eos</strong></span> <span class='ocrx_word' id='word_1_765' title='bbox 1239 4969 1333 5039; x_wconf 87' lang='lat' dir='ltr'><strong>qui</strong></span> <span class='ocrx_word' id='word_1_766' title='bbox 1372 4967 1481 5024; x_wconf 92' lang='lat' dir='ltr'><strong>Deo</strong></span> <span class='ocrx_word' id='word_1_767' title='bbox 1522 4967 1874 5024; x_wconf 88' lang='lat' dir='ltr'><strong>crediderunt</strong></span> <span class='ocrx_word' id='word_1_768' title='bbox 1910 4985 1975 5025; x_wconf 82' lang='lat' dir='ltr'><strong>no</strong></span> 
     </span>
    </p>
   </div>
   <div class='ocr_carea' id='block_1_98' title="bbox 2158 4946 3739 5041">
    <p class='ocr_par' dir='ltr' id='par_1_98' title="bbox 2181 4946 3739 5030">
     <span class='ocr_line' id='line_1_98' title="bbox 2181 4946 3739 5030; baseline 0.001 -23"><span class='ocrx_word' id='word_1_769' title='bbox 2181 4953 2326 5007; x_wconf 76' lang='grc' dir='ltr'>κατὰ</span> <span class='ocrx_word' id='word_1_770' title='bbox 2372 4954 2473 5026; x_wconf 79' lang='grc' dir='ltr'><strong>τὴν</strong></span> <span class='ocrx_word' id='word_1_771' title='bbox 2517 4955 2847 5026; x_wconf 82' lang='grc' dir='ltr'>οἰκουμένην</span> <span class='ocrx_word' id='word_1_772' title='bbox 2890 4957 3233 5030; x_wconf 84' lang='grc' dir='ltr'>ἐκκλησίαις,</span> <span class='ocrx_word' id='word_1_773' title='bbox 3281 4959 3374 5012; x_wconf 79' lang='grc' dir='ltr'>διὰ</span> <span class='ocrx_word' id='word_1_774' title='bbox 3412 4956 3522 5012; x_wconf 89' lang='grc' dir='ltr'><strong>τῶν</strong></span> <span class='ocrx_word' id='word_1_775' title='bbox 3551 4952 3623 5025; x_wconf 85' lang='grc' dir='ltr'>τῷ</span> <span class='ocrx_word' id='word_1_776' title='bbox 3642 4946 3739 5017; x_wconf 78' lang='grc' dir='ltr'><strong>Θεῷ</strong></span> 
     </span>
    </p>
   </div>
   <div class='ocr_carea' id='block_1_99' title="bbox 496 5043 2077 5135">
    <p class='ocr_par' dir='ltr' id='par_1_99' title="bbox 496 5059 2077 5135">
     <span class='ocr_line' id='line_1_99' title="bbox 496 5059 2077 5135; baseline -0.003 -13"><span class='ocrx_word' id='word_1_777' title='bbox 496 5073 552 5122; x_wconf 83' lang='lat' dir='ltr'><strong>et</strong></span> <span class='ocrx_word' id='word_1_778' title='bbox 579 5063 812 5119; x_wconf 88' lang='lat' dir='ltr'><strong>interdiu</strong></span> <span class='ocrx_word' id='word_1_779' title='bbox 845 5062 1020 5119; x_wconf 80' lang='lat' dir='ltr'><strong>offert.</strong></span> <span class='ocrx_word' id='word_1_780' title='bbox 1061 5064 1258 5135; x_wconf 86' lang='lat' dir='ltr'><strong>Aliqua</strong></span> <span class='ocrx_word' id='word_1_781' title='bbox 1290 5060 1509 5133; x_wconf 89' lang='lat' dir='ltr'><strong>quidem</strong></span> <span class='ocrx_word' id='word_1_782' title='bbox 1538 5059 1868 5130; x_wconf 72' lang='lat' dir='ltr'><strong>exemplaria</strong></span> <span class='ocrx_word' id='word_1_783' title='bbox 1906 5079 1929 5114; x_wconf 75' lang='grc' dir='ltr'><strong>ι</strong></span> <span class='ocrx_word' id='word_1_784' title='bbox 1966 5061 2077 5118; x_wconf 85' lang='lat' dir='ltr'><strong>llo-</strong></span> 
     </span>
    </p>
   </div>
   <div class='ocr_carea' id='block_1_100' title="bbox 2153 5043 3734 5135">
    <p class='ocr_par' dir='ltr' id='par_1_100' title="bbox 2184 5043 3734 5135">
     <span class='ocr_line' id='line_1_100' title="bbox 2184 5043 3734 5135; baseline -0.003 -36"><span class='ocrx_word' id='word_1_785' title='bbox 2184 5046 2653 5112; x_wconf 86' lang='grc' dir='ltr'>πεπιστευκότων,</span> <span class='ocrx_word' id='word_1_786' title='bbox 2686 5047 2904 5120; x_wconf 86' lang='grc' dir='ltr'>νύκτωρ</span> <span class='ocrx_word' id='word_1_787' title='bbox 2932 5051 3024 5103; x_wconf 78' lang='grc' dir='ltr'>καὶ</span> <span class='ocrx_word' id='word_1_788' title='bbox 3054 5049 3174 5120; x_wconf 85' lang='grc' dir='ltr'>μεθ’</span> <span class='ocrx_word' id='word_1_789' title='bbox 3197 5049 3420 5122; x_wconf 76' lang='grc' dir='ltr'>ἡμέραν</span> <span class='ocrx_word' id='word_1_790' title='bbox 3445 5043 3734 5135; x_wconf 69' lang='grc' dir='ltr'>προσφέρει.</span> 
     </span>
    </p>
   </div>
   <div class='ocr_carea' id='block_1_101' title="bbox 497 5131 2078 5217">
    <p class='ocr_par' dir='ltr' id='par_1_101' title="bbox 497 5150 2076 5217">
     <span class='ocr_line' id='line_1_101' title="bbox 497 5150 2076 5217; baseline -0.004 -1"><span class='ocrx_word' id='word_1_791' title='bbox 497 5160 658 5217; x_wconf 87' lang='lat' dir='ltr'><strong>stiam</strong></span> <span class='ocrx_word' id='word_1_792' title='bbox 697 5155 875 5213; x_wconf 86' lang='lat' dir='ltr'><strong>laudis</strong></span> <span class='ocrx_word' id='word_1_793' title='bbox 904 5165 960 5211; x_wconf 86' lang='lat' dir='ltr'><strong>et</strong></span> <span class='ocrx_word' id='word_1_794' title='bbox 989 5154 1394 5214; x_wconf 83' lang='lat' dir='ltr'><strong>vociferationis</strong></span> <span class='ocrx_word' id='word_1_795' title='bbox 1421 5170 1441 5205; x_wconf 72' lang='grc' dir='ltr'><strong>ι</strong></span> <span class='ocrx_word' id='word_1_796' title='bbox 1472 5154 1490 5173; x_wconf 86' lang='grc'>·</span> <span class='ocrx_word' id='word_1_797' title='bbox 1527 5150 1728 5206; x_wconf 90' lang='lat' dir='ltr'><strong>habent</strong></span> <span class='ocrx_word' id='word_1_798' title='bbox 1765 5168 1780 5205; x_wconf 89' lang='lat'><strong>:</strong></span> <span class='ocrx_word' id='word_1_799' title='bbox 1821 5153 2076 5210; x_wconf 87' lang='lat' dir='ltr'><strong>eumdem</strong></span> 
     </span>
    </p>
   </div>
   <div class='ocr_carea' id='block_1_102' title="bbox 2152 5131 3733 5217">
    <p class='ocr_par' dir='ltr' id='par_1_102' title="bbox 2189 5131 3733 5215">
     <span class='ocr_line' id='line_1_102' title="bbox 2189 5131 3733 5215; baseline -0.004 -24"><span class='ocrx_word' id='word_1_800' title='bbox 2189 5137 2349 5192; x_wconf 81' lang='grc' dir='ltr'>Ἐνια</span> <span class='ocrx_word' id='word_1_801' title='bbox 2397 5138 2584 5211; x_wconf 87' lang='grc' dir='ltr'>μέντοι</span> <span class='ocrx_word' id='word_1_802' title='bbox 2602 5138 2649 5172; x_wconf 83' lang='grc'><strong>⁷⁸</strong></span> <span class='ocrx_word' id='word_1_803' title='bbox 2689 5139 2799 5193; x_wconf 87' lang='grc' dir='ltr'><strong>τῶν</strong></span> <span class='ocrx_word' id='word_1_804' title='bbox 2843 5142 3221 5215; x_wconf 80' lang='grc' dir='ltr'>ἀντιγράφων,</span> <span class='ocrx_word' id='word_1_805' title='bbox 3264 5161 3286 5196; x_wconf 78' lang='grc' dir='ltr'><strong>ι</strong></span> <span class='ocrx_word' id='word_1_806' title='bbox 3330 5139 3585 5197; x_wconf 81' lang='grc' dir='ltr'>θυσίαν⁷⁹</span> <span class='ocrx_word' id='word_1_807' title='bbox 3613 5131 3733 5190; x_wconf 80' lang='grc' dir='ltr'>αἰνέ-</span> 
     </span>
    </p>
   </div>
   <div class='ocr_carea' id='block_1_103' title="bbox 1592 5310 2655 5374">
    <p class='ocr_par' dir='ltr' id='par_1_103' title="bbox 1592 5310 2655 5374">
     <span class='ocr_line' id='line_1_103' title="bbox 1592 5310 2655 5374; baseline 0.003 -5"><span class='ocrx_word' id='word_1_808' title='bbox 1592 5311 1832 5369; x_wconf 63' lang='grc' dir='ltr'>νΑιιιΑ]</span> <span class='ocrx_word' id='word_1_809' title='bbox 1874 5310 2257 5370; x_wconf 80' lang='lat' dir='ltr'><strong>LECTIONES</strong></span> <span class='ocrx_word' id='word_1_810' title='bbox 2294 5316 2385 5371; x_wconf 82' lang='grc' dir='ltr'><strong>ΕΤ</strong></span> <span class='ocrx_word' id='word_1_811' title='bbox 2422 5316 2655 5374; x_wconf 64' lang='lat' dir='ltr'><strong>NO&#39;l&#39;z‘E.</strong></span> 
     </span>
    </p>
   </div>
   <div class='ocr_carea' id='block_1_104' title="bbox 571 5424 2152 5525">
    <p class='ocr_par' dir='ltr' id='par_1_104' title="bbox 571 5430 2142 5525">
     <span class='ocr_line' id='line_1_104' title="bbox 571 5430 2142 5525; baseline 0 -39"><span class='ocrx_word' id='word_1_812' title='bbox 571 5435 617 5470; x_wconf 78' lang='lat'><strong>“</strong></span> <span class='ocrx_word' id='word_1_813' title='bbox 636 5433 761 5525; x_wconf 52' lang='lat' dir='ltr'><strong>cod.-</strong></span> <span class='ocrx_word' id='word_1_814' title='bbox 781 5433 817 5489; x_wconf 81' lang='lat'><strong>&#39;5</strong></span> <span class='ocrx_word' id='word_1_815' title='bbox 834 5430 1028 5525; x_wconf 49' lang='lat' dir='ltr'><strong>&#39;cnlquv</strong></span> <span class='ocrx_word' id='word_1_816' title='bbox 1049 5430 1197 5525; x_wconf 40' lang='lat' dir='ltr'><strong>lini;</strong></span> <span class='ocrx_word' id='word_1_817' title='bbox 1253 5432 1313 5525; x_wconf 43' lang='grc' dir='ltr'><strong>ἴτ’</strong></span> <span class='ocrx_word' id='word_1_818' title='bbox 1338 5431 1461 5525; x_wconf 58' lang='lat' dir='ltr'><strong>cod.</strong></span> <span class='ocrx_word' id='word_1_819' title='bbox 1487 5430 1894 5525; x_wconf 46' lang='lat' dir='ltr'><strong>gnngo6énetv:</strong></span> <span class='ocrx_word' id='word_1_820' title='bbox 1954 5431 2016 5525; x_wconf 62' lang='lat'><strong>:3</strong></span> <span class='ocrx_word' id='word_1_821' title='bbox 2041 5432 2142 5525; x_wconf 44' lang='grc' dir='ltr'><strong>τό..</strong></span> 
     </span>
    </p>
   </div>
   <div class='ocr_carea' id='block_1_105' title="bbox 2154 5424 3735 5525">
    <p class='ocr_par' dir='ltr' id='par_1_105' title="bbox 2164 5424 3735 5525">
     <span class='ocr_line' id='line_1_105' title="bbox 2164 5424 3735 5525; baseline -0.001 -36"><span class='ocrx_word' id='word_1_822' title='bbox 2164 5434 2294 5525; x_wconf 53' lang='grc' dir='ltr'><strong>οοάζ</strong></span> <span class='ocrx_word' id='word_1_823' title='bbox 2304 5437 2344 5525; x_wconf 45' lang='lat'><strong>.1</strong></span> <span class='ocrx_word' id='word_1_824' title='bbox 2360 5437 2499 5525; x_wconf 42' lang='lat'><strong>£035..</strong></span> <span class='ocrx_word' id='word_1_825' title='bbox 2581 5439 2625 5472; x_wconf 83' lang='grc'><strong>⁶⁹</strong></span> <span class='ocrx_word' id='word_1_826' title='bbox 2655 5437 3148 5525; x_wconf 38' lang='grc' dir='ltr'>Κᾳτοικεζνκςοᾶ.</span> <span class='ocrx_word' id='word_1_827' title='bbox 3188 5424 3735 5525; x_wconf 42' lang='grc' dir='ltr'><strong>1,ηβὲίιιίιξηξ)μέὲίξξ</strong></span> 
     </span>
    </p>
   </div>
   <div class='ocr_carea' id='block_1_106' title="bbox 503 5498 3734 5647">
    <p class='ocr_par' dir='ltr' id='par_1_106' title="bbox 503 5498 3734 5647">
     <span class='ocr_line' id='line_1_106' title="bbox 503 5498 3734 5586; baseline -0.004 -25"><span class='ocrx_word' id='word_1_828' title='bbox 503 5521 718 5577; x_wconf 77' lang='lat' dir='ltr'><strong>quoque</strong></span> <span class='ocrx_word' id='word_1_829' title='bbox 750 5508 804 5561; x_wconf 87' lang='lat' dir='ltr'><strong>It.</strong></span> <span class='ocrx_word' id='word_1_830' title='bbox 834 5506 871 5560; x_wconf 92' lang='grc' dir='ltr'>Ι.</span> <span class='ocrx_word' id='word_1_831' title='bbox 906 5504 1068 5558; x_wconf 82' lang='lat' dir='ltr'><strong>habet</strong></span> <span class='ocrx_word' id='word_1_832' title='bbox 1100 5503 1222 5586; x_wconf 75' lang='lat' dir='ltr'><strong>cod.</strong></span> <span class='ocrx_word' id='word_1_833' title='bbox 1253 5500 1428 5557; x_wconf 83' lang='lat' dir='ltr'><strong>Vatic.</strong></span> <span class='ocrx_word' id='word_1_834' title='bbox 1504 5503 1551 5535; x_wconf 85' lang='lat'><strong>&quot;°</strong></span> <span class='ocrx_word' id='word_1_835' title='bbox 1579 5498 1767 5570; x_wconf 83' lang='grc' dir='ltr'>Ζητῶ.</span> <span class='ocrx_word' id='word_1_836' title='bbox 1794 5502 1917 5557; x_wconf 88' lang='lat' dir='ltr'><strong>cod.</strong></span> <span class='ocrx_word' id='word_1_837' title='bbox 1953 5503 1987 5557; x_wconf 81' lang='grc'><strong>5</strong></span> <span class='ocrx_word' id='word_1_838' title='bbox 2017 5502 2173 5560; x_wconf 87' lang='grc' dir='ltr'>αίτῶ.</span> <span class='ocrx_word' id='word_1_839' title='bbox 2274 5508 2319 5540; x_wconf 74' lang='grc'><strong>⁷⁸</strong></span> <span class='ocrx_word' id='word_1_840' title='bbox 2352 5508 2593 5564; x_wconf 80' lang='grc' dir='ltr'><strong>Βιϐλου,</strong></span> <span class='ocrx_word' id='word_1_841' title='bbox 2628 5510 2751 5565; x_wconf 86' lang='lat' dir='ltr'><strong>cod.</strong></span> <span class='ocrx_word' id='word_1_842' title='bbox 2782 5510 2816 5563; x_wconf 71' lang='grc'>2</span> <span class='ocrx_word' id='word_1_843' title='bbox 2847 5512 2895 5563; x_wconf 77' lang='grc' dir='ltr'>εἰ</span> <span class='ocrx_word' id='word_1_844' title='bbox 2922 5509 3127 5580; x_wconf 80' lang='grc' dir='ltr'>βούλει,</span> <span class='ocrx_word' id='word_1_845' title='bbox 3229 5498 3288 5539; x_wconf 56' lang='grc' dir='ltr'><strong>’τ’</strong></span> <span class='ocrx_word' id='word_1_846' title='bbox 3326 5507 3489 5575; x_wconf 80' lang='grc' dir='ltr'>Παρὰ</span> <span class='ocrx_word' id='word_1_847' title='bbox 3516 5498 3734 5583; x_wconf 61' lang='grc' dir='ltr'>ιςὺρίοιι.</span> 
     </span>
     <span class='ocr_line' id='line_1_107' title="bbox 509 5567 3733 5647; baseline -0 -20"><span class='ocrx_word' id='word_1_848' title='bbox 509 5576 631 5632; x_wconf 84' lang='lat' dir='ltr'><strong>Des.</strong></span> <span class='ocrx_word' id='word_1_849' title='bbox 656 5578 710 5631; x_wconf 90' lang='lat' dir='ltr'><strong>in</strong></span> <span class='ocrx_word' id='word_1_850' title='bbox 737 5577 857 5647; x_wconf 77' lang='lat' dir='ltr'><strong>cod.</strong></span> <span class='ocrx_word' id='word_1_851' title='bbox 892 5575 949 5630; x_wconf 80' lang='grc'>5.</span> <span class='ocrx_word' id='word_1_852' title='bbox 1051 5572 1097 5604; x_wconf 68' lang='grc'><strong>⁷⁵</strong></span> <span class='ocrx_word' id='word_1_853' title='bbox 1116 5572 1451 5647; x_wconf 76' lang='lat' dir='ltr'><strong>Fap._Al)est</strong></span> <span class='ocrx_word' id='word_1_854' title='bbox 1476 5587 1507 5628; x_wconf 87' lang='lat' dir='ltr'><strong>a</strong></span> <span class='ocrx_word' id='word_1_855' title='bbox 1535 5574 1656 5627; x_wconf 89' lang='lat' dir='ltr'><strong>cod.</strong></span> <span class='ocrx_word' id='word_1_856' title='bbox 1698 5574 1748 5637; x_wconf 84' lang='lat' dir='ltr'><strong>l,</strong></span> <span class='ocrx_word' id='word_1_857' title='bbox 1924 5573 1971 5603; x_wconf 73' lang='grc'><strong>⁷⁸</strong></span> <span class='ocrx_word' id='word_1_858' title='bbox 1998 5573 2296 5645; x_wconf 84' lang='grc' dir='ltr'>Αῖνέσεως</span> <span class='ocrx_word' id='word_1_859' title='bbox 2327 5579 2425 5633; x_wconf 77' lang='grc' dir='ltr'>καὶ</span> <span class='ocrx_word' id='word_1_860' title='bbox 2442 5580 2816 5647; x_wconf 76' lang='grc' dir='ltr'>ἀλαλαγμοῦ.</span> <span class='ocrx_word' id='word_1_861' title='bbox 2842 5580 3149 5647; x_wconf 86' lang='lat' dir='ltr'><strong>Coujuncla</strong></span> <span class='ocrx_word' id='word_1_862' title='bbox 3181 5587 3266 5631; x_wconf 88' lang='lat' dir='ltr'><strong>est</strong></span> <span class='ocrx_word' id='word_1_863' title='bbox 3288 5578 3343 5633; x_wconf 90' lang='lat' dir='ltr'><strong>h.</strong></span> <span class='ocrx_word' id='word_1_864' title='bbox 3381 5576 3418 5628; x_wconf 93' lang='lat' dir='ltr'><strong>l.</strong></span> <span class='ocrx_word' id='word_1_865' title='bbox 3446 5584 3510 5647; x_wconf 66' lang='lat' dir='ltr'><strong>ut</strong></span> <span class='ocrx_word' id='word_1_866' title='bbox 3540 5587 3589 5647; x_wconf 77' lang='lat' dir='ltr'><strong>tn</strong></span> <span class='ocrx_word' id='word_1_867' title='bbox 3619 5567 3733 5647; x_wconf 65' lang='grc' dir='ltr'>εύιιο</span> 
     </span>
    </p>
   </div>
   <div class='ocr_carea' id='block_1_107' title="bbox 510 5598 3735 5718">
    <p class='ocr_par' dir='ltr' id='par_1_107' title="bbox 510 5598 3735 5718">
     <span class='ocr_line' id='line_1_108' title="bbox 510 5598 3733 5649; baseline -0.006 -9"><span class='ocrx_word' id='word_1_868' title='bbox 510 5598 631 5632; x_wconf 66' lang='grc' dir='ltr'><strong>νιτδο</strong></span> <span class='ocrx_word' id='word_1_869' title='bbox 657 5598 710 5631; x_wconf 81' lang='grc' dir='ltr'><strong>1η</strong></span> <span class='ocrx_word' id='word_1_870' title='bbox 737 5598 857 5631; x_wconf 69' lang='grc' dir='ltr'><strong>(30οο</strong></span> <span class='ocrx_word' id='word_1_871' title='bbox 892 5598 949 5630; x_wconf 77' lang='grc' dir='ltr'><strong>ο·</strong></span> <span class='ocrx_word' id='word_1_872' title='bbox 1055 5598 1093 5604; x_wconf 74' lang='grc'><strong>’⁷</strong></span> <span class='ocrx_word' id='word_1_873' title='bbox 1116 5598 1139 5625; x_wconf 78' lang='grc' dir='ltr'><strong><em>ι</em></strong></span> <span class='ocrx_word' id='word_1_874' title='bbox 1168 5598 1262 5636; x_wconf 71' lang='lat' dir='ltr'><strong>&quot;Po</strong></span> <span class='ocrx_word' id='word_1_875' title='bbox 1288 5598 1451 5626; x_wconf 66' lang='grc' dir='ltr'>ηυυδι</span> <span class='ocrx_word' id='word_1_876' title='bbox 1476 5598 1507 5628; x_wconf 67' lang='grc' dir='ltr'><strong>ὃ</strong></span> <span class='ocrx_word' id='word_1_877' title='bbox 1535 5598 1656 5627; x_wconf 75' lang='grc' dir='ltr'>υυυο</span> <span class='ocrx_word' id='word_1_878' title='bbox 1698 5598 1748 5637; x_wconf 66' lang='grc'><strong>1,</strong></span> <span class='ocrx_word' id='word_1_879' title='bbox 1776 5598 1828 5627; x_wconf 76' lang='lat' dir='ltr'><strong>&#39;lu</strong></span> <span class='ocrx_word' id='word_1_880' title='bbox 1929 5598 1968 5603; x_wconf 83' lang='lat'>&quot;</span> <span class='ocrx_word' id='word_1_881' title='bbox 1998 5598 2296 5645; x_wconf 73' lang='grc' dir='ltr'>Λινεσεως</span> <span class='ocrx_word' id='word_1_882' title='bbox 2327 5598 2816 5649; x_wconf 65' lang='grc' dir='ltr'>καιανιανιαγμου.</span> <span class='ocrx_word' id='word_1_883' title='bbox 2842 5598 3149 5647; x_wconf 67' lang='lat' dir='ltr'><strong>Immunem</strong></span> <span class='ocrx_word' id='word_1_884' title='bbox 3181 5598 3266 5631; x_wconf 71' lang='grc' dir='ltr'><strong>εει</strong></span> <span class='ocrx_word' id='word_1_885' title='bbox 3288 5598 3343 5633; x_wconf 88' lang='lat' dir='ltr'><strong>tt.</strong></span> <span class='ocrx_word' id='word_1_886' title='bbox 3382 5598 3418 5628; x_wconf 90' lang='grc' dir='ltr'><strong>ι.</strong></span> <span class='ocrx_word' id='word_1_887' title='bbox 3453 5598 3510 5626; x_wconf 89' lang='grc' dir='ltr'>ιιι.</span> <span class='ocrx_word' id='word_1_888' title='bbox 3542 5598 3589 5624; x_wconf 87' lang='grc' dir='ltr'><strong>ιιι</strong></span> <span class='ocrx_word' id='word_1_889' title='bbox 3619 5598 3733 5622; x_wconf 81' lang='lat' dir='ltr'><strong>cum</strong></span> 
     </span>
     <span class='ocr_line' id='line_1_109' title="bbox 510 5641 3735 5718; baseline -0.001 -19"><span class='ocrx_word' id='word_1_890' title='bbox 510 5647 632 5704; x_wconf 82' lang='lat' dir='ltr'><strong>Ald.</strong></span> <span class='ocrx_word' id='word_1_891' title='bbox 663 5656 717 5718; x_wconf 75' lang='lat' dir='ltr'><strong>et</strong></span> <span class='ocrx_word' id='word_1_892' title='bbox 745 5646 959 5718; x_wconf 68' lang='lat' dir='ltr'><strong>Compl.</strong></span> <span class='ocrx_word' id='word_1_893' title='bbox 999 5653 1232 5718; x_wconf 85' lang='lat' dir='ltr'><strong>utraque</strong></span> <span class='ocrx_word' id='word_1_894' title='bbox 1269 5643 1718 5718; x_wconf 31' lang='lat' dir='ltr'><strong>lectio,_qu‘arum_</strong></span> <span class='ocrx_word' id='word_1_895' title='bbox 1726 5644 1996 5718; x_wconf 71' lang='lat' dir='ltr'><strong>alterutra</strong></span> <span class='ocrx_word' id='word_1_896' title='bbox 2026 5653 2236 5700; x_wconf 89' lang='lat' dir='ltr'><strong>tantum</strong></span> <span class='ocrx_word' id='word_1_897' title='bbox 2272 5650 2551 5706; x_wconf 63' lang='lat' dir='ltr'><strong>debuisset</strong></span> <span class='ocrx_word' id='word_1_898' title='bbox 2574 5650 2825 5718; x_wconf 80' lang='lat' dir='ltr'><strong>exprimi.</strong></span> <span class='ocrx_word' id='word_1_899' title='bbox 2902 5652 2958 5718; x_wconf 83' lang='lat'>&quot;_</span> <span class='ocrx_word' id='word_1_900' title='bbox 2973 5649 3082 5703; x_wconf 80' lang='lat' dir='ltr'><strong>Kal</strong></span> <span class='ocrx_word' id='word_1_901' title='bbox 3113 5643 3492 5718; x_wconf 71' lang='grc' dir='ltr'>ἀλαλαγμοῦ.</span> <span class='ocrx_word' id='word_1_902' title='bbox 3525 5641 3735 5718; x_wconf 45' lang='lat' dir='ltr'><strong>Abest?</strong></span> 
     </span>
    </p>
   </div>
   <div class='ocr_carea' id='block_1_108' title="bbox 509 5702 2090 5793">
    <p class='ocr_par' dir='ltr' id='par_1_108' title="bbox 509 5702 2080 5793">
     <span class='ocr_line' id='line_1_110' title="bbox 509 5702 2080 5793; baseline 0.001 -28"><span class='ocrx_word' id='word_1_903' title='bbox 509 5702 632 5793; x_wconf 62' lang='lat' dir='ltr'><strong>eod.</strong></span> <span class='ocrx_word' id='word_1_904' title='bbox 667 5715 727 5793; x_wconf 65' lang='lat'><strong>2.</strong></span> <span class='ocrx_word' id='word_1_905' title='bbox 832 5702 1062 5793; x_wconf 51' lang='lat' dir='ltr'><strong>&quot;&#39;Ilfoy.</strong></span> <span class='ocrx_word' id='word_1_906' title='bbox 1092 5702 1262 5769; x_wconf 76' lang='lat' dir='ltr'><strong>Abest</strong></span> <span class='ocrx_word' id='word_1_907' title='bbox 1293 5728 1344 5793; x_wconf 74' lang='grc' dir='ltr'><strong>⁸ιι</strong></span> <span class='ocrx_word' id='word_1_908' title='bbox 1377 5702 1587 5793; x_wconf 40' lang='lat' dir='ltr'><strong>cedit.</strong></span> <span class='ocrx_word' id='word_1_909' title='bbox 1650 5782 1661 5793; x_wconf 79' lang='lat'>_</span> <span class='ocrx_word' id='word_1_910' title='bbox 1699 5714 1746 5746; x_wconf 73' lang='grc'><strong>’³⁷</strong></span> <span class='ocrx_word' id='word_1_911' title='bbox 1770 5714 2080 5793; x_wconf 49' lang='grc' dir='ltr'>ξηραίνει,</span> 
     </span>
    </p>
   </div>
   <div class='ocr_carea' id='block_1_109' title="bbox 2153 5702 3734 5793">
    <p class='ocr_par' dir='ltr' id='par_1_109' title="bbox 2153 5702 3734 5793">
     <span class='ocr_line' id='line_1_111' title="bbox 2153 5702 3734 5793; baseline -0.007 -22"><span class='ocrx_word' id='word_1_912' title='bbox 2153 5718 2238 5776; x_wconf 84' lang='grc' dir='ltr'><strong>.λ.</strong></span> <span class='ocrx_word' id='word_1_913' title='bbox 2285 5702 2851 5793; x_wconf 35' lang='grc' dir='ltr'><strong>ῡρέζίειρἰιίἷότ’‹ι.ῖιὲ.</strong></span> <span class='ocrx_word' id='word_1_914' title='bbox 2886 5702 3017 5777; x_wconf 68' lang='grc' dir='ltr'>ιιτοζ</span> <span class='ocrx_word' id='word_1_915' title='bbox 3046 5702 3075 5703; x_wconf 60' lang='grc'><strong>⁷“</strong></span> <span class='ocrx_word' id='word_1_916' title='bbox 3121 5702 3166 5752; x_wconf 57' lang='lat' dir='ltr'><strong>is</strong></span> <span class='ocrx_word' id='word_1_917' title='bbox 3193 5702 3434 5772; x_wconf 61' lang='grc' dir='ltr'>Μέντορ.</span> <span class='ocrx_word' id='word_1_918' title='bbox 3472 5711 3585 5768; x_wconf 88' lang='lat' dir='ltr'><strong>cod.</strong></span> <span class='ocrx_word' id='word_1_919' title='bbox 3613 5702 3734 5764; x_wconf 72' lang='grc' dir='ltr'><strong>δδέ.</strong></span> 
     </span>
    </p>
   </div>
   <div class='ocr_carea' id='block_1_110' title="bbox 509 5781 2104 5859">
    <p class='ocr_par' dir='ltr' id='par_1_110' title="bbox 509 5781 2104 5859">
     <span class='ocr_line' id='line_1_112' title="bbox 509 5781 2104 5859; baseline 0 -18"><span class='ocrx_word' id='word_1_920' title='bbox 509 5786 553 5817; x_wconf 83' lang='lat'>&quot;</span> <span class='ocrx_word' id='word_1_921' title='bbox 574 5786 825 5842; x_wconf 78' lang='grc' dir='ltr'>Θυσίαν.</span> <span class='ocrx_word' id='word_1_922' title='bbox 848 5788 972 5846; x_wconf 70' lang='lat' dir='ltr'><strong>cod.</strong></span> <span class='ocrx_word' id='word_1_923' title='bbox 997 5790 1031 5845; x_wconf 77' lang='grc'><strong>5</strong></span> <span class='ocrx_word' id='word_1_924' title='bbox 1057 5799 1248 5859; x_wconf 74' lang='lat' dir='ltr'><strong>prtem.</strong></span> <span class='ocrx_word' id='word_1_925' title='bbox 1283 5782 1402 5839; x_wconf 72' lang='grc' dir='ltr'>ἀντὶ</span> <span class='ocrx_word' id='word_1_926' title='bbox 1424 5781 1518 5839; x_wconf 73' lang='grc' dir='ltr'><strong>τοῦ</strong></span> <span class='ocrx_word' id='word_1_927' title='bbox 1541 5782 1732 5840; x_wconf 77' lang='grc' dir='ltr'>θυσίαν</span> <span class='ocrx_word' id='word_1_928' title='bbox 1763 5783 2104 5857; x_wconf 68' lang='grc' dir='ltr'>ἀλαλαγμοῦ.</span> 
     </span>
    </p>
   </div>
  </div>
