4004 6216
505 277 639 340 1059

1455 261 1944 328 THEODORETI
1985 256 2329 320 EPISCOPI
2376 257 2748 320 CYRENSIS

3633 263 3742 334 156-0

577 393 734 450 Vens.
775 392 826 447 5.
868 411 886 444 ι
925 388 1195 458 Quoniam
1225 401 1334 442 non
1368 383 1756 439 intellexerunt
1785 393 1949 448 opera
1982 375 2090 430 Do-

2266 379 2327 428 e'.
2377 392 2395 426 ‹
2435 375 2560 426 "Oti.
2593 374 2655 426 οὑ
2697 372 2942 444 συνῆκαν
2990 373 3068 436 είς
3115 371 3181 427 τὰ
3240 372 3379 445 ἔργα
3413 373 3633 448 Κυρίου,
3672 385 3748 437 καὶ

501 483 656 550 mini,
683 493 735 538 et
755 497 921 553 opera
945 495 1208 536 manuum
1235 477 1430 548 ipsius.
1463 492 1481 523 ι
1516 472 1638 526 llaec
1655 481 1860 533 autem,
1891 467 2090 538 inquit,

504 575 774 640 fecerunt,
804 590 930 628 eum
958 588 1135 642 neque
1170 581 1505 628 sermonem,
1555 578 1736 632 neque
1769 577 1910 632 opus
1955 561 2096 616 divi-

506 683 634 722 num
681 667 894 722 discere
943 662 1240 720 voluerint.
1275 678 1294 713 ι
1333 659 1627 729 Pr0pterca
1677 655 1791 724 jam
1841 653 2096 711 destrucs

509 759 656 823 illos,
686 768 741 814 et
784 773 892 813 non
930 755 1230 812 aedificabis
1263 769 1380 809 eos.
1431 769 1450 805 ι
1487 749 1649 806 Utilis
1680 748 1825 802 enim
1857 754 1942 802 est
1980 762 2099 802 ma-

509 853 575 909 lis
604 851 922 908 architectis
944 849 1096 920 pravi
1127 844 1340 902 aediﬁcii
1365 841 1602 898 eversio.
1634 839 1698 894 Et
1721 840 1849 896 hinc
1879 853 2099 909 quoque

506 943 862 999 manifestum
908 955 992 997 est
1049 954 1174 995 eum
1235 938 1338 992 ista
1386 949 1510 1005 quae
1574 933 1738 1001 paulo
1788 941 1915 987 ante
1955 931 2100 986 dicta

507 1046 659 1100 sunt,
705 1037 983 1106 propheta:
1017 1046 1169 1087 more
1203 1029 1428 1090 dixisse,
1475 1042 1582 1081 non
1615 1026 1750 1096 ipsis
1782 1025 2096 1094 imprecan-

509 1138 644 1193 tem,
702 1129 796 1183 sed
839 1127 1020 1181 futura
1077 1122 1486 1194 praedicentem.
1529 1121 1650 1173 Non
1695 1118 1841 1173 enim
1884 1118 1962 1172 ait
2009 1117 2102 1170 de-

507 1232 675 1282 strue.
710 1220 823 1284 sed,
852 1219 1094 1272 deslrues
1113 1227 1162 1270 et
1189 1232 1290 1269 non
1323 1213 1639 1283 redi/icabis.
1673 1210 1869 1266 Postea
1907 1225 2102 1265 rursus

508 1313 694 1367 divina
741 1310 1070 1365 revelationc
1102 1307 1330 1376 petitus,
1367 1316 1421 1361 et
1459 1321 1488 1360 a
1523 1305 1822 1375 longinquo
1851 1303 2100 1358 futurum

508 1404 776 1459 auxilium
834 1400 1210 1470 conspicatus,
1271 1398 1339 1452 ad
1390 1399 1722 1468 hymnorum
1772 1396 2101 1450 cantilenam

507 1497 753 1568 linguam
784 1494 1051 1550 admovit.

577 1587 748 1644 Vens.
769 1588 823 1651 6,
855 1587 910 1639 7.
935 1605 954 1638 ι
983 1585 1310 1639 Benedictus
1339 1583 1628 1646 Dominus,
1648 1581 1912 1652 quoniam
1944 1595 2108 1634 exan-

2199 470 2280 532 είς
2309 469 2377 522 τὰ
2409 467 2546 538 ἔργα
2584 468 2693 522 τῶν
2741 467 2945 539 χειρῶν
2975 466 3167 523 αὑτοῦ.
3208 487 3226 518 ι
3269 466 3460 522 Ταῦτα
3485 470 3558 533 δὲ,
3609 477 3738 543 φησὶ,

2198 561 2546 633 δεδράκασιν,
2604 559 2730 615 οὗτε
2773 560 2954 629 λόγον,
3012 559 3136 613 οὒτε
3186 559 3351 632 ἔργον
3403 560 3538 616 Οείον
3583 566 3745 634 μαθεῖν

2199 657 2585 728 ἐθελήσαντες.
2625 675 2644 708 ι
2691 656 2785 710 Διὸ
2830 655 2896 727 δὴ
2924 655 2971 686 ⁸⁸
3007 654 3258 720 καθελετς
3321 656 3534 723 αὐτοὺς,
3581 661 3664 714 καὶ
3693 664 3743 717 οὗ

2203 749 2278 821 μὴ
2305 749 2690 820 οίκοδομήσεις
2720 747 2766 779 ⁸⁷
2806 748 3028 812 αὐτούς.
3076 765 3095 800 ι
3138 747 3439 817 Λυσιτελὴς
3499 750 3602 822 γὰρ
3654 755 3749 818 τοῖς

2203 845 2393 906 κακοῖς
2425 841 2794 913 οίκοδὸμοιςή
2827 841 2926 912 τῆς
2967 842 3214 914 πονηρᾶς
3258 841 3561 911 οἰκοδομίας
3603 845 3751 899 κατά-

2202 935 2358 999 λυσις
2383 952 2396 965 ·
2425 934 2518 988 καὶ
2545 934 2797 988 ἐντεῦθεν
2825 933 3008 1006 μέντοι
3030 935 3212 1005 δῆλον,
3235 933 3312 998 ὡς
3328 933 3422 988 καὶ
3443 934 3509 988 τὰ
3526 953 3757 1009 προειρη-

2207 1029 2347 1100 μένα
2382 1028 2872 1101 προαγορευτικῶς
2921 1023 3098 1095 εἶπεν,
3132 1027 3235 1082 οὐκ
3279 1027 3462 1093 αὐτοῖς
3485 1027 3530 1061 ⁸⁸
3570 1031 3760 1101 ἐπαρώ-

2207 1139 2392 1192 μενος,
2439 1122 2577 1176 ἀλλὰ
2641 1121 2709 1176 τὰ
2767 1121 3004 1192 ἐσόμενα
3064 1121 3492 1192 προθεσπίζωνο
3547 1123 3604 1176 οὑ
3667 1125 3761 1192 γὰρ

2205 1211 2327 1270 εἷπε
2357 1214 2596 1280 κάθελε,
2617 1214 2774 1282 ἀλλὰ,
2801 1201 3096 1281 καθελεῖς,
3124 1213 3222 1269 καὶ
3263 1216 3336 1269 οὐ
3365 1213 3453 1284 μὴ
3483 1215 3763 1284 οἰκοδομή-

2206 1322 2338 1373 σεις
2363 1306 2428 1361 ⁸⁸.
2465 1303 2598 1361 Είτα
2642 1307 2804 1361 πάλιν
2849 1308 2948 1378 τῆς
3000 1307 3154 1370 Οείας
3201 1305 3597 1376 ἀποκαλύψεως
3648 1307 3766 1360 ἀπο-

2206 1399 2434 1468 λαύσας,
2488 1401 2581 1455 καὶ
2653 1401 2942 1474 πόρρωθεν
3018 1400 3117 1474 τὴν
3185 1400 3454 1472 ἐσομένην
3542 1400 3767 1471 βοήθειαν

2209 1491 2516 1564 θεωρήσας,
2547 1493 2628 1557 είς
2659 1494 2934 1565 ὑμνῳδίαν
2956 1492 3056 1565 τὴν
3073 1494 3320 1564 γλῶτταν
3356 1493 3626 1565 ἐκίνησεν.

2281 1593 2357 1653 ς’,
2404 1587 2470 1653 ξ’.
2525 1605 2544 1640 ι
2596 1587 2904 1658 Εὐλογητὸς
2950 1586 3178 1658 Κύριος,
3225 1588 3308 1641 ὅτι
3362 1587 3645 1658 είσήκουσε
3687 1586 3770 1655 τῆς

507 1680 644 1734 divit
699 1694 890 1733 vocem
946 1674 1353 1746 deprecationis
1389 1690 1544 1728 meae.
1586 1672 1852 1726 Dominus
1891 1669 2107 1739 adjutor

2214 1680 2399 1784 ιρωνῆς
2429 1679 2530 1750 τῆς
2564 1677 2804 1750 δεήσεώς
2865 1695 2990 1750 μου.
3034 1677 3241 1750 Κύριος
3277 1677 3476 1749 βοηθός
3532 1694 3626 1747 μου
3651 1718 3665 1742 ,
3691 1677 3771 1730 καὶ

508 1788 666 1828 meus
707 1780 812 1838 est,
848 1780 902 1826 et
934 1777 1214 1840 protector
1244 1783 1420 1822 meus.
1479 1786 1497 1820 ι
1533 1767 1598 1819 Et
1637 1765 1932 1820 ostendens
1981 1778 2112 1816 cau-

506 1880 626 1922 sam
648 1865 914 1935 repentini
939 1862 1126 1918 auxilii
1145 1859 1429 1930 subjunxit
1453 1877 1466 1913 :
1487 1859 1648 1929 777
1667 1876 1685 1908 ι
1719 1857 1775 1910 In
1795 1857 1914 1926 ipso
1934 1871 2116 1926 spera-

508 1961 698 2015 vitcor
719 1967 991 2021 meum,et
1007 1955 1228 2021 adjutus
1254 1967 1399 2014 sum,
1418 1960 1473 2006 et
1496 1949 1740 2005 relloruit
1762 1963 1891 2003 caro
1915 1964 2055 2001 mea.
2088 1965 2108 1999 ι

513 2051 651 2120 Spes
695 2051 863 2112 enim,
909 2061 1076 2116 quam
1101 2047 1156 2099 in
1190 2044 1309 2112 ipso
1327 2041 1620 2107 collocavi,
1644 2039 1748 2095 fuit
1784 2038 1916 2092 mihi
1947 2037 2112 2106 hujus

515 2141 870 2213 providentiae
904 2139 1276 2193 coociliatrix.
1320 2135 1688 2202 Quamobrem
1736 2134 2002 2186 liberatus
2033 2131 2105 2186 ab

522 2249 793 2298 aerumna,
828 2248 992 2302 quam
1039 2240 1260 2301 propter
1295 2228 1479 2300 fugam
1531 2241 1825 2296 perpessus
1855 2240 2001 2290 sum,
2038 2239 2113 2277 re-

516 2325 683 2389 virui,
709 2335 762 2380 et
791 2325 971 2389 llorui,
1000 2335 1167 2393 atque
1198 2324 1397 2376 bonam
1447 2319 1699 2390 corporis
1733 2317 2108 2372 habitudinem

520 2435 588 2475 ex
622 2417 810 2472 laetitia
838 2416 1038 2486 recepi.
1078 2433 1096 2466 ι
1126 2413 1192 2468 Ει
1220 2429 1288 2469 ex
1320 2414 1603 2468 voluntate
1647 2425 1767 2465 mea
1807 2408 2110 2465 conﬁtebor

514 2514 588 2568 ei.
637 2531 657 2564 ι
703 2511 818 2565 Hoc
841 2517 947 2574 est,
983 2523 1092 2562 non
1124 2508 1352 2569 invitus,
1376 2507 1470 2562 sed
1512 2519 1629 2559 mea
1657 2511 1850 2573 sponte
1884 2501 1982 2572 ipsi
2027 2499 2112 2554 of-

519 2603 640 2658 fero
671 2603 959 2673 hymnum.
994 2599 1088 2656 Sic
1115 2607 1169 2654 ct
1198 2598 1330 2654 alibi
1357 2598 1433 2653 ait
1467 2614 1480 2652 :
1520 2614 1538 2647 ι
1580 2593 1902 2650 Voluntarie
1936 2592 2109 2649 sacri-

517 2694 692 2750 ﬁcabo
743 2693 838 2747 tibi
877 2693 932 2760 i;
974 2710 992 2743 ι
1047 2699 1101 2746 et
1137 2706 1373 2744 rursus:
1410 2707 1428 2740 ι
1470 2685 1795 2743 Voluntaria
1829 2685 1950 2742 oris
1999 2684 2104 2740 mei

517 2785 640 2848 tibi.
664 2800 875 2856 quaeso,
905 2784 1176 2854 placeant,
1205 2781 1434 2835 Domine
1466 2777 1514 2833 i.
1555 2798 1574 2831 ι

588 2875 759 2934 Vens.
797 2877 854 2933 8.
897 2895 918 2930 ι
959 2876 1229 2932 Dominus
1272 2884 1352 2929 est
1392 2873 1654 2928 fortitudo
1697 2869 1882 2942 populi
1913 2869 2022 2934 sui,
2053 2877 2108 2924 et

518 2979 798 3043 protector
836 2971 1206 3026 salvationum
1234 2967 1443 3024 Christi
1484 2967 1570 3023 sui
1605 2974 1707 3021 est.
1743 2983 1763 3017 ι
1800 2966 1978 3019 Canto
2007 2978 2106 3016 au-

2217 1764 2634 1837 ὑπερασπιστής
2669 1784 2793 1836 μου.
2843 1786 2860 1818 ι
2913 1766 3024 1820 Καὶ
3070 1766 3288 1830 δεικνὺς
3317 1766 3420 1838 τὴν
3464 1766 3636 1820 αἰτίαν
3683 1766 3770 1832 τῆς

2215 1855 2440 1926 ταχείας
2504 1856 2854 1928 ἐπικουρίας,
2931 1857 3248 1928 ἐπήγαγεν·
3324 1876 3344 1910 ι
3435 1858 3614 1910 Ὀτι⁸⁰
3698 1855 3772 1910 ἐπ’

2215 1948 2364 2019 αὑτῴ
2417 1948 2649 2018 ἤλπισεν
2695 1951 2728 2021 ἠ
2773 1948 2972 2020 καρδία
2995 1967 3120 2021 μου,
3181 1949 3277 2003 καὶ⁵
3329 1949 3775 2021 ἐδοηθήῦην,καὶ

2214 2039 2474 2092 ἀνέθαλεν
2538 2041 2572 2110 ή
2630 2040 2766 2111 σάρξ
2798 2057 2920 2110 μου.
2965 2059 2984 2091 ι
3031 2040 3098 2094 Ἥ
3156 2041 3266 2110 γὰρ
3300 2042 3388 2105 εἰς
3445 2041 3606 2094 αὑτὸν
3637 2039 3775 2101 ἐλπὶς

2214 2131 2473 2201 πρόξενὸς
2527 2149 2614 2201 μοι
2645 2132 2748 2202 τῆς
2793 2132 3137 2205 προμηθείας
3177 2133 3391 2206 ταύτης
3433 2134 3661 2203 ἐγένετο.
3705 2131 3780 2186 Διὸ

2212 2232 2334 2303 δὴ⁵¹
2367 2232 2466 2303 τῆς
2488 2231 2576 2286 διὰ
2605 2230 2705 2303 τὴν
2731 2231 2912 2303 φυγὴν
2965 2231 3267 2302 κακουχίας
3307 2231 3676 2299 ἀπαλλαγεὶς,
3700 2229 3781 2282 ἀννο

2213 2322 2382 2392 έθηλά
2411 2341 2468 2384 τε
2497 2323 2594 2377 καὶ
2634 2322 2869 2394 ἦνθησα,
2912 2322 3009 2377 καὶ
3035 2323 3135 2392 τὴν
3173 2325 3238 2376 ἐκ
3277 2324 3389 2393 τῆς.-
3415 2321 3674 2392 εὑθυμίας
3703 2319 3781 2372 sii-

2213 2416 2363 2482 εξίαν
2384 2416 2676 2472 ἀπέλαϐον.
2713 2435 2732 2469 ι
2767 2416 2877 2469 Καὶ
2899 2417 2964 2469 ἐκ
2995 2415 3303 2486 Θελήματός
3339 2433 3448 2486 μου
3474 2411 3777 2484 ἐξομολογή·

2212 2527 2379 2581 σομαι
2409 2509 2577 2581 αὑτῷ.
2617 2529 2636 2564 ι
2684 2510 2832 2563 Ἀντὶ
2861 2507 2979 2574 τοῦ,
3009 2509 3085 2565 Οὐ
3123 2509 3320 2580 βίαιον,
3355 2507 3474 2562 ἀλλ’
3502 2505 3780 2561 ἐθελούσιον

2209 2603 2361 2674 αὑτῷ
2380 2604 2675 2673 προσφέρω
2703 2603 2794 2656 τὸν
2823 2601 2994 2674 ὕμνον
3017 2618 3031 2632 ·
3064 2603 3210 2658 οὕτω
3235 2601 3331 2656 καὶ
3353 2599 3590 2672 ἀλλαχοῦ
3615 2614 3775 2670 φησιν,

2216 2715 2235 2748 ι
2273 2695 2575 2758 Ἑκουσίως
2602 2693 2751 2748 θύσω
2777 2712 2881 2759 σοι,
2910 2713 2929 2746 ι
2953 2695 3050 2748 καὶ
3081 2695 3267 2758 πάλιν,
3307 2715 3328 2748 ι
3359 2696 3444 2751 Τὰ
3464 2693 3680 2748 ἑκούσια
3701 2687 3778 2742 τοῦ

2211 2789 2482 2860 στόματός
2511 2806 2612 2860 μου
2641 2788 2936 2859 εὑδόκησον
2975 2789 3064 2860 δὴ,
3094 2788 3268 2860 Κύριε
3290 2829 3306 2844 .
3343 2808 3366 2842 ι

2277 2883 2350 2954 η’·
2399 2901 2417 2934 ε
2455 2883 2662 2956 Κύριος
2688 2882 3022 2955 κραταίωμα
3059 2881 3156 2936 τοῦ
3185 2881 3325 2936 λαοῦ
3362 2882 3532 2936 αὑτοῦ
3576 2877 3778 2942 ἐστινδθ,

2206 2975 2302 3026 καὶ
2333 2973 2752 3045 ὑπερασπιστὴς
2772 2971 2883 3026 τῶν
2909 2972 3200 3043 σωτηρίων
3223 2971 3322 3026 τοῦ
3353 2972 3592 3046 Χριστοῦ
3629 2966 3776 3024 αὑτοῦ

519 3075 627 3120 tein
660 3066 865 3137 ipsum,
897 3073 958 3120 ut
985 3065 1190 3120 bonum
1232 3061 1556 3126 Dominum,
1583 3059 1679 3130 qui
1710 3059 2024 3130 suppeditat
2053 3066 2106 3112 et

2214 3069 2379 3120 ἐστιν.
2419 3084 2437 3117 ι
2479 3066 2664 3136 ’Υμνῶ
2683 3065 2739 3120 δὲ
2763 3065 2927 3119 αὑτὸν
2954 3064 3028 3128 ὡς
3049 3063 3256 3135 ἀγαθὸν
3282 3066 3592 3138 Δεσπότην,
3627 3063 3777 3133 ἰσχὺν,

520 3158 658 3230 regi,
690 3166 747 3214 et
775 3157 1000 3229 pepulo,
1035 3157 1263 3226 copiose
1291 3153 1697 3218 fortitudinem,
1731 3161 1788 3207 et
1839 3150 2030 3213 robur,
2056 3157 2110 3204 et

519 3249 778 3306 salutem.
807 3250 1088 3305 Christum
1123 3249 1273 3303 enim
1320 3247 1563 3316 seipsum
1591 3252 1652 3299 ut
1683 3257 1865 3313 regem
1895 3257 2114 3297 nuneu-

520 3351 653 3412 pat:
685 3343 790 3398 hoc
822 3355 1060 3413 namque
1087 3355 1286 3396 nomen
1306 3351 1602 3394 commune
1631 3345 1773 3402 erat,
1808 3343 1864 3392 et
1895 3351 2106 3406 regum,

516 3440 577 3490 et
603 3433 1018 3503 prophetarum,
1052 3439 1108 3486 et
1141 3429 1511 3486 sacerdotum.

592 3525 762 3583 Vens.
788 3527 842 3582 9.
875 3544 894 3577 ι
924 3526 1147 3581 Salvum
1183 3523 1269 3579 fac
1291 3523 1554 3594 populum
1581 3531 1758 3587 tuum,
1780 3517 2032 3584 Domine,
2058 3526 2113 3574 et

520 3620 753 3675 benedic
779 3619 1083 3673 hareditati
1118 3627 1246 3685 tuae,
1274 3627 1328 3672 et
1351 3634 1513 3690 pasce
1543 3634 1659 3684 eos,
1689 3625 1744 3672 et
1768 3615 1967 3672 extolle
1989 3617 2112 3671 illos

523 3726 702 3780 usque
732 3709 785 3763 in
818 3719 1104 3764 asternum.
1147 3727 1168 3761 ι
1217 3709 1371 3764 Hanc
1419 3708 1608 3779 igitur,
1642 3707 1842 3778 inquit,
1886 3707 2113 3762 benedi-

525 3805 766 3859 ctionem
812 3810 867 3856 et
909 3801 1140 3857 salutem
1191 3816 1316 3856 cum
1361 3811 1453 3856 tuo
1487 3801 1690 3872 popqu
1740 3800 2110 3864 communica,

524 3895 790 3966 dirigens.
819 3903 876 3948 et
920 3908 1174 3964 pascens,
1223 3902 1280 3948 et
1328 3893 1682 3963 superiores‘
1722 3893 1973 3949 hostibus
2002 3890 2115 3947 elli-

524 3988 700 4046 ciens.
735 3986 802 4042 Et
839 3997 991 4042 certe
1033 3987 1147 4057 regi
1201 3987 1593 4042 convenientes
1624 3994 1754 4041 sunt
1797 4001 1985 4056 preces
2015 4000 2113 4055 pro

527 4078 755 4151 populo.
789 4077 895 4135 Sed
927 4079 1151 4148 dignum
1196 4092 1415 4148 quoque
1442 4087 1524 4133 est
1553 4077 1938 4143 admiratione,
1967 4076 2113 4146 quod

529 4187 762 4244 magnus
791 4171 961 4226 David
997 4171 1144 4236 facit,
1188 4171 1306 4242 qui,
1345 4185 1471 4226 eum
1503 4185 1627 4224 eum
1679 4170 1842 4224 etiam
1883 4167 2115 4239 pepulus

525 4273 954 4336 persequeretur
978 4262 1206 4333 (subditi
1243 4262 1390 4317 enim
1420 4276 1546 4315 cum
1582 4259 1748 4315 Saule
1794 4260 1976 4328 ipsum
2017 4274 2116 4329 op—

527 4357 888 4429 pugnabant),
921 4371 1022 4426 pro
1043 4356 1138 4411 illo
1164 4355 1308 4426 apud
1342 4355 1514 4410 Deum
1545 4353 1896 4424 precabatur.
1929 4349 2116 4422 Siqui-

509 4453 648 4507 dem
684 4451 1014 4522 praevidebat
1047 4450 1287 4505 futuram
1309 4464 1500 4504 eorum
1533 4445 1948 4502 conversionem
1979 4464 1993 4500 :
2021 4459 2116 4498 ne-
2147 4433 2192 4491 Ι)

526 4560 632 4614 que
666 4544 909 4614 respexit
935 4544 1002 4598 ad
1033 4542 1358 4614 injustiliam
1391 4540 1634 4605 illorum,
1669 4539 1764 4595 sed
1802 4549 2012 4594 tantum
2044 4537 2112 4592 ad

528 4637 768 4692 futuram
806 4637 1153 4692 servitutem.

641 4749 660 4791 ί
691 4747 836 4804 Psal.
871 4765 992 4816 LIII,
1030 4748 1084 4804 6.
1163 4751 1178 4800 t
1222 4748 1367 4806 Psal.
1407 4761 1602 4814 cxvnl,
1637 4745 1761 4803 108.

2211 3161 2308 3214 καὶ
2341 3159 2556 3232 ῥώμην,
2603 3160 2700 3214 καὶ
2753 3158 3056 3230 σωτηρίαν,
3113 3159 3210 3213 καὶ
3269 3160 3516 3228 βασιλεῖ,
3563 3159 3652 3210 καὶ
3685 3153 3779 3222 λαῷ

2212 3252 2514 3323 φιλοτίμως
2541 3251 2882 3323 παρέχοντα·
2914 3251 3150 3322 Χριστὸν
3181 3249 3289 3322 γὰρ
3321 3251 3522 3307 ἑαυτὸν
3550 3249 3623 3313 ὡς
3646 3248 3780 3318 βασι-

2211 3343 2310 3398 λέα
2337 3344 2512 3398 καλεῖ.
2541 3344 2736 3398 Κοινὸν
2771 3344 2881 3417 γὰρ
2906 3343 3065 3397 τοῦτο
3090 3342 3151 3396 τὸ
3180 3342 3366 3413 ὄνομα
3393 3343 3491 3398 καὶ
3519 3339 3778 3413 βασιλέων,

2213 3437 2310 3490 καὶ
2335 3436 2658 3509 προφητῶν,
2685 3437 2780 3492 καὶ
2809 3438 2854 3490 ίε
2865 3436 3004 3509 ρέων
3032 3436 3270 3506 ὑπῆρχε.

2285 3530 2352 3584 0'.
2398 3549 2417 3582 ι
2451 3530 2634 3584 Σῶσον
2662 3531 2755 3585 τὸν
2777 3529 2908 3584 λαόν
2935 3546 3050 3596 σου,
3084 3531 3178 3582 καὶ
3203 3528 3516 3600 εὐλόγησον
3553 3525 3647 3596 τὴν
3669 3521 3779 3588 κλη-

2217 3621 2477 3694 ρονομίαν
2528 3638 2648 3688 σου,
2708 3621 2806 3676 καὶ
2852 3621 3122 3694 ποίμανον
3163 3621 3395 3687 αὐτοὺς,
3452 3621 3548 3675 καὶ
3608 3618 3782 3685 ἐπαρον

2214 3716 2435 3781 αὐτοὺς,
2462 3715 2570 3779 ἕως
2597 3714 2693 3768 τοῦ
2719 3715 2938 3778 αἰῶνος.
2979 3733 2998 3766 ι
3033 3714 3253 3785 Ταύτης
3280 3715 3496 3778 τοίνυν,
3531 3711 3678 3783 φησὶ,
3701 3707 3783 3775 τῆς

2215 3809 2466 3878 εὐλογίας
2493 3807 2592 3862 καὶ
2631 3808 2905 3880 σωτηρίας
2926 3805 3005 3878 τῷ
3030 3807 3108 3879 σῷ
3133 3808 3371 3879 μετάδος
3402 3808 3520 3881 λαῷ
3552 3805 3729 3860 ίοὺνων
3747 3799 3785 3832 ³³

2214 3901 2310 3956 καὶ
2368 3901 2700 3973 ποιμαίνων,
2757 3900 2853 3954 καὶ
2908 3900 3244 3972 ὑπερτέρους
3309 3899 3639 3972 ἀποφαίνων
3694 3891 3785 3946 τῶν

2217 3992 2519 4063 πολεμίων.
2563 3991 2676 4045 Καὶ
2725 3990 2996 4062 βασιλεῖ⁸⁸
3035 3991 3093 4044 δὲ
3129 3991 3426 4062 πρέπουσα
3481 3993 3516 4063 ὴ
3547 3989 3678 4060 ὑπὲρ
3706 3979 3784 4039 τοῦ

2215 4084 2347 4138 λαοῦ
2383 4085 2666 4156 προσευχὴ
2691 4099 2704 4112 ·
2731 4082 3069 4151 ἁξιάγαστον
3098 4081 3156 4135 δὲ
3185 4082 3284 4136 καὶ
3310 4083 3479 4138 τοῦτο
3510 4081 3606 4136 τοῦ
3641 4075 3789 4151 μετὰ·

2214 4177 2308 4230 λου
2336 4175 2521 4243 Δαὸὶδ,
2547 4175 2630 4230 ὅτι
2661 4175 2756 4229 καὶ
2784 4175 3118 4245 διωκόμενος
3145 4175 3253 4229 ὑπὸ
3283 4177 3383 4231 τοῦ
3413 4174 3550 4232 λαοῦ
3564 4174 3610 4208 ⁸⁵
3634 4191 3648 4205 ·
3682 4184 3785 4222 συν-

2216 4267 2522 4340 επολέμουν
2551 4268 2662 4340 γὰρ
2691 4267 2772 4339 τῷ
2809 4268 3000 4322 Σαούλ·
3036 4267 3137 4340 τὴν
3173 4267 3317 4340 ὑπὲρ
3349 4268 3538 4323 αὑτῶν
3579 4261 3787 4320 ἱκετείαν

2220 4360 2530 4432 προσέφερε
2569 4359 2648 4430 τῷ
2707 4359 2854 4431 Θεῷ·
2915 4358 3175 4431 προεώρα
3230 4361 3347 4432 γὰρ
3421 4358 3609 4418 αὑτῶν
3652 4351 3787 4425 rip"

2221 4449 2488 4521 ἐσομένην
2523 4450 2846 4522 μεταϐολὴν,
2869 4451 2963 4505 καὶ
2987 4451 3086 4522 οὐχ
3111 4451 3260 4523 ἐώρα
3276 4451 3384 4524 τὴν
3409 4450 3646 4515 ἀδικίαν,
3675 4439 3788 4499 ἀλλά

2217 4541 2320 4613 τὴν
2353 4543 2622 4614 ἐσομένην
2647 4542 2914 4598 δουλείαν.

1630 4901 1866 4959 VARIIE
1909 4900 2299 4964 LECTIONES
2339 4899 2427 4955 ET
2481 4899 2714 4957 NOTAE.

535 5062 687 5120 Haud
712 5077 1048 5134 magnopere
1086 5063 1345 5118 differunt
1389 5062 1458 5134 ab
1493 5062 1558 5116 iis
1593 5077 1715 5134 qua:
1757 5061 2007 5134 Cord.p.
2042 5059 2107 5116 48

2216 5059 2270 5114 in
2304 5059 2613 5134 Comment.
2639 5059 2706 5113 ad
2741 5060 2796 5114 ιι.
2833 5061 3123 5134 Ιηαιιυιίι.
3153 5061 3345 5133 Ἔργα
3383 5065 3489 5134 μὲν
3542 5061 3714 5116 αὑτῶν
3740 5053 3794 5108 τὰ

526 5135 674 5216 ,κατὰ
703 5131 1158 5216 διάθεσιν-,ἔργα
1193 5134 1250 5215 δὲ
1281 5132 1496 5216 χείρῷν
1535 5132 1835 5216 αὐτῷνπὰ
1875 5133 1986 5216 τῷν
2027 5131 2408 5216 ἐνεργητικῶν
2455 5131 2762 5216 δυνάμεων,
2794 5133 2916 5185 καθ’
2948 5133 2985 5186 ἃ
3021 5131 3282 5204 πρόεισιν
3317 5131 3404 5195 εἰς
3432 5135 3598 5206 ἔργον
3625 5134 3688 5186 τὰ
3718 5146 3791 5182 οη)-

535 5208 735 5276 στάντα
783 5206 852 5276 τῇ
879 5201 1125 5276 ’γνώμῃλ
1148 5201 1289 5276 ,τῶν
1317 5204 1375 5256 δὲ
1413 5202 1592 5272 ἔργων
1623 5202 1830 5272 Κυρίου
1881 5205 1946 5253 τὰ
1971 5203 2083 5276 ’μὲν
2119 5201 2312 5276 δρατὰ,
2354 5201 2422 5276 τα
2454 5201 2512 5276 δὲ
2543 5201 2783 5272 ἀόρατα·
2811 5203 2846 5257 ἃ
2873 5204 2936 5273 δὴ
2966 5201 3222 5267 συνέντες
3253 5201 3791 5274 ὲαυτοὺςτιμωρίαις

535 5271 848 5330 ὑπέϐαλονῖ
868 5271 1043 5342 Opera
1066 5271 1274 5342 quidem
1313 5271 1497 5328 eorum
1539 5271 1862 5341 vocat,qua:
1890 5273 2067 5326 animo
2091 5271 2362 5341 proposita
2394 5271 2803 5341 lmlzent,'opera
2852 5271 3026 5327 auiam
3080 5291 3350 5330 manuum
3387 5271 3795 5342 eorum'ea’qtllt

531 5346 813 5403 virtutibus
845 5340 1193 5412 effectricibus
1243 5353 1588 5414 prwstantur,
1625 5340 1814 5414 quibus
1866 5358 1928 5414 ea
1958 5340 2098 5412 qua!
2124 5353 2293 5396 mente
2324 5354 2570 5411 concepta
2615 5340 2758 5407 sunt,
2790 5343 3039 5412 efﬁciunt.
3089 5343 3322 5412 Oper-um
3356 5356 3541 5398 autem
3589 5345 3683 5398 Dei
3704 5340 3798 5394 alia

530 5428 653 5472 sunt
685 5415 936 5478 t'isibilia,
968 5414 1078 5467 alia
1129 5413 1442 5482 invisibilia,
1466 5431 1584 5483 qua:
1619 5430 1736 5467 cum
1771 5413 2150 5477 intellexerint,
2180 5415 2564 5482 suppliciorum
2609 5415 3065 5482 sereosfecerunl.
3121 5415 3165 5445 “
3185 5416 3283 5468 Διὸ
3304 5414 3412 5480 δή.
3432 5417 3644 5470 Abesta
3672 5425 3795 5463 vers-

529 5489 638 5540 τῶν
661 5489 737 5540 0'.
806 5486 853 5556 7"
886 5483 1486 5554 leoaomiastc.cod.
1522 5488 1541 5540 1
1575 5483 1963 5556 εόάἰιαὺτοὺς.
1987 5486 2107 5556 cod.

2219 5483 2569 5556 ἰκρδρμήσης-

530 5558 578 5588 ⁵⁸
601 5558 752 5611 Ὅτι.
785 5555 954 5612 Abest
987 5571 1016 5610 a
1052 5571 1191 5610 vers.
1254 5557 1363 5610 τῶν
1429 5561 1504 5609 υθ.

530 5641 561 5679 a
592 5641 736 5681 vers.
763 5628 874 5680 τῶν
903 5626 978 5682 Ο’.

1093 5625 1138 5656 ⁵³
1178 5627 1437 5679 ’1ούνων.
1471 5627 1592 5680 cod.
1625 5629 1677 5690 1,
1706 5626 1742 5676 ‘2
1775 5642 1960 5693 praem.
1996 5625 2183 5687 αὑτός.

2647 5483 2695 5513 ⁸³
2719 5487 2841 5538 cod.
2867 5485 2902 5537 2
2924 5486 3106 5549 αὑτός.
3158 5487 3202 5518 ’δ’
3235 5488 3408 5540 ςοᾱ.2
3431 5486 3796 5554 οἰκοδομήσῃςσ

1583 5556 1625 5587 ‘"
1657 5555 1754 5608 Διὸ
1822 5554 1919 5619 δή.
1988 5555 2107 5608 Des.

2214 5553 2293 5607 iud
2329 5553 2580 5622 corasp.
2618 5553 2744 5609 476.
2818 5556 2864 5588 ⁶¹
2896 5559 3122 5610 Ἐστιν.
3162 5557 3332 5611 Abest
3363 5574 3393 5611 a
3429 5559 3553 5612 eod.
3598 5553 3646 5620 1,
3675 5554 3800 5624 2._cl

2293 5625 2340 5697 ‘7‘
2367 5624 2479 5697 Kal
2519 5620 2790 5690 βασιλεῖ,
2821 5644 2872 5682 κ.
2908 5627 2956 5683 λ.
3013 5628 3136 5682 Des.
3187 5628 3335 5696 apud
3381 5627 3553 5683 Cord.
3593 5643 3648 5697 p.
3685 5620 3795 5680 478.

534 5695 580 5727 ⁸⁵
622 5695 771 5749 Ὑπὸ
805 5699 908 5752 τοῦ
967 5695 1146 5753 λαοῦ.
1190 5695 1314 5751 Des.
1353 5698 1406 5751 in
1437 5699 1556 5751 cod.
1589 5698 1644 5750 2.
1722 5696 1769 5726 ⁵⁸
1799 5694 1938 5761 Τήν.
1969 5697 2107 5750 AbeS

2228 5696 2350 5750 cod.
2383 5696 2441 5750 2.
