4004 6216
479 328 616 396 1075

1484 335 1974 398 ΤΗΕΟΒΟΒΕΤΙ
2003 336 2345 398 EPISCOPI
2379 332 2748 425 CYRENSIS

3582 331 3696 401 1076

543 443 711 502 Vsus.
753 447 810 517 θ,
844 445 930 502 10.
978 465 997 499 ι
1037 446 1118 504 Ad
1141 457 1213 516 te,
1270 449 1516 518 Domine,
1553 455 1825 519 clamabo,
1881 463 1934 508 et
1985 455 2042 510 ad

2223 451 2290 518 θ’,
2325 457 2376 504 ι’.
2425 470 2442 502 ι
2491 448 2635 522 Πρὸς
2683 449 2763 515 σὲ,
2815 445 3009 516 Κύριε,
3051 444 3409 517 κεκράξομαι,
3450 449 3539 503 καὶ
3578 454 3697 521 apo;

471 533 637 588 Deum
685 551 865 590 meum
903 539 1188 607 precabor.
1243 539 1375 608 Quae
1429 543 1634 598 utilitas
1679 543 1733 598 in
1781 545 2042 615 sanguine

2149 544 2243 597 τὸν
2272 543 2405 597 Θεόν
2440 559 2543 613 μου
2571 541 2926 612 δεηθήσομαι.
2959 537 3055 602 Τίς
3080 537 3319 608 ὠφέλεια
3347 540 3404 593 ἐν
3429 539 3503 610 τῷ
3527 543 3699 612 αῖματί

469 639 619 690 tneo,
683 625 729 681 si
793 626 1069 684 descendo
1144 632 1198 686 in
1278 635 1729 704 corruptionem?
1789 634 2047 706 Nunquid

469 715 818 772 conlitebitur
855 720 952 774 tibi
988 721 1189 791 pulvis,
1229 735 1324 780 aut
1367 727 1716 783 annuntiabit
1761 727 2047 783 veritatem

469 807 661 859 luant?
697 827 716 861 ι
776 807 843 864 Ει
893 810 978 866 his
1027 829 1246 884 quoque
1302 817 1485 872 verbis
1536 817 1732 874 beatus
1783 819 2048 876 Ezechias

472 913 604 953 usus
634 911 739 966 est,
783 913 842 957 ut
873 916 1104 973 quartus
1142 907 1278 962 liber
1314 906 1522 978 Regum
1561 925 1662 966 nos
1695 911 1875 980 docet,
1904 913 2046 968 divi-

468 989 634 1059 nique
676 991 834 1049 Isaia:
880 997 1165 1066 prophetia
1207 1017 1218 1052 :
1257 1009 1314 1054 et
1360 1001 1601 1056 humana
1652 1002 1781 1057 item
1832 1015 2044 1073 natura,

470 1079 595 1135 licet
629 1099 738 1138 non
794 1089 978 1145 omnis
1035 1089 1314 1156 clamavit,
1369 1101 1548 1148 tamen
1579 1109 1693 1161 per
1723 1105 1945 1152 sanctos
1977 1097 2046 1152 ad

467 1170 639 1228 Deum
689 1177 969 1246 clamavit,
1007 1181 1092 1236 bis
1143 1193 1303 1239 utens
1353 1187 1742 1243 sermonibus:
1776 1190 2045 1255 Quoniam

463 1264 673 1334 justum
708 1280 791 1324 est
822 1280 871 1325 tc
899 1273 1238 1329 conditorem
1269 1276 1512 1342 laudare,
1546 1289 1599 1333 et
1628 1280 1799 1348 gratis
1833 1297 2047 1337 sermo-

467 1355 632 1411 nibus
672 1361 873 1427 gratias
914 1365 1231 1434 rependere.
1273 1366 1387 1424 lloc
1432 1372 1712 1440 proprium
1745 1383 1830 1428 est
1859 1374 2046 1430 viren-

467 1445 624 1501 tium.
659 1451 762 1517 Qui
795 1455 938 1509 enim
978 1457 1029 1510 in
1064 1459 1346 1528 pulverem
1387 1470 1441 1516 et
1468 1461 1520 1515 in
1555 1463 1791 1518 cinerem
1822 1468 2044 1523 resoluti

461 1547 612 1604 sunt,
652 1553 706 1598 et
737 1545 982 1603 humano
1009 1565 1174 1621 opere
1211 1554 1482 1621 destituti,
1516 1559 1794 1626 quomodo
1827 1569 1917 1616 tua
1949 1562 2046 1618 be-

461 1629 656 1690 neﬁcia
689 1635 982 1696 decantare
1011 1645 1309 1712 poterunt?

2152 655 2277 708 μου,
2309 639 2367 690 ὲν
2410 636 2490 707 τῷ
2541 633 2847 704 καταδῆναί
2876 634 2920 665 τ’
2958 650 3026 702 με
3056 634 3134 696 είς
3162 632 3492 702 διαφθοράν;
3525 635 3594 705 μὴ
3626 638 3701 703 ἐξ.

2149 727 2544 800 ομολογήσεταί
2599 744 2684 780 σοι
2729 725 2892 796 χοῦς,
2925 724 2957 796 ἢ
3003 724 3300 794 ἀναγγελεῖ
3342 725 3438 796 τὴν
3465 727 3701 797 ἀλήθειάν

2151 837 2281 888 σου;
2319 838 2338 873 ι
2382 819 2608 883 Τούτοις
2642 819 2736 872 καὶ
2769 819 2798 871 6
2835 817 3105 888 μακάριος
3166 816 3418 882 Ἐζεκίας
3451 816 3704 890 ἐχρήσατο

2148 915 2262 974 τοῖς
2293 910 2496 980 λόγοις,
2523 909 2600 972 ὡς
2642 909 2739 962 καὶ
2781 909 2815 980 ή
2845 907 3084 979 τετάρτη
3123 909 3234 964 τῶν
3262 909 3552 966 Βασιλειῶν
3581 913 3704 965 ἱστο-

2151 1001 2540 1075 ρία,διδάσκει,
2592 999 2814 1054 καὶτοῦ
2855 1000 3134 1055 θειοτάτου
3165 1000 3212 1033 ³⁸
3251 1001 3475 1056 Ἡσαΐου
3523 1004 3557 1073 ή
3583 1021 3703 1071 προ·

2150 1090 2386 1162 φητείαο
2420 1089 2521 1144 καὶ
2549 1089 2735 1160 μέντοι
2777 1089 2871 1143 καὶ
2913 1092 2946 1161 ή
2977 1090 3294 1162 ἀνθρωπεία
3333 1091 3512 1162 φύσις,
3545 1093 3591 1146 εί
3623 1094 3704 1146 καὶ

2151 1181 2227 1254 μὴ
2255 1183 2406 1236 πᾶσα
2435 1179 2721 1252 βεδόηκεν,
2758 1181 2897 1237 ἀλλά
2938 1182 2986 1214 ⁸¹
3018 1183 3108 1238 διά
3135 1183 3246 1237 τῶν
3285 1184 3457 1253 ἀγίων
3495 1185 3702 1256 βεόόηκε

2147 1273 2286 1344 πρὸς
2320 1273 2410 1327 τὸν
2439 1271 2593 1338 Θεὸν,
2624 1272 2836 1338 τούτοις
2887 1274 3208 1346 κεχρημένη
3248 1276 3363 1339 τοῖς
3418 1274 3608 1344 λόγοις,
3635 1276 3708 1329 ὅτι

2146 1365 2366 1418 Δίκαιον
2391 1364 2580 1435 ὑμνεῖν
2615 1381 2676 1417 σε
2719 1364 2810 1418 τὸν
2841 1365 3092 1437 ποιητὴν,
3112 1367 3208 1420 καὶ
3236 1365 3416 1437 λόγοις
3449 1365 3708 1438 εὐγνώμο-

2148 1473 2234 1510 σιν
2254 1454 2583 1527 ἀμείϐεσθαί
2607 1472 2703 1510 σου
2723 1455 2823 1519 τάς
2845 1456 3094 1527 χάριτας.
3126 1457 3299 1512 Τοῦτο
3323 1457 3539 1523 ζώντων
3560 1458 3674 1511 ἴδιον
3691 1475 3704 1490 ·

2145 1545 2198 1600 οἱ
2242 1545 2353 1618 γάρ
2386 1546 2470 1610 είς
2513 1545 2642 1617 χοῦν
2675 1547 2770 1601 καὶ
2811 1547 2962 1600 κόνιν
2994 1548 3362 1618 διαλυόμενοι,
3395 1549 3487 1601 καὶ
3523 1549 3582 1601 τὸ
3619 1565 3709 1600 σω-

2148 1634 2381 1709 ματικὸν
2407 1637 2568 1709 ἔργον
2600 1639 2645 1670 ⁸³
2666 1637 3056 1705 ἀπολέσαντες,
3089 1639 3207 1704 πῶς
3231 1640 3296 1695 ἂν
3325 1638 3596 1711 δυνηθεῖεν
3623 1641 3709 1702 τὰς

2149 1732 2247 1796 σάς
2281 1731 2429 1804 ᾅδειν
2457 1732 2780 1802 εὐεργεσίας
2797 1749 2815 1800 ;

533 1812 701 1872 Vens.
745 1818 933 1874 11-13.
977 1839 996 1873 ι
1034 1819 1258 1879 Audivit
1308 1823 1605 1890 Dominus,
1664 1839 1719 1886 et
1778 1832 2035 1888 misertus

2221 1832 2407 1893 ια’-ιγ’.
2449 1844 2470 1878 ι
2518 1827 2761 1880 Ἤκουσε
2812 1827 3036 1898 Κύριος.
3074 1827 3169 1882 καὶ
3195 1826 3398 1898 ἡλέησέ
3426 1825 3471 1858 ⁸³
3499 1842 3586 1896 με,
3617 1823 3710 1877 Κύ-

459 1916 546 1972 est
579 1909 709 1974 mei,
765 1907 1037 1968 Dominus
1092 1913 1270 1976 factus
1319 1927 1402 1972 est
1439 1919 1657 1988 adjutor
1697 1939 1871 1979 meus.
1906 1923 2044 1980 Con-

460 2000 676 2055 vertisti
708 2000 987 2069 planctum
1037 2020 1219 2059 meum
1253 2006 1308 2060 in
1342 2009 1598 2079 gaudium
1634 2013 1788 2079 mihi,
1827 2018 2043 2072 consci-

459 2089 592 2146 disti
625 2107 849 2147 saccum
895 2110 1103 2164 meum,
1146 2109 1200 2154 et
1250 2099 1662 2158 circumdedisti
1704 2121 1791 2161 me
1835 2105 2040 2164 laetitia.

463 2179 534 2237 Ut
566 2193 752 2240 cantet
799 2187 894 2244 tibi
949 2190 1118 2260 gloria
1160 2209 1301 2262 mea,
1355 2205 1409 2251 et
1453 2214 1561 2253 non
1613 2215 1970 2274 compungar.
2017 2225 2038 2259 ι

461 2274 527 2330 Et
561 2275 825 2336 Ezechias
856 2295 1018 2338 sacco
1049 2285 1294 2353 indutus,
1341 2299 1535 2346 contra
1564 2293 1822 2366 Assyrios
1855 2313 2043 2366 preces

464 2369 574 2426 Deo
603 2373 824 2440 obtulit,
866 2385 923 2430 et
951 2376 1190 2432 humana
1233 2391 1432 2438 natura
1475 2384 1724 2441 habitum
1755 2389 2040 2461 lugubrem

459 2462 658 2518 induit.
705 2464 784 2521 Ac
836 2482 984 2522 nunc
1031 2471 1194 2524 etiam
1252 2475 1404 2528 stulti
1457 2476 1705 2546 quidam,
1743 2495 1868 2536 cum
1901 2499 2044 2549 mor-

458 2563 583 2612 tuos
621 2557 934 2628 deplorant,
968 2562 1125 2633 791
1169 2577 1224 2619 et
1267 2565 1320 2619 in
1355 2582 1518 2623 sacco
1563 2572 1791 2642 turpiter
1828 2578 2039 2640 sedent,

457 2649 757 2719 prophetia:
804 2654 968 2709 verba
1021 2656 1214 2713 audire
1259 2661 1478 2729 nolunt,
1538 2680 1663 2734 quae
1705 2678 1891 2738 aperte
1933 2669 2044 2724 cla-

457 2751 656 2800 mant:
696 2761 715 2794 ι
754 2741 1087 2811 Conscidisti
1119 2765 1342 2807 saccum
1387 2770 1592 2822 meum,
1635 2767 1691 2813 et
1736 2760 2043 2815 circumde-

455 2834 581 2891 disti
641 2851 728 2892 me
778 2837 985 2908 laetitia,
1043 2851 1097 2898 et
1136 2847 1455 2904 convenisti
1510 2849 1716 2906 luctum
1759 2869 1939 2908 meum
1985 2856 2040 2908 in

455 2927 715 2997 gaudium
769 2931 927 3007 mihi.
977 2951 998 2987 ι
1069 2933 1207 2990 Nam
1265 2941 1726 3008 quemadmodum
1780 2942 2043 3002 Ezechias

455 3035 580 3074 tum
613 3022 927 3091 quindecim
967 3041 1238 3082 annorum
1273 3030 1696 3099 promissionem
1724 3036 2039 3104 accepisset,

457 3115 633 3169 multo
668 3117 866 3186 gaudio
916 3119 1175 3189 impletus
1212 3133 1294 3176 est
1326 3140 1340 3174 :
1375 3123 1456 3177 sic
1501 3138 1603 3178 nos
1669 3141 1886 3193 aequum
1933 3138 2037 3194 est,
2067 3143 2110 3202 ο

456 3207 550 3276 qui
593 3211 1020 3269 resurrectionis
1077 3228 1230 3284 spem
1274 3215 1610 3286 accepimus,
1642 3227 1889 3274 mortuos
1926 3235 2036 3275 non

460 3300 663 3368 lugere,
707 3300 800 3354 sed
844 3301 992 3356 illam
1032 3318 1160 3357 cum
1193 3303 1383 3358 lzetitia
1418 3314 1761 3375 exspectare.
1794 3306 1909 3362 lloc
1941 3324 2040 3362 au-

458 3403 566 3472 tem
609 3411 622 3448 :
675 3413 693 3446 ι
737 3391 806 3448 Ut
843 3405 1023 3450 cantet
1055 3396 1148 3451 tibi
1181 3397 1350 3468 gloria
1380 3414 1524 3465 mea,
1552 3407 1606 3455 et
1639 3416 1744 3455 non
1773 3418 2038 3472 compun-

454 3467 573 3556 gar.
611 3507 631 3537 ι
665 3492 680 3507 ο
713 3487 1077 3560 Symmachus
1115 3467 1200 3546 sic
1228 3491 1616 3561 interpretatus
1645 3503 1727 3548 est
1759 3513 1772 3548 :
1814 3494 1880 3548 Ut
1899 3467 2038 3550 *σαρι-

455 3587 528 3633 tet
556 3587 603 3632 te
636 3578 830 3649 gloria,
881 3590 931 3634 el
980 3597 1083 3635 non
1139 3592 1345 3648 taceat;
1385 3585 1544 3653 quasi
1571 3585 1720 3640 dicat
1756 3603 1768 3638 :
1810 3585 1892 3642 Οἱ)
1935 3590 2037 3644 hoc

457 3669 782 3724 beneﬁcium
815 3671 972 3726 decet
1001 3673 1268 3727 continuo
1299 3683 1351 3728 te
1394 3675 1686 3732 decantare
1716 3686 1771 3732 et
1809 3678 2038 3736 laudare

453 3776 551 3814 eos
575 3761 668 3828 qui
699 3761 860 3815 talem
897 3759 1129 3831 gloriam
1160 3765 1444 3818 consecuti
1475 3774 1624 3829 sunt,
1654 3775 1709 3821 et
1751 3783 2035 3839 nunquam

459 3845 712 3900 reticere.
785 3847 1154 3918 CumpunCtiu
1231 3859 1378 3906 certe
1449 3852 1723 3910 silentium
1803 3857 2033 3913 inducit.

458 3935 814 4004 Septuaginta
860 3937 1044 4007 igitur,
1081 3955 1180 4009 pro
1205 3941 1416 3996 silentio
1445 3948 1901 4014 compunctionem
1936 3963 2036 4020 po-

459 4039 711 4086 suerunt.
748 4030 1014 4089 Ezechias
1045 4035 1265 4104 quidem
1307 4038 1538 4107 gloriam
1568 4051 1900 4098 consecutus
1927 4054 2035 4110 est,

454 4140 580 4179 cum
618 4127 740 4193 ejus
781 4140 949 4180 causa
994 4135 1071 4182 tot
1113 4128 1280 4183 millia
1313 4129 1525 4201 plagam
1561 4145 1593 4186 a
1631 4133 1743 4195 Deo
1775 4134 2034 4190 inllictam

451 4215 836 4282 sustinuerint,
879 4226 1044 4286 atque
1068 4217 1231 4272 etiam
1274 4234 1398 4274 cum
1447 4222 1528 4276 sol
1572 4235 1906 4293 praepostero
1946 4241 2036 4280 or-

451 4308 583 4364 dine
631 4310 984 4365 cucurrerit:
1027 4325 1128 4364 nos
1183 4321 1366 4366 autem
1428 4314 1727 4369 admodum
1782 4331 2034 4388 magnam

454 4405 655 4462 lzelitia:
692 4420 915 4460 causam
948 4405 1235 4473 habemus,
1272 4423 1395 4462 cum
1435 4409 1595 4465 talem
1631 4409 1723 4465 Dei
1754 4412 2037 4470 universo-

2147 1935 2261 1989 ριος
2284 1918 2516 1989 ἐγενήθη
2540 1917 2734 1988 βοηθός
2759 1935 2881 1990 μου.
2914 1918 3223 1990 Ἔστρεψας
3253 1919 3344 1972 τὸν
3375 1917 3598 1973 κοπετόν
3622 1933 3708 1986 μου

2143 2010 2224 2073 εἰς
2249 2005 2426 2080 χαρὰν
2455 2007 2600 2079 ἐμοί.
2634 2007 2935 2080 Διέρῤηξας
2978 2009 3068 2064 τὸν
3105 2010 3306 2063 σάκκον
3351 2026 3481 2080 μου,
3511 2007 3599 2064 καὶ
3621 2023 3708 2058 πει

2145 2099 2412 2172 ριέζωσάς
2442 2116 2512 2169 με
2543 2097 2906 2170 εὐφροσύνην.
2939 2099 3132 2162 Ὅπως
3160 2099 3226 2154 ἂν
3253 2099 3408 2172 ψάλῃ
3433 2116 3523 2167 ,σοι
3550 2096 3711 2168 ήδόξα

2147 2209 2271 2264 μου,
2304 2191 2396 2245 καὶ
2428 2191 2488 2243 ού
2523 2189 2600 2262 μὴ
2632 2189 2929 2260 κατανυγῶ
2971 2190 3039 2245 ⁸⁸.
3094 2210 3113 2242 ι
3146 2191 3260 2245 Καὶ
3301 2190 3556 2256 Ἐζεκίας
3588 2189 3708 2243 σάκ-

2144 2301 2240 2338 κον
2290 2282 2742 2355 περιζωσάμενος
2775 2284 3120 2354 προσήνεγκε
3151 2282 3230 2354 τῷ
3281 2281 3412 2354 Θεῷ
3452 2277 3713 2354 τήναατά

2142 2380 2253 2434 τῶν
2299 2376 2601 2448 Ἀσσυρίων
2639 2377 2837 2447 εὐχήν⁸
2881 2377 2976 2430 καὶ
3025 2378 3058 2446 ή
3109 2376 3438 2446 ἀνθρωπεία
3472 2373 3624 2445 φύσις
3661 2371 3713 2424 τὸ

2143 2471 2408 2543 πένθιμον
2453 2469 2848 2541 περιεϐέϐλητο
2879 2471 3088 2540 σχῆμα.
3128 2469 3239 2523 Καὶ
3273 2468 3379 2523 νῦν
3419 2467 3465 2501 ⁸⁸
3500 2467 3556 2522 δέ
3584 2480 3712 2526 τινες

2141 2565 2251 2619 τῶν
2301 2564 2544 2634 ἀνοήτων
2567 2601 2582 2627 ,
2621 2561 2749 2626 τοὺς
2797 2559 3133 2632 τεθνηκότας
3169 2560 3591 2632 ὀλοφυρόμενοι,
3634 2555 3714 2609 ἐπὶ

2151 2658 2358 2713 σάκκου
2393 2655 2694 2726 καθήμενοι
2745 2653 2952 2719 κακῶς,
2984 2653 3094 2707 τῶν
3140 2656 3512 2725 προφητικῶν
3551 2648 3712 2721 ῥημά-

2141 2771 2250 2808 των
2310 2750 2524 2804 ἐπαΐειν
2581 2749 2683 2801 ούκ
2743 2746 3026 2812 ἐθέλουσι,
3087 2746 3400 2817 διαρρήδην
3455 2743 3712 2816 βοώντων·

2148 2863 2167 2897 ι
2210 2841 2513 2917 Διέρῤηξας
2557 2840 2650 2893 τὸν
2691 2838 2895 2892 σάκκον
2947 2855 3081 2908 μου,
3132 2838 3232 2891 καὶ
3269 2835 3616 2908 περιέζωσάς
3657 2847 3714 2905 με
3795 2882 3800 2887 .

2143 2932 2508 3006 εὐφροσύνην,
2543 2929 2640 2983 καὶ
2669 2927 2938 3001 ἑστρεψας
2971 2927 3063 2981 τὸν
3095 2927 3328 2981 κοπετόν
3377 2945 3482 2998 μου
3515 2927 3591 2989 είς
3623 2941 3711 2994 χα-

2147 3026 2247 3097 ράν
2274 3023 2417 3094 ὲμοί.
2458 3041 2476 3074 ι
2515 3020 2784 3090 Καθάπερ
2804 3019 2916 3091 γὰρ
2941 3022 2968 3073 ό
3006 3019 3258 3084 Ἐζεκίας
3283 3018 3402 3072 τῶν
3441 3011 3706 3071 πεντεκαί-

2143 3120 2274 3173 δεκα
2309 3114 2573 3170 ἐνιαυτῶν
2603 3116 2651 3147 ⁸⁸
2680 3115 2781 3183 τὴν
2827 3113 3163 3182 ἐπαγγελίαν
3204 3114 3504 3186 δεξάμενος
3531 3113 3709 3180 εὐφρο-

2148 3213 2313 3281 σύνης
2351 3207 2658 3278 ἐνεπλήσθη
2695 3205 2922 3276 πολλῆς,
2954 3205 3097 3260 οὕτω
3137 3207 3356 3261 δίκαιον
3384 3208 3531 3278 ήμᾶς
3554 3202 3597 3235 ⁸⁷
3621 3199 3707 3272 τὴν

2145 3302 2336 3356 ἐλπίδα
2368 3297 2692 3368 δεξαμένους
2720 3297 2820 3365 τῆς
2842 3296 3216 3359 ἀναστάσεως,
3248 3297 3328 3368 μὴ
3363 3295 3579 3368 θρηνεῖν
3601 3290 3709 3353 τοὺς

2144 3390 2513 3453 τελευτῶντας
2542 3390 2609 3454 ⁸⁸,
2641 3385 2758 3440 ἀλλ’
2788 3387 3004 3458 ἐκείνην
3038 3388 3156 3458 μετ’
3182 3388 3457 3460 εὐθυμίας
3483 3388 3527 3422 ⁸³
3559 3398 3706 3456 προσ⁶

2150 3487 2354 3556 μένειν.
2390 3485 2432 3536 Τ
2437 3484 2464 3536 δ
2486 3482 2565 3547 δὲ,
2605 3500 2623 3533 ι
2659 3481 2850 3542 Ὅπως
2876 3481 2943 3533 ἂν
2967 3481 3112 3552 ψάλῃ
3144 3498 3226 3534 σοι
3254 3483 3288 3552 ή
3321 3483 3455 3549 δόξα
3485 3497 3603 3550 μου,
3630 3475 3710 3529 καὶ

2144 3579 2204 3632 οὐ
2250 3575 2325 3648 μὴ
2357 3573 2669 3640 κατανυγῶ,
2711 3591 2729 3623 ι
2763 3575 2790 3624 ό
2823 3570 3118 3640 Σύμμαχος
3144 3569 3320 3634 οὕτως
3352 3571 3705 3643 ἡρμήνευσενο

2146 3669 2271 3722 Ἵνα
2315 3664 2431 3734 ᾅδῃ
2479 3680 2552 3718 σε
2599 3661 2778 3726 δόξα,
2824 3661 2922 3714 καὶ
2970 3663 3043 3714 οὐ
3078 3661 3124 3692 ³ο
3157 3659 3244 3729 μὴ
3283 3657 3706 3726 ἀποσιωπήσῃ⁰

2144 3759 2272 3814 ἀντὶ
2324 3758 2442 3822 τοῦ,
2502 3755 2780 3826 Προσήκει
2827 3753 3035 3822 ταύτης
3077 3753 3239 3806 ἕνεκα
3265 3754 3373 3824 τῆς
3414 3748 3710 3824 εὐεργεσίας

2143 3851 2408 3923 διηνεκῶς
2452 3849 2597 3921 ᾅδειν
2643 3863 2703 3898 σε
2748 3845 2842 3898 καὶ
2873 3846 3061 3914 ὑμνεῖν
3105 3847 3234 3908 τοὺς
3257 3846 3536 3917 τοσαύτης
3571 3840 3711 3910 δόξης

2085 3948 2091 3957 ’
2143 3942 2532 4014 τετυχηκότας,
2578 3941 2636 3992 ὲν
2682 3938 2874 4010 μηδενὶ
2925 3937 3104 4008 καιρῷ
3139 3938 3488 4002 σιωπῶντας.
3539 3935 3642 3989 Καὶ
3681 3932 3709 4000 ἡ

2145 4035 2438 4100 κατάνυξις
2466 4033 2522 4087 δὲ
2557 4035 2712 4103 σιγὴν
2740 4033 2977 4102 ἐμποιεῖ.
3007 4033 3071 4085 Οἱ
3115 4031 3526 4101 Ἐὁδομήκοντα
3552 4027 3711 4080 τοίνυν

2144 4129 2266 4183 ἀντὶ
2308 4125 2488 4196 σιγῆς
2521 4127 2563 4158 θ’
2595 4124 2875 4178 τεθείκασι
2916 4122 3031 4191 τὴν
3068 4121 3442 4195 κατάγυξιν·
3480 4119 3631 4191 δόξης
3663 4115 3710 4169 δὲ

2143 4225 2172 4277 ὁ
2205 4222 2304 4294 μὲν
2349 4219 2597 4283 Ἐζεκίας
2625 4217 2916 4287 τετύχηκε,
2943 4215 3210 4270 τοσούτων
3237 4215 3308 4269 δι’
3341 4217 3506 4270 αὐτὸν
3537 4210 3713 4285 μυριά-

2143 4317 2249 4370 δων
2281 4313 2540 4383 θεήλατον
2572 4309 2880 4379 δεξαμένων
2921 4307 3158 4378 πληγὴν,
3191 4307 3286 4361 καὶ
3337 4310 3526 4379 μέντοι
3556 4307 3598 4337 ’⁸
3632 4300 3710 4356 καὶ

2144 4411 2239 4464 τοῦ
2271 4406 2446 4479 ·ήλίου
2486 4404 2924 4475 ἀναστρέψαντος
2968 4403 3044 4436 ⁸³·
3093 4405 3258 4473 ἡμεῖς
3302 4402 3364 4456 δὲ
3401 4400 3600 4470 πολλῆς
3636 4395 3712 4448 εὖ·

453 4514 575 4552 rum
632 4513 877 4552 amorem
923 4498 1069 4552 circa
1105 4515 1205 4554 nos
1237 4500 1446 4569 experti
1499 4501 1695 4559 simus.
1743 4503 1836 4558 Sic
1863 4503 2033 4571 etiim,

2144 4501 2330 4564 κλείας
2375 4498 2571 4570 ἔχομεν
2620 4496 2899 4566 ἀφορμὴν,
2947 4494 3221 4564 τοσαύτην
3269 4494 3407 4566 περὶ
3445 4494 3589 4563 ἡμᾶς
3631 4502 3706 4540 του

454 4589 552 4654 ait,
596 4588 738 4646 Deus
769 4589 962 4645 dilexit
1001 4589 1288 4652 mundum,
1350 4603 1409 4647 ut
1443 4591 1640 4648 Filium
1696 4611 1858 4652 suum
1908 4600 2034 4652 uni-

456 4678 696 4749 genitum
748 4679 937 4744 daret,
999 4687 1061 4734 ut
1112 4680 1293 4735 omnis
1359 4681 1454 4750 qui
1515 4685 1688 4740 credit
1752 4686 1811 4742 in
1876 4688 2029 4743 illum

2143 4593 2279 4650 Θεοῦ
2320 4593 2432 4646 τῶν
2473 4591 2610 4644 ὅλων
2657 4584 3054 4658 ἐπιδεξαμένου
3109 4587 3523 4658 φιλοστοργίαν.
3575 4580 3712 4635 Οὕτω

2141 4688 2271 4758 γὰρ,
2291 4683 2479 4756 φησιν,
2504 4683 2532 4736 ό
2554 4679 2685 4744 Θεὸς
2713 4680 2967 4750 ἠγάπησε
2992 4679 3084 4732 τὸν
3107 4678 3338 4749 κόσμον,
3368 4679 3455 4731 ὅτι
3488 4676 3577 4729 τὸν
3601 4669 3709 4724 Υἱὸν

458 4787 565 4825 non
607 4781 812 4841 pereat,
874 4773 968 4828 sed
1028 4774 1227 4828 habeat
1284 4773 1448 4829 vitam
1501 4784 1787 4834 azternam.
1846 4798 1866 4832 ι
1935 4780 2042 4838 Do-

2144 4778 2304 4836 αὑτοῦ
2353 4776 2444 4830 τὸν
2493 4775 2760 4845 μονογενῆ
2793 4773 3046 4835 δέδωκεν,
3092 4773 3180 4825 ῖνα
3222 4771 3332 4834 πᾶς
3380 4772 3410 4824 ὁ
3455 4771 3710 4823 πιστεύων

456 4865 603 4920 mine
662 4864 804 4920 Deus
847 4865 962 4931 mi,
1030 4866 1085 4920 in
1145 4876 1412 4923 aeternum
1471 4869 1778 4927 conﬁtebor
1851 4874 1969 4930 tibi.
2013 4896 2031 4928 ι

2144 4875 2215 4937 είς
2263 4869 2426 4924 αὑτὸν
2479 4866 2554 4938 μὴ
2617 4866 2911 4936 ἀπόληται,
2971 4864 3086 4918 ἀλλ’
3134 4863 3237 4937 ἔχῃ
3281 4863 3433 4934 ζωὴν
3483 4863 3706 4964 αἰιώνιονῖ

452 4955 571 5010 Non
635 4955 782 5008 enim
831 4956 994 5010 modo
1029 4957 1082 5008 in
1131 4957 1232 5010 hac
1279 4957 1408 5021 \ila,
1452 4951 1639 5013 verum
1703 4961 1867 5015 etiam
1916 4973 2037 5032 post

2144 4983 2160 5015 ι
2197 4959 2367 5030 Κύριε
2392 4959 2420 5011 6
2451 4956 2582 5018 Θεὸς
2623 4971 2750 5026 μου,
2782 4957 2864 5018 εἰς
2895 4954 2990 5007 τὸν
3032 4953 3207 5007 αἰῶνα
3249 4941 3710 5054 ὲξομολογήσομαί

456 5045 914 5102 resurrectionem
989 5045 1222 5116 hymnos
1310 5048 1404 5102 tibi
1479 5064 1694 5120 semper
1770 5051 2036 5119 offeram,

2144 5074 2236 5110 σοι.
2284 5072 2304 5106 ι
2351 5051 2426 5106 Ού
2464 5048 2574 5122 γάρ
2607 5048 2769 5120 μόνον
2802 5047 2947 5102 κατά
2985 5047 3078 5103 τὸν
3117 5047 3366 5119 παρόντα
3409 5045 3548 5116 βίον,
3588 5039 3708 5096 ἀλλά

1570 5234 1808 5292 VARUE
1844 5235 2227 5293 LECTIONES
2267 5237 2354 5292 ΕΤ
2394 5235 2628 5294 NOTAE.

525 5379 1162 5459 "rem?“)EaEaGaivew.
1210 5383 1286 5459 ﬁ“
1311 5383 1714 5459 οριίηεζᾼθείου.
1789 5386 2042 5459 ’ξίἈλτῑὰ

2157 5385 2437 5459 ,βε-ϐόηκε.
2470 5381 2594 5459 pes.
2625 5383 2678 5435 in
2719 5380 2842 5435 eod.
2857 5381 2930 5459 β.
3009 5379 3055 5412 ⁸³
3091 5370 3703 5459 "apror.“cod..1.:2uac

452 5433 617 5505 (Iord.
881 5451 1133 5520 ὄργανον.
1209 5455 1256 5485 ⁸³
1278 5455 1400 5507 cod.
1443 5455 1478 5509 2
1509 5454 1720 5523 ἐλέησε.
1797 5453 1844 5485 ⁸⁵
1875 5453 1982 5532 Ιςτιὶ
2009 5472 2040 5507 o

458 5522 646 5560 qnnl‘nr
677 5523 806 5560 iam;
857 5524 956 5560 Hoc
1013 5523 1150 5560 nnnil
1176 5522 1317 5560 θοι-,1
1372 5525 1384 5560 Ι
1428 5541 1457 5560 n
1554 5525 1601 5556 ὃ.
1641 5527 1964 5560 ἰ”ιιιιιπιφιιὶν
2012 5541 2040 5560 ιι

2144 5433 2440 5520 τὲἷνὲἷιῖτὶὶηξ
2473 5433 2637 5505 Ῑιεῖιν.
2681 5459 2778 5512 cro
2819 5433 2934 5516 κει,
2974 5466 3064 5504 nec
3112 5433 3284 5503 εἷιέαι.
3327 5446 3374 5476 ³³
3399 5443 3507 5497 Kal
3532 5439 3703 5494 νῦν-

2168 5527 2188 5560 1
2229 5525 2365 5560 ἔτοτιυ
2438 5523 2485 5553 ⁸⁷
2529 5522 2717 5560 ’Πηιῖρ
2767 5523 2864 5560 mnl
2931 5522 2952 5560 4
2992 5535 3175 5560 nrrpm,
3231 5516 3347 5560 val-
3425 5514 3472 5548 8³
3501 5508 3596 5560 and
3679 5503 3694 5555 Ι

455 5516 823 5621 χαρὰνὲὲμοί.
857 5516 1150 5621 DeSL‘appd
1163 5522 1340 5621 Pard.
1372 5525 1408 5578 Ι.
1428 5541 1476 5578 c.
1507 5594 1520 5621 I
1554 5516 1982 5621 εἷ”ΙΞι-ιςιυτῶγ.
2012 5541 2041 5578 c

2168 5516 2191 5579 1
2229 5525 2365 5577 ἐτῶν
2438 5523 2485 5553 ⁸⁷
2529 5522 2735 5590 ’Πμᾶςκ
2767 5523 2886 5575 cod.
2931 5522 2953 5573 1
2992 5535 3178 5589 przem.
3231 5516 3347 5570 καί.
3425 5516 3472 5548 ³³
3501 5516 3596 5565 eod
3649 5516 3694 5584 _|

2144 5595 2274 5621 una.
2335 5595 2488 5621 At...“
2545 5593 2696 5621 nm“:
2761 5595 2778 5621 ι
2844 5594 2878 5621 σν
2978 5591 3020 5621 ιι
3099 5587 3266 5621 sanan
3335 5583 3696 5621 Dnrnarnnllll

454 5583 905 5659 τελευτήσαντας.
993 5583 1396 5661 ⁸⁸Ἐύουμίας.
1423 5594 1542 5649 eod.
1584 5595 1634 5656 1,
1676 5596 1710 5646 2
1737 5595 2032 5664 εὐφημίας.
2111 5595 2158 5627 ⁸⁸)
2193 5595 2294 5648 Οὐ.
2325 5595 2494 5648 Abest
2544 5609 2572 5645 a
2601 5583 2720 5646 cod.
2761 5595 2808 5655 ί,
2844 5594 2898 5644 2.
2978 5591 3020 5623 "
3089 5587 3287 5672 Σιγῆς·
3335 5583 3624 5650 Perlmrum
3649 5587 3697 5673 ‘3

456 5661 520 5698 ml
574 5656 721 5698 Firm
765 5663 1225 5698 ιυυοιισιίιιι-λνςενιρ
1273 5663 1709 5698 ιῒιιιιηι.1ιιιῖιηοηηι
1751 5649 2031 5698 ιηιῖιὶιηιωη
2059 5682 2086 5698 ο
2114 5665 2210 5698 “ml
2274 5666 2295 5698 ι
2329 5664 2432 5698 ηιθ
2466 5666 2574 5698 Ann
2631 5663 2967 5698 vnclilninnle
3063 5662 3110 5693 Μ
3148 5663 3382 5698 Mevrnz-
3415 5651 3538 5698 cmi.
3583 5647 3626 5698 Ῐ.
3671 5673 3697 5694 ιι

456 5661 542 5742 0d.
574 5651 1249 5747 liir'tnqlfgehatur66211;:
1273 5651 1710 5747 Eruendatiorem
1751 5651 2088 5747 lecti'ppenre
2113 5665 2234 5747 cod.
2266 5666 2297 5747 .1
2329 5664 2435 5718 et”).
2458 5666 2594 5747 ang.
2631 5663 2989 5747 restitutionis.
3063 5662 3110 5693 ”
3140 5658 3382 5714 Merrae.
3415 5651 3538 5709 cod.
3583 5651 3626 5711 Ι,
3667 5651 3699 5694 :5

463 5727 560 5798 μὲν
593 5727 679 5796 δή.
754 5730 798 5762 ³³
837 5727 1382 5802 Ἀποστρέιειὶιντος.
1416 5735 1533 5789 cod.
1569 5745 1794 5806 uterque
1824 5736 1972 5791 addit
2002 5737 2042 5789 εἰ

2144 5736 2361 5790 τούπίσω
2405 5734 2500 5788 καὶ
2547 5727 2965 5798 ἀναζεύξαντας.
