4004 6216
270 240 408 306 1125

1614 240 1695 301 IN
1730 242 1932 301 I’SAL.
1975 241 2217 303 XXXVI
2227 289 2240 302 .

3415 250 3548 318 1126

337 345 428 402 ια’.
472 366 492 400 ι
524 348 859 420 Παράτεινον
889 346 950 400 τὸ
978 346 1122 409 ἔλεός
1156 364 1250 402 σου
1274 352 1385 410 τοῖς
1407 348 1737 417 γινώσκουσί
1765 364 1854 402 σε’

2036 348 2205 405 Vsus.
2245 350 2329 404 ll.
2362 367 2381 401 ι
2410 347 2688 406 Protende
2710 350 3149 410 misericordiam
3178 366 3325 411 tuam
3356 355 3425 411 ad
3448 365 3549 412 eos

260 439 360 495 καὶ
405 438 502 509 τὴν
541 439 897 510 δικαιοσύνην
942 457 1037 493 σου
1073 442 1189 503 τοῖς
1230 440 1419 494 εὐθέσι
1464 444 1532 512 τῇ
1579 442 1796 513 καρδίᾳ.
1836 459 1857 493 ι

264 530 558 601 Τοιγάρτοι
587 529 852 601 διηνεκῶς
876 532 977 601 τῆς
1015 530 1227 601 ἡμέρου
1258 548 1352 585 σου
1384 531 1479 586 καί⁵
1515 531 1734 596 δικαίας
1765 548 1864 603 με·

260 624 419 687 τάδος
452 624 810 695 κηδεμονίας,
835 625 938 695 τῆς
950 625 996 657 ³⁸
1021 624 1356 695 θεογνωσίας
1384 625 1731 697 ἠξιωμένοις,
1768 626 1863 679 καί

260 719 448 789 ἀγαθά
504 719 773 790 πράττειν
834 720 1318 793 προαιρουμένοις.
1371 720 1697 793 Ἀμφότερα
1750 724 1863 794 γὰρ

158 858 168 866 .
260 814 390 883 περὶ
425 810 537 865 τῶν
571 812 756 865 αὐτῶν
781 813 997 885 εἴρηκε,
1033 814 1176 868 κατὰ
1198 814 1318 867 ea“
1346 815 1549 868 οἰκεῖον
1574 813 1770 885 ίδίωμα
1792 818 1861 887 τῇ

261 904 528 975 διαιρέσει
555 905 930 977 χρησάμενος.
973 907 1048 960 Οὐ
1087 907 1199 980 γὰρ
1234 908 1433 971 ἄλλους
1455 907 1604 977 λέγει
1627 908 1756 971 τοὺς
1785 910 1864 962 εί-

184 1016 199 1040 ;
260 996 419 1060 δότας
465 996 651 1062 αὐτὸν,
697 996 894 1061 ἄλλους
938 998 996 1052 δὲ
1020 999 1148 1063 τοὺς
1186 999 1452 1070 εὐθεῖςτῇ
1482 999 1698 1072 καρδίᾳ,
1738 999 1863 1054 οὐδὲ

263 1091 377 1153 τοῖς
424 1091 524 1160 μὲν
579 1089 673 1142 τὸν
733 1090 906 1154 ἔλεον,
965 1093 1080 1155 τοῖς
1114 1091 1174 1146 δὲ
1226 1091 1326 1163 τὴν
1381 1092 1728 1164 δικαιοσύνην
1770 1093 1860 1158 ἐξ·

260 1182 554 1253 ᾐτησεν⁸⁸⁶
584 1182 722 1235 ἀλλὰ
765 1184 867 1253 τὴν
887 1183 1102 1236 τελείαν
1144 1182 1345 1255 ἀρετὴν
1369 1186 1427 1236 ὲν
1472 1183 1697 1255 ἀληθέσι
1734 1184 1859 1253 δόγ-

267 1295 401 1349 μασι
475 1277 573 1330 καὶ
637 1276 963 1348 πράγμασιν
984 1276 1030 1307 ²⁶
1068 1274 1297 1344 ἀγαθοῖς
1344 1276 1692 1347 ὁρισάμενος,
1744 1281 1859 1342 τοῖς

263 1368 471 1439 ταύτην
516 1370 877 1441 κεκτημένοις
918 1368 1013 1423 τὸν
1055 1368 1206 1423 ἔλεον
1247 1370 1343 1424 καὶ
1378 1369 1475 1441 τὴν
1514 1370 1860 1443 δικαιοσύνην

263 1461 613 1532 ἐπήγγειλεν.

336 1553 426 1624 ιβ’,
460 1560 550 1622 ιγ’.
599 1573 617 1605 ι
648 1553 741 1624 Μὴ
779 1553 981 1609 ἐλθέτω
1009 1571 1104 1625 μοι
1144 1554 1280 1618 ποῦς
1318 1554 1720 1626 ὑπερηφανίας,
1766 1555 1860 1608 καὶ

264 1647 388 1718 χεὶρ
420 1644 750 1717 ἁμαρτωλοῦ
784 1647 860 1717 μὴ
885 1646 1186 1720 σαλεύσῃ⁸⁷
1211 1663 1300 1717 με.
1337 1646 1487 1699 Ἐκεῖ
1509 1645 1704 1699 ἔπεσον
1724 1647 1860 1701 πάν·
1889 1698 1931 1751 Β

262 1756 356 1801 τες
374 1739 420 1771 ³⁸
457 1739 507 1791 οί
537 1736 900 1809 ἐργαζόμενοι
943 1737 1042 1809 τὴν
1079 1737 1346 1809 ἀνομίανο
1389 1736 1726 1805 ἐξώσθησαν,
1763 1738 1858 1792 καὶ

262 1834 325 1885 οὐ
367 1832 443 1903 μὴ
479 1830 745 1884 δύνωνται
784 1830 998 1900 στῆναι.
1031 1849 1050 1882 ι
1105 1830 1179 1883 Τὸ
1217 1848 1236 1881 ι
1260 1830 1413 1883 Ἐκεῖ
1434 1828 1630 1883 ἔπεσον
1657 1830 1858 1894 πάντες

262 1926 315 1977 oi
358 1923 717 1995 ἐργαζόμενοι
757 1922 855 1993 τὴν
898 1923 1128 1994 ἀνομίαν
1148 1924 1216 1987 ³³³,
1249 1940 1268 1976 ι
1295 1924 1323 1976 ὁ
1349 1924 1645 1993 Σύμμαχος
1685 1921 1858 1987 οὕτως

262 2016 613 2088 ἡρμήνευσεν
632 2032 646 2045 ·
678 2015 873 2069 ’Ὅπου
904 2015 1239 2071 πίπτουσιν
1259 2019 1313 2069 οἱ
1338 2014 1714 2086 ἐργαζόμενοι
1742 2015 1859 2083 τὴν

262 2108 542 2179 ἀνομίαν,
591 2107 884 2162 ὠθοῦνται
930 2109 1030 2161 καί
1074 2109 1148 2161 οὐ
1196 2106 1569 2177 δυνήσονται
1612 2107 1852 2176 στῆναι.

263 2201 415 2252 Δίτεῖ
433 2200 491 2252 δὲ
519 2201 547 2252 ὁ
572 2200 861 2271 προφήτης
881 2198 982 2268 τῆς
1005 2198 1221 2268 φύσεως
1241 2200 1311 2253 τά
1340 2200 1515 2269 μέτρα
1543 2200 1852 2270 φυλάττειν,

264 2294 360 2345 καὶ
386 2293 486 2362 τῆς
532 2291 748 2355 εὐθείας
776 2291 897 2345 ὁδοῦ
937 2292 1012 2361 μὴ
1055 2291 1490 2363 παρατραπῆναι
1508 2292 1553 2323 ⁸⁸
1594 2294 1716 2355 ταῖς
1746 2290 1855 2344 τῶν

263 2383 603 2454 παρανόμων
624 2382 942 2447 ὲπιὸουλαῖς
963 2399 979 2414 ·
1014 2382 1112 2437 ἅτε
1147 2383 1214 2454 δὴ
1245 2381 1531 2452 γινώσκων
1565 2384 1664 2454 τῆς
1698 2385 1854 2438 ἐναν-

262 2476 386 2539 τίας
413 2474 535 2528 ὁδοῦ
563 2474 625 2529 τὺ
665 2475 838 2538 τέλος.
862 2475 926 2529 Ol
948 2473 1057 2546 γάρ
1081 2476 1161 2538 είς
1196 2476 1397 2540 ἐκεῖνο,
1432 2476 1588 2545 φησί,
1616 2475 1857 2529 καταπί-

265 2566 514 2632 πτοντες,
537 2567 841 2637 ἀναστῆναι
871 2564 1059 2619 λοιπὸν
1091 2565 1184 2619 καὶ
1223 2566 1304 2628 είς
1337 2564 1436 2636 τὴν
1474 2565 1672 2636 ἑτέραν
1724 2566 1856 2637 δρα-

267 2661 389 2731 μεῖν
423 2659 483 2712 οὐ
531 2659 876 2728 δυνήσονται.
917 2659 1142 2722 Τούτοις
1184 2656 1330 2711 ἔοικε
1376 2656 1447 2711 τὰ
1488 2657 1760 2728 εἰρημένα
1798 2659 1858 2711 ἐν

261 2749 344 2821 τῷ
370 2749 516 2820 ἕκτῳ
553 2747 789 2820 ψαλμῷσ
837 2767 856 2800 ι
883 2748 1009 2803 Ὀτι
1048 2749 1150 2803 οὐκ
1194 2748 1342 2802 ἔστιν
1374 2750 1434 2804 ὲν
1465 2748 1547 2820 τῷ
1588 2748 1804 2820 θανάτῳ
1828 2750 1857 2802 ὁ

267 2842 625 2914 μνημονεύων
663 2858 761 2896 σου
785 2858 799 2872 °
850 2843 910 2897 ὲν
946 2842 1006 2895 δὲ
1041 2840 1120 2912 τῷ
1155 2841 1257 2914 ᾄδῃ
1285 2842 1370 2907 τίς
1400 2842 1857 2915 ἐξομολογήσεται

267 2952 467 3002 σοι;ι

578 3070 845 3128 EPMHN.
887 3073 1026 3127 Tur
1059 3074 1179 3143 AC,"
1216 3074 1539 3130 ΨΑΛΜοΥ.

339 3193 411 3241 α’.
459 3204 478 3238 ι
504 3184 738 3258 Ψαλμδς
770 3186 848 3258 τῷ
886 3187 1073 3243 Δαϐίδ.
1114 3188 1208 3260 Μὴ
1251 3187 1571 3261 παραζήλου
1601 3189 1661 3243 ἐν
1694 3205 1863 3261 πονη-

271 3278 624 3352 ριυομένοιςο
675 3280 813 3352 μηδὲ
865 3278 1033 3352 ζήλου
1087 3283 1215 3347 τοὺς
1257 3283 1551 3347 ποιοῦντας
1593 3284 1692 3355 τὴν
1732 3284 1862 3339 dvo,

270 3377 428 3448 μίαν.
450 3394 470 3427 ι
496 3377 574 3448 Τῇ
591 3375 636 3408 ⁸³
660 3377 828 3448 πείρᾳ
851 3374 1038 3447 μαθὼν
1058 3378 1087 3431 ὁ
1106 3376 1251 3441 θεῖος
1269 3376 1453 3441 Δαϐὶδ,
1474 3377 1616 3432 ὅσων
1636 3376 1862 3448 ἀγαθῶν

269 3468 533 3539 πρόξενος
572 3470 606 3538 ὴ
650 3469 915 3540 πραότης,
945 3470 1043 3523 καὶ
1086 3470 1172 3524 ὅτι
1206 3469 1317 3523 τῶν
1349 3469 1534 3541 ἀδικίᾳ
1573 3469 1860 3534 συζώντων

268 3562 370 3615 καὶ
405 3561 695 3633 ἀλαζονεία
720 3561 1041 3633 χρωμένων,
1078 3563 1140 3615 τὺ
1184 3560 1343 3625 τέλος
1386 3562 1610 3633 ἀνιαρὸν
1650 3563 1748 3617 καὶ
1782 3562 1861 3633 τῷ

270 3653 376 3723 βίῳ
404 3651 738 3723 κατάλληλον
760 3668 774 3683 ⁸
823 3654 1231 3725 ὲμεμαθήκει⁸²
1264 3652 1322 3706 δὲ
1351 3651 1526 3706 ταῦτα
1559 3652 1624 3706 Ξκ
1663 3670 1723 3706 τε
1755 3653 1861 3708 τῶν

268 3746 415 3799 κατὰ
440 3746 533 3798 τὸν
561 3745 733 3800 Σαοὺλ
757 3747 855 3799 καὶ
886 3747 977 3800 τὸν
1002 3745 1381 3815 ’Δὸεσσαλὼμ,
1405 3745 1637 3799 καὶτῶν
1660 3745 1859 3813 ἄλλων,

268 3838 387 3891 ὅσοι
414 3836 622 3891 τούτων
645 3838 942 3908 δεδράκασι
969 3838 1331 3909 παραπλήσια
1349 3852 1363 3866 ·
1406 3838 1731 3908 παραίνεσιν
1757 3839 1863 3890 είσ-

270 3934 431 4001 φέρει
463 3931 632 3983 πᾶσιν
658 3930 969 4002 ἀνθρώποις
990 3947 1004 3961 ·
1045 3930 1233 4000 φέρειν
1264 3929 1361 3999 μὲν
1395 3928 1636 3992 καλῶς’³
1673 3947 1859 4001 παρα-

268 4022 455 4077 καλῶν
478 4022 546 4075 τὰ
570 4023 985 4094 προσπίπτοντα
1006 4021 1247 4093 λυπηρὰ,
1272 4021 1371 4085 τὰς
1397 4021 1454 4075 δὲ
1476 4022 1583 4075 τῶν
1608 4022 1862 4094 πονηρῶν

267 4114 577 4185 ἀνθρώπων
601 4115 902 4187 εὐημερίας
922 4115 1016 4168 καὶ
1063 4115 1361 4186 εὐπραξίας
1377 4115 1423 4146 ⁸⁵
1452 4114 1526 4185 μὴ
1583 4115 1861 4185 μακαρίας

269 4206 542 4277 νομίζειν,
575 4205 767 4269 ἀθλίας
791 4206 846 4259 δὲ
879 4207 1079 4275 μᾶλλον
1102 4205 1398 4260 ἀποκαλεῖν
1413 4206 1456 4238 ’θ’
1477 4225 1491 4241 ο
1522 4202 1584 4262 οὐ
1602 4208 1649 4239 ⁸⁸
1677 4207 1741 4280 δὴ
1766 4210 1863 4278 χά-

272 4314 361 4368 ριν
403 4297 561 4360 εὐθύς
583 4297 626 4329 ⁸⁷
680 4298 987 4369 ἀρξάμενος
1038 4297 1135 4350 τοῦ
1182 4298 1423 4369 ψαλμοῦ,
1482 4300 1665 4368 φησί’
1722 4318 1740 4351 ι
1769 4301 1860 4369 Μὴ

271 4382 595 4458 πα⁶ραζὴλου
658 4389 716 4441 ὲν
777 4390 1236 4460 πονηρευομένοις
1260 4429 1275 4454 ,
1330 4389 1467 4460 μηδὲ
1510 4391 1675 4462 ζήλου
1730 4391 1856 4454 τοὺς

1874 3049 1923 3112 ο

1964 438 2061 509 qui
2088 448 2296 497 norunt
2329 449 2403 507 te,
2437 450 2490 497 et
2529 441 2803 511 justitiam
2833 452 2984 500 tuam
3018 447 3085 501 ad
3126 445 3252 512 illos
3275 448 3371 518 qui
3397 458 3551 504 recto

1965 541 2094 587 sunt
2120 532 2311 588 corde.
2352 551 2371 585 ι
2429 530 2657 603 Largire
2692 535 2879 604 itaque
2908 537 3174 591 continue
3205 552 3356 606 tuam
3389 553 3551 592 man-

1965 633 2178 679 suetam
2253 634 2308 680 et
2351 625 2559 695 justam
2614 626 3020 695 providentiam
3076 629 3162 683 bis
3218 631 3315 701 qui
3362 628 3549 683 divina

1963 715 2279 786 cognitione
2308 717 2497 775 donati
2538 727 2707 781 sunt,
2759 725 2817 773 et
2866 717 2953 773 his
3004 734 3100 789 qui
3150 734 3303 776 recte
3350 719 3550 788 agendi

1963 807 2108 862 viam
2144 808 2452 880 elegerunt.
2506 812 2806 880 Utrumque
2839 814 2988 868 enim
3024 812 3094 866 de
3142 812 3338 867 iisdem
3368 810 3546 876 dixit,

1964 900 2273 957 secundum
2295 902 2499 973 linguae
2527 905 2918 975 proprietatem
2943 904 3215 961 divisione
3246 918 3404 958 usus.
3429 901 3549 956 Non

1963 995 2113 1049 enim
2149 994 2288 1050 alios
2322 996 2458 1051 dicit
2487 997 2726 1053 scientes
2771 999 2954 1068 ipsum
2976 1041 2992 1065 ,
3048 996 3188 1052 alios
3223 994 3388 1065 833
3423 1009 3553 1048 vero

1964 1098 2147 1143 rectos
2198 1087 2411 1144 corde:
2450 1104 2632 1160 neque
2669 1105 2768 1159 pro
2812 1091 2900 1147 his
2950 1089 3174 1161 quidem
3229 1088 3552 1144 misericor-

1961 1182 2136 1247 diam,
2169 1197 2270 1252 pro
2297 1182 2407 1238 illis
2432 1198 2566 1238 vero
2587 1182 2863 1253 juStitiam
2892 1182 3046 1253 petiit
3072 1197 3088 1235 :
3122 1180 3219 1236 sed
3249 1178 3553 1250 perfectam

1961 1275 2224 1330 virtutem
2258 1275 2408 1330 veris
2442 1274 2793 1345 dogmatibus
2821 1284 2875 1330 et
2903 1272 3071 1329 rectis
3108 1271 3422 1327 actionibus
3453 1268 3552 1325 de-

1962 1367 2182 1433 finiens,
2221 1367 2306 1421 bis
2337 1368 2430 1437 qui
2467 1367 2609 1423 hanc
2641 1368 2964 1438 possident,
3024 1362 3462 1420 misericordiam
3496 1368 3555 1418 et

1957 1460 2229 1530 justitiam
2266 1460 2539 1530 promisit.

2041 1552 2207 1608 Vsus.
2244 1552 2336 1620 l2,
2373 1552 2463 1607 15.
2498 1571 2518 1604 ι
2555 1550 2673 1606 Non
2719 1551 2903 1607 veniat
2945 1550 3084 1607 mihi
3114 1565 3210 1620 pes
3237 1547 3510 1619 superbiae
3534 1586 3552 1612 ,

1962 1651 2017 1698 et
2036 1659 2234 1699 manus
2261 1644 2575 1714 peccatoris
2603 1658 2714 1697 non
2738 1651 2961 1698 moveat
2987 1657 3098 1696 me.
3122 1641 3199 1697 lbi
3233 1640 3554 1697 ceciderunt

1963 1751 2160 1792 omnes
2211 1736 2308 1805 qui
2346 1745 2652 1806 operantur
2704 1735 3053 1805 iniquitatem
3089 1752 3103 1787 :
3136 1733 3349 1805 expulsi
3397 1739 3551 1797 sunt,

1961 1845 2064 1884 nec
2095 1838 2357 1899 poterunt
2384 1838 2555 1884 stare.
2586 1846 2606 1880 ι
2642 1825 2824 1882 Verba
2856 1828 2960 1881 ista
2993 1842 3007 1880 :
3049 1845 3069 1878 ι
3106 1824 3183 1881 lbi
3210 1826 3551 1889 ceciderunt,

1960 1919 2053 1990 qui
2086 1926 2392 1990 operantur
2420 1917 2792 1988 iniquitatem,
2826 1935 2846 1969 ι
2877 1916 3248 1988 Symmachus
3272 1915 3355 1970 sic
3382 1915 3550 1968 inter-

1959 2024 2209 2087 pretatus
2256 2023 2386 2069 est:
2441 2011 2543 2067 Ubi
2596 2013 2798 2067 cadunt
2845 2023 3125 2082 operante:
3179 2012 3551 2081 iniquitatem,

1959 2108 2332 2177 impelluntur,
2387 2116 2438 2162 et
2487 2122 2593 2161 non
2641 2115 2894 2177 potertqtt
2950 2116 3118 2159 stare.
3180 2102 3325 2159 Petit
3368 2112 3552 2157 autem

1958 2201 2254 2273 PrOpbeta,
2284 2210 2345 2257 ut
2373 2201 2550 2272 possit
2578 2210 2792 2255 natura
2824 2214 3144 2254 mensuram
3184 2211 3427 2263 servare,
3460 2210 3552 2252 ne-

1960 2314 2067 2369 que
2094 2314 2121 2351 a
2152 2298 2241 2353 via
2288 2307 2437 2353 recta
2487 2312 2585 2367 per
2633 2296 3034 2351 sceleratorum
3091 2293 3328 2349 insidias
3367 2292 3550 2348 diver-

1958 2399 2128 2454 tatur,
2164 2400 2222 2445 ut
2256 2390 2351 2460 qui
2400 2388 2665 2445 contrarii
2702 2387 2919 2442 itineris
2969 2386 3135 2441 ﬁnem
3171 2393 3550 2456 cognosceret.

1962 2479 2066 2543 Qui
2117 2478 2290 2542 enim,
2346 2478 2448 2544 ait,
2489 2478 2547 2531 in
2584 2476 2742 2531 illum
2794 2476 3066 2542 incidunt,
3126 2489 3235 2529 non
3295 2483 3549 2545 poterunt

1958 2572 2216 2642 deinceps
2253 2584 2559 2642 resurgere,
2600 2579 2653 2624 et
2690 2568 2747 2623 in
2783 2568 2949 2623 aliam
2983 2567 3129 2623 viam
3164 2582 3407 2623 currere.
3445 2566 3546 2622 His

1957 2671 2141 2717 autem
2192 2675 2440 2717 consona
2488 2669 2638 2728 sunt,
2686 2675 2810 2731 quat
2845 2660 2992 2717 dicta
3034 2659 3258 2715 fuerunt
3304 2661 3361 2715 in
3395 2667 3558 2715 sexto

1958 2756 2172 2827 psalmo
2204 2772 2219 2809 :
2263 2773 2281 2807 ι
2320 2752 2593 2821 Quoniam
2647 2767 2765 2808 non
2805 2762 2894 2809 est
2932 2753 2991 2808 in
3039 2761 3240 2819 morte,
3297 2752 3392 2821 qui
3432 2764 3552 2808 me-

1959 2864 2082 2905 mor
2126 2849 2202 2904 sit
2254 2848 2372 2915 tui,
2412 2847 2470 2902 in
2509 2845 2730 2902 inferno
2777 2856 2965 2902 autem
3015 2845 3142 2918 quis
3196 2844 3546 2901 conﬁtebitur

1959 2939 2056 2995 tibi
2078 2939 2147 2994 ti?
2180 2957 2200 2992 ι

2311 3077 2332 3099 ⁶
2372 3072 2650 3130 lNTERP.
2690 3072 2945 3129 PSALm
2984 3071 3231 3130 XXXVI.

2031 3191 2200 3247 Vsus.
2234 3190 2288 3246 1.
2326 3207 2346 3242 ι
2388 3187 2644 3243 Psalmus
2697 3187 2908 3245 Davidi.
2958 3186 3085 3245 Noli
3130 3189 3377 3245 aemulari
3419 3204 3547 3260 ergo

1961 3285 2258 3356 malignos,
2318 3297 2502 3351 neque
2557 3281 2676 3336 zelo
2719 3282 3049 3339 exardescas
3097 3297 3229 3353 erga
3281 3282 3551 3339 facientes

1961 3378 2332 3449 iniquitatem.
2373 3393 2396 3427 ι
2455 3372 2808 3442 Experientia
2856 3373 3057 3430 doctus
3085 3375 3308 3430 divinus
3351 3373 3547 3440 David,

1961 3485 2126 3541 quam
2161 3468 2460 3524 multorum
2495 3466 2769 3521 bonorum
2808 3467 3154 3523 conciliatrix
3184 3469 3258 3523 sit
3291 3483 3549 3524 mansue-

1962 3562 2113 3627 tudo,
2146 3569 2201 3615 et
2231 3559 2376 3629 quod
2407 3572 2626 3624 eorum,
2664 3558 2759 3628 qui
2803 3558 3008 3628 injuste
3035 3560 3233 3614 vivunt
3259 3560 3548 3630 superbia-

1960 3668 2068 3724 que
2092 3660 2344 3714 utuntur,
2378 3648 2504 3705 ﬁnis
2524 3649 2597 3704 sit
2628 3650 2807 3706 tristis
2831 3661 2885 3705 et
2912 3650 3037 3705 vitae
3070 3666 3384 3721 congruens
3412 3653 3551 3722 (hac

1961 3754 2144 3801 autem
2192 3759 2260 3799 ex
2298 3743 2367 3799 iis
2399 3743 2704 3808 didicerat,
2757 3758 2879 3813 quae
2927 3743 3077 3799 circa
3115 3743 3284 3816 834
3328 3744 3546 3800 Saulem

1961 3849 2016 3896 ct
2062 3839 2425 3895 Absalomum
2479 3838 2821 3901 acciderant,
2871 3847 2926 3893 et
2962 3856 3029 3894 ex
3077 3839 3203 3895 aliis
3234 3840 3553 3912 quicunque

1963 3932 2167 3988 similia
2212 3930 2516 4001 fecerunt),
2571 3932 3003 3987 admonitionem
3037 3932 3248 4002 profert
3293 3935 3550 3991 omnibus

1965 4024 2306 4089 hominibus,
2342 4023 2841 4079 commonefaciens
2875 4033 2936 4078 ut
2964 4040 3124 4095 aequo
3155 4026 3353 4081 animo
3375 4026 3553 4084 ferant

1962 4132 2053 4171 res
2086 4117 2373 4182 molestas,
2403 4133 2525 4186 qua:
2549 4117 2807 4172 accidere
2836 4117 3018 4172 solent
3051 4137 3064 4172 :
3098 4118 3389 4175 felicitates
3422 4136 3556 4176 vero

1964 4209 2237 4263 malorum
2279 4210 2563 4265 hominum
2631 4222 2685 4264 et
2746 4211 3143 4279 prosperitates
3197 4228 3555 4282 nequaquam

1964 4300 2157 4356 beatas
2190 4302 2528 4364 existiment,
2565 4301 2677 4355 imo
2726 4301 2959 4354 miseras
2989 4302 3174 4370 potius
3210 4310 3544 4370 nuncupent.

1965 4390 2234 4457 Quocirca
2285 4394 2556 4461 psalmum
2597 4391 2895 4447 exordiens
2940 4394 3124 4447 statim
3182 4393 3258 4447 ait
3298 4415 3310 4448 ;
3362 4411 3381 4443 ι
3426 4391 3550 4446 Νι)ιί

272 4476 565 4543 ποιοῦντας
585 4478 683 4551 τὴν
705 4479 960 4548 ἀνομίαν.
991 4499 1011 4532 ι
1042 4481 1115 4533 Τὸ
1142 4481 1200 4533 δὲ
1226 4481 1313 4550 μὴ
1340 4481 1686 4549 “apamon
1708 4483 1736 4534 ὁ
1763 4481 1859 4551 μὲν

1965 4483 2215 4539 aemulari
2244 4500 2377 4553 erga
2403 4485 2888 4555 malignosmeque
2915 4485 3034 4539 zelo
3068 4484 3395 4541 exardescas
3421 4501 3550 4554 ergo

271 4570 595 4641 Σύμμαχος,
614 4571 699 4640 μὴ
728 4572 1057 4640 φιλονείκει
1081 4612 1096 4637 ,
1128 4575 1155 4626 ὁ
1173 4572 1233 4625 δὲ
1263 4572 1575 4638 Θεοδοτίων,
1603 4570 1688 4642 μὴ
1711 4587 1859 4639 παρ-

270 4662 532 4732 ερεθίζου
571 4664 946 4736 ἡρμήνευσεν·
988 4665 1110 4718 ἀντὶ
1142 4664 1264 4730 τοῦ,
1307 4665 1399 4736 Μὴ
1431 4665 1735 4735 παροξύνου
1780 4665 1859 4726 εἰς

273 4754 510 4825 μίμησιν
559 4754 670 4808 τῶν
708 4754 1027 4827 παρανομίᾳ
1073 4754 1383 4820 συζώντων,
1423 4754 1521 4827 τὴν
1559 4769 1859 4827 προσγενο-

266 5005 284 5053 1.
328 4964 353 5002 ‘1
377 4960 523 5018 Psal.
555 4976 644 5028 vr,
686 4961 742 5017 6.

1966 4575 2232 4632 facientes
2265 4577 2635 4647 iniquitatem.
2678 4597 2696 4629 ι
2737 4577 2853 4633 Hoc
2879 4587 3085 4645 autem,
3127 4578 3240 4633 noli
3280 4579 3551 4643 wmulari,

1968 4665 2355 4738 Symmachus,
2384 4684 2447 4723 ne
2472 4669 2784 4735 contendas,
2823 4667 3133 4724 Theodotio
3158 4683 3308 4733 vero,
3336 4685 3399 4723 ne
3425 4670 3541 4723 irri-

1970 4758 2118 4821 terit,
2163 4758 2558 4829 interpretatus
2584 4767 2691 4824 est,
2732 4758 2838 4814 hoc
2884 4766 3011 4822 est,
3043 4755 3167 4812 Noli
3208 4757 3430 4813 incitari
3481 4757 3553 4811 ad

1387 5165 1627 5222 VARUE
1659 5166 2050 5225 LECTIONES
2074 5168 2161 5223 ET
2191 5166 2430 5224 NO'L‘E.

351 5278 398 5355 ξ
432 5246 579 5355 Ἰξῆςί
633 5278 758 5335 cod.
789 5279 816 5332 1
846 5282 978 5355 τοῖς.
1013 5280 1155 5355 Δ(ιοίί.
1276 5282 1388 5345 τοῖς
1442 5280 1564 5355 τῇς.
1644 5282 1691 5355 _“
1722 5285 1859 5355 ΫΚατ

1965 5283 2024 5336 πό.
2077 5283 2197 5339 cod.
2245 5283 2268 5335 1
2313 5285 2457 5355 κατ’.
2496 5282 2581 5355 -³⁸
2610 5281 3112 5355 Ἑίξῄτηοίενιοσᾱ.
3162 5282 3199 5339 2
3263 5280 3548 5355 ἐζήτησεν.

274 5351 320 5382 ³⁸
345 5348 887 5422 Πράγμαοίι-νηοοιί.
928 5353 979 5417 1,
1008 5350 1051 5422 2_
1095 5351 1380 5422 πράξεσιν.
1475 5352 1519 5383 ³⁷
1551 5353 1676 5407 coll.
1711 5354 1746 5406 2
1780 5354 1859 5405 σα]

1965 5370 2061 5411 ται,
2102 5369 2223 5421 quae
2268 5365 2354 5407 est
2385 5353 2548 5407 lectio
2580 5354 2702 5409 cod.

2781 5353 2913 5409 atic.
2956 5352 3165 5409 Codex.
3199 5352 3358 5408 Alex.
3386 5356 3551 5412 habet

270 5420 599 5494 aa).sticst.__
630 5419 677 5450 ³⁸
706 5418 956 5494 ῌάξτες.
991 5418 1160 5494 ιξῢθεί
1188 5438 1217 5475 a
1243 5422 1469 5494 _c0t_l.~l,
1501 5422 1556 5486 2,
1587 5437 1685 5476 nec
1735 5424 1789 5475 in
1853 5434 1859 5473 l

1972 5440 2003 5475 u
2060 5418 2226 5494 Hebr.
2274 5425 2452 5477 locum
2509 5424 2694 5478 habet.
2775 5425 2819 5457 ³⁹
2852 5420 2979 5491 Τὴν
3011 5425 3288 5494 ἀνομίαν.
3316 5425 3488 5480 Abest
3523 5446 3554 5480 ει

270 5494 394 5544 t‘ml.
425 5492 474 5542 l.

558 5488 609 5561 Ἀθ,
627 5490 749 5561 cod.
864 5489 1161 5561 τραπῆναι.
1238 5491 1281 5523 ⁴¹
1317 5489 1399 5559 Τῇ
1453 5488 1851 5561 παραπλησίᾳ

1965 5509 2033 5547 es.
2085 5492 2226 5560 apud
2273 5494 2439 5549 Cord.

270 5578 324 5630 p.
357 5560 484 5631 679A.
567 5558 615 5589 "’
642 5559 827 5631 cod.2
852 5558 1185 5631 μεμαθήκει.
1260 5561 1306 5593 ’⁸³
1342 5558 1575 5629 Κανίώζ.
1614 5564 1833 5631 Abesra

1974 5558 2162 5627 ,1,2.

2499 5509 2552 5563 p.
2590 5494 2719 5549 666.
2757 5495 2872 5550 Alia
2912 5494 3114 5550 Nostro
3159 5495 3348 5549 tribuit
3408 5495 3548 5549 idem

2241 5566 2289 5635 f‘
2318 5563 2443 5618 cod.
2469 5565 2491 5617 1
2522 5565 2850 5635 εὐπραγίας.
2945 5565 2989 5597 ⁸⁵
3015 5564 3387 5619 Ἀποκιιλεῖν.
3427 5568 3546 5621 cod.

271 5628 293 5685 1
326 5628 600 5705 νομίζειν,
640 5630 879 5698 ascripta
903 5628 1084 5684 tamen
1108 5631 1340 5688 lectione
1368 5628 1556 5688 altera.
1648 5632 1696 5664 ⁸⁵
1731 5629 1812 5687 Οὖ
1845 5663 1859 5671 -

1965 5634 2212 5702 ῐγομίίιν.
2245 5633 2369 5690 Des.
2408 5636 2551 5705 apud
2596 5628 2760 5693 Cora.
2812 5628 2889 5670 6"
2923 5635 3106 5705 Χάριν
3134 5636 3336 5702 εὐθύς.
3366 5635 3485 5692 cod.
3515 5635 3553 5690 2

274 5701 502 5772 μᾶλλον.
1070 5728 1075 5731 λ
