4004 6216
484 235 616 304 11.7

1479 246 1975 312 THEODORETI
2001 251 2342 314 EPISCOPI
2373 252 2748 315 CYRENSIS

3611 250 3738 316 1148

475 357 704 413 machus
742 356 823 414 sic
887 357 1276 431 interpretatus
1313 369 1435 417 est:
1477 362 1809 430 Calefaclum
1842 374 1918 418 est
1965 382 2043 418 σοι

2161 365 2456 436 Σύμμαχος
2499 365 2676 430 οῦτως
2720 365 3068 440 ἡρμήνευσεν
3103 365 3173 397 η·
3233 365 3667 436 Ἐξεοερμὰνθη
3702 370 3738 432 ἡ

474 466 648 504 meum
678 451 820 505 intra
857 468 956 516 me,
993 464 1041 506 et
1082 453 1207 506 dum
1240 454 1420 507 animo
1479 456 1852 523 expenderent,
1909 474 2058 512 com-

473 544 702 599 burebar
740 546 876 617 igne.
909 547 1194 602 Revocans
1227 547 1279 602 in
1313 549 1661 614 memoriam,
1702 548 1904 620 inquit,
1931 565 2058 620 pec-

473 647 888 709 eatum‘meum,
920 641 1178 696 maeroris
1215 640 1339 711 igne
1365 641 1651 696 ardebam.

543 813 710 872 Vens.
737 816 792 870 5.
826 835 845 868 ι
893 815 1137 872 Locutus
1167 832 1287 871 sum
1323 818 1506 888 lingua
1545 835 1688 890 mea,
1725 822 1929 877 Notum
1971 821 2058 877 fac

474 911 630 974 mihi,
673 910 923 977 Domine,
966 913 1123 966 linem
1169 922 1472 967 meumzet
1513 929 1803 970 numerum
1843 916 2054 971 dierum

409 1005 413 1010 ’
472 1019 757 1072 meorum,
809 1005 935 1078 quis
987 1005 1096 1070 sit;
1139 1013 1197 1060 ut
1245 1007 1414 1062 sciant
1462 1008 1591 1078 quid
1634 1009 1776 1064 desit
1829 1011 1983 1066 mihi.
2029 1030 2048 1064 ι

471 1095 842 1150 Coitviciatori
883 1096 1048 1163 igitur
1089 1095 1222 1149 nihil
1271 1099 1561 1168 respondi,
1597 1099 1833 1156 Domino
1871 1111 2052 1157 autem

473 1189 855 1244 universorum
920 1189 1243 1260 supplicavi,
1323 1200 1383 1246 ut
1436 1200 1627 1247 notum
1699 1193 1830 1250 mihi
1891 1196 2053 1252 finem

474 1295 652 1334 meum
682 1280 870 1346 faciat,
913 1280 1072 1335 valde
1104 1290 1339 1336 mortem
1375 1282 1714 1340 desiderans.

543 1371 706 1429 Vens.
737 1373 792 1429 6.
836 1393 853 1425 ι
882 1375 1022 1429 Ecce
1045 1375 1442 1431 mensurabiles
1471 1377 1704 1446 posuisti
1735 1376 1853 1434 dies
1875 1393 2049 1446 meos,

389 1447 402 1457 ’
468 1474 522 1521 et
557 1466 862 1520 substantia
904 1481 1026 1521 mea
1068 1476 1331 1537 tanquam
1388 1468 1622 1523 nihilum
1679 1485 1866 1525 coram
1925 1481 1995 1528 te.
2028 1489 2048 1523 ι

464 1556 631 1628 852
667 1557 779 1612 lloc
805 1574 999 1614 rursus
1024 1558 1395 1630 Symmachus
1440 1560 1522 1616 sic
1559 1563 1877 1632 expressit:
1921 1561 2053 1618 Ecce

465 1649 659 1702 dedisti
693 1649 825 1702 mihi
855 1649 988 1714 dies,
1019 1660 1077 1703 ut
1138 1650 1368 1720 palmas,
1399 1659 1447 1705 et
1475 1653 1583 1706 vita
1640 1668 1754 1707 mea
1803 1663 1861 1707 ut
1919 1654 2052 1708 nihil

2161 458 2378 528 καρδία
2413 477 2533 530 μου
2563 459 2739 526 ἐντός
2778 477 2902 530 μου
2922 500 2940 527 ,
2989 459 3060 513 ἐν
3092 458 3176 526 τῷ
3203 460 3541 515 ἀναπολεῖν
3563 461 3612 493 ⁸³
3632 479 3736 532 με,

2160 550 2595 619 ἀνεκαιόμηνδδ
2629 549 2796 619 πυρὶ.
2857 550 3445 624 Ἀναμιμνησκόμενος
3471 553 3553 617 ⁵³,
3590 555 3738 622 φησὶ,

2160 643 2262 715 τῆς
2289 645 2565 716 ἁμαρτίας
2593 663 2720 717 μου,
2749 645 2830 717 τῷ
2847 647 2892 678 ⁵⁸
2918 645 3019 717 τῆς
3044 643 3281 716 ἀθυμίας
3315 647 3740 722 ἐνεπιμπράμην

2161 736 2294 806 πυρί
2322 736 2389 790 ⁵⁷.

2229 833 2292 883 ε’.
2316 847 2333 878 ι
2358 826 2628 898 Ἐλάλησα
2647 829 2706 882 ὲν
2728 828 2948 902 γλώσσῃ
2968 848 3095 902 μου,
3117 832 3392 906 Γνώρισόν
3413 847 3526 902 μοι,
3549 829 3738 902 Κύριε,

2157 919 2219 973 τὸ
2249 919 2424 991 πέρας
2461 937 2563 991 μου
2586 937 2600 950 ·
2639 922 2731 974 καὶ
2779 920 2872 974 τὸν
2917 924 3154 995 ἀριθμὸν
3201 925 3310 980 τῶν
3341 923 3571 996 ἡμερῶν
3608 939 3739 993 μου,

2156 1014 2241 1076 τίς
2273 1014 2450 1068 ἐστιν·
2490 1013 2578 1068 ἵνα
2622 1013 2734 1082 γνῶ
2767 1013 2820 1068 τί
2859 1014 3073 1087 ὑστερῶ
3102 1017 3234 1088 ἐγώ.
3274 1037 3292 1070 ι
3342 1014 3489 1088 Πρὸς
3522 1014 3626 1087 μὲν
3651 1010 3742 1069 οὖν

2157 1105 2248 1159 τὸν
2290 1104 2701 1176 λοιδορούμενον
2734 1107 3124 1180 ἀπεκρινάμην
3170 1109 3361 1174 οὐδὲν,
3401 1107 3496 1162 τὸν
3525 1106 3586 1161 δὲ
3631 1105 3737 1162 τῶν

2156 1198 2292 1252 ὅλων
2323 1196 2578 1252 ἱκέτευσα
2607 1198 2833 1271 Κύριον,
2865 1198 3023 1269 δῆλόν
3057 1219 3148 1272 μοι
3197 1202 3426 1272 ποιῆσαι
3469 1200 3568 1271 τῆς
3599 1199 3742 1270 ζωῆς

2159 1306 2262 1361 μου
2292 1287 2352 1342 τὸ
2382 1287 2564 1356 τέλος,
2597 1289 2802 1359 σφόδρα
2830 1289 2928 1360 τῆς
2955 1291 3214 1364 τελευτῆς
3237 1291 3553 1362 ἐφιέμενος.

2228 1385 2302 1444 ς’.
2343 1397 2361 1430 ι
2431 1379 2562 1433 Ἰδοὺ
2613 1378 2919 1444 παλαιστὰς
2950 1380 2996 1413 ⁵⁸
3037 1379 3162 1435 ἔθου
3208 1382 3311 1445 τὰς
3355 1381 3572 1452 ἡμέρας
3605 1397 3736 1452 μου,

2156 1475 2252 1527 καὶ
2294 1474 2327 1543 ἡ
2373 1472 2672 1537 ύπόστασίς
2705 1490 2807 1544 μου
2824 1473 2871 1506 "
2903 1474 3037 1536 ὡσεὶ
3081 1474 3236 1530 οὐδὲν
3275 1474 3510 1530 ἐνώπιόν
3559 1491 3680 1528 anu.-
3714 1493 3734 1526 ι

2156 1563 2328 1619 Τοῦτο
2363 1564 2526 1619 πάλιν
2560 1567 2588 1618 ό
2617 1564 2917 1636 Σύμμαχος
2956 1565 3130 1628 οὕτως
3161 1568 3535 1638 ήρμήνευσεν·
3589 1564 3738 1621 Ἰδοὺ

2154 1658 2236 1724 ὡς
2281 1656 2590 1728 σπιθαμὰς
2634 1656 2868 1724 ἔδωκας
2904 1658 3013 1724 τὰς
3069 1657 3296 1728 ἡμέρας
3343 1676 3465 1728 μου
3485 1699 3503 1726 ,
3557 1658 3657 1715 καί
3701 1659 3738 1724 ἡ

465 1755 588 1799 ante
619 1753 685 1800 te.
721 1747 979 1803 Desidere
1008 1759 1192 1804 autem
1234 1759 1490 1817 mortem,
1532 1751 1715 1806 sciens
1751 1751 2043 1806 humanam

2154 1751 2374 1816 βίωσίς
2400 1769 2520 1820 μου
2559 1750 2641 1818 ὡς
2669 1748 2854 1804 οὐδὲν
2890 1751 3180 1821 ἁντικρύς
3206 1767 3346 1806 σου.
3392 1751 3646 1822 Ἐφίεμαι
3683 1751 3739 1804 δὲ

467 1845 720 1891 naturam
759 1839 986 1894 minime
1026 1841 1326 1912 longazvam
1353 1857 1492 1897 esse.
1549 1840 1745 1898 Nostra
1769 1844 1914 1898 enim
1937 1844 2047 1899 vita

467 1945 535 1984 ne
579 1930 880 1986 consistere
913 1932 1134 2001 quidem
1175 1934 1394 1988 videtur
1425 1935 1546 1989 vitae
1578 1944 1683 1990 tua:
1709 1946 2045 2006 comparata.

465 2017 544 2073 Tu
586 2021 732 2073 enim
775 2022 895 2074 sine
936 2022 1210 2092 principio
1249 2039 1328 2088 es,
1365 2033 1419 2079 et
1469 2023 1618 2080 line:
1680 2035 1868 2082 nostra
1916 2043 2048 2083 vero

467 2113 577 2167 vita
614 2123 987 2180 mensuratur,
1026 2122 1086 2168 ut
1139 2115 1471 2186 quibusdam
1499 2119 1777 2174 mensuris
1803 2120 1969 2189 palmi
1995 2129 2049 2175 et

465 2204 658 2262 cubiti.
693 2204 795 2260 Per
858 2206 964 2260 hoc
1022 2216 1204 2262 autem
1266 2208 1662 2264 demonstravit
1723 2209 2046 2267 brevitatem

467 2297 726 2368 temporis
769 2297 1022 2353 humanae
1053 2299 1195 2354 vitae.
1229 2297 1321 2353 Sic
1362 2309 1416 2355 et
1445 2301 1572 2354 alibi
1611 2301 1744 2358 dicit
1780 2320 1792 2356 :
1839 2321 1856 2354 ι
1893 2301 2044 2369 Quo-

464 2393 608 2446 niam
642 2391 792 2445 mille
836 2393 966 2446 anni
997 2401 1124 2446 ante
1163 2393 1355 2448 oculos
1411 2402 1556 2460 tuos,
1622 2405 1881 2466 tanquam
1925 2396 2040 2452 dies

460 2485 776 2548 hesternus,
819 2484 910 2553 qui
941 2484 1228 2555 praateriit,
1259 2493 1315 2539 et
1350 2487 1598 2541 custodia
1649 2487 1702 2541 in
1745 2496 1905 2543 nocte
1938 2487 1984 2542 ί.
2019 2505 2038 2540 ι

457 2576 524 2631 Ει
548 2578 698 2644 alibi,
719 2594 842 2635 cum
868 2581 933 2633 de
950 2579 1106 2635 oculis
1136 2588 1190 2634 et
1223 2589 1366 2634 terra
1401 2580 1735 2634 mentionem
1769 2579 1992 2635 fecisset
2023 2598 2037 2636 :

462 2691 481 2724 ι
531 2671 659 2742 Ipsi,
695 2670 899 2740 inquit,
939 2670 1219 2742 peribunt,
1252 2680 1308 2727 tu
1349 2681 1528 2726 autem
1593 2686 1909 2742 permanes,
1943 2674 1960 2693 ‘
1989 2681 2044 2728 et

455 2779 648 2820 omnes
707 2763 851 2820 sicut
912 2763 1304 2818 vestimentum
1358 2773 1734 2832 veterascent;
1789 2774 1844 2820 et
1897 2765 2042 2821 sicut

455 2856 717 2910 amictum
761 2853 1003 2909 mutabis
1047 2867 1164 2920 eos,
1193 2861 1248 2909 et
1281 2853 1640 2909 mutabuntur
1677 2871 1692 2909 :
1740 2864 1795 2908 tu
1855 2863 2040 2910 autem

455 2949 599 3005 idem
631 2949 749 3020 ipse
787 2963 870 3012 es,
918 2955 972 3004 et
1023 2947 1153 3002 anni
1229 2947 1309 3002 tui
1353 2961 1464 3001 non
1521 2946 1776 3002 deﬁcient
1827 2957 1875 3002 ε.
1919 2967 1938 3000 ι
1971 2978 2041 2990 --

461 3061 480 3094 ι
518 3041 912 3097 Verumtamen
942 3039 1199 3095 universa
1251 3038 1486 3105 vanitas,
1517 3039 1700 3094 omnis
1740 3039 1906 3095 homo
1957 3039 2037 3095 vi—

2159 1841 2420 1912 τελευτῆς
2437 1841 2503 1907 ⁸⁸⁵,
2532 1842 2593 1894 ού
2615 1842 2656 1874 ⁶¹
2693 1841 2993 1913 μακρόϐιον
3013 1845 3112 1914 τὴν
3140 1843 3494 1915 ἀνθρωπείαν
3515 1843 3738 1898 ἐπιστά-

2159 1948 2321 2003 μενος
2344 1931 2530 2000 φύσιν.
2572 1931 2636 1986 Ἥ
2660 1931 2768 2004 γὰρ
2790 1932 3040 2004 ἡμετέρα
3067 1933 3221 2006 βιοτὴ
3249 1935 3373 1988 οὐδὲ
3398 1935 3442 1966 ⁸³
3479 1935 3732 1988 συνεστά-

2155 2041 2244 2078 ναι
2291 2023 2440 2078 δοκεϊ
2481 2026 2548 2094 τῇ
2583 2026 2650 2095 σῇ
2707 2024 3176 2097 παραϐαλλομένη
3207 2026 3341 2098 ζωῇ.
3385 2027 3457 2081 Σὺ
3495 2027 3596 2098 μὲν
3631 2029 3734 2098 γὰρ

2154 2114 2393 2185 ἄναρχος
2449 2114 2544 2167 καὶ
2590 2113 2928 2194 ἀπέραντος,
2986 2116 3018 2168 ὁ
3058 2115 3115 2169 δὲ
3167 2117 3438 2188 ἡμέτερος
3471 2116 3589 2190 βίος
3628 2114 3738 2171 οἶόν

2153 2224 2261 2260 τισι
2290 2207 2335 2238 ⁸³
2377 2205 2683 2276 σπιθαμαϊς
2713 2207 2810 2260 καὶ
2857 2207 3183 2272 παλαισταῖς
3217 2209 3592 2280 ἑκμετρεῖται.
3643 2209 3737 2264 Διά

2150 2297 2346 2351 τούτου
2363 2296 2408 2329 ⁸⁵
2437 2297 2496 2351 δὲ
2523 2296 2884 2369 παρεδήλωσε
2913 2302 2975 2352 τὸ
3005 2299 3374 2370 ὀλιγοχρόνιον
3395 2300 3496 2370 τῆς
3527 2298 3736 2370 ἀνθρω-

2151 2389 2313 2453 πείας
2342 2388 2508 2457 ζωῆς.
2535 2388 2694 2443 Οῦτω
2719 2389 2815 2443 καὶ
2840 2389 3072 2461 ἑτέρωθι
3105 2391 3279 2459 λέγει·
3309 2409 3329 2444 ι
3368 2391 3492 2445 ’Ότι
3523 2391 3671 2462 χίλια
3690 2391 3737 2425 ⁸⁵

2151 2482 2245 2554 ἐτη
2298 2481 2403 2535 ὑπὸ
2427 2481 2472 2514 ⁸⁵
2517 2481 2820 2554 ὀφθαλμοῖς
2877 2500 2994 2546 σου,
3023 2482 3198 2555 Κύριε
3223 2523 3240 2549 ,
3287 2483 3364 2548 ὡς
3392 2483 3438 2515 ⁸⁷
3491 2484 3734 2555 ἡμέραή

2149 2575 2302 2646 ἐχθὲς
2319 2574 2385 2639 ⁸⁸,
2417 2574 2542 2646 ἥτις
2571 2573 2756 2646 διῆλθε
2787 2575 2830 2608 ⁸³
2851 2617 2866 2642 ,
2901 2557 2998 2630 καὶ
3065 2575 3282 2646 φυλακὴ
3316 2577 3375 2628 ἐν
3411 2575 3458 2608 ⁷⁸
3489 2575 3661 2630 νυκτί.
3709 2594 3728 2627 ι

2149 2668 2257 2722 Καὶ
2285 2667 2526 2739 ἀλλαχοῦ
2557 2667 2666 2722 τῶν
2703 2667 2953 2738 οὐρανῶν
2991 2668 3087 2722 καὶ
3121 2667 3225 2740 τῆς
3268 2668 3372 2739 γῆς
3430 2668 3736 2739 μνημονεύ-

2151 2778 2284 2826 σας,
2321 2779 2340 2812 t
2387 2761 2573 2826 Αὐτοὶ,
2605 2760 2792 2833 φησὶν,
2839 2759 3198 2823 ἀπολοῦνται,
3244 2760 3308 2813 σὺ
3340 2760 3399 2815 δὲ
3435 2760 3730 2831 διαμένεις.

2147 2850 2245 2905 καὶ
2292 2849 2497 2914 πάντες
2525 2849 2602 2913 ὼς
2649 2849 2869 2920 ἱμάτιον
2904 2848 3428 2922 παλαιωθήσονταιο
3479 2848 3577 2902 καὶ
3609 2847 3732 2903 ὡσεὶ

2149 2941 2498 3016 περιϐόλαιον
2527 2941 2725 3007 ἑλίξεις
2750 2940 2970 3006 αὐτοὺς,
3005 2941 3098 2995 καὶ
3123 2941 3561 3012 ἀλλαγήσονται·
3589 2942 3654 2995 σὺ
3679 2940 3733 2994 δὲ

2147 3033 2176 3085 ὁ
2228 3031 2390 3097 αὐτὸς
2434 3027 2503 3100 εἷ,
2554 3032 2649 3086 καὶ
2681 3032 2751 3086 τὰ
2793 3031 2890 3104 ἐτη
2929 3029 3026 3086 dou
3077 3032 3180 3085 οὐκ
3209 3031 3546 3102 ὲκλείψουσι.
3595 3050 3618 3085 ι
3667 3061 3734 3073 -

453 3151 611 3192 vens.
651 3153 671 3187 ι
721 3133 908 3201 Quare
943 3133 1144 3198 omnis,
1199 3133 1295 3198 ait,
1349 3131 1636 3186 hominum
1702 3139 1921 3198 natura,
1989 3141 2043 3189 et

2154 3141 2169 3175 t
2229 3123 2379 3194 Πλὴν
2425 3121 2495 3176 τὰ
2537 3122 2830 3194 σύμπαντα
2888 3122 3225 3195 ματαιότης,
3281 3124 3391 3186 πᾶς
3444 3123 3731 3194 ἄνθρωπος

453 3229 672 3293 divites,
704 3236 759 3282 et
791 3242 1081 3298 pauperes,
1121 3227 1314 3295 vapori
1346 3225 1556 3281 similes
1598 3233 1746 3293 sunt,
1803 3228 1896 3296 qui
1927 3227 2043 3283 dis-

457 3321 713 3383 solvitur,
763 3328 818 3374 et
853 3328 1062 3374 temere
1089 3333 1154 3373 ac
1190 3317 1393 3373 frustra
1425 3317 1718 3384 aedificant,
1765 3318 2038 3392 plantant,

457 3414 679 3469 divitias
713 3423 764 3468 et
795 3412 1085 3468 facultates
1115 3420 1469 3481 congregant.

529 3593 693 3648 Vens.
715 3591 766 3646 7.
793 3609 812 3643 ι
843 3589 1236 3645 Verumtamen
1261 3588 1314 3642 in
1349 3588 1588 3659 imagine
1615 3588 1813 3645 transit
1842 3588 2035 3656 homo,

456 3687 568 3740 imo
623 3684 828 3738 frustra
881 3682 1268 3738 conturbatur.
1331 3680 1646 3738 Thesauros
1703 3681 1934 3753 colligit,
1985 3691 2039 3738 et

455 3779 674 3848 ignorat
725 3774 818 3830 cui
864 3782 1300 3846 congregaturus
1354 3771 1426 3828 sit
1482 3788 1595 3828 eos.
1641 3792 1662 3826 ι
1719 3771 1886 3838 Nihil,
1941 3775 2036 3842 ait,

453 3869 698 3924 viventes
737 3865 994 3921 homines
1041 3864 1306 3920 differunt
1353 3865 1422 3920 ab
1466 3864 1556 3932 iis,
1586 3864 1680 3934 qui
1741 3865 1794 3920 in
1824 3865 2037 3934 pictura

452 3960 702 4032 expressi
734 3968 896 4016 sunt:
930 3959 1216 4028 aequaliter
1253 3958 1397 4014 enim
1427 3967 1481 4014 et
1515 3960 1713 4013 horum
1737 3967 1793 4012 et
1816 3957 2035 4015 illorum

456 4064 652 4110 natura
697 4063 945 4124 tempore
974 4051 1199 4120 labitur,
1248 4061 1302 4108 et
1321 4053 1719 4122 corrumpitur.
1747 4051 1912 4130 853
1938 4053 2038 4107 Ve-

453 4154 768 4202 rumtamen
797 4145 1165 4202 nihilominus
1187 4145 1440 4200 homines
1455 4144 1862 4199 contendentes
1907 4159 2036 4216 per-

455 4240 767 4302 turbantur,
798 4239 1152 4303 dimicantes,
1184 4237 1388 4293 bellum
1433 4244 1710 4310 gerentes,
1731 4235 2036 4307 [negotian-

447 4346 572 4391 tes:
631 4344 686 4388 et
723 4333 906 4388 omnis
949 4333 1193 4387 humana
1232 4331 1344 4386 vita
1402 4337 1724 4400 tempestate
1767 4337 1822 4383 et
1858 4327 2038 4386 ﬂucti-

449 4426 554 4484 bus
585 4408 785 4478 referta
814 4431 918 4486 est,
952 4423 1112 4478 finem
1137 4421 1346 4478 habens
1385 4427 1619 4475 mortem
1653 4437 1667 4474 :
1697 4434 1821 4474 cum
1848 4418 2034 4472 labore

2146 3213 2254 3279 ζῶν
2274 3216 2340 3268 ⁷³.
2375 3233 2394 3268 ι
2425 3213 2587 3268 Ὥστε
2611 3216 2784 3279 πᾶσα,
2817 3215 2975 3288 φησι,
3002 3214 3112 3268 τῶν
3139 3214 3451 3286 ἀνθρώπων
3480 3215 3514 3286 ἡ
3549 3213 3730 3284 φύσις,

2144 3306 2238 3358 καὶ
2268 3305 2316 3358 oi
2357 3303 2738 3369 πλουτοῦντες,
2770 3304 2865 3358 καὶ
2898 3305 2948 3358 oi
2985 3304 3297 3376 πενόμενοι,
3328 3303 3491 3375 ἀτμῷ
3529 3304 3731 3358 ἐοίκασι

2141 3397 2479 3470 διαλυομένῳ
2501 3440 2518 3468 ,
2554 3398 2649 3452 καὶ
2680 3399 2804 3469 είκῆ
2847 3399 2944 3453 καὶ
2980 3398 3162 3470 μάτην
3213 3397 3564 3468 οἰκοδομοῦσι
3587 3438 3602 3464 ,
3627 3414 3731 3469 (pu—

2138 3490 2356 3544 τεύουσι
2381 3493 2454 3557 ⁷³,
2485 3490 2716 3546 πλοῦτον
2742 3493 2837 3546 καὶ
2866 3491 3189 3562 περιουσίαν
3209 3491 3256 3522 ⁷⁸
3287 3489 3664 3562 ἀθροίζουσιν.

2211 3584 2276 3648 ζ’.
2313 3601 2331 3634 ι
2370 3583 2571 3637 Μέντοι
2602 3601 2666 3653 γε
2700 3585 2760 3638 ὲν
2792 3583 2966 3637 είκόνι
2995 3583 3386 3653 διαπορεύεται
3417 3582 3728 3653 ἄνθρωπος,

2140 3676 2282 3749 πλὴν
2316 3676 2494 3750 μάτην
2528 3677 2886 3748 ταράσσεται;
2927 3677 3287 3748 Θησαυρίζει,
3341 3677 3438 3730 καί
3469 3676 3531 3731 ού
3567 3675 3726 3746 γινώο

2144 3786 2263 3822 σκει
2297 3768 2406 3823 τίνι
2453 3769 2670 3834 συνάξει
2717 3771 2879 3825 αὐτά.
2941 3790 2960 3821 ι
3019 3769 3211 3836 Οὐδὲν,
3245 3768 3382 3840 φησὶ
3408 3769 3478 3834 ⁷⁸,
3528 3769 3640 3822 τῶν
3671 3772 3727 3823 ἐν

2141 3860 2312 3916 εἰκόνι
2356 3861 2761 3933 γεγραμμένων
2793 3865 2841 3917 οί
2880 3862 3086 3928 ζῶντες
3131 3863 3488 3936 διαφέρουσιν
3523 3865 3730 3936 ἀνθρω-

2140 3967 2271 4004 ποι*
2327 3950 2527 4020 ὁμοίως
2573 3951 2683 4021 1ιριὲιρ
2741 3951 2836 4005 καὶ
2896 3951 3106 4006 τούτων
3160 3954 3433 4010 κάκείνων
3480 3957 3514 4027 ἡ
3565 3956 3727 4024 φύσις

2138 4040 2368 4112 ὑπορρεῖ
2393 4041 2470 4112 τῷ
2493 4041 2672 4113 χρόνῳ
2703 4043 2797 4096 καὶ
2827 4043 3236 4116 διαφθείρεται.
3281 4045 3422 4099 Ἀλλ’
3451 4047 3607 4117 ὅμως
3642 4048 3729 4101 οὑ-

2137 4131 2226 4186 δὲν
2252 4129 2415 4204 ἦττον
2443 4133 2900 4207 διαταράττονται
2939 4137 2987 4168 ⁷⁵
3020 4136 3495 4206 φιλονεικοῦντες,
3529 4139 3726 4209 διαμα-

2139 4225 2391 4296 χόμενοι,
2440 4226 2832 4297 πολεμοῦντες,
2885 4229 3359 4300 ἐμπορευόμενοιο
3416 4231 3513 4286 καὶ
3562 4231 3725 4301 ζάλης

2139 4318 2285 4382 ἅπας
2315 4319 2344 4370 ὁ
2391 4317 2504 4387 βίος
2548 4317 2768 4388 μεστὸς,
2817 4318 2970 4382 τέλος
3004 4319 3145 4390 ἔχων
3188 4320 3281 4375 τὸν
3313 4319 3552 4375 θάνατον
3582 4338 3598 4352 ·
3632 4323 3724 4374 σὺν

2138 4409 2286 4480 πόνῳ
2314 4410 2373 4463 δὲ
2401 4409 2585 4480 πολλῷ
2623 4410 2718 4464 καὶ
2747 4411 2934 4482 ἱδρῶτι
2957 4411 3052 4465 τὸν
3090 4411 3325 4467 πλοῦτον
3353 4412 3720 4484 ἀθροίζοντες,

449 4534 580 4572 vero
621 4518 796 4572 multo
827 4525 883 4572 et
935 4517 1139 4572 sudore
1168 4529 1302 4584 opes
1353 4519 1736 4584 congerentes,
1780 4510 2036 4566 nesciunt

2154 4501 2230 4555 τὸν
2281 4501 2540 4573 ἐσόμενον
2587 4501 2688 4555 οὐκ
2722 4501 2870 4555 ἴσασι
2907 4502 3270 4574 κληρονόμον.
3323 4503 3500 4558 Τοῦτο
3529 4504 3585 4556 δὲ
3635 4503 3724 4555 καὶ

449 4604 696 4660 futurum
717 4604 1008 4659 hmredem.
1044 4601 1160 4658 Hoc
1193 4616 1326 4657 vero
1356 4602 1547 4657 beatus
1581 4600 1749 4655 David
1773 4600 1880 4664 his,
1907 4615 2031 4670 qua:

2154 4596 2164 4646 ἱ
2202 4594 2474 4666 μακάριος
2492 4595 2538 4627 ⁷⁸
2569 4595 2737 4648 Δαὸὶδ
2771 4596 2866 4649 καὶ
2898 4596 2964 4650 ὲκ
3003 4598 3116 4650 τῶν
3153 4596 3280 4650 καθ’
3317 4597 3514 4652 ἑαυτὸν
3547 4594 3725 4651 κινού-

448 4705 704 4764 rxpertus
737 4704 878 4762 erat,
911 4701 1196 4765 permotus
1220 4692 1461 4762 scripsit.
1503 4693 1718 4747 Etenim
1767 4707 1893 4745 cum
1943 4706 2032 4746 re-

447 4802 615 4854 gnum
677 4789 982 4843 maximum
1023 4796 1077 4842 et
1118 4787 1270 4841 valde
1315 4786 1528 4840 illustre
1561 4782 1891 4842 reddidisset
1925 4796 2023 4852 per

525 4897 546 4938 τ
581 4898 726 4957 Psal.
767 4918 992 4967 Lxxxtx,
1044 4901 1097 4956 4.
1176 4902 1202 4942 8
1239 4897 1387 4956 Psal.
1465 4913 1540 4965 et.
1580 4897 1673 4962 26,
1749 4896 1843 4954 27.

2141 4704 2301 4757 μενος
2338 4687 2606 4757 γέγραφε.
2643 4687 2769 4752 Τοῖς
2799 4687 2909 4759 γάρ
2941 4690 3006 4744 ὲκ
3043 4688 3154 4744 τῶν
3202 4690 3460 4760 πολέμων
3483 4691 3528 4722 ⁷⁷
3560 4688 3726 4756 λαφύ-

2141 4797 2285 4852 ροις,
2319 4781 2415 4834 καὶ
2446 4775 2712 4851 τῷπαρά
2759 4780 2871 4835 τῶν
2915 4781 3234 4852 ἀλλοφύλων
3283 4782 3580 4854 φερομένῳ
3635 4781 3724 4835 δα-

1567 5010 1802 5070 γΑιιυΕ
1845 5005 2236 5067 LECTIONES
2262 5005 2350 5060 ET
2386 5004 2624 5061 ΝΟΤᾸΞ.

548 5111 593 5144 ⁸³
645 5109 768 5183 996-
815 5111 850 5183 ἵ)
887 5110 1250 5183 ἑρμὴνευσενο

1352 5109 1404 5142 ⁵³
1435 5108 1558 5165 cod.
1600 5108 1625 5162 1
1668 5108 2068 5177 ἀναλάμποντι.

446 5183 612 5238 etiam
657 5180 848 5254 Montf.
879 5172 934 5235 in
959 5172 1120 5238 'eo'dd.
1169 5180 1451 5254 nonnullis
1485 5180 1712 5254 invenit,
1748 5172 1900 5254 ιιι-ῆι
1927 5175 2037 5230 lle:

2154 5191 2185 5254 ἓ
2217 5173 2283 5227 ad
2301 5172 2375 5254 _It.
2400 5173 2434 5228 1.
2465 5172 2652 5254 refert.
2685 5173 2925 5254 --δῖ-0ορ.
2959 5174 2991 5227 2
3013 5173 3080 5254 ἂν
3104 5176 3337 5254 Erato-ptri

2143 5101 2264 5158 cod.
2322 5103 2371 5173 ,5
2418 5101 2719 5173 ἀναπολᾷν,
2775 5117 2945 5172 quam
2997 5104 3361 5172 posteriorem
3425 5105 3719 5162 lectionem

3347 5176 3393 5232 νζ
3469 5178 3519 5209 ⁸³
3555 5179 3611 5233 Ἀ
3621 5194 3694 5230 να
3708 5208 3724 5217 ο

415 5293 423 5299 .
443 5252 942 5322 μιμνησκόμενος
961 5282 1030 5294 -
1048 5253 1215 5318 πυρί.
1249 5251 1375 5307 Des.
1407 5251 1464 5322 in
1487 5249 1609 5322 cod.
1634 5251 1701 5322 ,1.
1760 5249 1820 5322 ff
1841 5251 1992 5322 Μου,
2016 5263 2043 5298 τ

2154 5244 2268 5322 Des.
2293 5243 2354 5297 in
2398 5244 2517 5322 cod.
2684 5245 2729 5276 ⁵⁷
2755 5245 2924 5313 Πυρί.
2979 5246 3166 5322 cod._5
3206 5243 3356 5322 addit
3393 5248 3515 5322 9_7:‘_
3556 5248 3727 5322 αύτῆς

450 5323 797 5395 πυρούμενος
825 5322 938 5395 τῆς⁸
961 5324 1343 5395 συνειδήσεως.

1423 5321 1470 5388 ⁵9
1501 5320 1735 5388 Quidam
1760 5319 1885 5373 libri
1903 5326 2118 5388 veteres
2145 5314 2368 5388 habent
2387 5313 2650 5388 παλαιὰς,
2711 5330 2840 5384 quae
2877 5323 2962 5388 est
3011 5316 3173 5388 lectio
3222 5317 3347 5388 cod.
3394 5317 3572 5374 Vatie.
3603 5313 3721 5372 h.i.

450 5394 497 5425 "
534 5375 974 5459 Ἦίῦπόσίταόίίς
1003 5375 1343 5462 ᾑοο.’11ε1›ῖ-.
1385 5375 1546 5462 mhi
1562 5391 1670 5462 cui,
1694 5387 2043 5462 Symmachi

2154 5385 2222 5462 sio
2269 5385 2404 5462 satis
2457 5375 3006 5462 bene'respondet.“
3028 5387 3099 5462 ’θ’
3131 5387 3287 5462 cod._
3319 5389 3339 5441 ί
3373 5389 3724 5462 τελευτῆσαι.

452 5462 496 5494 ⁶¹
550 5466 652 5517 Οὐ.
691 5465 855 5517 Abest
884 5479 912 5516 a
944 5461 1070 5517 cod.
1100 5465 1155 5517 2.
1260 5463 1304 5495 θ’
1324 5464 1446 5517 cod.
1488 5461 1523 5514 2
1552 5461 1730 5514 οὐδέν.

452 5533 541 5585 τά.
622 5535 668 5565 ⁸⁸
705 5534 872 5588 Ὑπό.
905 5534 1026 5588 cod.
1064 5535 1270 5597 1,2ὲν.
1347 5533 1391 5566 ⁸⁷
1424 5534 1548 5586 cod.
1585 5530 1792 5587 2tbasi.
1868 5529 1915 5561 ⁸⁸
1942 5526 2064 5582 eod.
2098 5527 2134 5581 2

1845 5458 1890 5491 ⁸³
1918 5459 2038 5512 eod.
2064 5456 2100 5510 2
2138 5455 2213 5510 τί.
2289 5455 2335 5488 ⁸⁸
2371 5457 2495 5512 cod.
2521 5456 2556 5508 2
2601 5453 2780 5510 τοῦτο.

2856 5456 2901 5487 ⁸⁸
2935 5456 3127 5512 Χίλια.
3188 5459 3312 5514 cod.
3371 5461 3421 5521 1,
3455 5460 3489 5513 2

3535 5473 3727 5529 praem.

2400 5527 2445 5559 θ’
2475 5525 2600 5596 cod.
2629 5526 2673 5596 ε
2695 5525 2965 5596 παρῆλθε.

2173 5526 2345 5599 χθές.Δ
2400 5527 2445 5559 ⁸⁸
2475 5526 2600 5599 cod.
2629 5526 2677 5599 2Δ
2695 5526 2979 5599 παρῆλθεη
3041 5526 3088 5558 ⁷⁸
3128 5529 3247 5580 Ἑν.
3289 5531 3411 5583 cod.
3469 5531 3504 5584 2
3533 5526 3728 5599 prtem.

455 5601 508 5666 ἢ·
582 5605 627 5636 ⁷¹
673 5603 821 5657 Ζῶν.
855 5603 1023 5660 Abest
1057 5621 1083 5658 ιι
1108 5594 1231 5659 cod.
1267 5604 1321 5659 2.
1399 5603 1446 5635 "
1471 5603 1834 5656 Φυτεύουσι.
1872 5599 1995 5654 cod.
2021 5611 2043 5672 _€

2154 5594 2244 5652 Id‘it
2264 5596 2448 5672 colon,
2475 5594 2604 5652 cod.
2650 5595 2685 5648 2
2721 5594 2906 5672 autem
2967 5596 3078 5672 ho_c_
3122 5599 3349 5672 verbum
3399 5594 3587 5672 jungit
3633 5615 3734 5672 se-

459 5675 644 5742 gmenti
683 5675 886 5728 nomini
928 5675 1183 5738 πλοῦτον,
1237 5676 1320 5730 cui
1357 5689 1478 5727 com
1497 5689 1583 5727 tua
1651 5673 1962 5742 apponitur.
2021 5668 2266 5742 Uterque
2329 5670 2500 5742 codex
2555 5682 2774 5742 primum
2800 5668 2916 5742 διαί.

459 5735 503 5769 7‘
543 5743 718 5811 Φιισί.
752 5743 914 5800 Abest
959 5764 988 5801 a
1031 5735 1241 5803 codfl’).
1316 5747 1360 5777 ⁷⁵
1391 5743 1512 5799 cod.
1566 5745 1590 5798 i
1630 5735 2077 5816 διαπράττονται.

3033 5667 3091 5742 '_’_
3125 5669 3250 5742 cod.
3290 5670 3341 5742 3
3381 5667 3730 5742 περιουσίας.

2155 5736 2202 5774 ⁷⁸
2235 5736 2557 5808 Μακάριος.
2582 5737 2710 5795 cod.
2745 5737 2780 5792 2
2803 5738 2968 5804 θεῖος.
3011 5738 3091 5813 ,Π
3131 5738 3257 5795 cod.
3288 5740 3323 5796 3
3351 5736 3653 5813 πολεμίων.
