4004 6216
415 275 547 341 1151

1408 274 1901 337 THEODORETI
1928 270 2273 334 EPISCOPI
2300 271 2673 334 CYRENSIS

3542 258 3669 328 H59.

413 387 663 459 rcgrinus
696 386 844 446 sicut
865 401 1057 445 omnes
1085 397 1268 459 patres
1299 387 1430 445 mei.
1461 386 1864 443 Remissionem
1909 385 1993 439 in-

2118 383 2503 455 ταρεπίδημος,
2544 381 2731 449 καθὼς
2764 382 2966 448 πάντες
3003 383 3053 436 oi
3085 379 3472 457 πατέρεςμου.
3517 381 3669 447 ’Λνες

410 478 573 553 dulge
594 479 749 546 mihi,
785 489 846 537 ut
879 495 1119 536 recreem
1148 479 1315 552 855
1339 494 1426 535 me
1452 479 1774 549 priusquam
1797 478 1992 534 abeam

411 578 468 627 et
494 571 736 643 amplius
768 587 876 629 non
904 587 1019 628 ero.
1056 589 1077 624 ι
1135 571 1280 637 Tibi,
1331 570 1583 636 Domine,
1616 571 1817 642 inquit,
1867 585 1995 640 sup.

413 665 577 736 plico.
603 664 805 720 exaudi
843 680 931 721 me
957 665 1361 728 obsecrantem,
1432 672 1487 718 et
1552 679 1678 718 cum
1735 663 1995 735 lacrymis

416 757 828 828 deprecantem.
862 758 981 811 Non
1024 757 1172 812 enim
1223 754 1476 811 inhabito
1522 763 1727 810 terram
1768 763 1826 809 ut
1865 768 1996 825 pro-

413 852 617 922 priam,
669 851 764 907 sed
790 860 1054 921 tanquam
1100 850 1426 920 peregrinus
1484 848 1687 912 incolo,
1749 855 1805 904 et
1853 848 1999 904 sicut

415 959 609 1009 omnes
640 952 824 1012 patres
852 945 978 1010 mei,
1038 952 1330 1013 postquam
1368 957 1559 1011 parum
1609 940 1875 1011 temporis
1913 942 1998 994 vi-

416 1048 573 1099 xero,
589 1045 824 1089 mortem
839 1034 1021 1089 obibo.
1044 1034 1241 1088 Breves
1267 1033 1453 1104 itaque
1478 1033 1729 1088 inducias
1755 1031 1996 1102 indulge,

419 1132 478 1176 ut
502 1137 704 1191 paucos
732 1122 850 1179 dies
874 1123 991 1179 sine
1011 1123 1295 1177 doloribus
1326 1123 1434 1178 vita
1477 1121 1649 1187 fruar,
1680 1122 1998 1193 priusquam

416 1229 448 1268 e
481 1215 593 1269 vita
624 1215 857 1271 avolem.
892 1215 1160 1285 Egressus
1192 1214 1342 1270 enim
1385 1229 1494 1270 non
1552 1225 1819 1272 revertar.
1886 1214 2001 1270 lloc

417 1307 564 1362 enim
595 1307 753 1372 dixit,
789 1306 1019 1376 amplius
1052 1323 1156 1360 non
1178 1323 1290 1372 ero,
1322 1308 1426 1361 hoc
1451 1315 1556 1371 est,
1598 1308 1653 1362 in
1684 1306 1827 1363 hanc
1876 1323 1999 1363 cor-

418 1405 635 1469 ruptam
660 1397 825 1452 vitam
859 1413 965 1452 non
994 1409 1259 1453 revertar.
1314 1398 1588 1454 Caeterum
1645 1414 1864 1469 aequum
1920 1407 2005 1454 est

420 1506 680 1561 magnum
713 1488 971 1545 Davidem
1008 1491 1298 1557 admirari,
1335 1493 1586 1562 quicum
1621 1501 1768 1547 esset
1817 1492 1873 1546 in
1924 1507 2005 1547 re-

419 1601 548 1654 gno,
586 1593 640 1641 et
671 1585 869 1656 cepiis,
902 1596 1070 1657 atque
1117 1586 1387 1657 potentia,
1420 1588 1665 1656 seipsum
1733 1586 2002 1641 advenam

419 1687 473 1733 et
504 1678 856 1748 peregrinum
889 1681 1158 1746 nominat,
1182 1690 1237 1734 et
1268 1678 1512 1734 felicitati
1539 1679 1819 1734 conlidere
1841 1679 2006 1732 inini-

421 1784 509 1824 [πο
542 1770 678 1825 vult.
707 1768 846 1824 Nam
879 1785 1068 1826 revera
1097 1770 1214 1826 haec
1243 1771 1411 1827 verba
1445 1786 1571 1824 cum
1602 1770 1875 1840 sapientia
1922 1770 2005 1825 di-

420 1871 507 1919 cta
543 1871 694 1927 sunt,
717 1879 842 1933 qua:
872 1878 1060 1917 rerum
1086 1870 1343 1919 naturam
1369 1864 1499 1930 scit,
1526 1872 1581 1919 et
1611 1864 1714 1919 hac
1739 1863 1807 1918 de
1832 1878 2004 1920 causa

421 1966 744 2024 prasentem
776 1953 1096 2008 felicitatem
1129 1955 1384 2024 despicit.

780 2065 800 2085 ⁶
827 2060 1104 2118 INTERP.
1139 2061 1394 2118 PSALMI
1424 2062 1676 2120 XXXIX.

496 2173 667 2229 Vens.
698 2174 751 2229 1.
791 2192 810 2229 ι
849 2175 911 2228 ln
953 2174 1138 2241 tinem,
1174 2177 1419 2246 psalmus
1453 2176 1667 2232 Davidi.
1710 2195 1729 2229 ι
1770 2175 2009 2244 Quidam

425 2265 494 2320 de
518 2265 681 2320 beato
707 2263 948 2321 Ieremia
980 2267 1127 2321 hunc
1158 2269 1427 2336 psalmum
1473 2267 1820 2337 interpretati
1854 2277 2005 2333 sunt,

426 2358 518 2413 alii
549 2363 617 2413 de
641 2358 949 2413 admirabili
979 2357 1220 2423 Daniele,
1288 2359 1548 2429 quoniam
1620 2360 1710 2414 hic
1740 2369 1794 2415 et
1831 2361 1922 2415 ille
1954 2359 2010 2414 in

428 2452 609 2506 lacum
647 2451 929 2522 conjeCtus
963 2451 1088 2515 fuit,
1121 2452 1407 2505 exordium
1443 2460 1623 2505 autem
1672 2452 1866 2521 psalmi
1929 2451 2013 2506 la-

428 2554 528 2595 cus
553 2540 891 2595 mentionem
958 2539 1107 2595 facit.
1158 2538 1273 2594 Hoc
1320 2555 1488 2593 unum
1553 2540 1738 2609 itaque
1783 2539 2011 2595 verbum

426 2636 794 2700 attendentes,
828 2637 882 2690 in
918 2635 1072 2690 illum
1107 2649 1330 2690 sensum
1363 2635 1528 2689 delati
1552 2643 1701 2691 sunt.
1724 2632 1895 2688 Porro
1911 2633 2013 2687 ali-

427 2727 524 2799 qui
556 2728 788 2799 captivis
817 2728 1153 2801 Babylonem
1186 2727 1561 2781 habitantibus
1588 2727 1858 2796 psalmum
1877 2742 2016 2796 qua-

427 2824 591 2877 drare
617 2817 899 2877 dixerunt.
930 2820 1042 2890 Ego
1070 2829 1255 2875 autem
1310 2820 1617 2875 secundum
1674 2819 1902 2888 ﬁguram
1948 2818 2015 2873 de

429 2915 540 2970 illis
590 2915 837 2985 quidem,
889 2929 1012 2984 quae
1070 2914 1175 2983 ipsi
1212 2912 1400 2967 Davidi
1471 2913 1811 2979 acciderunt,
1869 2911 2017 2966 hunc

430 3008 801 3077 conscriptum
833 3022 958 3079 esse
1004 3008 1221 3077 opinor,
1261 3005 1452 3061 referri
1522 3021 1655 3061 vero
1710 3005 1875 3059 etiam
1947 3005 2012 3060 ad

429 3112 650 3155 Omnem
689 3101 975 3155 hominum
995 3111 1270 3166 naturam,
1298 3115 1422 3170 qute
1448 3115 1600 3168 spem
1634 3097 1804 3170 856
1831 3113 2017 3153 resur—
2043 3071 2091 3134 ο

433 3192 592 3264 gendi
654 3206 686 3247 a
739 3191 851 3247 Deo
897 3191 1185 3246 Salvatore
1242 3201 1434 3247 nostro
1480 3191 1711 3260 accepit.
1753 3190 1810 3244 In
1875 3190 2019 3245 hanc

436 3298 566 3339 vero
592 3284 919 3339 sententiam
952 3284 1172 3340 divinus
1209 3284 1412 3339 Paulus
1461 3299 1563 3339 nos
1603 3285 1771 3348 ducit,
1823 3280 1918 3352 qui
1962 3282 2019 3336 in

434 3376 681 3448 Epistola
715 3380 781 3433 ad
811 3376 1090 3447 Hebraeos,
1139 3380 1455 3450 aliquorum
1522 3394 1589 3434 ex
1628 3378 1695 3434 iis
1747 3392 1871 3447 quae
1931 3375 2022 3431 hic

435 3468 697 3524 dicuntur
733 3470 1006 3524 meminit.
1882 3458 1893 3473 “

508 3554 676 3616 Vens.
698 3559 754 3628 2,
776 3561 830 3616 5.
870 3579 890 3612 ι
926 3560 1260 3631 Exspectans
1288 3560 1597 3631 exspectavi
1624 3559 1937 3624 Dominum,
1969 3569 2026 3618 et

437 3652 753 3708 attenditad
791 3667 897 3707 me.
930 3651 998 3706 Et
1024 3651 1303 3708 exaudivit
1325 3668 1515 3723 preces
1550 3669 1722 3717 meas,
1751 3663 1807 3709 et
1832 3654 2026 3710 eduxit

441 3759 584 3801 mee
633 3745 755 3801 lacu
795 3745 1057 3810 miseriae,
1112 3754 1223 3801 ete
1275 3746 1388 3802 luto
1440 3745 1611 3803 faecis.
1643 3766 1663 3798 ι
1699 3746 2027 3818 Congruunt

441 3840 561 3893 haec
584 3837 749 3893 etiam
776 3837 937 3893 beato
973 3838 1185 3902 Davidi,
1242 3848 1295 3894 et
1326 3854 1572 3895 consona
1633 3848 1764 3894 sunt
1825 3855 2027 3910 praece-

441 3932 590 3988 denti
630 3934 864 4005 psalmo.
890 3933 1023 3989 Nam
1065 3935 1119 3989 in
1153 3935 1245 3989 illo
1272 3936 1491 4005 quidem
1523 3936 1697 3991 dixit:
1739 3955 1757 3988 ι
1787 3934 2023 4002 Exaudi,

443 4025 692 4093 Domine,
711 4027 1013 4081 orationem
1034 4043 1234 4091 meam,
1260 4037 1315 4082 et
1332 4028 1770 4098 deprecationem
1809 4044 1982 4083 meam
2010 4045 2024 4081 :

443 4120 673 4177 nuribus
701 4123 919 4192 percipe
942 4121 1127 4177 ﬂetum
1182 4140 1407 4178 meum:
1467 4140 1533 4178 ne
1588 4124 1774 4185 sileas.
1826 4123 2026 4179 remis-

444 4213 655 4268 sionem
689 4214 909 4285 indulge
937 4215 1070 4268 mihi
1131 4225 1191 4269 ut
1245 4231 1487 4271 recreem
1544 4232 1630 4270 me
1705 4216 2026 4288 priusquam

445 4303 661 4371 abeam,
687 4316 743 4360 et
767 4306 1007 4376 amplius
1038 4322 1150 4361 non
1193 4323 1327 4377 ero._
1362 4327 1381 4359 ι
1418 4306 1480 4362 Et
1546 4309 1711 4377 paulo
1767 4311 2029 4379 superius

2099 494 2214 548 μοι,
2262 477 2350 530 ἵνα
2379 476 2645 547 ἀποψύξω
2680 477 2791 549 πρὸ
2823 476 2918 530 τοῦ
2955 493 3020 548 με
3048 473 3331 538 ἀπελθεῖν,
3356 471 3449 528 καὶ
3483 473 3662 527 οὐκέτι

2095 569 2158 622 οὐ
2198 568 2272 641 μὴ
2325 570 2574 642 ὑπάρξω.
2630 590 2649 623 ι
2730 568 2982 623 Ἰκετεύω
3018 585 3075 622 σε
3103 569 3143 629 ί,
3196 565 3352 637 φησὶ,
3406 564 3665 633 Δέσποτα,

2097 662 2419 716 εἰσάκουσον
2446 662 2819 733 ποτνιωμένου
2851 661 2944 715 καὶ
3003 658 3147 731 μετά
3177 657 3430 730 δακρύων
3460 657 3670 713 ἀντιϐο-

2097 756 2320 818 λοῦντος
2345 757 2389 809 ⁸.
2423 754 2558 808 Οὐδὲ
2589 756 2700 825 γάρ
2730 752 2972 809 κατοικῶ
2992 752 3091 826 τὴν
3119 754 3223 824 γῆν
3246 752 3287 819 ⁸,
3324 750 3457 805 ἀλλὰ
3486 767 3671 821 παροι-

2101 848 2205 915 κῶ,
2241 847 2473 911 καὶτοῖς
2500 846 2744 917 πατράσι
2782 845 3206 917 παραπλησίως,
3254 844 3438 914 ὀλίγον
3477 842 3674 915 βιώσας

2100 941 2316 1012 χρόνον,
2352 939 2447 994 τὸν
2477 939 2708 994 θάνατον
2738 938 2985 1008 δέξομαι.
3011 939 3234 1010 Μικρᾶς
3264 937 3444 991 τοίνυν
3472 938 3676 991 ἀνακωο

2101 1032 2202 1103 Χῆς
2238 1050 2329 1102 μοι
2361 1031 2610 1103 μετάδος.
2665 1031 2754 1085 ἵνα
2778 1030 2966 1100 ὀλίγας
2989 1030 3122 1098 γοῦν
3160 1029 3374 1100 ἡμέρας
3414 1026 3535 1099 δίχα
3561 1026 3676 1083 ὁδύ.

2102 1142 2200 1196 νης
2237 1125 2440 1195 βιώσω,
2486 1127 2618 1196 πρὶν
2651 1123 2801 1177 τόνδε
2837 1123 2930 1176 τὸν
2972 1121 3088 1193 βίον
3120 1119 3462 1188 ὑπεξελθεῖν.
3505 1118 3679 1184 Ἐξελ-

2104 1219 2216 1274 θὼν
2248 1219 2359 1290 γὰρ
2388 1220 2487 1273 οῦκ
2521 1216 2848 1289 ἀναστρέψω
2864 1220 2908 1272 ⁸.
2940 1216 3112 1271 Τοῦτο
3133 1216 3153 1249 ⁸
3205 1216 3313 1286 γὰρ
3343 1212 3520 1280 εἶπεν,
3548 1216 3678 1269 οὐκ·

2103 1310 2194 1366 ἐτι
2216 1314 2288 1367 οὐ
2304 1312 2391 1381 μὴ
2412 1310 2682 1380 ὑπάρεω,
2700 1310 2973 1375 τουτέστι,
2996 1308 3135 1380 πρὸς
3171 1308 3264 1360 τὸν
3296 1307 3539 1378 φθαρτὸν
3563 1306 3680 1361 τοῦο

2105 1421 2199 1458 τον
2220 1404 2321 1456 οὐκ
2372 1400 2700 1473 ἀναστρέψω
2738 1401 2874 1471 βίον.
2928 1400 3223 1471 Θαυμάσαι
3263 1399 3321 1453 δέ
3377 1398 3547 1464 ἄξιον,
3596 1395 3680 1450 τὸν

2109 1497 2284 1569 μέγαν
2326 1496 2495 1550 Δαϐλδ
2530 1498 2588 1549 ἐν
2631 1495 2904 1566 βασιλείᾳ,
2960 1494 3052 1548 καὶ
3104 1492 3345 1563 πλούτῳ,
3378 1493 3475 1547 καὶ
3532 1493 3681 1545 δυνιι

2109 1589 2263 1661 στείᾳ
2281 1589 2322 1654 ⁸,
2347 1589 2611 1661 πάροικον
2631 1587 2828 1642 ἐαυτὸν
2845 1586 3231 1640 ἀποκαλοῦντα
3257 1586 3353 1638 καὶ
3382 1583 3679 1654 παρεπίδη-

2112 1696 2231 1751 μον,
2254 1679 2348 1732 καὶ
2375 1681 2444 1750 τῇ
2465 1677 2733 1750 εὐκληρίᾳ
2762 1676 3040 1749 θαρρῆσαι
3073 1674 3148 1748 μὴ
3178 1674 3576 1746 ἀνασχόμενον.
3600 1671 3684 1742 Τῷ

2108 1773 2223 1828 ὄντι
2257 1773 2366 1845 γάρ
2394 1772 2586 1842 σοφίας
2618 1773 2793 1843 μεστά
2822 1771 2891 1825 τὰ
2920 1773 3149 1844 ῥήματα
3172 1770 3215 1834 ⁷,
3245 1770 3340 1823 καὶ
3384 1769 3488 1839 τὴν
3532 1766 3684 1837 φύσιν

2108 1865 2213 1920 τῶν
2243 1865 2413 1919 ὄντων
2451 1864 2850 1935 ἐπισταμένης,
2881 1864 2974 1919 καὶ
3007 1863 3200 1917 τούτου
3236 1862 3404 1936 χάριν
3431 1862 3529 1931 τῆς
3552 1875 3683 1932 παρ·

2107 1956 2274 2029 ούσης
2303 1958 2607 2028 εὐημερίας
2641 1956 3121 2029 καταφρονούσης.

2418 2071 2688 2128 EPMHN.
2731 2072 2870 2125 ΤΟΥ
2909 2070 3013 2126 ΛΘ¹
3066 2071 3398 2126 ΨΑΛΜΟΥ.

2183 2191 2253 2240 α’.
2290 2203 2311 2237 t
2351 2184 2446 2244 Είς
2485 2182 2548 2237 τὸ
2573 2184 2746 2248 τέλος,
2792 2184 2870 2255 τῷ
2896 2185 3059 2238 Δαϐὶδ
3095 2184 3330 2255 ψαλμός.
3372 2203 3395 2236 s
3434 2184 3586 2249 Τινὲς
3617 2183 3691 2247 εις

2114 2275 2204 2331 τδν
2239 2275 2512 2347 μακάριον
2533 2274 2554 2305 ⁸
2599 2274 2873 2346 Ἰερεμίαν
2895 2275 3084 2329 τοῦτον
3118 2274 3319 2329 ἔλαϐον
3345 2275 3448 2329 τὸν
3466 2274 3688 2347 ψαλμὸν,

2113 2366 2260 2430 τινὲς
2286 2368 2366 2430 είς
2393 2366 2487 2419 τὸν
2513 2365 2820 2437 θαυμάσιον
2842 2367 3073 2439 Δανιήλο
3102 2367 3296 2440 ἐπειδὴ
3323 2369 3582 2431 κάκεῖνος
3609 2366 3694 2420 καὶ

2113 2453 2266 2523 οὗτος
2306 2460 2386 2524 είς
2426 2460 2633 2514 λάκκον
2680 2459 3013 2533 ἐϐλήθησαν,
3073 2462 3356 2532 μέμνηται
3404 2461 3462 2515 δέ
3501 2461 3692 2514 λάκκου

2114 2547 2209 2603 τοῦ
2237 2548 2457 2618 ψαλμοῦ
2487 2548 2548 2602 τὸ
2574 2549 2864 2619 προοίμιον
2885 2565 2898 2579 ⁸
2928 2548 3123 2620 καὶτῷ
3155 2551 3237 2604 ἐνὶ
3259 2551 3693 2622 προσεσχηκότες

2118 2640 2288 2715 ῥητῷ,
2349 2644 2430 2705 είς
2468 2641 2684 2712 ἐκείνην
2741 2642 3045 2713 ἐτράποντο
3094 2643 3197 2713 τὴν
3245 2642 3518 2698 διάνοιαν.
3553 2641 3729 2704 Τινέςι

2116 2735 2175 2789 δὲ
2213 2738 2327 2799 τοῖς
2357 2736 2615 2807 οίκήσασι
2637 2735 2738 2807 τὴν
2771 2735 3075 2790 Βαϐυλῶνα
3097 2735 3476 2808 δορυαλώτοις
3506 2734 3698 2806 ἁρμότ-

2116 2844 2233 2881 τειν
2271 2827 2482 2898 ἔφασαν
2527 2827 2621 2882 τὸν
2656 2826 2892 2899 ψαλμόν.
2960 2826 3101 2898 Ἐγὼ
3133 2827 3191 2881 δέ
3217 2829 3477 2893 τυπικῶς
3505 2830 3600 2900 μὲν
3627 2829 3699 2891 εἰς

2117 2919 2187 2973 τά
2232 2919 2624 2991 συμϐεϐηκότα
2664 2918 2742 2989 τῷ
2790 2918 2958 2973 Δαϐὶδ
3001 2919 3236 2976 τοῦτονὲ
3288 2917 3693 2991 συγγεγράφθαι

2121 3013 2369 3085 νομίζω·
2423 3012 2797 3085 ἀναφέρεσθαι
2849 3012 2908 3066 δὲ
2965 3012 3067 3067 καὶ
3119 3014 3200 3077 είς
3252 3012 3551 3090 datadari".
3594 3011 3694 3065 τῶν

2122 3103 2431 3176 ἀνθρώπων
2468 3105 2571 3176 τὴν
2623 3104 2811 3175 φύσιν,
2857 3104 2964 3157 ὑπὸ
3009 3103 3103 3157 τοῦ
3134 3104 3272 3159 Θεοῦ
3308 3107 3409 3161 καὶ
3460 3104 3694 3176 Σωτῆρος

2121 3197 2282 3268 ἡμῶν
2310 3197 2410 3262 τάς
2459 3197 2559 3268 τῆς
2592 3196 2947 3260 ἀναστάσεως
2993 3195 3298 3267 δεξαμένην
3336 3197 3579 3260 ἐλπίδας.
3609 3194 3696 3257 Ei;

2122 3291 2180 3345 δέ
2216 3289 2426 3360 ταύτην
2481 3289 2631 3359 ἡμᾶς
2677 3286 2911 3356 ποδηγεῖ
2951 3286 3052 3358 τὴν
3085 3285 3336 3341 διάνοιαν
3366 3289 3395 3342 ὁ
3421 3286 3693 3346 θεσπέσιος

2124 3381 2358 3446 Παῦλος,
2381 3381 2440 3434 ἐν
2463 3382 2530 3451 τῇ
2555 3378 2694 3450 πρὸς
2721 3377 3012 3451 Ἐϐραίους
3060 3377 3329 3451 ἐπιστολῇ
3355 3378 3533 3451 ῥητῶν
3555 3376 3697 3432 ἐνίων

2131 3473 2394 3547 μνησθείς
2421 3472 2485 3528 ¹¹.

2199 3567 2265 3638 β’,
2308 3566 2380 3635 γ’.
2433 3584 2453 3619 ι
2506 3565 2835 3636 Ὑπομένων
2885 3564 3164 3636 ὑπέμεινα
3215 3564 3312 3618 τὸν
3352 3564 3580 3637 Κύριον,
3618 3557 3699 3616 καὶ

2128 3658 2401 3731 προσέσχε
2431 3674 2543 3729 μοι.
2574 3656 2686 3709 Καὶ
2711 3654 3001 3725 είσήκουσε
3041 3653 3144 3725 τῆς
3178 3653 3425 3724 δεήσεώς
3459 3670 3581 3726 μου,
3615 3653 3699 3704 καὶ

2129 3749 2377 3821 ἀνήγαγέ
2416 3766 2482 3820 με
2516 3749 2581 3802 ἐκ
2604 3747 2812 3803 λάκκου
2842 3747 3242 3818 ταλαιπωρίας,
3270 3749 3370 3801 καὶ
3404 3746 3515 3802 ἀπὸ
3542 3740 3700 3817 πηλοῦ

2135 3844 2301 3907 ίλύος.
2339 3862 2358 3896 ι
2401 3842 2695 3915 Ἀρμὸττει
2739 3840 2799 3895 δέ
2842 3841 2941 3896 καὶ
2972 3840 3052 3912 τῷ
3085 3841 3349 3913 μακαρίῳ
3377 3843 3421 3913 ε’
3444 3839 3606 3895 Δαϐὶδ
3637 3834 3699 3888 τά

2135 3938 2393 4008 ῥήματα*
2451 3933 2718 4006 σύμφωνα
2792 3933 2902 4005 γάρ
2980 3934 3098 3987 ἐστι
3145 3931 3226 4004 τῷ
3282 3929 3701 4006 προτεταγμένῳ

2131 4026 2358 4100 ψαλμῷ.
2401 4027 2489 4081 Ἑν
2519 4026 2715 4097 ἐκείνῳ
2763 4027 2862 4096 μὲν
2901 4024 3012 4097 γάρ
3043 4024 3267 4092 ἔλεγεν·
3309 4046 3329 4079 ι
3384 4025 3702 4081 Εἰσάκουσον

2131 4122 2230 4193 τῆς
2261 4118 2575 4194 προσευχῆς
2609 4118 2953 4191 μου,Κύριε,
2996 4118 3093 4172 καὶ
3115 4118 3158 4149 ¹³
3190 4117 3293 4189 τῆς
3319 4116 3560 4191 δεήσεως
3592 4127 3700 4188 μουο

2133 4211 2518 4275 ἐνὼτισαιτῶν
2538 4211 2796 4283 δακρύων
2828 4226 2962 4282 μου·
3004 4210 3080 4283 μὴ
3110 4214 3585 4284 παρασιωπήσῃς,
3618 4206 3703 4261 καὶ

2132 4308 2258 4370 ἄνες
2290 4322 2380 4377 μοι
2398 4303 2486 4358 ἴνα
2510 4302 2770 4374 ἀναψύξω
2789 4303 2833 4335 ⁸³
2850 4302 2959 4374 πρὸ
2986 4302 3084 4356 τοῦ
3112 4320 3179 4374 με
3208 4302 3494 4368 ἀπελθεῖν,
3516 4303 3607 4357 καὶ
3623 4300 3703 4352 οὐ·

443 4396 555 4451 ait:
593 4415 612 4448 ι
651 4396 717 4452 Ει
758 4413 883 4468 qua:
926 4415 1075 4469 nunc
1106 4408 1191 4455 est
1217 4400 1558 4471 exspectatio
1616 4399 1784 4455 mea?
1836 4417 2013 4458 nonne

2134 4400 2252 4455 κέτι
2275 4401 2336 4454 ού
2359 4399 2434 4470 μὴ
2453 4397 2704 4469 ὑπάρξω.
2733 4416 2752 4447 ι
2774 4396 2889 4451 Καὶ
2911 4396 3174 4466 ἀνωτέρω
3189 4397 3247 4450 δὲ
3262 4396 3374 4469 ἔφη
3395 4413 3412 4431 ο
3443 4415 3463 4448 ι
3492 4396 3598 4450 Καὶ
3620 4391 3703 4446 νῦν

442 4487 838 4546 Dominus?et
883 4490 1194 4547 substantia
1229 4507 1348 4548 mea
1402 4491 1547 4563 apud
1591 4500 1645 4548 te
1691 4502 1796 4549 est.
1831 4513 1850 4548 ι
1922 4493 2013 4551 Ηί(

2133 4495 2218 4557 τίς
2250 4491 2556 4565 ήύπομονή
2594 4507 2727 4561 μου;
2755 4488 2879 4559 οὐχὶ
2931 4487 3174 4560 Κύριοςς
3219 4489 3320 4543 καὶ
3358 4491 3394 4561 ἠ
3425 4481 3704 4545 ὑπόστασίς

443 4595 595 4647 vero,
629 4592 889 4654 tanquam
920 4584 1308 4655 deprecatione
1366 4585 1629 4652 admissa,
1667 4595 1721 4641 et
1760 4586 2028 4656 petitione

444 4691 729 4746 concessa,
758 4680 893 4735 dicit
918 4700 932 4736 :
963 4697 983 4732 ι
1018 4681 1355 4751 Exspectans
1377 4681 1688 4752 exspectavi
1732 4679 2026 4737 Dominum

443 4777 501 4822 et
527 4769 757 4823 attendit
791 4769 857 4824 ad
889 4786 994 4828 me.
1033 4789 1053 4823 ι
1092 4771 1234 4827 Cum
1297 4771 1444 4826 enim
1481 4781 1766 4842 peccatum
1810 4787 2032 4829 aversa-

397 4868 402 4872 ”
447 4867 536 4913 tus
577 4869 744 4924 esset,
777 4861 1097 4918 benevolam
1125 4862 1322 4920 faciem
1353 4863 1488 4918 mihi
1521 4864 1785 4928 ostendit,
1821 4873 1876 4920 et
1904 4879 2032 4936 pre-

452 4966 546 5008 ces
584 4966 736 5007 meas
762 4953 1063 5008 exaudivit.
1117 4951 1185 5007 Et
1224 4952 1356 5022 quid
1399 4950 1553 5018 fecit,
1606 4966 1732 5007 cum
1770 4951 2032 5007 exaudis—

449 5050 533 5099 set
557 5043 582 5099 2
610 5062 630 5096 ι
662 5028 862 5099 Eduxit
890 5061 978 5101 me
1002 5061 1034 5103 e
1080 5046 1202 5102 lacu
1235 5044 1493 5109 miseriae,
1529 5053 1587 5099 et
1609 5060 1640 5101 e
1675 5045 1792 5099 luto
1825 5043 2027 5100 faecis.»

449 5122 544 5191 Sic
569 5144 753 5192 autem
784 5151 958 5194 sacrae
987 5137 1209 5196 Litterae
1234 5137 1478 5194 maxima
1515 5136 1837 5193 discrimina
1888 5153 2034 5192 nun-

2140 4602 2242 4657 μου
2280 4583 2434 4656 παρά
2483 4580 2577 4636 σοῦ
2620 4582 2792 4634 ἐστιν.
2851 4599 2872 4633 ι
2928 4579 3201 4635 Ἐνταῦθα
3232 4580 3312 4647 δέ,
3368 4579 3448 4645 ὡς
3478 4579 3577 4649 τῆς
3611 4579 3707 4629 ἱκε-

2134 4681 2287 4744 τείας
2316 4675 2621 4748 δεχθείσης,
2640 4672 2736 4726 καὶ
2763 4670 2860 4743 τῆς
2884 4672 3157 4742 αἰτήσεως
3179 4671 3453 4743 δοθείσης,
3494 4689 3514 4724 ι
3559 4668 3706 4723 ’Υποο

2132 4778 2331 4851 μένων,
2363 4770 2555 4842 φησιν,
2595 4764 2871 4836 ὑπέμεινα
2911 4764 3005 4819 τὸν
3036 4765 3268 4851 Κύριον,
3306 4766 3408 4819 καὶ
3447 4762 3705 4851 προσέσχε

2132 4847 2276 4939 μοι.»
2319 4857 2811 4930 Ἀπεστραμμένος
2836 4855 2947 4925 γὰρ
2968 4856 3067 4927 τὴν
3093 4854 3138 4887 ’⁸
3158 4850 3463 4926 ἁμαρτίαν,
3493 4847 3707 4923 εὐμενές

2132 4974 2224 5028 μοι
2259 4952 2556 5026 πρόσωπον
2591 4946 2769 5013 ἔδειξε
2800 4947 2869 5012 ¹⁵,
2897 4949 2994 5001 καὶ
3036 4948 3325 5017 είσήκουσε
3359 4950 3460 5019 τῆς
3485 4939 3705 5016 δεήσεώς

2132 5066 2257 5120 μου.
2300 5044 2481 5100 Καίτι
2501 5041 2809 5113 πεποίηκεν
2850 5037 3213 5104 είσακούσας;
3248 5058 3268 5090 ι
3304 5039 3420 5094 Καὶ
3447 5039 3488 5070 ¹⁶
3515 5036 3706 5106 άνήγα·

2130 5142 2196 5210 γέ
2223 5156 2292 5209 με
2317 5138 2381 5191 ἐκ
2400 5134 2605 5191 λάκκου
2627 5131 3028 5204 ταλαιπωρίας,
3055 5132 3154 5187 καὶ
3172 5130 3277 5186 ἀπὸ
3304 5130 3485 5204 πηλοῦ
3505 5128 3659 5192 ίλύος.
3683 5142 3701 5177 ι

1620 5254 1859 5311 VARUE
1897 5252 2285 5311 LECTIONES
2319 5251 2404 5306 ET
2436 5241 2671 5307 NOTAE.

549 5368 571 5402 ί
620 5366 719 5424 Σέ.
754 5369 926 5425 Abest
971 5384 1002 5423 a
1041 5367 1166 5424 cod.
1208 5368 1262 5422 2.
1348 5369 1368 5400 ¹
1411 5360 1928 5434 Ἀπιὸολοῦντοᾳ
1962 5383 2013 5423 cr

549 5440 904 5491 lraaméti'w.
934 5440 1055 5491 cod.
1090 5437 1126 5491 2
1160 5438 1311 5491 addit
1337 5438 1505 5491 Βιοῦν.
1621 5441 1641 5472 ³
1665 5438 1852 5491 Τοῦτο
1882 5469 1949 5481 --
1975 5439 2013 5491 ﬁ

2134 5367 2157 5420 l
2201 5366 2673 5439 παρακαλοῦντος.

2118 5456 2139 5490 ’.
2172 5438 2299 5491 Des.
2332 5438 2386 5491 in
2421 5439 2546 5491 cod.
2578 5437 2633 5490 (ἐ.

1211 5438 1311 5493 ldit
1336 5438 1505 5506 βιοῦν.
1621 5441 1641 5472 ³
1665 5438 1852 5493 Τοῦτο
1882 5469 1949 5481 —-
1974 5438 2139 5503 βίον.
2172 5438 2299 5492 Des.
2332 5438 2386 5491 in
2421 5439 2546 5491 cod.
2578 5438 2633 5490 (ἐ.

1211 5509 1594 5580 ⁸ἀ1ακὰριον.
1653 5511 1776 5580 cod.
1819 5508 2114 5580 ἓίμέγανζ
2151 5579 2159 5580 7
2197 5510 2217 5541 ⁹
2256 5509 2381 5580 cod.
2408 5507 2462 5580 2
2497 5506 2633 5580 τοῦτς

1254 5600 1304 5645 ς.
1359 5581 1480 5635 Des.
1538 5581 1682 5650 apud
1731 5578 1899 5635 (Iord.
1957 5594 2012 5649 p.
2067 5578 2190 5643 751,
2289 5579 2333 5610 "
2388 5579 2585 5645 Μίικαι

1254 5649 1298 5681 ’⁵
1329 5648 1471 5719 Τήν.
1504 5651 1737 5706 Praestat
1771 5650 1933 5707 lectio
1965 5649 2087 5707 cod.
2123 5648 2158 5703 2
2179 5648 2267 5705 διὰ
2297 5648 2395 5719 τὴν
2425 5647 2585 5718 ἐμήν.

456 5439 478 5469 ⁸
497 5437 904 5507 ’ᾼναστρέψα
934 5440 1055 5493 coit.
1090 5437 1126 5492 2
1160 5438 1311 5493 addit
1336 5438 1505 5506 βιοῦν,

454 5508 475 5541 τ
503 5504 605 5562 Τά.
639 5504 857 5563 Αιίοεια
892 5513 1014 5564 cod.
1051 5509 1099 5562 1.

456 5594 585 5650 τ-ῳῖε
689 5578 729 5650 ξ
761 5580 865 5644 Εἰς
895 5610 964 5621 -
988 5579 1304 5650 μνησθείς.
1333 5581 1480 5650 _De.8.
1538 5581 1682 5650 apud
1731 5578 1899 5635 (Iord.
1957 5594 2012 5649 p.

458 5645 653 5711 ύούξω.
697 5645 821 5701 Des.
854 5650 906 5705 in
937 5645 1061 5707 cdd.
1100 5645 1149 5706 Ι.

454 5731 485 5768 a
512 5714 634 5770 cod.
667 5713 725 5766 2.

2778 5364 2800 5397 ³
2853 5361 2978 5431 Τὴν
3015 5364 3153 5433 γῆν.
3202 5361 3350 5433 cod._
3379 5360 3416 5414 2
3445 5353 3706 5433 ἐνταῦθα.

2742 5436 2763 5467 ⁸
2785 5428 3142 5500 duritatem.
3173 5432 3291 5489 cod.
3322 5430 3358 5484 2
3392 5430 3539 5500 addit
3563 5428 3705 5500 _bvr_a.

2791 5505 2832 5537 '°
2881 5496 3176 5559 Ἅπασαν.
3228 5500 3353 5556 cod.
3402 5501 3455 5565 1,
3488 5499 3525 5553 2
3550 5496 3708 5551 ἀπάν·

2289 5579 2333 5610 "
2388 5577 2695 5645 Μηκαρίῳ.
2753 5575 2881 5628 cmi.
2920 5574 2955 5628 9
3009 5575 3161 5628 θείω.
3260 5571 3309 5603 ¹³
3340 5566 3705 5624 Καὶ-ἁνα-

2297 5648 2395 5695 τῆν
2425 5647 2585 5695 ἐμήν.
2685 5647 2726 5677 ⁸⁸
2759 5645 2881 5695 coJ.
2927 5647 2945 5695 Ι
2983 5629 3210 5695 ἕδειέατ.
3312 5641 3357 5672 ⁸⁸
3391 5641 3519 5695 Kal.
3554 5636 3712 5691 Abest

2685 5647 2726 5677 "
2759 5645 2881 5701 coJ.
2927 5647 2945 5701 ι
2983 5642 3210 5710 ἔδειξας.
3312 5642 3357 5672 ⁸⁸
3391 5642 3519 5695 Kal.
3554 5642 3685 5691 Abes

2197 5510 2217 5541 ⁹
2256 5509 2381 5563 cod.
2427 5507 2462 5560 2
2497 5506 2672 5559 τοῦτο.

3929 2870 3931 3025 l
