4004 6216
376 359 518 422 1169

1666 320 1671 323 ’
1750 356 1831 417 IN
1873 322 2080 417 PSAL.
2124 355 2274 415 xu.

3492 328 3647 433 n70

379 473 706 531 ⁸ποθούντων.
747 477 960 548 Ἐπειδὴ
988 478 1093 551 γὰρ
1124 473 1263 549 ἦσαν
1294 479 1350 531 ὲν
1382 476 1564 538 αὐτοῖς
1598 474 1859 537 εὐσεϐεῖς,
1881 472 1953 535 ώς

2061 472 2352 528 derabaut.
2390 473 2526 540 Quia
2550 478 2696 533 enim
2722 489 2881 537 erant
2908 483 3049 540 inter
3081 486 3202 543 illos
3251 486 3498 542 nonnulli
3526 485 3634 542 viri

376 569 406 621 ὀ
439 568 578 632 θεῖος
616 569 832 641 Δανιὴλ,
871 570 946 635 ὡς
985 573 1014 624 ὁ
1057 570 1358 642 θαυμάσιος
1389 569 1434 600 ⁸¹
1475 566 1753 637 Ἰεζεκιὴλ,
1786 565 1859 629 ὡς
1903 568 1950 618 οἱ

378 660 676 715 καλλίνικοι
708 663 982 735 μάρτυρες
1019 664 1286 727 Ἀνανίας,
1335 661 1614 731 Ἰκαρίας,
1644 660 1738 714 καὶ
1770 660 1815 691 ⁸⁷
1850 660 1950 713 Μι-

377 751 515 823 ζαὴλ
536 754 606 822 ⁸⁸,
638 754 857 826 θερμῶς
888 756 1035 825 μάλα
1062 756 1151 810 τὸν
1178 755 1315 809 Θεὸν
1344 753 1687 823 ἀγαπῶντες,
1716 752 1814 805 καὶ
1854 754 1952 821 τὴν

377 841 601 912 ἔννομον
654 844 819 899 αὐτοῦ
867 846 1125 919 λατρείαν
1178 844 1505 907 ποθοῦντες·
1563 844 1622 897 τὸ
1671 843 1875 897 τούτων
1926 845 1953 897 ὁ

382 936 716 1007 προφητικδς
768 937 924 1006 λόγος
977 937 1262 992 ἀναλαϐὼν
1310 937 1621 1007 πρόσωπον,
1672 934 1706 987 ἃ
1751 934 1857 1005 χρὴ
1906 934 1950 965 ⁸⁹

378 1026 506 1096 παρ’
533 1025 754 1080 ἐκείνων
782 1031 838 1082 ἐν
862 1028 938 1100 τῷ
957 1030 1053 1099 τῆς
1091 1029 1376 1099 συμφορᾶς
1412 1028 1639 1098 ῥηθῆναι
1680 1026 1723 1056 ³⁸
1752 1024 1949 1096 καιρῷ,

374 1116 481 1188 πρὸ
524 1117 735 1171 πολλῶν
765 1120 968 1188 γενεῶν
1003 1121 1351 1191 προδιδάσκει
1391 1122 1456 1181 ⁹¹,
1494 1121 1577 1171 ἵνα
1604 1119 1649 1147 ⁸³³
1680 1121 1743 1189 τῇ
1785 1119 1952 1189 πριῤ-

375 1206 533 1275 ῥήσει
560 1204 1017 1277 ψυχαγωγῶνται,
1051 1210 1146 1263 καὶ
1175 1212 1240 1281 τῇ
1286 1209 1605 1280 διδασκαλίᾳ
1650 1208 1951 1261 παιδεύων-

373 1311 490 1350 ται.
541 1296 641 1350 Διά
687 1299 847 1353 τοῦτο
883 1299 979 1355 καὶ
1023 1302 1110 1367 εις
1136 1300 1200 1354 τὸ
1235 1302 1409 1368 τέλος
1447 1303 1475 1354 ὀ
1515 1300 1726 1371 ψαλμδς
1761 1299 1948 1368 ἐπιγέ-

371 1401 647 1457 γραπται,
681 1389 871 1461 ἐπειδὴ
908 1390 1045 1460 μετὰ
1082 1390 1343 1461 πλείστην
1376 1391 1571 1462 χρόνου
1606 1389 1852 1461 περίοδον
1884 1389 1952 1443 τὰ

370 1476 639 1549 λεγόμενα
668 1479 818 1544 τέλος
851 1482 899 1515 ⁸³
928 1481 1223 1553 ὲλάμΰανε.
1259 1483 1587 1554 [Ιρόσκειται
1612 1481 1670 1535 δὲ
1720 1484 1816 1535 καὶ
1861 1484 1949 1548 εις

369 1568 650 1634 σύνεσιν,
688 1571 876 1643 ἐπειδὴ
918 1573 1125 1644 ταύτης
1173 1575 1406 1645 μάλιστα
1441 1574 1522 1628 δεῖ
1564 1578 1675 1639 τοῖς
1724 1575 1948 1646 περιπί-

369 1677 504 1717 πτου
514 1679 563 1715 σι
593 1666 900 1735 συμφοραῖς
926 1666 996 1721 ⁸³.

442 1755 509 1825 β’.
555 1775 574 1807 ι
628 1758 723 1811 ’ον
755 1758 957 1829 τρόπον
990 1758 1240 1812 ἐπιποθεῖ
1275 1760 1307 1831 ἡ
1337 1758 1535 1828 ἔλαφος
1580 1759 1671 1812 ἐπὶ
1702 1759 1797 1822 τὰς
1846 1776 1948 1830 πη-

369 1845 473 1914 γὰς
518 1846 627 1900 τῶν
670 1847 900 1912 ὑδάτων,
932 1847 1103 1911 οὕτως
1133 1851 1386 1903 ἐπιποθεῖ
1421 1852 1453 1921 ἡ
1484 1848 1629 1919 ψυχή
1667 1866 1771 1919 μου
1812 1850 1946 1919 πρὸς

370 1937 455 2004 σὲ,
483 1939 512 1991 ὀ
536 1937 688 2003 Θεὸς.
728 1958 745 1991 ι
783 1942 920 1993 Φασὶ
949 1940 1047 2004 τὰς
1089 1939 1321 2011 ἐλάφους
1344 1940 1414 1995 τά
1459 1940 1637 1994 ίοδόλα
1669 1940 1950 1996 θοινᾶσθαι

368 2029 555 2101 θηρία,
604 2031 698 2086 καὶ
747 2030 1107 2103 σφοδρότερον
1138 2032 1389 2085 ἐντεῦθεν
1432 2033 1512 2096 είς
1560 2031 1719 2102 δίψαν
1762 2033 1951 2085 ἐκκαίε-

367 2122 543 2185 «om,
595 2125 692 2178 καὶ
742 2122 1077 2195 θερμότερον
1123 2125 1232 2178 τῶν
1282 2124 1490 2179 ὑδάτων
1534 2125 1827 2196 ὀρέγεσθαι
1877 2126 1946 2181 ³⁸.

368 2212 737 2279 Βαϐυλωνίοις
780 2216 960 2269 τοίνυν
1002 2218 1054 2269 oi
1104 2217 1496 2289 προειρημένοι
1552 2218 1825 2284 συνόντες,
1856 2220 1950 2272 άν-

368 2307 528 2379 δράσι
547 2309 837 2381 δυσσεσεία
865 2311 960 2363 καὶ
985 2311 1304 2381 παρανομίᾳ
1331 2309 1560 2378 συζῶσι,
1588 2312 1682 2366 καὶ
1706 2312 1950 2384 ἀτεχνῶς

368 2400 481 2461 τοῖς
517 2400 868 2470 ὲρπυστικοῖς
909 2399 1112 2453 ἐοικόσι
1158 2398 1391 2469 θηρίοις,
1423 2402 1649 2465 εἰκότως
1679 2406 1798 2467 ταῖς
1823 2405 1949 2458 ὲλά-

370 2506 493 2560 φοις
514 2490 914 2561 παραπλησίως
937 2492 1098 2563 διψᾷν
1119 2492 1165 2523 ’⁸
1184 2491 1371 2561 ἔλεγον
1390 2494 1482 2547 τὸν
1506 2495 1659 2560 Θεὸν,
1684 2497 1781 2567 τὴν
1809 2499 1951 2551 ὲκεί-

370 2581 463 2635 θεν
481 2583 775 2648 ποθοῦντες
793 2584 1138 2658 ἀπαλλαγὴν,
1154 2588 1248 2643 καὶ
1271 2590 1669 2661 προσμένοντες
1685 2590 1783 2661 τὴν
1800 2590 1949 2644 θείαν

372 2675 565 2747 ῥοπήν.

439 2771 509 2834 γ’.
556 2784 576 2819 ε
635 2766 919 2837 Ἑδίψησεν
955 2771 990 2839 ἡ
1020 2767 1168 2840 ψυχή
1209 2786 1312 2839 μου
1360 2769 1497 2841 πρὸς
1540 2770 1634 2824 τὸν
1678 2770 1811 2824 Θεὸν
1855 2772 1947 2825 τὸν

372 2857 593 2928 ἰσχυρὸν
620 2858 666 2891 ⁸⁷
696 2858 789 2913 τὸν
815 2859 993 2923 ζῶντα
1012 2876 1025 2889 ·
1058 2862 1189 2913 πότε
1224 2860 1360 2931 ἥξω,
1394 2861 1490 2914 καὶ
1534 2861 1841 2933 ὀφθήσομαι
1869 2862 1948 2933 τῷ

370 2947 651 3021 προσώπῳ
679 2950 775 3004 τοῦ
806 2951 942 3006 Θεοῦ
967 2968 981 2983 ’
1028 2972 1047 3005 ι
1082 2952 1240 3006 Ποοῶ
1273 2953 1348 3020 δὲ,
1382 2955 1534 3022 φησὶ,
1568 2954 1661 3007 καὶ
1682 2954 1819 3025 διψῶ
1848 2957 1948 3025 τὴν

367 3041 467 3095 τοῦ
496 3041 698 3107 ζῶντος
727 3044 773 3076 ⁸⁸
803 3044 937 3099 Θεοῦ
971 3062 1075 3115 μου
1103 3045 1151 3079 ³³
1188 3046 1466 3117 λατρείαν.
1507 3046 1580 3098 Τὸ
1611 3046 1718 3116 γὰρ
1764 3046 1947 3116 όφθῆο

2057 565 2162 633 pii.
2212 575 2269 619 ut
2313 567 2531 623 diuinos
2577 570 2798 639 Daniel,
2833 586 2891 629 ut
2943 579 3211 633 mirabilis
3261 577 3531 643 Ezechiel,
3577 591 3637 634 ut

2057 658 2291 715 victores
2350 672 2633 733 ll;ail)':t.'§,
2682 665 2945 735 Ananias,
3020 672 3268 740 Azarias,
3329 683 3380 728 et
3420 670 3633 738 Misael,

2054 754 2146 823 qui
2176 757 2652 815 vchetm-utissime
2700 762 2868 818 Deum
2912 767 3193 835 amabant,
3231 778 3283 824 et
3333 769 3631 840 legitimum

2057 847 2225 915 ipsius
2268 850 2472 906 culaum
2524 855 2836 923 cupiebant,
2890 858 3083 914 merito
3133 860 3484 931 propheticus
3519 876 3633 916 ser-

2056 954 2145 994 mo
2193 953 2445 1013 suscepta
2509 963 2699 1001 eorum
2754 967 3028 1019 persona,
3080 968 3203 1023 qua:
3258 969 3357 1024 par
3399 963 3513 1010 erat
3564 952 3632 1008 ab

2057 1029 2162 1084 illis
2212 1032 2316 1087 dici
2375 1044 2618 1106 tempore
2676 1041 3041 1109 calamitatis,
3096 1043 3285 1099 multis
3344 1054 3474 1099 ante
3529 1059 3630 1100 sa:-

2054 1123 2193 1179 culis
2244 1124 2438 1194 docet,
2487 1140 2544 1184 ut
2598 1132 2986 1191 vaticinatione
3031 1136 3404 1203 oblbctentnr,
3448 1148 3496 1192 ct
3534 1138 3634 1194 do-

2054 1218 2230 1274 ctrina
2287 1222 2633 1278 erudiantur.
2677 1224 2972 1297 Propterea
3030 1230 3176 1285 cnim
3240 1232 3295 1285 in
3341 1231 3501 1302 ﬁnem
3544 1228 3631 1284 hic
3717 1248 3724 1255 ·

2054 1309 2296 1378 psalmus
2325 1313 2621 1384 inscriptus
2646 1327 2728 1371 est
2761 1337 2774 1373 :
2811 1319 3080 1389 siquidem
3108 1331 3233 1391 post
3254 1320 3631 1392 longissimam

2055 1404 2318 1472 temporis
2363 1408 2582 1471 seriem,
2621 1426 2682 1463 ea
2727 1428 2848 1480 qua:
2893 1413 3025 1468 dicit
3063 1414 3223 1469 linem
3281 1423 3629 1484 acceperunt.

2051 1496 2313 1553 Additum
2350 1510 2434 1555 est
2465 1511 2670 1568 autem,
2704 1506 2756 1557 in
2780 1506 3126 1574 intellectum,
3179 1507 3628 1578 quandoquidem

2051 1599 2118 1638 eo
2157 1588 2396 1643 maxime
2434 1589 2595 1661 871
2648 1606 2830 1663 egent,
2881 1595 2974 1665 qui
3019 1596 3070 1649 in
3112 1598 3449 1653 calamitates
3490 1596 3630 1653 inci.-

2050 1676 2203 1732 dunt.

2126 1768 2291 1827 Vens.
2321 1772 2375 1827 ει.
2415 1792 2433 1825 ι
2473 1772 2945 1840 Quemadmodum
2980 1779 3257 1835 desiderat
3279 1796 3479 1837 cervus
3511 1780 3633 1835 fon-

2054 1870 2136 1916 tes
2164 1877 2452 1933 aquarum,
2486 1866 2561 1920 ita
2597 1868 2873 1924 desiderat
2900 1872 3081 1926 anima
3117 1888 3236 1927 mea
3265 1882 3338 1939 te,
3367 1890 3401 1929 o
3430 1871 3626 1928 Deus.»

2054 1951 2224 2007 Aiunt
2252 1970 2446 2011 cervos
2502 1957 2647 2015 feras
2676 1976 2981 2018 venenosas
3010 1965 3298 2031 devorare,
3330 1975 3386 2021 et
3416 1967 3544 2022 hinc
3573 1966 3632 2021 in

2053 2046 2201 2101 sitim
2232 2047 2585 2104 vehementer
2611 2053 2861 2117 accendi,
2891 2063 2947 2109 et
2975 2070 3148 2125 aquas
3180 2072 3511 2127 magnopere
3537 2057 3631 2111 de-

2051 2136 2317 2191 siderare.
2356 2139 2492 2194 tium
2525 2141 2693 2207 igitur
2737 2145 3040 2213 supradicti
3082 2147 3286 2218 captivi
3327 2157 3631 2204 consuetu—

2051 2226 2235 2283 dinem
2268 2244 2393 2283 cum
2424 2228 2738 2303 Babyloniis
2786 2233 3132 2302 habuissent,
3169 2238 3489 2294 hominibus
3525 2241 3630 2293 im-

2050 2320 2155 2391 piis
2201 2333 2255 2377 et
2284 2322 2509 2394 iniquis,
2546 2337 2599 2381 et
2644 2343 2766 2383 vere
2782 2331 3073 2397 reptilihus
3101 2332 3293 2388 bestiis
3330 2333 3629 2402 similibus,

2052 2428 2157 2465 non
2189 2414 2311 2469 sine
2336 2431 2502 2471 causa
2540 2417 2795 2473 dicebant
2822 2435 2883 2474 se
2912 2420 3088 2476 instar
3131 2439 3425 2479 cervorum
3460 2422 3630 2480 Deum

2051 2503 2222 2568 sitire,
2255 2505 2629 2563 desiderantes
2651 2507 2804 2564 illinc
2837 2509 3078 2577 liberari,
3117 2522 3174 2568 et
3202 2513 3445 2569 divinam
3470 2529 3644 2585 opem.

2049 2606 2444 2665 exspectantes.

2121 2773 2286 2832 Vens.
2329 2779 2383 2832 5.
2434 2796 2452 2830 ι
2492 2777 2675 2836 Sitivit
2707 2784 2887 2837 anima
2938 2799 3058 2839 mea
3090 2784 3158 2840 ad
3192 2783 3360 2841 Deum
3407 2785 3631 2854 fortem,

2050 2869 2231 2924 vivum
2262 2889 2274 2925 :
2301 2873 2523 2941 quando
2548 2875 2783 2942 veniam,
2818 2887 2870 2932 et
2900 2879 3227 2949 comparebo
3261 2889 3388 2935 ante
3420 2878 3629 2935 faciem

2050 2960 2184 3016 Dei?
2217 2982 2235 3014 ι
2271 2961 2468 3033 Cupio,
2505 2965 2703 3037 inquit,
2740 2977 2795 3023 et
2835 2970 2963 3025 sitio
3005 2970 3214 3026 cultum
3258 2970 3352 3026 Dei
3383 2971 3492 3027 mei
3542 2972 3630 3027 vi-

2048 3054 2247 3109 ventis.
2281 3053 2416 3111 Natn
2446 3073 2749 3128 comparere
2770 3071 2891 3116 ante
2918 3062 3109 3130 facient
3146 3063 3264 3128 Dei,
3303 3063 3440 3119 nihil
3479 3062 3630 3120 aliud

368 3150 469 3188 ναι
500 3133 518 3166 ⁸
543 3133 623 3200 τῷ
649 3136 950 3204 προσώπῳ
983 3139 1089 3194 τοῦ
1121 3140 1292 3203 Θεοῦ,
1318 3140 1377 3193 τὸ
1402 3138 1685 3210 λατρεύειν
1714 3143 1734 3172 ²
1761 3140 1907 3211 αὐτῷ
1928 3142 1948 3172 ³

2060 3146 2207 3216 dicit,
2244 3164 2407 3220 quam
2433 3150 2612 3220 ipsum
2641 3152 2943 3208 secundum
2972 3154 3144 3223 legem
3171 3154 3352 3210 colere
3383 3173 3396 3209 :
3430 3156 3626 3223 hujus-

370 3225 516 3279 κατὰ
541 3228 633 3281 τὸν
666 3228 829 3300 νόμον
866 3229 1041 3298 λέγει·
1071 3234 1138 3303 τῇ
1172 3232 1228 3285 δὲ
1270 3232 1625 3303 Ἰερουσαλὴμ
1658 3235 1689 3302 ἡ
1726 3232 1947 3304 τοιαύτη

371 3319 735 3390 περιώρισται
768 3323 789 3353 “
819 3321 1068 3394 λατρεία.
1114 3324 1225 3378 Καὶ
1254 3323 1426 3377 ταῦτα
1458 3324 1480 3355 ⁸
1510 3324 1570 3377 οὐ
1602 3324 1759 3393 μόνος
1790 3326 1818 3377 ὁ
1847 3341 1952 3394 μα-

370 3409 567 3480 κάριος
595 3411 617 3443 ⁸
643 3412 887 3467 διδάσκει
916 3415 1143 3484 Μωσῆς,
1194 3414 1329 3469 ἀλλὰ
1371 3415 1463 3469 καὶ
1502 3418 1548 3468 οἱ
1581 3417 1727 3486 τρεῖς
1774 3415 1953 3485 μακάο

376 3520 485 3575 ριοι
529 3505 551 3539 ⁷
596 3506 892 3579 μάρτυρες,
936 3508 1204 3573 Ἁνανίας,
1254 3506 1528 3579 Ἀζαρίας,
1582 3509 1670 3561 καὶ
1712 3504 1950 3578 Μιζαὴλ,

374 3596 436 3649 ἐν
572 3598 791 3670 καμίνῳ
823 3598 916 3653 τὸν
952 3599 1086 3653 Θεὸν
1120 3599 1549 3664 ἀντιϐολοῦντες.
1585 3599 1748 3654 Μάλα
1770 3599 1827 3653 δὲ
1857 3600 1953 3670 ἁρ-

376 3688 576 3758 μοδίως
624 3692 880 3761 ἰσχυρὸν
913 3694 1007 3746 καὶ
1056 3691 1240 3754 ζῶντα
1284 3693 1376 3746 τὸν
1422 3692 1554 3746 Θεὸν
1602 3693 1951 3764 ὀνομάζουσι,

371 3782 488 3845 τοῖς
516 3781 747 3854 ἀψύχοις
781 3787 872 3839 καὶ
903 3787 1183 3857 ἀκινήτοις
1212 3784 1320 3838 τῶν
1352 3786 1375 3816 ⁸
1410 3784 1766 3840 Βαϐυλωνίων
1798 3786 1954 3841 είδώ-

374 3874 487 3938 λοις
517 3877 877 3947 προσέχοντες
903 3880 944 3933 ⁸.

445 3968 512 4033 δ’,
563 3968 626 4023 ε’.
687 3988 705 4021 ι
778 3971 1039 4041 Ἐγενήθη
1094 3972 1160 4023 τά
1203 3971 1413 4042 δάκρυά
1465 3987 1565 4040 μου
1618 3972 1741 4041 ἐμοὶ
1790 3971 1955 4043 ἄρτος
2030 3955 2035 3960 1

374 4061 592 4134 ἡμέρας
623 4064 717 4116 καὶ
754 4064 946 4126 νυκτός
968 4079 982 4094 ·
1033 4067 1090 4116 ἐν
1123 4062 1201 4133 τῷ
1247 4061 1501 4131 λέγεσθαί
1548 4079 1639 4132 μοι
1667 4061 1789 4116 καθ’
1823 4061 1948 4115 ἑκά-

375 4167 511 4223 στην
539 4152 775 4223 ἡμέραν,
801 4151 904 4205 ποῦ
938 4154 1085 4206 ἐστιν
1114 4156 1143 4207 ὀ
1188 4153 1319 4217 Θεός
1367 4171 1496 4221 σονς
1551 4152 1740 4207 Ταῦτα
1781 4153 1953 4225 ἐμνή-

376 4242 535 4315 σθην,
585 4246 679 4298 καὶ
724 4246 913 4316 ὲξέχεα
957 4246 1043 4298 ἐπ’
1093 4245 1192 4316 ἐμὲ
1224 4245 1321 4316 τὴν
1352 4244 1531 4317 ψυχήν
1584 4262 1709 4315 μου.
1767 4262 1788 4296 ι
1838 4243 1953 4298 Νύ-

376 4352 526 4408 κτωρ
561 4338 625 4402 “,
656 4339 811 4409 φησὶ,
842 4338 938 4392 καὶ
975 4338 1094 4408 μεθ’
1128 4338 1340 4409 ἡμέραν
1369 4337 1766 4409 ὀλοφυρόμενος
1791 4333 1954 4407 κόρον

374 4427 478 4483 οὐκ
522 4428 733 4495 ἔλαϐον,
770 4429 886 4483 ἀλλ’
919 4424 1031 4485 οἷόν
1057 4448 1181 4484 τινα
1209 4429 1413 4503 τροφὴν
1458 4427 1721 4499 ποιοῦμαι
1761 4428 1829 4482 τὰ
1855 4428 1953 4482 δάε

2055 3240 2203 3295 modi
2262 3252 2446 3297 autem
2503 3244 2683 3297 cultus
2733 3244 3107 3317 Hierosolyma
3174 3247 3629 3319 circumscriptus

2053 3339 2191 3386 erat.
2234 3331 2303 3387 Et
2347 3333 2462 3388 haec
2500 3348 2608 3389 non
2654 3335 2805 3391 solus
2852 3336 3043 3391 beatus
3067 3336 3262 3407 .Moses
3307 3339 3487 3403 docet,
3536 3339 3633 3393 sed

2054 3425 2218 3479 etiam
2253 3433 2365 3481 tres
2394 3425 2538 3481 beati
2570 3436 2838 3499 martyres
2864 3429 3126 3497 Auanias,
3158 3430 3405 3495 Azarias,
3441 3440 3496 3485 et
3525 3428 3629 3484 Mi-

2054 3516 2188 3581 sael,
2219 3515 2272 3570 in
2314 3516 2531 3573 camino
2570 3516 2740 3573 Deum
2772 3529 3078 3590 precantes.
3135 3520 3444 3575 Admodum
3491 3537 3634 3575 cou-

2055 3607 2215 3662 cint'le
2268 3617 2450 3663 autem
2505 3610 2696 3680 fortem
2753 3621 2808 3667 et
2859 3613 3032 3666 vivum
3083 3612 3252 3668 Deum
3301 3612 3632 3674 nominant.

2055 3699 2123 3754 ad
2179 3698 2478 3755 inanimata
2532 3712 2585 3757 et
2645 3703 2945 3758 immobilia
2997 3702 3420 3775 Babyloniorum
3486 3704 3630 3759 idola

2056 3800 2389 3861 spectantes.

2127 3964 2291 4021 Vens.
2321 3968 2375 4032 4,
2406 3968 2458 4022 5.
2516 3989 2534 4021 ι
2575 3968 2817 4027 Fuerunt
2858 3972 2991 4026 mihi
3022 3975 3037 3994 '
3068 3973 3320 4044 laerytnre
3356 3988 3492 4028 mea:
3532 3989 3633 4041 lia-

2057 4073 2154 4114 nes
2199 4058 2287 4113 die
2311 4073 2375 4114 ac
2409 4069 2588 4125 nocte,
2621 4059 2753 4116 dum
2784 4062 2984 4118 dicitur
3022 4064 3161 4118 mihi
3206 4064 3493 4134 quotidie:
3533 4064 3631 4121 Ubi

2056 4159 2141 4207 est
2177 4148 2322 4206 Deus
2357 4149 2527 4205 tuus?
2571 4150 2698 4207 Haec
2728 4152 2895 4224 872
2927 4155 3248 4211 recordatus
3286 4171 3433 4219 sum,
3466 4165 3521 4210 et
3550 4156 3631 4210 er-

2055 4240 2174 4298 l‘udi
2202 4241 2256 4296 in
2302 4256 2390 4296 me
2418 4242 2660 4297 animam
2710 4258 2912 4299 meam.
2954 4263 2974 4296 ι
3010 4244 3135 4301 Dies
3178 4255 3500 4316 noctesque,
3534 4247 3630 4311 ait,

2056 4333 2275 4403 lugendi
2306 4333 2531 4390 satietas
2550 4350 2833 4405 nunquam
2853 4337 2996 4407 cepit
3012 4352 3117 4403 me,
3141 4340 3233 4393 sed
3255 4338 3421 4393 veluti
3446 4354 3637 4408 quem-

2056 4427 2181 4481 dam
2224 4426 2406 4482 cibum
2438 4427 2709 4499 lacrymas
2738 4425 2906 4496 facio,
2937 4444 3063 4483 etnn
3094 4440 3315 4501 propter
3343 4440 3395 4485 te
3426 4445 3632 4502 oppro-

375 4538 541 4591 κρυα,
569 4522 648 4593 ,τὰ
671 4525 801 4594 περὶ
843 4524 939 4577 σοῦ
974 4523 1151 4595 ὀνείδη
1187 4523 1495 4593 δεχόμενος.
1525 4523 1587 4575 Οἱ
1615 4520 1726 4592 γάρ
1754 4520 1953 4591 δυσμε-

2060 4520 2175 4574 bria
2205 4520 2431 4589 recipio.
2457 4519 2656 4575 Hostes
2686 4520 2833 4575 enim
2862 4520 3112 4577 derident
3160 4538 3268 4585 me,
3318 4531 3470 4578 tuam
3524 4538 3631 4595 ευρ

375 4614 488 4675 νεῑς
514 4612 913 4676 ἐπιτωθάςουσί
955 4630 1065 4683 μοι,
1100 4614 1198 4685 τὴν
1225 4615 1323 4683 σὴν
1354 4611 1678 4683 κηδεμονίαν
1713 4610 1954 4681 προσφέ-

377 4718 567 4773 ροντες
599 4705 674 4766 ὡς
702 4704 924 4774 ἀσθενῆ,
966 4707 1062 4757 καὶ
1101 4707 1199 4775 τῆς
1228 4703 1408 4758 αὐτῶν
1445 4702 1636 4776 ῥώμης
1666 4701 1955 4773 περιγενέ-

377 4790 505 4845 σθαι
567 4793 644 4864 μὴ
701 4794 1046 4865 δυνηθεῖσαν.
1115 4795 1406 4867 Τοιγάρτοι
1466 4792 1638 4847 ταῦτα
1689 4793 1955 4863 διηνεκῶς

374 4882 745 4954 λογιζόμενος,
765 4885 1043 4939 ἄπαυστον
1069 4887 1108 4917 “
1137 4885 1245 4952 ἔχω
1272 4886 1363 4938 τὸν
1390 4885 1608 4956 θρῆνον.
1642 4883 1714 4937 Τὸ
1746 4884 1855 4953 γὰρ
1888 4884 1949 4946 ⁸³,

382 4990 404 5027 ε
456 4975 676 5046 Ἐξέχεα
706 4976 792 5029 ἐπ’
824 4977 926 5046 ἐμὲ
965 4976 1062 5047 τὴν
1104 4976 1283 5047 ψυχήν
1325 4993 1449 5044 μου,
1501 4994 1521 5026 ι
1557 4973 1716 5028 τοῦτο
1754 4973 1951 5043 σημαί·

2060 4600 2436 4667 bernationem
2486 4611 2848 4683 proferentes,
2894 4621 2955 4667 ut
2993 4612 3342 4678 imbecillam,
3402 4619 3456 4668 et
3507 4628 3629 4682 qua:

2058 4718 2251 4759 eorum
2280 4704 2519 4773 potentia
2549 4704 2802 4773 superior
2829 4718 2951 4758 esse
2981 4718 3090 4757 non
3129 4704 3384 4773 potuerit.
3416 4704 3641 4760 Idcirco.

2057 4795 2316 4851 continue
2340 4796 2455 4852 haec
2479 4796 2724 4866 cogitans
2745 4794 2932 4865 lugere
2952 4810 3061 4850 non
3091 4795 3300 4851 desino.
3326 4795 3440 4853 Hoc
3459 4797 3626 4861 enim,

2063 4905 2082 4938 ι
2121 4886 2300 4941 Ell‘udi
2328 4888 2381 4941 in
2406 4903 2494 4941 me
2524 4887 2764 4941 animam
2800 4900 3001 4951 meam,
3042 4906 3062 4938 ι
3099 4887 3393 4959 signiﬁcat,
3418 4888 3629 4944 eﬂ‘usus

2054 4991 2178 5031 sum
2208 4985 2263 5031 et
2290 4984 2600 5032 commotus
2629 4977 2681 5031 in
2710 4975 2966 5045 ejulatus.
3001 4995 3020 5027 ι
3060 4975 3329 5043 Quoniam
3383 4978 3629 5034 transibo

1486 5109 1720 5166 VARIA‘I
1760 5107 2144 5167 LECTIONES
2186 5108 2272 5163 ET
2312 5109 2551 5167 NOTAE.

450 5228 497 5299 ε’
525 5228 889 5299 Θαυμάσιος.
908 5228 1053 5299 ιοοό.
1088 5227 1123 5281 2
1163 5227 1327 5299 θεῖοςρ

379 5300 418 5354 2
443 5298 593 5370 ἄχρι.
648 5295 712 5330 ’³⁸
751 5295 1051 5370 Ῥηίθῆιςαι.
1071 5298 1198 5370 cod.
1223 5298 1257 5349 9.

1404 5225 1447 5297 ξ’
1485 5225 1620 5280 Καί.
1668 5226 1832 5281 Abest
1867 5241 1953 5297 ac

2078 5225 2188 5280 let
2221 5226 2291 5297 ε.
2353 5226 2399 5259 σε
2429 5227 2550 5281 cod.
2597 5228 2651 5288 ι.
2681 5226 3011 5297 autem.
3059 5228 3201 5282 ονΑ
3244 5226 3381 5297 χρή.
3422 5228 3540 5297 cod.
3570 5228 3626 5283 ι.

1296 5295 1549 5365 ἡσθῆναι.
1625 5297 1668 5327 ³⁸
1715 5296 1839 5351 cod.
1874 5294 1953 5348 2i

2062 5312 2202 5348 σκει.
2279 5296 2324 5328 ”
2354 5297 2505 5350 Ἵνα.
2541 5299 2662 5351 cod.
2699 5298 2723 5349 1
2759 5307 2812 5350 et
2855 5298 2888 5351 5
2914 5294 3121 5352 addunt
3151 5294 3291 5351 καίί
3343 5295 3388 5328 ⁸³
3419 5296 3621 5360 Τέλος.

380 5364 566 5426 ωά’.“’5
590 5384 774 5438 prtem.
803 5369 884 5421 τό.
922 5364 927 5365 ί
961 5368 1008 5398 ³⁸
1038 5364 1397 5436 Συμφοραέῖς.
1434 5368 1489 5419 1η
1517 5366 1635 5439 cod.
1666 5367 1701 5439 2
1730 5376 1953 5439 aequant

2060 5366 2181 5439 ista,
2214 5365 2827 5439 βαθυλωνίοις-τθείαν
2859 5366 3056 5439 ῥοπὴν,
3080 5384 3202 5438 qua:
3222 5364 3629 5439 rSirmadcinde

380 5441 449 5494 ad
479 5454 624 5494 vers.
652 5441 688 5494 2
708 5439 972 5493 exhibuit.

1047 5440 1093 5469 ⁸⁸
1123 5434 1485 5507 Ὄρέγεσθαι.
1513 5436 1637 5507 cod_.
1672 5436 1694 5488 1
1726 5434 1949 5507 ἐφίεσθαι

2068 5435 2113 5465 ⁸⁸
2139 5436 2261 5489 cod.
2294 5436 2317 5488 1
2368 5435 2549 5507 διψῇν.
2623 5437 2667 5467 ’⁷
2704 5437 2819 5507 ,Τὸν
2850 5434 3126 5507 ἰσχυρόνί
3153 5437 3384 5507 Additur
3406 5437 3468 5507 in
3501 5436 3625 5489 cod.

382 5509 561 5576 Alcm,
593 5513 742 5564 deest
772 5518 949 5563 autem
976 5509 1029 5561 in
1063 5495 1191 5561 cod:
1222 5495 1412 5576 V'atic.
1472 5506 1516 5537 ’⁸
1551 5495 1803 5570 Ζῶντοςῖ.
1834 5505 1953 5576 (ξοιΙι

2068 5521 2150 5559 res
2186 5509 2323 5576 Aug.
2348 5495 2519 5569 δντόξ.
2550 5507 2672 5560 cod.
2701 5506 2734 5559 5
2772 5495 3044 5560 additnxa‘t
3072 5506 3319 5559 δυνατοῦ.
3398 5506 3443 5576 ’ξ
3473 5508 3625 5559 Μου.

382 5582 551 5637 Abest
592 5594 623 5633 a
668 5578 791 5633 cod.
822 5577 876 5642 1,
916 5577 970 5630 ‘2.
1050 5578 1066 5607 ¹
1098 5578 1219 5631 cod.
1253 5580 1289 5631 ‘2
1325 5575 1653 5645 ὀφθήσομαι.

394 5648 589 5703 'codd.
624 5657 733 5703 tres
777 5648 914 5715 Aug.
970 5645 1149 5715 τοῦτο.
1221 5647 1242 5677 ⁸
1272 5644 1597 5713 Μακάριος.
1629 5646 1747 5715 cod.
1781 5646 1815 5697 2
1864 5644 2023 5705 θεῖος.

1732 5574 1896 5628 ’eod.
1944 5575 1977 5626 5
2021 5573 2337 5642 λατρεῦσαι.

2418 5576 2438 5606 ³
2468 5576 2590 5631 cod.
2639 5578 2664 5630 1
2718 5576 2900 5631 αὐτόν.
2979 5576 3143 5630 ‘cod.
3195 5577 3228 5630 5
3272 5575 3624 5645 περιώριστο.

2103 5647 2118 5674 ⁷
2145 5646 2266 5698 cod.
2304 5647 2324 5697 1
2352 5654 2421 5699 .et
2462 5648 2495 5700 3
2520 5648 2932 5715 τρισμακάριοι.
2990 5645 3111 5701 cod.
3159 5646 3193 5699 9.
3224 5646 3391 5715 τρεῖς,
3419 5647 3626 5715 omisso

386 5727 649 5797 sequente
680 5712 961 5797 μακαρίοι.
992 5715 1059 5797 ’⁸
1089 5713 1432 5797 Emam“
1461 5731 1490 5767 a
1512 5715 1631 5769 cod.
1748 5717 1810 5797 Λν
1841 5716 1953 5797 ρης

2060 5731 2272 5797 tortae".
2308 5718 2423 5797 cod.
2460 5712 2707 5797 Suprann.
2746 5712 2968 5797 ἣκιστα.
3045 5716 3089 5747 ’⁸
3116 5712 3358 5785 Νύκτωρ
3388 5744 3454 5754 -
3487 5713 3623 5785 θρῆ-

386 5802 518 5844 νον.
579 5786 701 5844 Des.
756 5787 809 5841 in
842 5787 961 5841 cod.
992 5786 1041 5839 '5.

1124 5786 1160 5816 “
1198 5786 1562 5839 Ἀπαινστον.
1602 5785 1719 5840 cod.
1747 5783 1781 5836 9.
1831 5783 1923 5836 ἀπ’
1960 5784 2158 5837 αὑτῶν.

2242 5786 2453 5852 ³έ1ἰὶρ.
2490 5785 2610 5842 Des.
2638 5787 2691 5842 in
2726 5787 2844 5842 cod.
2875 5787 2927 5842 3.
