4012 6206
336 345 480 410 1180

1685 339 1768 400 IN
1801 339 2004 400 PSAL.
2039 336 2240 399 XLIV.
2269 337 2290 348 “

3454 341 3592 412 113⁸)

340 456 435 510 καὶ
475 451 648 512 ταῦτα
693 454 754 507 οὐ
801 439 1132 525 πρόσκαιρα,
1159 454 1274 508 ἀλλ’
1309 454 1502 510 αἰώνια
1531 455 1911 525 ἕχεις.Ίστέον

2026 463 2066 509 ιι
2091 457 2204 510 haec
2227 472 2331 512 non
2353 467 2700 528 temperance
2722 459 2816 516 tibi
2833 471 2982 528 sunt,
3007 461 3103 519 sed
3123 461 3380 534 perennia
3397 462 3589 518 habes.

339 546 414 612 δὲ,
455 545 536 599 ὅτι
554 545 600 576 ¹¹
628 544 689 597 οὗ
724 545 792 598 τὰ
815 545 956 610 θεῖα,
989 543 1125 598 ἀλλὰ
1155 544 1223 598 τὰ
1251 543 1564 616 ἀνθρώπεια
1586 545 1680 598 τοῦ
1714 545 1914 599 Δεσπό-

344 652 436 690 του
461 635 701 704 Χριστοῦ
737 634 764 686 δ
805 633 1144 706 προφητικὺς
1165 634 1209 666 ³³
1249 633 1602 706 παρεδήλωσε
1635 635 1824 703 λόγος·
1856 635 1917 689 ού

345 724 452 794 γὰρ
482 724 546 778 ἂν
563 722 608 754 ¹⁶
639 722 950 793 ἀνθρώποις
973 723 1064 776 τὸν
1089 721 1222 778 Θεὸν
1255 723 1413 792 λόγον
1441 725 1773 789 ἀπείκασεν,
1799 725 1920 778 οὐδ’

346 817 412 871 ἂν
447 815 636 868 τοῦτον
682 814 786 885 ἐφη
831 816 983 885 παρὰ
1011 814 1148 868 Θεοῦ
1181 816 1491 888 δεδέχθαι¹⁸
1519 817 1620 888 τὴν
1645 816 1916 885 εὐλογίαν.

342 899 508 967 Οὗτος
557 905 666 976 γὰρ
717 905 951 970 ἄϐυσσος
999 905 1222 974 ἀγαθῶν
1249 906 1504 974 εὐλογίαν
1549 909 1660 970 τοῖς
1705 909 1920 970 πιστοῖς

337 997 738 1061 ἀναϐλύζουσα.
773 997 853 1050 Τὰ
873 998 918 1029 ¹⁸
951 995 1266 1068 ἀνθρώπεια
1295 998 1475 1052 τοίνυν
1501 997 1589 1052 διὰ
1615 997 1784 1051 τῶνδε
1812 997 1920 1050 τῶν

343 1093 518 1160 λόγων
564 1091 657 1144 τοῦ
701 1091 974 1144 Δεσπὸτου
1005 1090 1246 1162 Χριστοῦ
1292 1091 1680 1162 προεθέσπισε.
1712 1091 1922 1164 Μηδεὶς

341 1183 398 1238 δέ
423 1183 684 1253 ἀντικρὺς
709 1182 932 1237 ἐναντία
959 1183 1081 1248 τοὺς
1107 1185 1396 1255 προφήτας
1423 1183 1676 1256 ἀλλήλοις
1703 1185 1920 1256 εἰρηκέ-

341 1291 430 1330 ναι
459 1273 918 1342 λεγέτω,Ἡσαίου
949 1275 1166 1330 ἀκούων
1199 1276 1462 1346 βοιῖιντος·
1501 1295 1521 1329 ε
1548 1277 1776 1349 Είδομεν
1819 1277 1920 1332 αύ-

339 1365 452 1430 τδν,
479 1365 576 1420 καὶ
608 1367 709 1420 ούκ
747 1362 893 1438 εἶχεν
921 1362 1082 1432 εἶδος,
1111 1367 1235 1422 οὐδὲ
1269 1366 1485 1432 κάλλος,
1511 1367 1647 1423 ἀλλὰ
1690 1371 1750 1424 τὸ
1781 1365 1921 1434 εἶδος

339 1456 504 1511 αὐτοῦ
535 1457 754 1527 ἄτιμον,
788 1457 1038 1512 ἐκλεῖπον
1060 1459 1214 1530 παρὰ
1241 1459 1369 1523 τοὺς
1395 1461 1548 1524 υἱοὺς
1573 1459 1681 1514 τῶν
1708 1459 1920 1532 ἀνθρώ-

2025 547 2316 604 Sciendum
2351 560 2434 606 est
2485 561 2664 607 autem
2715 555 3094 624 propheticum
3129 569 3439 610 sermonem
3481 569 3592 609 non

2019 643 2204 699 divina
2249 645 2343 700 sed
2387 645 2627 701 humana
2667 646 2878 702 Domini
2903 647 3107 704 Christi
3131 649 3588 704 demonstrasse:

2021 751 2126 790 non
2150 737 2294 790 enim
2321 737 2638 796 hominibus
2663 738 2828 795 Deum
2854 738 3094 794 Verbum
3115 741 3473 810 comparavit,
3495 754 3594 794 ne-

2019 829 2310 896 que-hunc
2333 845 2360 883 a
2390 829 2497 885 Deo
2524 831 2955 888 benedictionem
2984 832 3266 900 accepisse
3299 831 3460 885 dixit.
3491 828 3594 886 Hic

2019 923 2162 976 enim
2190 923 2423 994 abyssus
2453 925 2720 980 bonorum
2754 935 2858 991 est,
2883 925 3320 981 benedictionem
3344 923 3594 979 ﬁdelibus

2019 1014 2326 1072 effundens.
2360 1014 2608 1072 Humana
2641 1017 2804 1088 igitur
2824 1017 3030 1073 Christi
3062 1016 3276 1072 Domini
3300 1017 3382 1071 his
3413 1016 3596 1071 verbis

2020 1107 2291 1175 praedixit.
2326 1106 2596 1164 Caeterum
2630 1123 2792 1164 nemo
2827 1109 3134 1180 suspicetur
3169 1109 3467 1180 prephetas
3489 1105 3595 1162 sibi

2019 1197 2252 1255 invicem
2295 1201 2712 1266 contradixisse,
2765 1201 2959 1258 Isaiam
3003 1202 3232 1256 audiens
3282 1202 3601 1257 exclaman-

2018 1300 2126 1348 tcm
2152 1293 2180 1333 ιι
2213 1311 2228 1348 :
2258 1312 2278 1345 ι
2319 1291 2570 1350 Vidimus
2600 1296 2800 1365 ipsum,
2837 1304 2890 1350 et
2917 1309 3024 1350 non
3061 1295 3298 1350 habebat
3333 1294 3594 1365 speciem,

2021 1399 2196 1454 neque
2239 1386 2698 1455 pulchritudinem
2735 1405 2750 1443 :
2793 1389 2886 1443 sed
2919 1387 3130 1456 species
3159 1387 3279 1458 ejus
3316 1387 3595 1456 despecta,
3706 1397 3710 1401 '

2019 1476 2259 1532 deterior
2312 1478 2440 1534 ﬁliis
2492 1479 2803 1536 hominum.
2841 1499 2860 1533 ι
2925 1479 3018 1536 Illa
3075 1481 3221 1536 enim
3275 1495 3492 1536 crucem
3541 1485 3600 1534 et

339 1562 478 1599 πων.
513 1564 533 1598 ι
570 1547 792 1602 Ἐκεῖνα
839 1547 948 1618 γὰρ
991 1547 1085 1602 τὸν
1112 1549 1348 1620 σταυρὺν
1378 1548 1473 1602 καὶ
1497 1549 1558 1603 τὸ
1586 1548 1758 1612 πάθος
1786 1567 1921 1620 προ-

2026 1571 2295 1626 cruciatus
2331 1573 2653 1641 praedicunt,
2704 1587 2827 1642 qua
2849 1573 3109 1628 violentia
3166 1582 3216 1627 et
3241 1570 3598 1627 contumeliis

339 1641 634 1708 αναφωνεϊ,
661 1638 698 1694 ἃ
726 1639 1014 1712 παροινίας
1039 1643 1134 1694 καὶ
1161 1639 1376 1712 ὖϐρεώς
1403 1641 1520 1694 ἐστι
1542 1640 1585 1688 ."
1617 1639 1809 1712 μεστά.
1828 1639 1922 1693 Διδ

337 1729 402 1802 δὴ
430 1731 523 1784 καὶ
551 1731 828 1800 ἐπήγαγεν
857 1731 886 1784 δ
915 1731 1202 1802 προφήτης
1219 1747 1232 1761 ·
1273 1731 1628 1803 «Ἀνθρωπος
1654 1732 1714 1784 ὲν
1738 1731 1919 1802 πληγῇ

335 1819 434 1886 ὢν,
465 1821 562 1874 καὶ
605 1820 762 1886 εἰδὼς
804 1821 998 1894 φέρειν
1040 1823 1336 1895 μαλακίαν,
1367 1823 1669 1895 ἠτιμάσθη,
1695 1823 1788 1877 καὶ
1817 1823 1920 1876 οὐκ
1951 1803 1995 1862 Β

336 1910 611 1982 ἐλογίσθη,
640 1930 660 1963 ι
700 1913 797 1968 καὶ
834 1914 906 1968 τά
935 1914 1074 1969 ἄλλα
1112 1914 1260 1984 ἑξῆς,
1293 1914 1362 1968 τὰ
1386 1916 1448 1968 τὸ
1476 1915 1648 1978 πάθος
1687 1915 1920 1986 μηνύον-

337 2021 424 2058 τα.
439 2003 500 2057 ⁸0
523 2003 580 2057 δὲ
604 2003 822 2076 ψαλμδς
850 2005 1047 2070 κάλλος
1087 2006 1254 2061 αὑτοῦ
1281 2007 1442 2062 καλεῖ
1458 2048 1472 2070 ,
1508 2007 1572 2061 ού
1599 2006 1662 2060 τὸ
1685 2005 1781 2060 τοῦ
1813 2004 1920 2058 σώ-

342 2113 530 2166 ματος,
557 2095 697 2150 ἀλλὰ
735 2098 838 2169 τῆς
873 2099 1077 2170 ἀρετῆς
1105 2100 1201 2152 καὶ
1243 2099 1427 2169 πάσης
1459 2097 1827 2170 δικαιοσύνης,
1857 2095 1919 2152 τὸ

339 2185 612 2258 ἁμαρτίας
655 2189 722 2242 οὐ
769 2189 1062 2262 δεξάμενον
1109 2192 1322 2260 σπῖλον,
1361 2191 1422 2244 τὸ
1469 2190 1650 2261 πάσης
1701 2189 1920 2261 κηλίδος

345 2277 655 2350 ἐλεύθερον.

513 2398 575 2448 ε’.
635 2411 656 2446 ι
713 2392 1020 2464 ίιερίξωσαι
1074 2393 1174 2462 τὴν
1225 2393 1504 2464 ρομφαίαν
1537 2411 1632 2448 σου
1689 2395 1780 2448 ἐπὶ
1827 2395 1920 2448 τὸν

344 2485 518 2556 μηρόν
575 2502 693 2551 σου,
753 2483 972 2540 δυνατέ.
1012 2485 1092 2555 Τῇ
1124 2485 1167 2516 ³⁸
1203 2484 1502 2556 ὼραιότητί
1561 2501 1657 2539 σου
1708 2485 1806 2540 καὶ
1843 2486 1922 2556 τῷ

341 2576 528 2631 κάλλει
552 2593 669 2638 σου,
697 2575 792 2630 καὶ
819 2575 1054 2630 ἔντεινον
1075 2577 1140 2639 ⁸⁸,
1159 2577 1250 2628 καὶ
1285 2576 1608 2642 κατευοδοῦ,
1637 2577 1734 2631 καὶ
1769 2577 1922 2648 βασί-

341 2670 486 2721 λευε.
536 2687 556 2720 ι
591 2667 704 2739 Τὴν
737 2666 888 2740 ὥραν
915 2667 1225 2738 διαγράψας
1270 2667 1368 2721 καὶ
1398 2668 1496 2739 τὴν
1533 2669 1749 2738 σοφίαν,
1787 2670 1922 2723 ὑπο⁴

340 2756 582 2810 δείκνυσι
637 2757 734 2810 καὶ
768 2755 866 2827 τὴν
929 2755 1162 2826 δύναμιν
1218 2757 1312 2810 καὶ
1358 2756 1459 2826 τὴν
1511 2758 1839 2829 πανοπλίαν,

342 2850 691 2922 χρησάμενος
713 2849 844 2912 τοὺς
884 2848 1164 2912 ἐναντίους
1199 2849 1491 2905 κατέλυσε.
1529 2852 1640 2905 Καὶ
1689 2853 1751 2906 τὸ
1787 2853 1924 2906 πάν-

340 2957 452 2995 των
472 2941 622 3014 ἡμᾶς
652 2939 1098 3008 παραδοξότατον
1137 2941 1372 3013 πρᾶγμα
1431 2941 1698 2996 διδάσκει.
1747 2943 1924 3011 Αὐτὴν

339 3033 454 3103 γάρ
506 3030 674 3086 αὑτοῦ
728 3032 827 3102 τὴν
879 3031 1050 3102 ὤραν,
1089 3033 1186 3086 καὶ
1238 3033 1549 3086 πανοπλίαν
1603 3033 1774 3101 λέγει,
1827 3035 1925 3088 καὶ

2021 1659 2218 1715 referta
2272 1671 2418 1716 sunt.
2465 1661 2624 1718 Unde
2680 1662 2964 1734 subiunxit
3009 1662 3270 1733 propheta
3306 1680 3320 1716 :
3363 1680 3382 1712 ι
3421 1658 3599 1716 Homo

2021 1765 2336 1822 percussus,
2392 1761 2446 1808 et
2483 1754 2662 1810 sciens
2701 1754 2842 1810 l'erre
2873 1754 3267 1818 inﬁrmitatem.
3309 1755 3602 1825 despectus

2021 1847 2126 1907 est,
2157 1851 2208 1897 et
2238 1860 2346 1898 non
2383 1856 2664 1915 reputatus
2697 1855 2799 1908 est,
2843 1865 2862 1898 ι
2897 1855 2951 1902 et
2979 1848 3083 1902 alia
3115 1862 3238 1917 qua:
3271 1853 3596 1916 sequuntur,

2019 1950 2138 2002 qua:
2183 1936 2494 2004 passionem
2538 1937 2802 1992 indicant.
2838 1935 3088 1994 Psalmus
3117 1946 3298 1993 autem
3331 1937 3451 2006 ejus
3479 1935 3603 2006 pul-

2020 2025 2384 2082 chritudinem
2443 2037 2620 2096 vocat,
2667 2045 2773 2084 non
2816 2033 3085 2100 corporis,
3119 2029 3213 2087 sed
3254 2031 3494 2096 virtutis,
3545 2038 3603 2090 et

2022 2118 2189 2174 totius
2213 2117 2459 2188 justitim.
2493 2135 2616 2190 quae
2642 2138 2748 2174 non
2782 2122 3001 2178 admisit
3034 2122 3208 2178 labem
3240 2123 3472 2192 peccati,
3505 2119 3602 2176 sed

2021 2209 2118 2265 fuit
2167 2213 2347 2267 munis
2382 2215 2609 2269 maculae
2643 2231 2860 2284 expers.

2095 2390 2266 2462 889
2300 2391 2464 2448 Vens.
2498 2393 2554 2458 4,
2597 2394 2650 2448 5.
2687 2412 2706 2444 ι
2753 2393 2993 2463 Accinge
3029 2401 3082 2448 te
3097 2393 3280 2462 gladio
3309 2403 3406 2450 tuo
3435 2408 3604 2466 super

2024 2481 2202 2536 l’etnur
2234 2493 2411 2544 tuum,
2441 2484 2842 2552 potentissime.
2887 2484 3081 2553 Specie
3107 2493 3202 2539 tua
3241 2495 3296 2540 et
3357 2485 3602 2554 pulchri-

2023 2575 2212 2628 tudine
2247 2583 2339 2630 tua
2371 2575 2624 2640 intende,
2673 2589 2936 2646 prospere
2967 2577 3224 2646 procede,
3258 2583 3314 2632 et
3354 2590 3540 2648 regna.
3575 2593 3600 2627 ι

2026 2661 2308 2732 Descripta
2342 2665 2524 2734 specie
2549 2674 2603 2719 et
2635 2665 2926 2736 sapientia,
2957 2665 3196 2720 ostendit
3219 2674 3274 2720 et
3301 2667 3602 2736 potentiam

2024 2763 2076 2809 et
2117 2769 2290 2818 arma,
2319 2757 2520 2826 quibus
2552 2772 2688 2812 usus
2725 2755 3073 2812 adversarios
3134 2756 3462 2826 proﬂigavit,
3507 2757 3608 2813 do-

2024 2852 2219 2913 cetque
2251 2860 2351 2900 nos
2377 2861 2488 2898 rem
2523 2845 2766 2900 omnium
2801 2845 3041 2900 maxime
3071 2846 3480 2903 admirabilem.
3515 2845 3604 2920 lp-

2025 2951 2140 2991 sam
2174 2936 2318 2990 enim
2369 2935 2488 3005 ejus
2523 2936 2788 3005 speciem,
2821 2945 2874 2990 et
2901 2950 3054 2990 arma
3083 2950 3208 2991 esse
3239 2936 3394 3000 dicit,
3427 2945 3482 2992 et
3512 2951 3606 3009 po-

2028 3029 2274 3082 tentiam.
2300 3027 2433 3084 Nam
2461 3050 2478 3082 ι
2502 3031 2739 3100 Accinge
2767 3039 2839 3094 te,
2865 3029 3066 3101 inquit,
3090 3031 3268 3100 gladio
3304 3039 3400 3085 tuo
3437 3045 3606 3101 super

338 3125 594 3193 δύναμιν.
632 3143 650 3175 ι
682 3122 994 3193 Περίζωσαι
1028 3142 1048 3174 ι
1087 3123 1218 3193 γάρ,
1265 3141 1282 3175 ι
1314 3123 1470 3194 φησὶ,
1507 3122 1608 3195 τὴν
1649 3125 1926 3195 ῥομφαίαν

2032 3123 2208 3177 femur
2236 3133 2418 3187 tuum,
2448 3127 2861 3194 potentissime:
2897 3124 3078 3197 specie
3111 3137 3202 3180 tua
3226 3133 3280 3180 et
3307 3124 3606 3194 pulchritu-

341 3235 441 3272 σου
465 3218 560 3270 ἐπὶ
586 3219 680 3271 τὸν
709 3217 885 3290 μηρόν
914 3234 1032 3280 σου,
1056 3217 1270 3283 δυνατέ,
1294 3220 1361 3289 τῇ
1389 3218 1686 3288 ὡραιότητί
1711 3235 1803 3272 σου
1834 3219 1926 3272 καὶ

339 3310 418 3382 τῷ
453 3310 644 3366 κάλλει
672 3327 786 3365 σου.
813 3328 831 3361 ι
859 3311 968 3364 Καὶ
1001 3310 1258 3382 εἰρηκὼς,
1285 3305 1638 3374 ι-Ἒντεινον,
1672 3314 1766 3366 καὶ
1792 3330 1925 3366 κατ-

335 3399 552 3463 ευοδοῦ,
587 3401 682 3454 καλ⁸
705 3399 988 3470 βασίλευε,
1028 3419 1046 3452 ι
1087 3401 1250 3464 εὐθὺς
1276 3401 1558 3474 ἐπήγαγεν
1587 3421 1602 3438 ·
1641 3422 1660 3454 ι
1697 3403 1926 3458 ’Ἕνεκεν

338 3493 625 3565 ἀληθείας,
658 3494 754 3547 καὶ
784 3493 1096 3563 πραότητος
1121 3494 1187 3558 ³⁸,
1213 3495 1308 3546 καὶ
1334 3493 1706 3566 δικαιοσύνης.
1750 3515 1769 3548 ι
1825 3497 1926 3548 Σα-

337 3586 459 3656 φῶς
492 3585 580 3639 διὰ
633 3585 840 3638 τούτων
891 3585 1183 3651 διδάσκων,
1224 3588 1300 3651 ὼς
1353 3591 1386 3659 ἡ
1425 3589 1678 3661 ἀλήθεια,
1739 3593 1836 3646 καὶ
1889 3595 1920 3664 ἡ

337 3678 612 3750 πραότης,
648 3677 801 3747 καὶὴ
860 3677 1201 3748 δικαιοσύνη,
1243 3679 1339 3734 καὶ
1369 3680 1566 3744 κάλλος
1619 3682 1786 3736 αὑτοῦ
1829 3685 1924 3738 καὶ

337 3769 572 3838 δύναμις
600 3770 696 3824 καὶ
744 3769 1016 3823 πανοπλία
1059 3771 1176 3824 ἐστὶ
1201 3772 1270 3838 ’⁸,
1318 3773 1410 3825 καλ¹
1466 3774 1616 3844 νίκη.
1667 3775 1827 3828 Ἐστι
1866 3775 1924 3828 δέ

337 3864 576 3920 ἀκοῦσαι
626 3863 797 3918 αὑτοῦ
827 3864 872 3894 ²²
903 3864 998 3916 τοῦ
1043 3864 1257 3934 Κυρίου
1318 3864 1596 3933 λέγοντος,
1638 3885 1656 3918 ι
1700 3867 1921 3922 Μάθετε

338 3955 439 4008 ἀπ’
465 3954 731 4026 ἐμοῦ,ὄτι
763 3955 941 4026 πρᾶός
977 3955 1120 4024 είμι,
1159 3957 1253 4009 καὶ
1297 3959 1552 4023 ταπεινὸς
1591 3962 1656 4031 τῇ
1701 3960 1920 4031 καρδία,

341 4047 438 4101 καὶ
483 4048 746 4118 εὑρήσετε
777 4047 1090 4100 ἀνάπαυσιν
1122 4052 1244 4112 ταῖς
1295 4050 1498 4120 ψυχαῖς
1541 4051 1717 4121 ὑμῶν.
1756 4071 1774 4103 ι
1811 4053 1923 4106 Kal.

341 4139 509 4194 πάλιν
538 4140 604 4204 ⁸³,
647 4160 666 4192 ‹
715 4139 858 4208 Ἐγώ
881 4141 1000 4210 ειμι
1031 4142 1064 4211 ἡ
1095 4141 1234 4206 ὁδὸς,
1277 4143 1428 4211 καὶὴ
1462 4143 1710 4212 ἀλήθεια,
1750 4145 1845 4198 καὶ
1887 4147 1919 4216 ἡ

340 4230 482 4302 ζωή.
516 4251 534 4283 ι
567 4232 680 4286 Καὶ
697 4231 834 4304 πρὸς
861 4231 954 4284 τὸν
973 4233 1262 4284 θεσπέσιον
1288 4233 1336 4264 ¹⁸
1374 4232 1629 4304 Ἰωάννην
1649 4251 1664 4263 ·
1706 4255 1724 4286 ι
1751 4237 1922 4304 Ἀφες

341 4325 491 4396 ἄρτι,
525 4322 670 4377 οὕτω
698 4323 808 4396 γὰρ
833 4325 1046 4395 πρέπον
1071 4327 1204 4394 ἡμῖν
1253 4326 1370 4378 ἐστι
1417 4326 1708 4396 πληρῶσαι
1739 4330 1922 4382 πᾶσαν

340 4414 714 4486 δικαιοσύνην.
752 4433 772 4466 ι
813 4416 924 4468 Καὶ
955 4414 1044 4468 διὰ
1084 4415 1293 4467 τούτων
1335 4416 1430 4469 τοῦ
1470 4416 1769 4486 ἀλάστορος
1821 4417 1922 4488 τὴν

341 4505 638 4574 τυραννίδα
694 4505 985 4570 κατέλυσε,
1035 4507 1130 4560 καὶ
1189 4506 1282 4559 τὸν
1323 4507 1556 4562 θάνατον
1601 4509 1780 4573 ἔλυσε,
1828 4513 1923 4563 καὶ

343 4594 460 4656 τοῖς
485 4599 878 4648 πεπιστευκόσι
903 4595 1146 4668 παρέσχε
1179 4596 1278 4667 τὴν
1328 4599 1628 4668 σωτηρίαν.
1668 4615 1690 4652 s
1734 4600 1846 4653 Kal.
1869 4601 1917 4633 ’⁵

343 4685 604 4757 ὁδηγήσει
635 4703 694 4740 σε
720 4687 1056 4757 θαυμαστῶς
1084 4689 1118 4758 ἡ
1151 4687 1300 4752 δεξιά
1340 4705 1457 4742 σου.
1501 4707 1520 4742 ι
1566 4690 1783 4762 Ἐπειδὴ
1815 4691 1925 4762 γάρ

345 4775 628 4847 ῥομφαίας
703 4778 1138 4850 ἐμνημόνευσεν,
1195 4780 1511 4844 ἀκολούθως
1582 4782 1678 4835 καὶ
1741 4782 1925 4848 δεξιᾶς

2029 3215 2156 3270 dine
2185 3225 2299 3271 tua.
2341 3235 2358 3267 ι
2397 3216 2463 3270 Ει
2499 3233 2620 3270 cum
2675 3216 2906 3270 dixisset
2945 3235 2959 3270 :
3004 3235 3022 3266 ι
3061 3213 3310 3275 Intende,
3345 3230 3606 3284 prospere

2027 3311 2284 3377 procede,
2316 3317 2369 3362 et
2393 3323 2579 3375 regna,
2603 3327 2620 3359 ι
2653 3308 2834 3362 statim
2859 3307 3144 3376 subiunxit
3168 3327 3182 3362 :
3213 3325 3232 3359 ι
3259 3305 3487 3376 PrOpter
3509 3323 3605 3361 ve-

2030 3398 2270 3460 ritatem,
2309 3397 2788 3451 mansne'ndincm
2821 3409 2873 3452 et
2901 3397 3198 3468 justitiam.
3239 3416 3258 3448 ι
3315 3395 3605 3452 Manifesto

2028 3505 2123 3558 per
2151 3491 2264 3543 ha'c
2289 3489 2511 3553 docens,
2545 3489 2830 3541 veritatem
2894 3500 2944 3543 et
2983 3489 3490 3550 mansuetudinem,
3550 3495 3606 3542 et

2023 3579 2292 3649 justitiam
2340 3578 2459 3646 ejus
2516 3593 2638 3632 esse
2685 3578 3167 3646 pulchritudinem,
3199 3586 3253 3630 et
3279 3575 3615 3646 potentiam,-

2026 3685 2080 3728 et
2125 3687 2300 3736 arma,
2340 3680 2394 3726 et
2440 3671 2752 3724 victoriam.
2787 3668 2936 3724 Licet
2973 3682 3154 3723 autem
3197 3668 3376 3739 ipsum
3414 3664 3606 3720 Domi-

2027 3781 2156 3820 num
2216 3763 2411 3818 audire
2439 3763 2712 3818 dicentem
2741 3781 2752 3814 :
2795 3780 2812 3812 ι
2849 3761 3051 3816 Discite
3081 3775 3112 3815 a
3145 3775 3254 3828 me,
3293 3764 3310 3780 ‘
3340 3757 3604 3828 quOniam

2026 3858 2172 3912 mitis
2223 3872 2369 3922 sum,
2393 3867 2448 3912 et
2477 3855 2700 3911 humilis
2731 3855 2915 3920 corde,
2947 3864 3006 3910 et
3031 3853 3324 3911 invenietis
3358 3851 3604 3922 requiem

2025 3953 2312 4007 animabus
2371 3952 2564 4005 vestris
2599 3948 2640 4002 ι.
2675 3968 2692 4002 ι
2731 3948 2798 4006 Et
2857 3965 3093 4005 rursus:
3138 3967 3158 4002 ι
3208 3949 3318 4020 Ego
3343 3963 3462 4002 sum
3489 3946 3605 4014 via,

2028 4044 2292 4100 veritaset
2322 4043 2430 4096 vita
2460 4051 2522 4094 ιιι.
2563 4059 2580 4090 ι
2626 4039 2770 4096 Etad
2804 4041 3049 4096 divinum
3075 4038 3378 4095 Joannem:
3419 4058 3438 4094 ι
3474 4037 3607 4094 Sine

2028 4157 2169 4197 nunc
2194 4183 2210 4208 ,
2243 4141 2323 4195 sic
2351 4141 2495 4194 enim
2523 4138 2778 4193 convenit
2812 4153 2912 4192 nos
2942 4137 3167 4207 implere
3195 4151 3410 4190 omnem
3437 4132 3606 4203 justi-

2025 4233 2156 4288 tiam
2180 4240 2229 4284 “.
2257 4249 2275 4283 ι
2309 4230 2409 4286 Per
2430 4231 2544 4286 lucc
2575 4237 2750 4282 autem
2777 4227 3042 4282 daemonis
3080 4225 3419 4298 tyrannidem
3450 4238 3606 4278 ever-

2025 4324 2173 4388 tit,et
2221 4333 2451 4378 mortem
2483 4321 2752 4384 dissolvit,
2785 4327 2838 4374 et
2868 4317 3218 4372 credentibus
3238 4316 3466 4371 salutem
3493 4314 3604 4369 lar-

2029 4419 2175 4487 gitus
2222 4426 2327 4472 est.
2363 4434 2381 4467 ι
2423 4413 2490 4468 Et
2521 4414 2686 4469 ducet
2725 4421 2778 4466 te
2806 4410 3134 4465 mirabiliter
3162 4410 3384 4462 dextera
3417 4416 3530 4461 tua.
3579 4423 3600 4460 ι

2029 4508 2489 4579 Postquamenim
2505 4506 2668 4578 gladii
2699 4503 2962 4569 meminit,
2975 4501 3098 4570 jure
3127 4501 3360 4556 dextera!
3378 4497 3606 4552 mentio-

2031 4617 2154 4655 nem
2184 4599 2330 4655 l'eeit.
2363 4599 2593 4653 Dextera
2625 4611 2754 4652 vero
2777 4596 2918 4666 ejus,
2947 4593 3170 4649 dextera
3195 4590 3450 4652 consilia.
3483 4589 3608 4661 qui-

2031 4695 2135 4749 bus
2183 4707 2316 4748 usus
2359 4691 2526 4763 890
2575 4688 2784 4760 peccati
2837 4689 3120 4742 incursum
3169 4698 3279 4738 non
3345 4689 3430 4738 est
3475 4695 3609 4753 pas-

2031 4801 2144 4841 SIIS.

343 4873 652 4942 ἐποιήσατο
713 4875 956 4945 μνήμην.
1015 4875 1194 4940 Δεξιὰ
1253 4876 1310 4930 δὲ
1359 4877 1560 4944 αὐτοῦ,
1621 4879 1688 4932 τὰ
1750 4878 1898 4946 δεξιὰ
1953 4880 2318 4953 βουλεύματα,
2367 4875 2451 4943 οἷς
2499 4876 2838 4949 κεχρημένος
2879 4873 2980 4944 τὴν
3033 4871 3134 4943 τῆς
3179 4870 3452 4943 ἁμαρτίας
3509 4867 3610 4923 οὒκ

343 4967 570 5034 ἐδέξατο
601 4971 926 5042 προσϐολήν.

427 5131 452 5170 ιι
492 5130 598 5186 lsa.
634 5145 755 5195 Ltll,
787 5135 841 5197 2,
875 5133 928 5186 5.
1011 5131 1027 5171 1
1063 5132 1253 5188 Matth.
1292 5151 1371 5199 xl,
1406 5135 1496 5190 99.
1571 5144 1610 5174 ιιι
1639 5135 1797 5192 Joan.
1823 5153 1938 5203 xw,
1972 5156 2026 5194 ο.

2104 5147 2130 5174 ιι
2167 5135 2359 5190 Matth.
2405 5150 2494 5198 ιιι,
2531 5131 2620 5186 15.

1464 5291 1696 5346 VAle
1735 5292 2119 5350 LECTIONES
2160 5293 2245 5347 ET
2283 5293 2518 5350 ΝΟΤᾸΞ.

342 5451 350 5458 .
441 5403 496 5475 ξ’
525 5404 676 5475 Ὅτι.
701 5405 970 5475 cod.fl,‘2
1001 5406 1099 5468 ὡς.
1121 5473 1132 5475 _
1176 5407 1220 5438 ¹³
1251 5409 1646 5475 Προφητικός.
1684 5411 1808 5464 cod.
1846 5411 1882 5464 2
1921 5433 1926 5460 ι

2026 5411 2260 5474 ποτικύς.

353 5471 480 5528 cod.
510 5475 544 5528 9
571 5473 627 5526 δὲ
661 5473 934 5550 δέχεσθαι.
1011 5476 1055 5507 ¹⁶
1094 5473 1195 5550 Ἰζᾶ.
1231 5471 1426 5550 cod?)
1448 5471 1616 5532 addit
1632 5480 1710 5532 δέ.
1757 5549 1760 5550 ν
1794 5481 1836 5510 ³⁷
1860 5483 1926 5534 Ἐ

2035 5520 2046 5532 .
2083 5485 2202 5534 tend.
2222 5471 2294 5543 ⁷1,
2325 5480 2360 5534 2
2384 5481 2618 5550 ὑπῆρχε.

355 5559 518 5616 praac.
556 5542 755 5616 versic.
794 5542 1360 5616 rfuisscntfreferenda.
1443 5550 1484 5580 ¹⁹
1517 5550 1638 5602 cod.
1676 5550 1710 5602 Ξ
1741 5549 1962 5604 ἔντεινε.

2341 5409 2385 5441 ¹¹⁶
2417 5409 2740 5464 'Ar.'Abest
2779 5425 2808 5462 a
2856 5410 2978 5466 cod.
3021 5411 3070 5473 l,
3105 5410 3158 5462 Ξ.
3238 5409 3280 5441 ³⁵
3313 5405 3610 5474 485510!“-

2709 5481 2752 5512 ³⁸
2777 5479 2861 5548 Τῇ
2883 5511 2951 5522 -—
2980 5481 3193 5536 κάλλει
3226 5493 3364 5532 σου.
3400 5478 3524 5532 ΙΙωο
3550 5477 3618 5530 ad

2041 5553 2084 5582 ²⁰
2108 5551 2238 5605 Rec.
2279 5551 2434 5602 lectio
2458 5549 2512 5602 lt.
2551 5551 2704 5620 Inest
2745 5551 3080 5620 πραΰτητος.
3157 5549 3199 5580 ¹¹
3237 5549 3620 5620 Ἐοζτιηᾼιιθει

357 5614 387 5664 a
413 5615 536 5690 cod.
571 5615 622 5677 1,
659 5614 712 5666 2.
758 5615 847 5690 _’:
869 5615 1242 5690 ᾼίἓτοῦςκῢρίίτ
1272 5619 1290 5668 l
1327 5633 1510 5690 prtem.
1541 5619 1652 5690 καί.
1733 5621 1914 5690 ’{Kai

2026 5625 2127 5674 λιν
2153 5651 2214 5662 -
2248 5621 2572 5682 σωτηρίαν.
2605 5619 2730 5674 Des.
2775 5614 2916 5690 apud
2955 5614 3128 5676 Cord.
3153 5634 3206 5687 p.
3238 5617 3361 5673 846.
3413 5617 3486 5690 μ’)
3511 5620 3618 5690 Θε-

357 5681 646 5735 σπέσιον.
673 5681 851 5760 redii
872 5683 1033 5760 θεῖον.
1063 5685 1248 5760 ⁸[Καὶ
1285 5681 1349 5726 —'
1383 5689 1551 5752 δεξιά
1587 5707 1726 5745 σοι’.
1767 5689 1926 5746 Hebr.

2026 5691 2157 5742 rebit
2190 5701 2237 5742 te
2275 5681 2533 5742 terribilia
2567 5692 2781 5745 dextera
2811 5681 2924 5758 ina,
2953 5705 3112 5760 quem
3147 5681 3366 5745 sensum
3403 5687 3619 5744 felicius

357 5762 743 5822 expresserunt
780 5754 970 5820 Aquila
1005 5764 1057 5808 et
1101 5753 1310 5824 Symm.
