4012 6206
532 296 666 363 1219

1559 297 2048 360 THEODOBETI
2076 294 2416 359 EPISCOPI
2437 299 2802 361 CYRENSIS

3625 307 3730 377 Ηίὶο

521 409 703 466 adhuc
733 408 947 466 vivunt.
995 409 1252 470 Diversus
1289 412 1475 485 itaque
1508 413 1633 468 vitae
1665 410 1864 467 modos
1905 410 2104 465 innuit.

2213 411 2429 482 ρουσι⁸²
2454 410 2556 481 τὴν
2579 411 2929 482 παραίνεσιν.
2958 408 3096 476 Τοὺς
3118 410 3407 483 διαφόρους
3426 416 3586 470 τοίνυν
3600 422 3734 476 αἱνίτ-

521 499 657 557 Nam
691 502 784 558 alii
817 503 979 560 urbes
1006 504 1298 562 incolunt:
1329 504 1419 559 alii
1451 504 1610 559 villas
1650 513 1705 558 et
1730 504 1883 558 vicos
1905 544 1922 568 ,
1957 501 2105 573 agri-

521 598 753 653 culturae
778 600 1082 655 studentes.
1134 600 1201 653 Et
1240 614 1307 653 ex
1353 597 1671 653 hominibus
1712 596 1934 667 quidam
1980 603 2107 650 sunt

521 691 957 754 mansuetiores,
1011 691 1234 762 quidam
1290 690 1651 760 agrestiores;
1686 696 1743 743 et
1786 689 1841 742 hi
1881 687 2103 757 quidem

524 782 767 838 ‘rationi
812 782 1209 854 congruentius
1232 783 1456 845 vivunt,
1486 780 1543 834 hi
1580 795 1707 835 vero
1738 778 1914 833 ferino
1956 792 2107 832 more

524 876 851 932 solitudines
885 877 1166 942 habitant;
1194 875 1288 930 alii
1323 890 1515 929 rursus
1542 874 1849 928 Itamarcabit'
1890 888 2105 928 nuncu-

520 975 757 1036 pantur,
788 968 884 1037 qui
926 968 982 1023 in
1016 968 1272 1022 curribus
1302 965 1544 1036 degunt:
1582 965 1673 1023 alii
1723 980 1822 1035 pro
1851 963 2109 1021 domibus

523 1069 757 1115 utuntur
800 1061 1075 1115 tentoriis.
1117 1059 1230 1114 Hos
1276 1068 1410 1130 puto
1450 1060 1745 1129 terrigenas
1787 1058 2105 1122 nominari,

522 1160 787 1221 tanquam
826 1151 1255 1207 rationabilioris
1294 1152 1422 1206 vitae
1451 1162 1723 1221 expertes.
1765 1150 1931 1216 Quasi
1960 1149 2108 1204 dice-

522 1253 609 1299 ret
640 1263 652 1298 :
678 1243 927 1300 Universi
960 1245 1237 1309 homines,
1263 1259 1327 1299 ea
1352 1260 1474 1314 qua:
1499 1245 1756 1299 dicuntur
1784 1241 1987 1306 audite,
2017 1257 2110 1295 ur-

523 1337 652 1393 bani
679 1348 732 1392 ct
766 1338 1038 1402 ruricolae,
1073 1339 1483 1393 mansuetiores
1509 1345 1563 1390 et
1592 1336 1943 1406 agrestiores.
1972 1344 2025 1389 et
2054 1335 2108 1389 in

518 1444 816 1484 commune
849 1443 1044 1485 omnes
1066 1471 1084 1495 ,
1135 1439 1189 1485 et
1217 1429 1525 1499 sigillatim.
1556 1426 1653 1482 Sic
1679 1428 1826 1482 enim
1862 1436 1917 1482 et
1948 1426 2110 1498 Sym-

524 1524 754 1577 machus
776 1523 1164 1593 interpretatus
1206 1532 1311 1578 est.
1343 1522 1479 1577 Nam
1506 1537 1606 1592 pro
1638 1522 1912 1591 terrigena:
1926 1529 1979 1575 et
2008 1521 2113 1588 ﬁlii

522 1615 987 1681 Imminum,disit,
1004 1616 1309 1679 humanitas
1321 1625 1371 1669 et
1389 1617 1603 1682 insuper
1624 1612 1789 1684 915
1811 1612 1912 1681 lilii
1939 1613 2114 1679 cuius-

523 1708 646 1763 libet
678 1708 909 1763 hominis
934 1750 951 1775 ,
985 1724 1085 1779 pro
1125 1724 1191 1764 eo
1229 1709 1376 1779 quod
1419 1718 1503 1762 est
1531 1724 1546 1761 :
1580 1705 1638 1760 In
1669 1721 1965 1761 commune
2001 1706 2109 1761 hu-

2207 517 2360 554 τεται
2392 500 2543 573 βίους
2562 515 2577 528 ·
2613 503 2663 555 οἱ
2696 503 2799 571 μὲν
2825 503 2935 575 γὰρ
2964 503 3066 567 τὰς
3094 504 3283 568 πόλεις
3305 507 3548 575 οἰκοῦσιν,
3575 512 3617 565 οί
3638 513 3733 584 δὴ³³

2208 596 2416 667 ἀγροὺς
2449 597 2545 650 καὶ
2575 596 2800 668 κώμας,
2855 600 2988 669 περὶ
3013 601 3111 671 τὴν
3123 599 3171 631 ³³
3194 602 3464 672 γεωργίαν
3491 604 3739 675 ἐσλολακό-

2207 701 2317 748 τες.
2375 687 2486 740 Καὶ
2540 687 2592 738 οἰ
2644 687 2745 756 μὲν
2785 687 2896 759 γὰρ
2946 690 3293 763 ἡμερώτεροι
3328 692 3430 747 τῶν
3457 695 3736 768 ἀνθρώπων,

2206 778 2256 830 οἱ
2299 776 2359 829 δὲ
2406 777 2771 850 ἀγριώτεροιο
2833 781 2930 834 καὶ
2978 782 3029 835 oi
3072 782 3171 853 μὲν
3215 783 3563 857 λογικώτερον
3585 788 3740 853 ζῶσιν.

2209 870 2258 923 οἱ
2282 868 2339 922 δὲ
2365 868 2799 941 θηριωδέστερον
2815 871 2860 904 ³⁵
2885 871 2985 935 τὰς
3008 873 3249 944 ἐρήμους
3270 875 3521 930 οἰκοῦσιν·
3548 881 3593 932 οἱ
3613 880 3742 950 μέν³⁸

2209 958 2519 1030 ἀμαξόϐιοι
2570 963 3110 1034 προσαγορευόμενοι
3135 1006 3151 1028 ,
3213 967 3265 1020 οἱ
3311 967 3367 1020 δὲ
3419 974 3626 1040 σκηναῖς
3654 973 3745 1027 ἀντ’

2207 1051 2399 1106 οἰκιῶν
2429 1054 2786 1124 κεχρημένοι.
2839 1055 3076 1120 Τούτους
3109 1053 3264 1128 οἶμαι
3298 1060 3556 1127 γηγενεῖς
3582 1064 3745 1134 ὀνομάι

2209 1144 2435 1212 ζεσοαι,
2495 1146 2571 1210 ὡς
2628 1147 2729 1215 τῆς
2775 1147 3151 1220 λογικωτέρας
3197 1154 3571 1224 ἀφεστηκότας
3607 1155 3744 1227 ζωῆς.

2221 1236 2367 1301 Ἀντὶ
2414 1237 2510 1292 τοῦ
2533 1280 2551 1306 ,
2586 1238 2861 1305 Ἅπαντες
2906 1241 3211 1314 ἄνθρωποι,
3265 1242 3375 1297 τῶν
3418 1236 3744 1316 λεγομένων³θ

2208 1328 2514 1397 ἀκούσατε,
2573 1331 2732 1385 ἀστοὶ
2785 1334 2882 1386 καὶ
2932 1335 3249 1404 χωριτικοὶ,
3309 1338 3635 1410 ἡμερώτεροι
3674 1340 3748 1394 καὶ

2210 1422 2544 1494 ἀγριώτεροι
2563 1465 2579 1489 ,
2640 1425 2737 1478 καὶ
2778 1428 2933 1497 κοινῇ
2965 1428 3168 1490 πάντες
3198 1429 3293 1481 καὶ
3323 1429 3447 1502 ἰδίᾳ.
3501 1431 3642 1485 Οὕτω
3662 1434 3748 1502 γὰρ

2211 1515 2363 1567 xui.“
2403 1517 2432 1568 ὁ
2469 1515 2769 1586 Σύμμαχος
2814 1517 3186 1587 ἡρμήνευσεν.
3220 1520 3367 1574 ’Δντὶ
3409 1521 3516 1593 γὰρ
3554 1522 3667 1588 τοῦ,
3707 1527 3751 1578 ot

2210 1606 2484 1676 γηγενεῖς
2518 1607 2617 1662 καὶ
2644 1608 2761 1663 υίοι
2791 1609 2912 1663 τῶν
2948 1611 3300 1679 ἀνθρώπων,
3325 1613 3364 1679 ή
3392 1613 3748 1682 ἁγθρωαότης,

2211 1696 2358 1764 εἷπε,
2393 1700 2492 1754 καί
2524 1699 2776 1770 προσέτι
2805 1701 2922 1755 υἱοί
2952 1702 3219 1757 ἑκάστου
3247 1704 3484 1772 ἀνδρὸς,
3520 1707 3631 1760 ἀντὶ
3654 1706 3753 1767 τοῦ,

520 1816 686 1856 mana
715 1811 909 1856 natura
937 1769 1131 1856 audiat
1159 1769 1283 1871 qua:
1312 1800 1595 1864 dicuntur,
1618 1807 1674 1854 et
1696 1798 1928 1868 quilibet
1955 1798 2108 1868 sigil-

2216 1793 2322 1845 Kal
2354 1795 2509 1863 κοινῇ
2558 1795 2592 1862 ἡ
2644 1791 2807 1861 φύσις
2854 1794 3148 1849 ἀκουσάτω
3186 1795 3299 1848 τῶν
3339 1769 3650 1866 λεγομένων,
3679 1798 3753 1851 καὶ

524 1891 677 1948 latim
722 1892 1015 1962 percipiat.
1063 1911 1083 1942 ι
1120 1892 1297 1945 Simul
1336 1891 1489 1946 dives
1530 1897 1586 1946 et
1617 1905 1847 1960 pauper.
1874 1907 1894 1941 ι
1935 1889 2123 1943 Simul,

524 1994 581 2040 et
627 2000 723 2040 vos
779 1987 874 2050 qui
923 1984 1133 2039 divitiis
1166 1984 1431 2047 adiuitis,
1484 1995 1539 2039 et
1578 1998 1678 2040 vos
1717 1983 1809 2053 qui
1854 1982 2113 2052 pauperie

526 2076 701 2146 pressi
738 2077 892 2141 estis,
930 2077 1363 2131 admonitionem
1416 2076 1667 2146 accipite.
1699 2075 1835 2130 Nam
1861 2077 2110 2132 doctrina

529 2167 697 2232 hujus
724 2168 1000 2225 sermonis
1028 2167 1346 2224 divitiarum
1392 2178 1448 2223 et
1487 2170 1826 2239 paupertatis
1855 2168 2112 2225 dill‘eren-

527 2261 660 2312 tiam
696 2273 804 2313 non
839 2260 1010 2315 novit.

600 2342 768 2403 Vens.
798 2348 862 2413 4,
896 2348 949 2403 5.
987 2368 1006 2401 ι
1041 2351 1111 2404 Os
1146 2364 1325 2403 meum
1372 2348 1627 2422 loquetur
1667 2353 1986 2422 sapientiam
2010 2394 2025 2417 ,
2057 2362 2113 2409 ct

526 2439 809 2495 meditatio
835 2442 1017 2496 cordis
1049 2443 1151 2499 mei
1186 2442 1555 2511 prudentiam.
1588 2442 1868 2500 inclinabo
1905 2445 1973 2501 ad
2009 2461 2109 2517 pa-

527 2529 770 2590 rabolam
807 2548 996 2587 aurem
1028 2548 1227 2598 meam,
1253 2535 1494 2604 aperiam
1536 2535 1589 2589 in
1624 2537 1882 2606 psalterio
1908 2552 2110 2609 propo-

527 2628 781 2684 sitionem
812 2642 1011 2682 meam.
1045 2646 1063 2679 ι
1103 2623 1280 2684 Verba
1309 2643 1450 2693 mea,
1484 2628 1682 2698 inquit,
1718 2629 1875 2699 plena
1902 2622 2114 2699 sapien-

527 2720 619 2776 tiae
646 2728 793 2775 sunt.
828 2717 952 2774 Huic
978 2730 1161 2773 autem
1194 2719 1392 2783 didici,
1423 2721 1604 2776 verbis
1635 2719 1884 2785 Domini,
1909 2737 2031 2792 quae
2056 2722 2110 2777 in

525 2806 801 2882 profundo
827 2808 1076 2863 demersa
1102 2798 1251 2872 sunt,
1283 2825 1472 2864 aurem
1505 2808 1951 2866 accommodans.
1980 2810 2114 2877 Qua:

527 2917 659 2956 vero
681 2901 910 2955 auribus
943 2899 1182 2970 percepi,
1212 2916 1308 2970 per
1338 2900 1581 2973 linguam
1615 2902 1762 2956 velut
1787 2917 1884 2972 per
1915 2902 2115 2958 instru-

528 3003 771 3049 mentum
814 2992 1055 3064 prol‘ero.
1087 2990 1217 3046 Vult
1245 3003 1429 3047 autem
1487 2994 1670 3050 dicere
1725 3009 1786 3049 se
1822 2994 1956 3048 nihil
1988 3010 2113 3064 pro-

527 3086 710 3157 prium
742 3085 914 3154 loqui,
941 3085 1034 3140 sed
1062 3083 1258 3139 divina:
1289 3085 1478 3154 gratia:
1511 3086 1935 3141 instrumentum
1964 3102 2103 3142 esse.
2134 3120 2178 3178 ο

529 3177 699 3234 Porro
729 3177 1040 3249 parabolas,
1074 3192 1358 3232 sermones
1385 3178 1674 3247 mnigmate
1703 3178 1981 3234 involutos
2010 3195 2108 3248 ap-

530 3273 717 3342 pellat.
763 3269 897 3326 Nam
942 3280 999 3326 et
1043 3271 1308 3325 Dominus
1355 3284 1449 3336 per
1489 3270 1881 3329 similitudines
1933 3271 2109 3326 turbis

529 3364 790 3429 loeutus,
844 3366 1037 3420 harum
1097 3361 1577 3434 interpretationes
1635 3361 1785 3418 domi
1846 3363 2109 3431 apostolis

527 3456 811 3513 afferebat.
843 3454 1172 3529 [Propterea
1210 3455 1577 3524 praecedentes
1617 3455 1781 3510 etiam
1813 3454 2009 3524 psalmi
2043 3470 2107 3509 ex

528 3564 721 3605 eorum
765 3564 1003 3618 persona
1042 3547 1255 3602 recitati
1293 3555 1446 3602 sunt.
1480 3545 1700 3621 Chorus
1749 3547 1933 3616 itaque
1975 3562 2108 3616 apo~

528 3640 763 3696 Stolicus
792 3639 1113 3708 sapientiam
1150 3637 1278 3702 Dei,
1311 3637 1520 3695 scilicet
1576 3638 1853 3693 Christum
1910 3638 2107 3710 (Clario

531 3740 653 3787 stus
684 3730 829 3784 enim
877 3728 969 3782 Dei
1001 3729 1177 3784 virtus
1213 3736 1268 3782 et
1298 3727 1392 3783 Dei
1429 3729 1699 3798 sapientia
1727 3730 1792 3794 r)
1815 3771 1830 3794 ,
1876 3745 1972 3784 ore
2007 3746 2109 3786 suo

530 3817 748 3880 ferens,
779 3813 957 3867 dixit:
1007 3830 1024 3861 ι
1055 3812 1129 3866 Os
1169 3828 1352 3867 meum
1390 3812 1667 3883 loquetur.
1692 3814 2013 3884 sapientiam
2043 3830 2057 3879 ;
2083 3831 2102 3864 ι

532 3907 800 3977 siquidem
826 3904 1158 3974 theologiam
1191 3904 1456 3959 docentes
1480 3904 1758 3959 Christum
1785 3905 1882 3960 toti
1917 3904 2111 3959 Imma-

534 4015 607 4055 no
635 3999 819 4072 generi
850 4012 963 4054 ore
1002 4012 1105 4055 suo
1144 3998 1533 4069 praedicarunt.
1580 3998 1747 4071 916
1792 3998 2110 4054 Intellectus

531 4106 663 4147 vero
693 4105 886 4145 eorum
924 4090 1064 4144 nihil
1095 4089 1242 4145 aliud
1288 4106 1453 4168 quam
1500 4090 1845 4160 prudentiam
1885 4090 2114 4144 medita-

530 4183 714 4239 batur.
756 4181 909 4237 Mens
930 4196 1122 4237 eorum
1154 4192 1335 4237 autem
1367 4182 1502 4235 adeo
1530 4190 1691 4235 acuta
1722 4190 1870 4244 erat,
1919 4190 1977 4234 ut
2014 4195 2112 4249 pa-

532 4275 753 4330 rabolas
785 4273 1093 4329 Servatoris
1126 4272 1304 4327 nostri
1344 4287 1536 4327 omnes
1572 4272 1624 4325 in
1663 4271 1837 4327 sacris
1867 4270 2104 4340 Evange-

2216 1882 2324 1953 ἰδία
2376 1884 2610 1946 ἕκαστος
2659 1884 2760 1954 τὴν
2804 1884 3077 1954 ὠφέλειαν
3116 1886 3477 1957 καρπούσθω.
3523 1909 3541 1941 ι
3578 1888 3757 1945 Ἐπ“ι.τὺ

2213 1972 2348 2026 αὐτὸ
2392 1972 2650 2037 πλούσιος
2698 1974 2794 2026 καὶ
2839 1975 3031 2045 πένης.
3056 1993 3078 2026 ι
3138 1976 3299 2030 Κατὰ
3330 1978 3378 2030 τ’
3401 1979 3583 2032 αὑτὸ³⁹
3612 1980 3694 2032 καὶ
3714 1979 3755 2032 ei

2214 2062 2430 2134 πλούτῳ
2455 2065 2759 2136 κομῶντες,
2788 2065 2885 2120 καὶ
2904 2069 2954 2121 οἱ
2980 2067 3143 2139 πενίᾳ
3166 2068 3466 2136 συζῶντας,
3485 2069 3577 2142 τὴν
3591 2070 3755 2140 παραί-

2213 2173 2362 2209 νεσιν
2388 2156 2644 2221 δέξασθαι
2663 2158 2731 2215 ⁸⁸.
2760 2158 3004 2213 Πλούτου
3024 2161 3133 2233 γὰρ
3158 2161 3256 2216 καὶ
3282 2163 3473 2226 πενίας
3496 2165 3523 2217 ό
3542 2164 3757 2217 διδασκαο

2212 2247 2364 2312 λικὺς
2387 2248 2547 2317 λόγος
2581 2249 2681 2303 οὐκ
2705 2245 2813 2304 οἶδε
2840 2251 3129 2324 διαφοράν.

2281 2340 2346 2407 δ’,
2376 2346 2435 2394 ε’.
2480 2361 2498 2393 ι
2523 2341 2595 2394 Τὸ
2624 2342 2801 2412 στόμα
2829 2360 2931 2414 μου
2965 2344 3190 2417 λαλήσει
3216 2350 3446 2417 σοφίαν,
3477 2348 3565 2402 καὶ
3584 2350 3613 2419 ἠ
3634 2346 3760 2418 μελέ-

2210 2448 2280 2503 τη
2311 2434 2409 2504 τῆς
2438 2434 2667 2505 καρδίας
2695 2449 2799 2506 μου
2833 2435 3074 2493 σύνεσιν.
3131 2439 3321 2494 Κλινῶ
3361 2442 3440 2506 είς
3484 2440 3759 2512 παραϐολὴν

2210 2528 2271 2603 τὸ
2300 2523 2393 2590 οῦς
2422 2545 2549 2598 μουο
2587 2528 2786 2595 ἀνοίξω
2816 2530 2872 2582 ἐν
2897 2529 3186 2603 ψαλτηρίῳ
3215 2531 3281 2585 τὸ
3308 2532 3598 2606 πρόϐλημά
3620 2549 3756 2603 μου.»

2213 2618 2493 2688 Σοφίαςδι,
2526 2619 2689 2689 φησὶ,
2741 2621 2919 2690 μεστὰ
2948 2621 3016 2673 τὰ
3045 2625 3178 2691 παρ’
3203 2624 3347 2694 ἐμοῦ
3382 2626 3762 2696 προσφερόμενα

2214 2711 2435 2781 ῥήματα
2460 2727 2474 2741 ο
2535 2711 2832 2781 μεμάθηκα
2875 2713 2932 2766 δὲ
2979 2711 3156 2767 ταῦτα
3205 2719 3326 2781 τοῖς
3356 2719 3414 2769 ἐν
3440 2714 3667 2787 βάθεσιω
3689 2730 3764 2768 κε-

2212 2803 2556 2873 κρυμμένοις
2579 2802 2674 2856 τοῦ
2691 2804 2735 2834 ⁸³
2759 2806 2964 2877 Κυρίου
2986 2806 3166 2876 λόγοις
3187 2807 3290 2878 τὴν
3312 2810 3482 2883 ἀκοὴν
3499 2804 3761 2871 omne“.

2217 2894 2283 2948 ’Ἀ
2312 2895 2368 2948 δὲ
2398 2895 2487 2949 διὰ
2516 2896 2612 2966 τῆς
2638 2895 2811 2967 ἀκοῆς
2841 2898 3135 2969 ἐδεξάμην,
3169 2900 3352 2954 ταῦτα
3380 2900 3457 2964 ὼς
3483 2900 3549 2954 δι’
3569 2899 3765 2970 ὀργάνου

2214 2987 2477 3059 προφέρω
2507 2988 2605 3059 τῆς
2630 2987 2900 3059 γλώττης.
2921 2991 3183 3045 Βούλεται
3205 2994 3268 3048 δὲ
3299 2995 3502 3059 εἰπεῖν,
3529 2994 3607 3046 ὅτι
3626 2988 3763 3046 οὐδὲν

2212 3080 2345 3133 ἴδιον
2395 3080 2738 3153 φθέγγομαι,
2788 3082 2927 3136 ἀλλὰ
2976 3084 3077 3154 τῆς
3119 3082 3277 3149 Θείας
3305 3088 3427 3157 είμὶ
3462 3086 3668 3158 χάριτος
3686 3083 3766 3153 ὅρ-

2208 3188 2394 3242 γανον.
2455 3174 2805 3241 Παραϐολὰς
2823 3174 2870 3211 ⁸⁵
2904 3174 2962 3228 δὲ
3011 3176 3172 3229 καλεῖ
3208 3180 3348 3242 τοὺς
3376 3174 3765 3249 αἰνιγματώδεις

2209 3263 2422 3332 λόγους.
2454 3263 2567 3318 Καὶ
2593 3264 2761 3335 γιὶιρ¹⁶⁸
2788 3266 2816 3319 ὁ
2838 3265 3047 3335 Κύριος
3071 3269 3471 3339 παραδολικῶς
3491 3271 3600 3331 τοῖς
3618 3266 3767 3339 ὄχλοις

2208 3355 2589 3424 διαλεγόμενος
2606 3350 2806 3422 ⁸⁷,τοῖς
2834 3358 3158 3424 ἀποστόλοις
3204 3362 3340 3415 κατ’
3364 3358 3515 3415 οἶκον
3539 3354 3766 3414 τούτω-ιθ⁸

2208 3447 2310 3511 τὰς
2361 3449 2660 3522 ἑρμηνείας
2710 3452 3074 3525 προσέφερεν.
3136 3452 3216 3526 [⁸⁸
3238 3456 3337 3510 Διὸ
3389 3455 3450 3522 ἐξ
3486 3453 3657 3509 αὐτῶν
3692 3448 3769 3504 τοῦ

2210 3541 2506 3612 προσώπου
2558 3544 2655 3595 καὶ
2702 3545 2752 3596 οἱ
2800 3544 3117 3616 ἔμπροσθεν
3157 3548 3546 3619 ἀνεφωνοῦντο
3571 3541 3766 3617 ψαλμοῖι

2223 3633 2280 3686 Ὀ
2307 3635 2482 3688 τοίνυν
2499 3635 2660 3705 χορὸς
2690 3638 2718 3689 ὁ
2747 3637 3106 3702 ἀποστολικὸς
3146 3639 3253 3711 τὴν
3288 3641 3492 3711 σοφίαν
3518 3639 3610 3693 τοῦ
3637 3632 3767 3699 Θεοῦ,

2209 3724 2413 3795 δηλαδὴ
2445 3726 2534 3779 τὸν
2562 3726 2831 3794 Χριστόν·
2870 3729 3107 3799 Χριστὸς
3136 3731 3252 3802 γὰρ
3282 3731 3426 3784 Θεοῦ
3450 3731 3669 3800 δύναμις
3695 3724 3769 3779 καὶ

2209 3814 2346 3868 Θεοῦ
2377 3816 2540 3885 σοφία
2561 3832 2575 3846 ·
2636 3816 2725 3870 διὰ
2755 3817 3028 3886 στόματος
3057 3818 3268 3891 φέρων,
3313 3820 3495 3890 ἔλεγε,
3538 3840 3558 3871 ι
3584 3819 3652 3871 Τὸ
3674 3813 3769 3868 στό-

2213 3925 2289 3978 μα
2317 3924 2418 3978 μου
2451 3908 2674 3980 λαλήσει
2706 3908 2900 3979 σοφίαν
2926 3926 2939 3939 ·
2972 3930 2990 3962 ι
3051 3913 3245 3984 ἐπειδὴ
3288 3912 3386 3967 τὸν
3416 3909 3650 3984 Χριστὸν
3677 3906 3769 3958 Θεο-

2209 4000 2497 4069 λογοῦντες
2548 4004 2630 4066 εἰς
2684 4005 2792 4056 πᾶν
2834 4003 2992 4071 γένος
3034 4005 3353 4075 ἀνθρώπων
3389 4007 3685 4076 ἐκήρυττον
3712 3994 3773 4065 τῷ

2210 4091 2420 4145 ἑαυτῶν
2465 4093 2716 4164 στόματι.
2777 4094 2859 4148 Τὰ
2903 4094 2959 4148 δὲ
3006 4095 3105 4164 τῆς
3142 4095 3405 4160 διανοίας
3437 4094 3619 4149 αὐτῶν
3653 4087 3775 4143 οὐδὲν

2210 4182 2398 4257 ἕτερον
2436 4184 2469 4256 ἢ
2506 4186 2753 4249 συνέσεις
2782 4186 3036 4256 ἐμελέτα.
3059 4186 3220 4241 Οῦτω
3250 4186 3315 4241 δὲ
3357 4187 3545 4241 αὐτῶν
3576 4183 3777 4253 ὴκόνητο

2210 4278 2349 4347 πρὸς
2376 4278 2592 4330 σύνεσιν
2620 4280 2648 4331 ό
2670 4279 2827 4345 νοῦς,
2889 4279 2965 4341 ὡς
2996 4278 3097 4342 τὰς
3130 4278 3475 4351 παραϐολὰς
3509 4277 3600 4331 τοῦ
3628 4270 3775 4338 Σωτῆ-

530 4365 622 4422 liis
665 4366 976 4435 propositas
1016 4363 1441 4434 intelligerent,
1499 4371 1794 4431 antequam
1850 4363 1964 4431 ipse
2019 4377 2111 4417 eas

2214 4386 2305 4440 ρος
2337 4369 2494 4441 ἡμῶν
2526 4368 2624 4433 τὰς
2658 4370 2719 4424 ἐν
2744 4373 2857 4432 τοῖς
2884 4369 3251 4439 Εὑαγγελίοις
3281 4371 3603 4441 φερομένας
3635 4363 3779 4420 συνεί·

532 4458 1011 4528 interpretaretur.
1057 4452 1232 4511 Simul
1273 4471 1337 4511 ac
1374 4457 1558 4526 itaque
1598 4454 1852 4510 Salvator
1880 4455 2111 4526 parabo-

2217 4478 2305 4514 ναι
2339 4463 2523 4526 πάσας
2544 4502 2559 4523 ,
2613 4464 2708 4516 καὶ
2755 4464 2860 4534 πρὸ
2894 4463 2997 4534 τῆς
3032 4464 3201 4518 αὐτοῦ
3231 4465 3571 4536 ἑρμηνείας.
3604 4456 3779 4514 Αὐτίκα

533 4551 614 4609 las
645 4552 1026 4622 exposuisset,
1057 4549 1414 4618 interrogavit
1448 4562 1546 4602 eos
1580 4547 1810 4602 dicendo
1849 4566 1862 4601 :
1911 4565 1929 4598 ‹
1968 4546 2107 4600 Num

2218 4551 2372 4620 γοῦν,
2406 4553 2547 4624 μετὰ
2567 4557 2665 4625 τὴν
2686 4554 2901 4608 ἔκθεσιν
2924 4555 3032 4608 τῶν
3055 4556 3426 4626 παραϐολῶν,
3453 4557 3483 4609 ὁ
3507 4554 3606 4626 μὲν
3622 4544 3782 4615 Σωτὴρ

533 4643 879 4698 intellexistis
911 4643 1027 4696 haec
1051 4641 1280 4697 omniaq
1302 4640 1325 4692 ?
1351 4658 1371 4691 ι
1409 4634 1487 4692 illi
1518 4652 1648 4694 vero
1675 4636 2108 4706 responderunt,

2217 4642 2405 4716 ὴρώτα
2446 4646 2646 4710 αὐτοὺς
2686 4647 2892 4715 λέγων,
2955 4667 2973 4698 ι
3006 4648 3298 4716 Συνήκατε
3340 4646 3523 4700 ταῦτα
3556 4644 3777 4699 miva

537 4729 647 4788 Ita.
701 4733 811 4787 Cor
869 4732 1053 4801 itaque
1106 4744 1295 4784 eorum
1351 4727 1721 4783 meditabatur
1770 4725 2105 4795 prudentias.

2217 4738 2267 4791 oi
2293 4736 2348 4792 δὲ
2379 4738 2631 4807 λέγουσιν
2662 4740 2832 4812 αὐτῷ,
2866 4741 3001 4795 Ναί.
3059 4740 3127 4794 Ἦ
3164 4741 3386 4811 καρδία
3424 4738 3606 4795 τοίνυν
3636 4727 3783 4789 αὐτῶν

534 4823 743 4881 Deinde
772 4825 1035 4894 aperiam,
1069 4822 1270 4896 inquit,
1301 4822 1358 4876 in
1391 4821 1651 4891 psalterio
1674 4818 2109 4890 propositionem

2217 4832 2455 4900 ἐμελέτα
2504 4832 2772 4897 συνέσεις.
2829 4832 2945 4886 Εἶτ’
2976 4833 3071 4887 ἐπὶ
3104 4831 3334 4898 τούτοις
3369 4832 3573 4899 ἀνοίξω
3600 4832 3655 4883 ἐν
3674 4820 3786 4893 ψαλ-

606 4949 634 4989 ι)
665 4938 686 4992 l
715 4938 841 4994 Cor.
875 4955 926 5004 I,
955 4941 1045 4994 ‘24.
1120 4948 1148 4987 ιι
1176 4936 1365 4992 Matth.
1407 4951 1507 4991 xm
1533 4977 1547 5001 ,
1591 4936 1681 4991 5|.

1664 5047 1903 5104 VARUE
1948 5048 2329 5110 LECTIONES
2380 5054 2467 5110 ET
2496 5055 2731 5115 ΝΟΤᾹΞ.

587 5145 634 5178 ³³
659 5143 783 5199 cod.
814 5140 1194 5243 Q‘rrpoccp'épet.
1226 5141 1462 5243 n”lc‘od.
1481 5140 1546 5243 3,
1571 5141 1608 5195 2
1796 5140 2014 5243 “"T'r'i‘if.
2044 5143 2111 5243 A’l

2210 5148 2454 5243 '..i‘.‘.-.“_°.d'
2478 5149 2578 5243 .21-
2615 5230 2631 5243 .
2666 5152 2713 5185 ³⁸
2747 5150 2869 5243 cod;
2896 5151 2951 5243 2..
2975 5150 3443 5243 enpﬁf’sﬁﬁepﬂ'

532 5211 998 5283 -xexpmtérbt.
1037 5211 1160 5269 Des.
1193 5214 1336 5284 apud
1367 5211 1536 5267 Cord.
1569 5214 1752 5281 p.951.
1836 5212 1883 5244 ³⁷
1918 5211 2040 5265 Τῶν
2061 5216 2111 5265 λι

669 5285 866 5361 ’_’__cod.
902 5285 938 5337 2
970 5287 1016 5337 τ’
1041 5285 1221 5361 αὐτόν.
1297 5284 1357 5361 “_
1373 5282 1497 5338 cod.
1532 5284 1584 5346 1,
1622 5283 1658 5336 ‘2
1693 5281 1955 5361 δέξασθε.
2016 5282 2059 5361 ξί
2091 5288 2111 5337 .l

2210 5216 2421 5285 μένων.
2468 5222 2635 5277 Abest
2683 5237 2712 5276 a
2767 5222 2887 5277 cod.
2917 5222 2973 5277 ε.
3030 5211 3116 5255 ’³³η
3154 5211 3520 5276 Καί.Ἀιιεδι
3552 5235 3582 5271 τι
3614 5211 3787 5288 om“:

2210 5287 2314 5353 ’ίας
2347 5320 2416 5331 -
2439 5289 2681 5359 χάριτος
2711 5292 2985 5361 ὄργανον.
3012 5291 3226 5361 Horum
3257 5291 3389 5347 loco
3417 5292 3474 5346 in
3498 5289 3620 5345 cod.
3643 5282 3792 5361 “(unum

537 5340 757 5427 Eusebii
788 5370 987 5427 nomen
1021 5355 1184 5427 simpl
1218 5354 1517 5423 ascriptum
1547 5340 1850 5427 est._pauc_a
1895 5353 2002 5427 ista
2025 5359 2111 5427 tan

2210 5371 2234 5408 ιι
2271 5340 2546 5413 ἑκειεῆῗῗ
2559 5340 3110 5416 nassiterna
3129 5340 3477 5427 ἑόνὶῖίὼζὲ
3507 5340 3792 5427 smn;

534 5426 758 5479 δύναται
798 5423 1077 5491 λέγεσθαι.
1114 5424 1192 5476 lla
1236 5417 1455 5492 quoque
1485 5422 1629 5492 apud
1667 5417 1863 5476 Euseb.
1895 5422 1961 5475 ad
1992 5422 2044 5476 h.
2072 5423 2107 5476 Ι.

534 5498 649 5526 an?»
695 5493 1018 5526 natum—.1,
1136 5492 1184 5523 ιι
1236 5492 1344 5526 τ’ηῆ
1404 5493 1502 5526 nnrl
1559 5492 1591 5526 ο
1625 5505 1791 5526 ιιι-ωηο
1853 5493 1910 5526 Eu
1954 5492 2067 5526 σι-Λῗρ

2210 5427 2358 5489 gitur.
2446 5429 2492 5461 δ’
2527 5430 2654 5496 Τοῖς
2678 5432 2749 5484 ἐν
2776 5430 3019 5496 βάθεσι.
3062 5430 3192 5485 cod.
3233 5431 3259 5483 1
3310 5417 3396 5494 είς
3426 5429 3611 5500 βάθος.
3639 5417 3793 5480 (πού-2

2210 5494 2350 5526 ιιιΛιΙ
2401 5498 2435 5526 θ
2491 5499 2700 5526 3-.Ω-ῙΑ
2821 5501 2867 5526 ιι
2910 5502 3138 5526 ,τι-,Αριριιι
3160 5496 3270 5526 ’λ-
3429 5497 3785 5526 -A‘ulnmﬂ,

533 5498 649 5569 τοῖς
695 5493 1038 5569 ράθεσιτοῐς.
1136 5492 1184 5523 ⁴³
1236 5492 1366 5546 Τοῦ.
1404 5493 1527 5569 rod.
1559 5492 1595 5544 ‘2
1625 5505 1814 5569 praem:
1853 5493 1927 5569 év_
1954 5492 2111 5569 τοῖς..

2210 5494 2225 5526 ¹⁵
2252 5499 2372 5569 cod.
2401 5498 2437 5552 2
2491 5492 2719 5569 ἐπιθείς.
2777 5492 2790 5496 ⁷
2821 5501 2867 5533 ³⁸
2901 5496 3270 5569 Παραϐολὰς
3296 5492 3389 5569 --έ
3424 5492 3790 5568 ἓτροσέφερενο

536 5561 664 5652 Ξ¹Ξ¹Ξ⁰
698 5562 1056 5652 εξτῇςέδίξπη
1109 5561 2233 5652 ε¹ι¹2ιηῖξὶῖ¹ῗὲἒ¹ίὶἐυ1ῗε,ενὲξδεθάέἐ-..ι
2273 5567 2453 5652 πιδεί-
2564 5568 2610 5652 ⁵.⁶
2650 5561 2769 5652 εἰνά-
2802 5561 3046 5652 ειτεεεπῖτ·
3084 5569 3141 5652 δι’
3195 5561 3789 5652 [fhsi-387.41???

537 5632 662 5683 cod.
703 5631 740 5683 2
788 5635 937 5689 addit
974 5629 1064 5705 ἦν.
1158 5631 1204 5663 ⁸⁸
1240 5632 1492 5684 Τούτων.
1525 5629 1691 5687 Abest
1731 5646 1760 5684 a
1800 5631 1923 5686 cod.
1954 5629 2010 5684 2.
2086 5631 2111 5662 “

540 5701 810 5756 mentario
839 5705 907 5758 ad
938 5705 994 5758 ti.
1028 5706 1064 5757 Ι.

2228 5637 2348 5692 cod.
2383 5639 2416 5692 '5
2439 5639 2619 5710 suppl.
2657 5636 2840 5696 Pauca
2861 5629 3084 5695 illorum
3112 5637 3295 5696 habet
3326 5629 3629 5696 Eusehfin
3649 5633 3790 5690 Cont-

3544 5150 3593 5182 ³⁸
3617 5147 3681 5203 οἱ
3698 5143 3791 5214 μὲν
