4012 6206
479 290 623 354 1223

1451 277 1948 341 THEODORETI
2009 273 2345 336 EPISCOP]
2421 272 2791 333 Ci’ilENSIS

3624 264 3753 327 1221

475 401 625 458 sauri
658 400 878 472 reponis
911 399 1003 454 tibi
1047 399 1183 452 iratn
1219 396 1307 452 die
1347 396 1442 450 ira!
1468 438 1482 463 ,
1515 405 1572 450 et
1614 392 1968 449 revelationis
2008 402 2060 445 et

2187 388 2354 456 ίπάτη
2374 386 2469 458 ⁶⁷.]
2507 387 2665 440 Dii-ctu
2699 387 2794 438 καὶ
2824 387 2850 436 ὀ
2881 384 3021 446 θεῖος
3055 381 3373 444 Ἀπὸ-στολος
3400 380 3495 450 τὴν
3520 381 3618 449 τῆς
3641 381 3756 451 κρί-

473 496 606 566 justi
654 494 845 564 judicii
899 494 991 547 Dei
1023 533 1038 557 ,
1090 494 1182 564 qui
1216 491 1476 545 retribuet
1507 488 1734 544 cuilibet
1764 485 2065 542 secundum

478 603 644 656 opera
681 602 779 642 sua
804 597 852 638 ⁸.
885 604 903 636 ι

2175 501 2314 548 σεως
2348 485 2567 554 ἡμέραν
2604 481 2787 538 καλεῖ·
2821 500 2840 536 t
2870 481 3028 537 Κατά
3054 479 3109 534 δὲ
3141 479 3240 548 τὴν
3270 476 3618 547 σκληρότητά
3644 486 3755 540 σου,

2177 580 2270 634 καὶ
2330 577 2709 647 ἀμετανόητον
2769 573 3038 644 καρδίαν,
3105 570 3457 642 θησαυρίζεις
3514 567 3759 640 ἐαυτῷ⁶⁸

479 683 651 754 ὀργὴν
687 685 744 737 ἐν
770 683 960 753 ἡμέρᾳ
988 681 1188 751 ὀργῆς,
1232 681 1340 747 καὶ
1374 676 1775 745 ἀποκαλύψεως
1809 675 1960 727 xui"
1989 674 2392 745 δικαιοκρισίας
2415 672 2576 738 Θεοῦ,
2612 672 2670 738 ὃς
2701 669 2972 725 ἀποδώσει
3035 667 3253 738 ἑκάστῳ
3302 665 3444 719 κατά
3503 665 3571 718 τὰ
3628 668 3761 737 ἔργα

480 797 668 833 αυτου.
692 796 711 829 ἱ

551 868 717 922 Vens.
753 868 805 922 7.
859 886 877 919 ι
919 868 1022 933 Qui
1071 863 1358 920 confidunt
1409 863 1462 917 in
1503 865 1702 918 virtute
1738 879 1834 920 sua
1867 903 1882 924 ,
1923 874 1978 918 et
2010 865 2064 917 iu

484 961 833 1017 multitudine
875 959 1194 1014 divitiarum
1239 972 1466 1010 suarum
1502 958 1828 1026 gloriantur.
1876 977 1895 1007 ι
1953 956 2066 1027 Ego

482 1055 706 1124 quidem
737 1097 750 1120 ,
794 1053 1010 1122 inquit,
1045 1052 1246 1104 horreo
1283 1058 1338 1103 et
1371 1051 1740 1104 contremisco
1787 1052 1929 1106 diem
1973 1050 2068 1122 qui

482 1154 850 1214 exspectatur.
896 1140 1005 1196 Vos
1036 1155 1201 1206 vero,
1253 1139 1347 1209 qui
1379 1139 1588 1194 divitiis
1622 1139 1869 1204 aﬂluitis,
1917 1141 2068 1195 illius

482 1236 589 1289 iliei
627 1234 832 1288 nullam
864 1230 1050 1302 geritis
1087 1246 1277 1285 curam
1304 1272 1318 1297 ,
1372 1231 1467 1284 sed
1510 1231 1826 1285 divitiarum
1870 1247 2068 1301 super-

485 1329 568 1381 bia
608 1326 756 1391 elati,
790 1327 958 1380 rebus
991 1325 1155 1380 ﬂuxis
1179 1363 1194 1389 ,
1227 1335 1486 1394 tanquam
1525 1324 1817 1380 stabilibus
1842 1365 1856 1389 ,
1897 1325 2070 1380 conii-

482 1420 637 1474 «litis.

553 1510 720 1566 Vsus.
753 1511 807 1575 8,
833 1511 888 1566 9.
927 1530 945 1561 ι
972 1509 1162 1564 Frater
1195 1523 1304 1562 non
1335 1507 1590 1575 redimit;
1622 1508 1852 1563 redimet
1873 1508 2074 1564 homo?

484 1618 592 1656 non
622 1603 776 1656 dabit
811 1601 919 1654 Deo
952 1600 1319 1670 placationcm
1366 1614 1546 1652 suam.
1583 1597 1650 1653 Et
1681 1601 1913 1666 pretium
1950 1601 2074 1654 red-

2243 845 2311 922 C'.
2372 875 2392 910 ι
2435 859 2500 910 Οἱ
2547 857 2874 917 πεποιθότες
2907 855 3001 908 ἐπὶ
3036 858 3102 925 τῇ
3134 853 3366 923 δυνάμει
3402 851 3618 912 αὐτῶν,
3673 853 3763 904 καὶ

2169 951 2266 1005 ἐπὶ
2312 949 2394 1019 τῷ
2439 949 2640 1021 πλήθει
2693 948 2789 1004 τοῦ
2837 947 3074 1000 πλούτου
3115 945 3300 999 αὐτῶν
3335 944 3709 1014 καυχώμενοι.
3739 963 3756 995 ι

2182 1041 2327 1110 Ἐγὼ
2367 1043 2489 1110 μὲν,
2522 1044 2680 1113 φησὶ,
2725 1041 2871 1094 δέδια
2903 1041 2995 1093 καὶ
3023 1039 3214 1109 τρέμω
3245 1039 3347 1108 τὴν
3369 1038 3765 1109 προσδοκωμέ-

2171 1150 2271 1204 νην
2302 1133 2518 1204 ἡμέραν
2539 1149 2552 1162 ο
2585 1132 2745 1202 ὑμεῖς
2770 1130 2827 1184 δὲ
2859 1131 2909 1183 οἱ
2937 1129 3017 1200 τῷ
3047 1127 3268 1198 πλούτῳ
3293 1127 3600 1200 κομῶντες,
3627 1125 3766 1178 ὲκεί-

2172 1242 2271 1296 νης
2318 1225 2420 1300 μὲν
2453 1223 2715 1294 οὐδεμίαν
2744 1221 2990 1277 ποιεῖσθε
3023 1221 3068 1254 ⁷⁸
3108 1220 3388 1290 φροντίδα,
3413 1223 3480 1290 τῇ
3509 1219 3566 1270 δὲ
3600 1219 3766 1287 exsp-

2174 1317 2380 1388 ηφανία
2409 1318 2508 1386 τῆς
2547 1315 2868 1386 περιουσίας
2912 1311 3463 1383 μεγαλαυχούμενοι,
3499 1311 3577 1374 ὡς
3624 1311 3764 1382 pavi-

2177 1427 2300 1480 μοις
2327 1409 2583 1480 θαρρεῖτε
2616 1411 2732 1470 τοῖς
2764 1407 3002 1478 ῥέουσιν.

2247 1505 2318 1570 η’,
2344 1501 2412 1556 θ’.
2477 1520 2496 1554 ι
2537 1499 2790 1570 ’Δδελφὺς
2824 1500 2886 1554 ού
2917 1499 3208 1570 λυτροῦται
3231 1537 3246 1560 ,
3306 1497 3648 1568 λυτρὼσεται
3676 1497 3767 1550 άν-

2179 1594 2431 1663 θρωπο;;
2484 1593 2546 1646 οὐ
2581 1591 2746 1646 δώσει
2788 1591 2868 1661 τῷ
2896 1590 3018 1662 Θεῷ
3048 1591 3318 1660 ἑξίλασμα
3341 1589 3624 1645 Eata-:06".
3663 1587 3768 1642 Καὶ

476 1696 780 1766 emptionis
832 1696 1032 1748 anima:
1067 1707 1201 1750 suae.
1232 1711 1251 1744 ι
1290 1690 1444 1746 Scire
1489 1701 1670 1746 autem
1713 1708 1808 1748 vos
1851 1703 2073 1762 oporte-

2187 1691 2274 1760 τὴν
2294 1689 2462 1760 τιμὴν
2479 1689 2525 1720 ⁷¹
2550 1689 2652 1757 τῆς
2674 1687 3001 1758 λυτρώσεως
3029 1687 3130 1756 τῆς
3155 1686 3336 1757 ψυχῆς
3358 1683 3552 1740 αὐτοῦ.
3581 1703 3599 1734 ι
3626 1683 3768 1735 Ἔδει

479 1786 594 1851 bat,
629 1800 731 1840 nec
762 1785 1034 1854 majorum
1058 1793 1154 1838 aut
1180 1783 1410 1838 fratrum
1440 1782 1698 1854 pietatem
1725 1799 1787 1838 ac
1816 1784 2072 1838 virtutem

483 1877 553 1930 iis
579 1875 672 1944 qui
718 1875 803 1930 his
839 1883 1033 1929 carent
1073 1873 1369 1944 prodesse,
1407 1891 1509 1929 nec
1540 1885 1663 1944 post
1687 1889 1975 1930 excessum
2007 1891 2074 1930 ex

485 1967 587 2018 hac
627 1965 739 2018 vita
787 1965 1021 2018 salutem
1059 1963 1259 2033 opibus
1291 1966 1624 2034 comparari.
1675 1963 1732 2018 In
1780 1966 1885 2019 hac
1928 1966 2072 2024 enim

486 2055 597 2110 vita
631 2072 650 2105 ι
686 2055 924 2124 pretium
953 2055 1349 2124 redemptionis
1382 2057 1526 2121 viri,
1581 2065 1643 2110 ut
1686 2057 1764 2111 ait
1803 2057 2034 2126 Sapiens
2057 2097 2072 2120 ,

487 2146 723 2216 propria:
755 2145 960 2200 divitia
988 2153 1120 2200 sunt
1153 2147 1194 2199 ί.
1228 2164 1246 2196 ι
1288 2146 1401 2202 [loc
1437 2147 1672 2202 consilio
1700 2163 1797 2203 eos
1825 2149 1921 2218 qui
1953 2150 2076 2220 opi-

488 2237 591 2290 bus
639 2236 942 2291 abutuntur
992 2237 1358 2300 exhortatus,
1407 2238 1475 2293 ad
1524 2239 1742 2294 virtutis
1789 2241 2076 2308 operarios

484 2341 794 2383 sermonem
816 2327 1100 2394 transfert,
1127 2329 1318 2384 dicens
1348 2347 1362 2383 ε

560 2545 580 2577 ι
614 2526 677 2581 Et
721 2527 992 2582 laboravit
1039 2528 1093 2583 in
1135 2539 1421 2585 aeternum.
1449 2531 1652 2604 [νεεδ.
1692 2537 1758 2591 10
1783 2579 1796 2602 ,
1832 2537 1958 2611 11.]
2011 2539 2076 2596 Et

482 2616 651 2688 919
673 2619 817 2672 vivet
848 2620 903 2672 in
937 2619 1122 2674 linem.
1154 2621 1219 2674 Et
1248 2639 1356 2676 non
1391 2625 1594 2679 videbit
1620 2627 1922 2695 interitum,
1949 2649 2072 2685 eum

486 2711 683 2765 viderit
705 2712 986 2779 sapientes
1011 2714 1331 2767 morientes.
1348 2735 1365 2766 ι
1388 2717 1492 2782 Qui
1510 2718 1654 2772 enim
1680 2735 1779 2790 pro
1799 2723 2002 2790 pietate
2021 2735 2072 2778 et

481 2801 691 2870 iustitia
721 2803 956 2857 sudores
991 2803 1275 2867 sustinuit,
1309 2813 1364 2858 et
1397 2822 1496 2876 pro
1533 2811 1882 2878 sempiternis
1918 2814 2076 2870 bonis

486 2895 706 2950 labores
727 2896 991 2964 suscepit,
1019 2896 1384 2952 immortalem
1415 2901 1610 2965 vitam,
1641 2912 1902 2972 tanquam
1932 2906 2076 2961 labo-

2171 1783 2231 1836 δὲ
2271 1783 2506 1835 συνιδεῖν
2536 1781 2682 1851 ὑμᾶς
2706 1780 2772 1844 ⁷³,
2805 1778 2883 1842 ὡς
2913 1779 3038 1833 οὔτε
3073 1779 3359 1848 προτόνων
3391 1778 3488 1831 καὶ
3523 1774 3767 1844 ἀδελφῶν

2175 1875 2347 1944 ἀρετὴ
2391 1874 2487 1928 καὶ
2555 1872 2812 1928 εὐσέϐεια
2855 1873 2983 1935 τοὺς
3039 1873 3249 1926 τούτων
3311 1871 3770 1941 γεγυμνωμένους

2175 1965 2457 2036 ὀνίνησιν,
2512 1964 2640 2018 οὗτε
2695 1966 2835 2033 μετά
2877 1967 2980 2036 τὴν
3010 1963 3266 2018 ἐντεῦθεν
3297 1963 3568 2034 ἐκδημίαν
3608 1962 3771 2015 δυνα-

2175 2059 2268 2112 τον
2296 2058 2386 2112 διὰ
2421 2058 2724 2128 χρημάτων
2757 2057 3088 2128 πορίσασθαι
3139 2054 3439 2126 σωτηρίαν.
3481 2055 3639 2108 Κατὰ
3665 2053 3772 2122 γὰρ

2174 2151 2267 2204 τὸν
2293 2150 2538 2219 παρόντα
2566 2149 2684 2219 βίον
2715 2167 2736 2200 ι
2759 2149 2955 2219 λύτρον
2984 2148 3201 2220 ἀνδρὸς,
3280 2150 3444 2217 φησὶν
3468 2150 3498 2200 ὀ
3521 2147 3714 2216 Σοφὸς,
3745 2149 3774 2198 ὁ

2177 2241 2308 2303 ἴδιος
2337 2241 2589 2304 πλοῦτος.
2624 2259 2643 2292 ι
2679 2239 2902 2310 Ταύτην
2930 2240 3318 2311 προσενεγκὼν
3338 2243 3453 2302 τοῖς
3483 2240 3700 2309 πλούτῳ
3728 2238 3773 2270 ⁷⁵

2177 2332 2366 2397 κακῶς
2399 2333 2766 2404 κεχρημένοις
2799 2332 2900 2404 τὴν
2931 2332 3275 2402 συμϐουλὴν,
3314 2332 3452 2402 πρὸς
3497 2331 3626 2393 τοίις
3673 2330 3773 2399 τῆς

2173 2427 2382 2498 ἀρετῆς
2413 2426 2657 2498 ἐργάτας
2691 2426 2992 2497 μεταφέρει
3024 2425 3119 2480 τὸν
3147 2425 3330 2492 λόγον,
3364 2425 3459 2482 καί
3494 2441 3630 2493 φησι
3651 2440 3663 2453 ⁸

2252 2541 2272 2573 ι
2314 2520 2428 2574 Καὶ
2460 2519 2824 2573 ἐκοπίασενπ
2859 2519 2940 2582 εἰς
2973 2518 3065 2572 τὸν
3097 2518 3292 2572 αἰῶνα,
3352 2515 3448 2589 [ι’.
3475 2513 3612 2587 ια’.]
3667 2515 3777 2568 Καὶ

2176 2615 2407 2686 ζήσεται
2441 2615 2523 2676 είς
2545 2612 2718 2676 τέλος.
2778 2611 2953 2665 υύκ⁷⁸
2981 2611 3178 2681 ὄψεται
3210 2608 3571 2681 καταφθοράν
3591 2649 3606 2670 .
3643 2610 3777 2662 ὅταν

2174 2709 2265 2780 ιδῃ
2301 2708 2504 2778 σοφοὺς
2535 2705 3008 2776 ἀποθνήσκοντας.
3035 2724 3054 2756 ι
3093 2704 3152 2756 Ὀ
3167 2703 3329 2774 γάρ⁷⁷
3353 2704 3482 2766 τοὺς
3514 2703 3655 2772 ὑπὲρ
3681 2702 3776 2754 δύο

2180 2799 2399 2862 σεὸείας
2417 2797 2464 2830 ⁷⁸
2496 2798 2588 2852 καὶ
2612 2797 2968 2867 δικαιοσύνης
2998 2797 3300 2866 ὑπομείνας
3327 2796 3645 2867 ἱδρῶταςτῇ
3681 2795 3780 2847 καὶ

2180 2893 2307 2954 τοὺς
2346 2892 2487 2960 ὑπὲρ
2519 2890 2756 2943 αἰωνίων
2779 2888 3003 2957 ἀγαθῶν
3047 2887 3456 2957 ἀναδεξάμενος
3487 2886 3685 2948 πόνους
3707 2886 3778 2944 ⁸⁵.

487 3005 610 3044 rum
634 2988 870 3044 fructum
904 2989 1089 3052 habet,
1114 2999 1170 3044 et
1201 3005 1326 3044 cum
1356 2992 1672 3061 hujusmodi
1701 2997 2074 3076 sapientibus1

2188 2986 2287 3056 τὴν
2327 2982 2638 3052 ἀνώλεθρον
2684 2981 2797 3051 ἔχει
2837 2979 2984 3052 ζωὴν
3018 2979 3126 3034 τῶν
3158 2980 3337 3033 πόνων
3369 2979 3583 3050 καρπόν
3608 2995 3621 3008 ⁸
3680 2977 3785 3032 καὶ

485 3095 627 3150 quos
652 3081 850 3135 stultos
871 3081 1169 3150 apostolica
1187 3083 1456 3136 sententia
1478 3084 1744 3152 nominat,
1763 3093 2080 3160 sempiterni

487 3171 742 3226 interitus
787 3170 1086 3239 arternique
1144 3171 1401 3239 supplicii
1459 3173 1732 3241 particeps
1791 3194 1899 3234 non
1952 3185 2077 3240 erit.

491 3281 511 3312 ι
551 3261 730 3317 Simul
776 3262 1046 3330 insipiens
1089 3271 1144 3316 et
1187 3263 1391 3318 stultus
1419 3265 1696 3332 peribunt.
1731 3286 1750 3318 ι
1789 3271 1958 3339 Nam,
2001 3275 2084 3329 in-

487 3355 650 3423 quit,
701 3354 791 3408 isti
841 3355 933 3422 qui
965 3366 1234 3409 vocantur
1271 3357 1545 3425 sapientes
1571 3396 1587 3422 ,
1630 3360 1834 3415 nullam
1877 3380 1944 3418 ex
1979 3366 2081 3423 hac

487 3444 758 3513 sapientia
791 3444 1086 3499 utilitatem
1125 3446 1314 3510 nacti,
1365 3447 1615 3500 eamdem
1663 3460 1893 3506 mortem
1946 3457 2078 3510 sub-

485 3537 679 3599 ibunt,
710 3549 875 3602 quam
909 3534 1252 3602 insipientes.
1297 3532 1389 3589 Sic
1416 3536 1560 3589 cnim
1593 3534 1955 3606 Symmachus
1998 3543 2079 3596 in-

487 3637 819 3696 terpretatus
844 3636 927 3681 est
955 3645 968 3679 :
1013 3625 1186 3680 Simul
1216 3627 1397 3695 fatuus
1428 3639 1476 3680 et
1507 3628 1781 3696 imperitus
1811 3636 2074 3700 peribunt.

488 3708 557 3771 Et
588 3726 747 3772 vocat
771 3717 992 3786 quidem
1043 3716 1254 3784 fatuum
1286 3733 1412 3772 eum
1455 3719 1550 3788 qui
1583 3721 1802 3789 sapiens
1831 3734 2074 3792 vocatur,

490 3820 752 3878 tanquam
812 3809 966 3862 illum
1011 3809 1105 3879 qui
1149 3809 1297 3879 quod
1340 3809 1566 3865 decebat
1621 3812 1764 3868 scire
1817 3815 2072 3870 noluerit.

491 3904 810 3975 [inperitum
855 3919 988 3959 vero
1025 3919 1152 3960 eum
1201 3905 1295 3974 qui
1339 3905 1522 3959 omnis
1565 3905 1848 3976 sapientiae
1880 3924 2076 3980 expers

485 4007 606 4064 est,
633 4013 758 4051 cum
789 3997 996 4052 malitia
1034 4007 1216 4052 tamen
1250 3997 1416 4050 vitam
1446 3997 1613 4068 degit.

552 4108 586 4141 ·‹
612 4089 678 4144 Ει
705 4089 1016 4159 relinquent
1043 4089 1236 4143 alienis
1263 4089 1486 4144 divitias
1504 4105 1636 4146 suas
1653 4090 1848 4162 Heus.
1873 4091 1988 4165 £22.]
2012 4093 2076 4149 Et

473 4181 740 4253 sepulcra
779 4197 972 4237 eorum
1001 4179 1202 4237 domus
1227 4195 1420 4236 eorum
1449 4181 1504 4235 in
1535 4193 1798 4238 aeternum
1839 4201 1852 4236 :
1883 4185 2074 4240 taber-

479 4274 685 4329 nacula
721 4290 911 4330 eorum
948 4273 1001 4327 in
1033 4273 1292 4342 progenie
1313 4283 1368 4328 et
1399 4276 1680 4344 progenie.
1708 4296 1730 4326 ο
1759 4273 1876 4331 Νοιι
1907 4277 2072 4332 modo

2187 3079 2302 3140 τοϊς
2341 3075 2439 3129 τοῦ
2472 3075 2680 3144 κόσμου
2721 3075 2939 3142 σοφοῖς,
2978 3073 3072 3137 οὓς
3114 3073 3333 3143 μωροὺς
3361 3075 3390 3126 ὁ
3414 3071 3785 3134 άποστολικὺς

2187 3167 2445 3238 ὀνομάζει
2473 3167 2662 3234 λόγος,
2713 3166 2776 3218 οὐ
2807 3166 3128 3236 κοινωνήσει
3158 3165 3260 3234 τῆς
3288 3164 3512 3218 αἰωνίου
3546 3163 3785 3234 φθορᾶς,

2187 3259 2284 3312 καὶ
2324 3257 2426 3328 τῆς
2476 3259 2564 3311 ἀεὶ
2604 3256 2896 3327 τιμωρίας.
2961 3276 2979 3308 ι
3021 3257 3147 3310 Ἐπὶ
3189 3257 3250 3311 τὸ
3293 3256 3426 3310 αὐτὸ
3456 3255 3650 3326 ἄφρων
3686 3256 3787 3309 καὶ

2187 3352 2347 3414 ἄνους
2374 3348 2728 3404 ἀπολοῦνται.
2761 3367 2779 3400 ι
2825 3343 2988 3403 Οὗτοι
3014 3350 3154 3419 γάρ,
3194 3349 3460 3419 φησὶν⁶¹,
3497 3353 3545 3404 οἱ
3577 3350 3789 3404 καλού-

2190 3460 2342 3515 μενοι
2370 3443 2548 3510 σοφοὶ,
2594 3443 2855 3512 οὐδεμίαν
2885 3443 2950 3496 ὲκ
2972 3441 3071 3510 τῆς
3098 3444 3292 3511 σοφίας
3315 3443 3587 3510 ὠφέλειαν
3613 3440 3789 3513 εύρά-

2189 3552 2342 3604 μενοι
2361 3535 2434 3597 θ’,
2461 3535 2552 3587 τὸν
2595 3533 2759 3587 αὑτὸν
2811 3535 2926 3598 τοῖς
2965 3533 3206 3604 ἀμαθέσι
3247 3533 3497 3588 τίσουσιν
3531 3535 3782 3606 ὀλεθρον.

2186 3625 2348 3681 Οὕτω
2362 3625 2408 3656 ⁸³
2438 3625 2545 3696 γὰρ
2577 3628 2605 3679 ὁ
2635 3625 2933 3696 Σύμμαχος
2962 3625 3312 3695 ἡρμήνευσεν
3331 3643 3348 3656 ·
3391 3625 3576 3695 Ὁμοῦ
3596 3629 3790 3693 ἀνόη-

2182 3737 2286 3784 τος
2315 3720 2411 3773 καὶ
2441 3718 2678 3787 ἀμαθὴς
2703 3717 3098 3774 ἀπολοῦνται.
3149 3719 3260 3773 Καὶ⁵
3285 3719 3446 3773 καλεῖ
3469 3720 3570 3789 μὲν
3597 3722 3786 3790 ἀνόηο

2183 3829 2290 3865 τεν
2319 3811 2411 3864 τὸν
2438 3810 2774 3879 καλούμενον
2803 3810 2991 3880 σοφὸν.
3027 3812 3102 3876 ὡς
3137 3813 3378 3865 συνεῖναι
3408 3812 3470 3866 τὸ
3502 3812 3624 3866 δέον
3679 3815 3788 3868 οὐκ

2182 3903 2520 3974 ἐθελήσαντα
2539 3919 2554 3934 ·
2586 3902 2786 3972 ἀμαθῆ
2815 3904 2873 3956 δὲ
2905 3903 2996 3956 τὸν
3023 3903 3124 3973 τῆς
3152 3904 3253 3973 μὲν
3281 3904 3477 3973 σοφίας
3503 3904 3783 3975 ἀμύητον,

2181 3996 2353 4068 κακίᾳ
2385 3995 2442 4048 δὲ
2473 3997 2628 4066 ὅμως
2657 3993 2998 4066 συζήσαντα.

2257 4107 2277 4140 ι
2315 4089 2425 4144 Καὶ
2458 4087 2879 4157 καταλείψουσιν
2908 4087 3213 4155 ἀλλοτρίοις
3262 4086 3356 4140 τὸν
3404 4086 3640 4141 πλοῦτον
3679 4088 3784 4142 αύ-

2178 4181 2309 4236 τῶν.
2340 4180 2457 4253 [ιβ’]
2492 4182 2600 4236 Καὶ
2647 4182 2697 4234 οί
2731 4181 2894 4248 τάςοι
2946 4179 3191 4234 αὐτῶν⁸δ
3240 4178 3408 4233 οίκίαι
3455 4180 3641 4232 αὐτῶν
3697 4183 3782 4244 είς

2177 4276 2270 4328 τὸν
2283 4274 2458 4328 αἰῶνα
2477 4290 2490 4306 ο
2515 4272 2854 4344 σκηνώματα
2877 4272 3058 4326 αὐτῶν
3079 4273 3160 4334 είς
3181 4271 3373 4341 γενεὰν
3385 4272 3484 4326 καὶ
3499 4275 3720 4340 γενεάν.
3753 4295 3772 4325 ι

477 4373 670 4419 autem
701 4363 970 4432 sapientia
993 4402 1008 4426 ,
1039 4379 1230 4418 verum
1260 4366 1425 4420 etiam
1457 4367 1701 4434 potentia
1730 4379 1784 4420 et
1819 4369 2074 4424 omnibus

2187 4369 2254 4421 υς,
2279 4368 2326 4400 es
2360 4368 2530 4437 μάνης
2549 4366 2605 4420 δὲ
2635 4366 2737 4436 τῆς
2766 4367 2984 4436 σοφίας,
3013 4365 3147 4420 ἀλλὰ
3177 4367 3272 4420 καὶ
3301 4366 3403 4436 τῆς
3423 4365 3776 4431 δυναστείας,

479 4455 682 4525 opibus
705 4453 949 4523 privati,
987 4454 1150 4507 linem
1181 4455 1305 4508 vita:
1326 4455 1639 4524 accipient,
1671 4456 1740 4511 ab
1767 4456 2078 4513 illustribus

559 4579 582 4608 ι
614 4567 771 4624 Rom.
799 4584 845 4621 -ιι
866 4607 883 4634 ,
910 4565 968 4621 2.
1051 4569 1070 4604 ί
1095 4565 1260 4621 Prov.
1298 4583 1422 4632 xm,
1455 4567 1510 4622 8.

2184 4459 2280 4514 καὶ
2309 4459 2411 4530 τῆς
2447 4459 2767 4530 περιουσίας
2818 4459 3204 4529 γυμνωθέντες
3243 4459 3486 4529 ἁπάσης,
3522 4459 3779 4526 δέξονται

1597 4664 1832 4720 νΑΒΙΛΕ
1873 4666 2256 4723 LECTIONES
2302 4667 2388 4721 ET
2430 4664 2662 4721 NOTAE.

551 4754 604 4785 "'
651 4753 885 4822 Ἀπάτη.
919 4752 977 4808 in
1027 4752 1150 4808 cod.
1201 4754 1451 4822 sequitur
1499 4757 1563 4809 ὲκ
1625 4761 2074 4828 μεταφορᾶς-ε

551 4838 684 4882 ιηιι..
727 4824 907 4878 locum
947 4826 999 4878 in
1034 4825 1411 4882 superioribus
1447 4826 1826 4882 obtinuerunt.
1931 4830 1978 4861 ⁸⁸
2008 4845 2071 4882 ea

2187 4758 2314 4826 γίαν
2358 4774 2480 4823 μου.
2523 4753 2650 4809 Haec
2682 4756 2734 4807 in
2796 4754 3080 4810 codicibus
3133 4753 3308 4823 reliq‘n

2187 4874 2188 4881 η
2228 4827 2459 4882 σεαυτῷ.
2564 4827 2610 4857 ”
2637 4827 2767 4878 Kal.
2800 4826 2968 4880 Abest
2998 4825 3216 4882 quidem
3262 4839 3291 4876 a

2008 4845 2128 4883 catt.
2167 4845 2188 4881 ι
2228 4845 2459 4895 σεαυτῳ.

488 4822 684 4886 Sirm.,
727 4824 907 4878 locum
947 4826 999 4878 in
1034 4825 1411 4891 superioribus
1447 4822 1826 4882 obtinuerunt.

3313 4751 3396 4813 is,
3434 4761 3497 4807 ut
3531 4752 3586 4808 in
3621 4763 3778 4812 textu

2564 4827 2610 4857 ⁶⁹
2637 4827 2767 4878 Kal.
2800 4826 2968 4880 Abest
2998 4825 3216 4893 quidem
3262 4839 3291 4876 a
3340 4824 3464 4878 cod.
3497 4825 3548 4880 1.
3594 4837 3785 4882 exstat

486 4901 673 4946 autem
710 4893 764 4946 in
795 4895 917 4948 cod.
953 4895 1008 4947 ‘2.
1083 4895 1129 4925 "°
1161 4893 1458 4949 Ποιεῖσοε.
1488 4898 1654 4952 Abest
1685 4913 1716 4951 a
1747 4900 1868 4953 cod.
1927 4899 1978 4955 1.
2057 4900 2074 4928 ’

2187 4893 2459 4966 ξίληασμα
2487 4895 2727 4950 ἑαυτοῦ.
2771 4895 2930 4949 llebr.
3144 4896 3372 4964 pretium
3400 4895 3782 4963 redemptionis

487 5014 625 5054 nec.
698 4999 748 5030 "
783 4999 902 5066 Τὴν
923 5001 1124 5070 τιμήν.
1151 4999 1326 5057 Hebr.
1355 5009 1478 5088 "tpl.
1507 5005 1654 5073 quod
1684 5003 1856 5076 Syrus
1880 5005 2148 5075 adjective
2175 5003 2450 5073 exposuit,
2476 5001 2733 5070 pretiosa,
2764 5017 2811 5056 s.
2844 4965 3132 5071 pretiosior
3155 5009 3254 5055 est.
3332 5000 3380 5031 ’⁸
3414 4999 3617 5072 ’Υμᾶς.
3641 5003 3781 5058 cod.

493 5105 529 5160 2
551 5105 723 5177 ἡμᾶς.
815 5105 864 5136 ’⁵
894 5107 1162 5171 Πλούτῳ.
1197 5107 1322 5162 cod.
1360 5107 1410 5172 1,
1435 5110 1472 5162 2
1501 5124 1691 5179 praem.
1722 5110 1821 5182 τῷ.

1917 5112 1966 5143 η
1993 5111 2074 5165 ’E:

2187 5110 2382 5164 ίασεν.
2415 5108 2534 5163 Nisi
2575 5107 2792 5164 codices
2830 5115 2886 5162 et
2915 5106 3206 5171 editiones,
3234 5115 3500 5178 quantum
3538 5107 3778 5178 scimus,

492 5175 708 5256 omnes,
737 5188 792 5241 in
823 5188 925 5242 hac
960 5189 1193 5245 lectione
1231 5175 1629 5258 consentirent,
1670 5175 2008 5262 putaremus,
2043 5195 2332 5263 legendum
2364 5207 2483 5248 esse
2517 5191 2808 5246 ἐκόπασεν.
2850 5188 2908 5246 in
2952 5199 3101 5246 textu
3135 5175 3283 5246 enim
3312 5188 3478 5246 Hebr.
3507 5199 3591 5245 est
3620 5175 3787 5275 53w,

495 5295 638 5369 quod
673 5293 871 5369 Aquila
893 5293 1042 5369 bene
1082 5297 1267 5369 vertit,
1307 5297 1608 5352 ἐπαύσατο.
1643 5297 1858 5369 Symm.
1889 5299 2267 5368 παυσάμενος.

491 5367 714 5436 διηνοιςὶ
742 5364 1081 5437 debuissent.
1160 5367 1204 5398 "
1235 5369 1308 5420 Ὀ
1336 5364 1845 5437 γὺρ-τιιιωρίιις,
1878 5369 2000 5422 Des.
2037 5371 2074 5423 ii

2187 5369 2244 5422 d.
2273 5371 2327 5424 5.
2405 5368 2450 5401 ⁷⁸
2481 5368 2831 5432 Εὐσεϐείας.
2855 5364 2983 5421 cod.
3013 5367 3048 5420 2
3076 5382 3263 5436 prtem.
3295 5364 3416 5435 τῆς.

494 5433 620 5502 τὰς.
655 5433 779 5506 cod.
819 5437 840 5487 1
881 5433 1122 5506 ἀγῶνας,
1161 5433 1418 5506 ascripta
1434 5433 1616 5494 tamen
1651 5433 1885 5493 let-tione
1917 5439 2110 5493 altera.

504 5521 644 5560 :lSCI'.

751 5501 1172 5589 ἰΑρ-ὖτοειγςξρ,
1207 5501 1453 5589 ρηὰἰν..
1476 5507 1603 5588 Des.
1638 5509 1690 5589 in
1717 5511 1838 5589 cod.
1863 5509 1917 5562 '5.
1993 5510 2038 5540 ⁸²
2073 5539 2074 5553 ι

2187 5551 2207 5589 ,ι
2234 5509 2260 5564 1
2295 5501 2600 5589 εὑρόμενοι.

3333 5295 3788 5365 praecedentibus

3495 5364 3539 5397 η
3573 5365 3790 5434 οιδρῶ,

2217 5440 2262 5471 ⁸⁸
2296 5441 2553 5503 Πόνους.
2587 5439 2710 5492 cod.
2749 5437 2770 5488 1
2807 5437 3040 5500 κόπους,
3078 5435 3257 5490 altera
3311 5447 3491 5490 tamen
3540 5435 3793 5492 lectione

2676 5507 2722 5540 ⁸³
2750 5507 2915 5561 Οὕτω
2941 5535 3009 5545 -
3032 5505 3430 5572 ἐθελήσαντα.
3467 5505 3593 5560 Des.
3631 5511 3792 5574 apud

2383 5297 2431 5328 "
2473 5299 2593 5351 Οὐκ
2619 5327 2690 5342 -
2713 5295 3119 5365 καταφθοράν.
3160 5294 3291 5351 "ac

495 5573 660 5628 Cord.
697 5592 751 5645 p.
788 5575 912 5631 937.
990 5575 1038 5607 ⁸⁸
1068 5579 1134 5629 Oi
1176 5573 1350 5645 τάφοι
1387 5577 1605 5634 αὐτῶν.
1641 5579 1810 5635 llebr.
1843 5589 2028 5662 D2319,
2069 5580 2322 5645 medium,
2348 5573 2396 5634 s.
2424 5573 2656 5633 interius
2681 5593 2883 5642 eorum,
2916 5577 2970 5631 b.
3004 5592 3054 5632 e.
3086 5576 3535 5631 ardentissimum
3556 5573 3793 5632 deside-

499 5674 1386 5775 ﬂu't‘u‘eoruthedferuruntus,
1415 5699 1579 5775 quam
1605 5700 1796 5741 omnes
1822 5663 2148 5755 interpretes
2177 5683 2518 5754 antiquiores
2547 5683 2721 5740 secuti
2759 5690 2908 5751 sunt,
2941 5680 3118 5749 lectio,
3147 5681 3316 5740 fuisse
3347 5681 3561 5739 videtur

501 5742 546 5773 “
577 5749 660 5800 οὐ
679 5776 747 5787 -
774 5752 1009 5818 σοφίας.
1038 5752 1141 5807 Des
1189 5753 1242 5807 in
1267 5742 1386 5808 cod.
