4012 6206
389 313 527 379 1229

1725 302 1807 363 IN
1846 301 2050 364 PSAL.
2100 300 2309 361 XLIX.

3533 306 3664 374 1230

388 425 583 501 μῳδῶν
610 424 656 458 ⁸⁸
690 419 1144 495 χοροδιδάσκαλος
1176 412 1353 483 οὗτος.
1385 416 1468 481 ὡς
1495 418 1528 489 η
1563 416 1671 471 τῶν
1700 416 1971 486 Παραλει-

2084 424 2363 468 cantorum
2411 412 2555 468 alius
2589 412 2789 479 chori,
2835 424 2894 469 ut
2938 415 3163 471 historia
3208 416 3667 491 Paralipomenon

388 516 642 589 πομένων
701 512 943 579 ἐδίδαξεν
980 509 1217 578 inopia.
1248 509 1328 562 Τὰ
1357 508 1400 540 ³⁷
1437 508 1538 578 μὲν
1569 507 1679 579 γὰρ
1723 507 1832 559 ἀπὸ
1872 503 1967 558 τοῦ

2074 518 2177 559 nos
2234 504 2442 561 docuit.
2486 503 2621 559 Nam
2677 521 2741 561 ea
2784 521 2906 577 quae
2944 522 2974 560 a
3013 511 3436 581 quadragesimo
3492 514 3670 583 primo

386 605 832 679 τεσσαρακοστοῦ
914 601 1137 675 πρώτου
1158 602 1202 634 ⁸⁸
1274 597 1844 671 προηρμηνευμέναθ9
1919 598 1968 650 οἱ

2084 595 2285 663 psalmo
2310 597 2557 667 exposita
2592 611 2751 663 sunt,
2793 600 2919 657 ﬁliis
2962 601 3125 669 Core,
3159 604 3298 658 alius
3327 604 3483 660 chori
3518 607 3665 676 prin-

389 702 535 773 Κορὲ
565 701 693 763 υἱοὶ,
723 701 1016 771 κορυφαῖοι
1054 698 1150 751 καὶ
1176 696 1330 750 αὐτοὶ
1365 693 1527 766 χοροῦ
1581 693 1772 762 ἑτέρου
1812 690 1969 758 γενό-

391 809 564 867 μενοι,
603 791 753 863 ᾄδειν
783 786 1255 861 ἐνεχειρίσθησαν.
1294 786 1520 857 Ἔχουσι
1549 783 1606 838 δὲ
1632 783 1730 837 καὶ
1770 782 1971 847 ἄλλους

386 886 657 957 ψαλμοὺς,
690 884 790 953 τὴν
820 882 1001 936 αὐτῶν
1042 880 1359 953 ἐπιγραφὴν
1415 878 1664 951 ἔχοντας,
1719 876 1835 943 οὓς,
1862 877 1911 930 εί
1942 876 1970 929 ὀ

388 978 519 1042 Θεὸς
543 974 892 1045 ἐπιτρέψειεν
917 974 985 1039 ⁸ο,
1022 973 1463 1046 ἐρμηνεύσομεν.
1506 973 1568 1024 Ὀ
1611 971 1667 1025 δὲ
1688 971 1732 1003 ⁸⁸
1775 968 1970 1042 παρὼν

387 1068 625 1139 ψαλμὸς,
658 1066 737 1137 τῷ
779 1066 953 1135 ’Δσὰφ
976 1065 1361 1135 ἀνακείμενος,
1409 1064 1700 1135 σύμφωνός
1732 1064 1853 1116 ἐστι
1891 1061 1971 1133 τῷ

390 1160 823 1233 προτεταγμένῳ
872 1157 1075 1228 ψαλμῷ
1106 1174 1119 1189 ’
1159 1158 1255 1211 καὶ
1302 1156 1465 1220 αὐτὸς
1513 1157 1624 1227 γὰρ
1680 1157 1740 1210 τὸ
1778 1155 1971 1227 μέλλον

390 1250 759 1325 προαγορεύει
781 1251 826 1283 δ’
848 1252 1154 1321 κριτήριον,
1188 1251 1278 1304 καὶ
1311 1249 1407 1303 τοῦ
1426 1248 1562 1302 Θεοῦ
1591 1248 1687 1301 καὶ
1719 1248 1973 1318 Σωτῆρος

390 1344 547 1416 ἡμῶν
586 1344 685 1416 τὴν
710 1342 1053 1412 ἐπιφάνειαν.
1097 1341 1473 1413 Προαγορεύει
1500 1341 1687 1412 μέντοι
1736 1340 1832 1394 καὶ
1873 1341 1974 1410 τὴν

393 1434 585 1507 καινὴν
621 1434 912 1506 διαθήκην,
946 1433 1165 1499 δεικνὺς
1203 1434 1301 1505 τὴν
1328 1435 1472 1487 κατὰ
1524 1432 1689 1504 νόμον
1722 1432 1975 1502 λατρείαν

394 1527 455 1582 οὐ
488 1527 712 1598 θυμήρη
729 1525 870 1595 Θεῷ.
904 1544 923 1577 ι
958 1525 1093 1589 Θεὸς
1138 1525 1280 1581 θεῶν
1310 1525 1517 1594 Κύριος
1570 1524 1831 1594 ὲλάλησε,
1882 1525 1977 1579 καὶ

402 1620 627 1674 ἐκάλεσε
657 1619 756 1690 τὴν
785 1619 915 1688 γῆν,
961 1617 1070 1671 ἀπὸ
1108 1617 1390 1671 ἀνατολῶν
1426 1616 1583 1687 ἡλίου
1644 1617 1806 1688 μέχρι
1849 1616 1977 1669 δυσ-

407 1711 543 1781 μῶν.
576 1730 595 1762 ι
615 1712 725 1764 Καὶ
735 1709 780 1742 ⁸³
798 1711 826 1762 ὀ
846 1709 953 1779 πρὸ
974 1707 1169 1762 τούτου
1188 1708 1403 1779 ψαλμὸς
1425 1708 1634 1772 πάντας
1656 1705 1978 1778 ἀνθρώπους

2073 687 2284 757 cipibns
2309 729 2323 751 ,
2370 690 2437 744 ad
2470 693 2777 746 canendum
2818 697 3125 751 commissa
3166 696 3408 752 fuerunt.
3455 698 3673 754 Habent

2080 794 2208 835 vero
2256 791 2313 836 et
2362 783 2501 838 alios
2547 785 2826 854 psalmos,
2881 787 3086 857 quibus
3135 804 3327 844 eorum
3382 791 3672 860 inscriptio

2076 879 2179 932 est,
2211 885 2348 938 quos
2377 871 2421 925 si
2452 871 2592 927 Deus
2622 876 2937 942 permiserit
2969 876 3391 945 explicabimus.
3425 875 3670 932 Praesens

2077 971 2255 1016 autem
2306 964 2549 1033 psalmus
2596 967 2818 1036 Asapho
2866 969 3205 1039 attributus,
3258 986 3537 1028 consonus
3588 986 3672 1034 est

2074 1058 2324 1128 proxime
2357 1059 2683 1127 praecedenti
2730 1060 2966 1130 psalmo.
3012 1063 3226 1118 Etenim
3266 1063 3356 1120 hic
3385 1064 3549 1119 etiam
3587 1064 3671 1118 iu-

2074 1158 2257 1202 turutn
2281 1149 2554 1219 judicium
2580 1153 2849 1221 praedicit,
2870 1163 2924 1207 et
2952 1152 3044 1209 Dei
3073 1171 3137 1210 ac
3164 1154 3468 1211 Salvatoris
3495 1159 3670 1213 nostri

2075 1241 2395 1299 adventum.
2426 1240 2769 1299 Vaticinatur
2799 1248 2963 1301 etiam
3010 1263 3212 1304 novum
3259 1258 3668 1316 testamentum,

2076 1339 2372 1393 ostendens
2435 1338 2660 1410 legalem
2712 1342 2919 1398 cultum
2977 1345 3205 1400 minime
3260 1344 3371 1401 Deo
3429 1356 3667 1417 gratum.

2083 1448 2101 1480 ι
2142 1428 2285 1485 Deus
2316 1431 2545 1486 deorum
2590 1432 2855 1491 Dominus
2906 1435 3125 1493 locutus
3168 1447 3250 1493 est
3278 1477 3292 1500 ,
3351 1446 3401 1493 et
3457 1438 3672 1494 vocavit

2080 1532 2317 1590 terram,
2358 1538 2388 1578 a
2431 1524 2567 1579 solis
2595 1535 2716 1580 ortu
2749 1542 2929 1597 usque
2971 1528 3038 1581 ad
3072 1543 3357 1583 occasum.
3393 1547 3412 1581 ›
3456 1527 3674 1585 Praece-

2078 1614 2214 1671 dens
2246 1617 2409 1671 etiam
2430 1619 2678 1688 psalmus
2712 1629 2941 1676 cunctos
2973 1619 3226 1679 homines
3259 1623 3327 1678 ad
3361 1623 3671 1680 doctrinam

2080 1711 2375 1765 accersivit
2414 1730 2427 1765 :
2482 1712 2569 1765 hic
2613 1728 2836 1783 quoque
2886 1714 3072 1769 itidem
3114 1731 3306 1773 omnes
3345 1716 3482 1774 ﬁnes
3522 1718 3674 1772 orbis

399 1806 480 1868 εἰς
517 1801 867 1857 διδασκαλίαν
893 1801 1147 1867 ἐκάλεσε,
1178 1800 1275 1855 καὶ
1303 1801 1460 1864 οὗτος
1486 1799 1752 1864 ὡσαύτως
1796 1799 1976 1852 πάντα

2084 1808 2350 1856 terrarum
2397 1803 2644 1860 advocat.
2685 1805 2800 1861 Hoc
2844 1807 2992 1862 enim
3032 1809 3349 1879 signiﬁcat:
3410 1829 3429 1862 ι
3462 1811 3507 1864 Α
3541 1810 3675 1866 solis

393 1895 494 1966 τῆς
520 1894 847 1964 οἰκουμένης
866 1893 936 1947 τὰ
967 1893 1200 1965 πέρατα.
1225 1891 1299 1946 Τὸ
1329 1892 1493 1963 γὰρ,ι
1539 1891 1675 1946 Ἀπὸ
1700 1891 1978 1946 ἀνατολῶν

395 1987 546 2059 ηλίου
580 1988 745 2059 μέχρι
772 1986 820 2018 ⁸⁵
874 1985 1115 2057 δυσμῶν,
1164 2004 1183 2038 ι
1222 1983 1387 2039 τοῦτο
1425 1983 1600 2054 δηλοῖ.
1650 1983 1724 2037 Τὸ
1747 1983 1804 2037 δὲ
1832 1983 1980 2050 Θεὸς

407 2079 576 2143 θεῶν,
627 2078 679 2131 οἱ
744 2079 893 2147 τρεῖς
957 2076 1162 2146 ἑτέρως
1269 2075 1650 2147 ἡρμήνευσαν,
1703 2072 1978 2141 Ἰσχυρός

399 2170 600 2237 Oeric“
620 2169 907 2239 λαλήσας
927 2166 1186 2222 ἐκάλεσε
1210 2166 1326 2235 τὴν
1356 2165 1493 2236 γῆν.
1514 2167 1578 2220 Oi
1607 2165 1665 2219 δὲ
1713 2164 1980 2238 Ἑϐδομή-

398 2280 563 2317 κοντα
587 2262 764 2328 θεοὺς
798 2259 1129 2331 ὀνομάζουσι
1159 2259 1290 2321 τοὺς
1343 2258 1536 2328 ἄρχειν
1559 2257 1850 2328 λαχόντας,
1883 2257 1979 2310 καὶ

396 2355 607 2426 κρίνειν
673 2355 1171 2422 πεπιστευμένους,
1224 2351 1361 2423 ὅπερ
1398 2350 1533 2403 ἴδιον
1598 2350 1763 2421 μόνου
1818 2349 1977 2404 θεοῦ.

395 2447 567 2501 Τοῦτο
591 2448 739 2516 ἡμᾶς
763 2446 791 2498 ὀ
813 2443 1177 2514 ὀγδοηκοστὸς
1217 2443 1434 2514 πρῶτος
1459 2443 1704 2513 διδάσκει
1737 2441 1977 2513 ψαλμὸς,

394 2537 491 2594 καὶ
528 2539 691 2602 αὐτὸς
717 2538 796 2608 τῷ
829 2537 1003 2605 Ἀσάφ
1027 2536 1535 2607 ἐπιγεγραμμένος.
1561 2533 1816 2606 Εἱρηκὼς
1845 2534 1978 2605 γὰρ,

400 2649 418 2681 ι
467 2629 530 2683 '0
575 2629 709 2693 Θεὸς
747 2628 880 2701 ἔστη
934 2629 1340 2700 ὲν·συναγωγῇ
1387 2627 1563 2681 θεῶν’
1619 2629 1679 2681 ἐν
1720 2627 1873 2698 μέσῳ
1922 2627 1980 2680 δὲ

394 2720 554 2785 θεοὺς
586 2720 861 2791 διακρινεῖ
883 2738 898 2752 ·
943 2740 962 2773 ι
999 2722 1282 2792 ἐπήγαγεν
1303 2736 1317 2749 ·
1350 2739 1369 2772 ι
1416 2720 1564 2784 Ἕως
1595 2719 1727 2773 πότε
1757 2718 1977 2788 κρίνετε

395 2813 631 2881 ἀδικίαν,
683 2813 779 2867 καὶ
827 2814 1097 2884 πρόσωπα
1121 2813 1169 2845 ’⁸⁸
1227 2811 1571 2884 ἁμαρτωλῶν
1621 2811 1978 2881 λαμϐάνετες

395 2901 622 2974 κρίνατε
650 2901 875 2974 ὀρφανῷ
914 2904 1009 2956 καὶ
1067 2902 1267 2973 πτωχῷ
1294 2919 1308 2932 ·
1360 2902 1623 2957 ταπεινὸν
1649 2902 1744 2957 καὶ
1771 2902 1981 2972 πένητα

394 2994 746 3048 δικαιώσατε.
772 3012 795 3045 ν
827 2994 999 3049 Τοῦτο
1035 2995 1093 3048 δὲ
1122 2995 1313 3067 ἱερέων
1347 2995 1501 3057 ἴδιον,
1533 2996 1628 3049 καὶ
1650 2996 1759 3048 τῶν
1781 2993 1978 3059 ἄλλων,

2078 1900 2204 1946 ortu
2238 1892 2305 1946 ad
2332 1907 2589 1949 occasum
2624 1911 2822 1967 usque.
2857 1917 2874 1948 ι
2905 1896 3041 1953 Illud
3073 1914 3223 1964 vero,
3254 1900 3399 1955 Deus
3429 1901 3673 1968 deorum,

2078 1999 2107 2038 a
2139 1983 2316 2040 tribus
2356 1986 2752 2058 interpretibus
2785 1990 2943 2047 aliter
2973 2007 3294 2062 expressum
3324 2006 3408 2052 est
3440 2014 3454 2051 :
3490 1996 3675 2053 Fortis

2082 2076 2218 2133 Deus
2246 2078 2452 2135 locutus
2477 2083 2680 2135 vocavit
2710 2093 2931 2139 terram.
2954 2084 3123 2159 925l
3150 2088 3419 2144 Cmterum
3441 2090 3677 2162 Septua-

2079 2171 2227 2242 ginta
2275 2173 2398 2228 deos
2443 2175 2733 2231 nominant
2799 2178 2922 2234 illos
2983 2181 3077 2250 qui
3152 2181 3442 2252 imperium
3496 2185 3675 2240 sortiti

2080 2277 2229 2333 sunt,
2255 2268 2610 2339 ctjudicandi
2634 2271 2870 2326 ollicium
2898 2275 3257 2330 commissum
3284 2277 3508 2346 habent,
3528 2282 3674 2351 quod

2079 2360 2252 2416 Selius
2283 2361 2374 2415 Dei
2406 2362 2685 2433 proprium
2714 2372 2818 2420 est.
2845 2363 2959 2421 Hoc
2984 2382 3085 2422 nos
3106 2367 3271 2424 docet
3300 2376 3675 2443 octogesimus

2079 2450 2291 2527 primus
2323 2454 2603 2522 psalmus,
2638 2455 2733 2526 qui
2763 2456 2928 2511 etiam
2964 2457 3190 2530 Asapho
3225 2458 3528 2535 inscriptus
3566 2477 3672 2521 est.

2080 2540 2215 2595 Nam
2246 2558 2367 2596 cum
2405 2544 2675 2600 dixisset:
2712 2564 2731 2596 ι
2768 2544 2912 2601 Deus
2950 2550 3099 2603 stetit
3141 2551 3193 2604 in
3228 2567 3505 2625 synagoga
3536 2556 3672 2610 dco-
3756 2602 3759 2603 ν

2081 2646 2225 2696 rum,
2260 2631 2313 2686 in
2346 2634 2529 2688 medio
2561 2642 2744 2690 autem
2786 2636 2920 2691 deos
2942 2636 3240 2707 judicat';
3281 2659 3300 2691 ι
3345 2644 3668 2713 subjunxit:

2088 2742 2105 2776 ι
2136 2724 2434 2795 Quousque
2458 2726 2718 2796 judicatis
2746 2728 3114 2800 iniquitatem,
3144 2745 3198 2788 et
3227 2733 3394 2791 iacies
3420 2747 3672 2806 peccato-

2083 2832 2204 2870 rum
2233 2818 2548 2886 respicitis?
2578 2817 2678 2876 Jus
2706 2821 2871 2878 dicite
2917 2824 3127 2897 pupillo
3159 2834 3211 2880 et
3237 2810 3443 2899 egeno:
3488 2830 3670 2886 humi-

2083 2908 2187 2963 lem
2242 2919 2296 2964 et
2322 2924 2616 2981 pauperem
2643 2914 2941 2985 justiﬁcate
2965 2926 3012 2972 ι.
3040 2936 3059 2969 ι
3095 2917 3265 2976 Porro
3299 2920 3351 2977 ld
3384 2920 3452 2978 ad
3486 2939 3670 2981 sacer-

2081 3000 2241 3056 dotes
2268 3011 2321 3057 et
2348 3003 2415 3058 ad
2443 3005 2580 3061 alios
2602 3008 2859 3076 pertinet,
2903 3010 3106 3080 quibus
3155 3015 3471 3072 mandatum
3497 3026 3581 3073 est
3613 3029 3673 3076 ut

395 3086 512 3140 ὅσοι
544 3086 608 3140 τὸ
634 3086 882 3151 δικάζειν
910 3087 1382 3159 ὲνεχειρίσθησαν.
1421 3086 1580 3141 Οὕτω
1611 3088 1708 3142 καὶ
1750 3090 1778 3142 ὀ
1816 3088 1978 3158 νόμος

2084 3088 2170 3159 ius
2219 3093 2466 3153 reddant.
2522 3093 2615 3152 Sic
2655 3099 2821 3153 etiam
2876 3100 2966 3155 lex
3017 3105 3264 3175 praecipit
3300 3123 3328 3189 ι
3367 3126 3387 3160 ι
3432 3105 3548 3166 Diis
3605 3128 3673 3168 ne

396 3176 730 3248 διαγορεύει,
774 3196 794 3229 ι
831 3177 1001 3242 Θεοῦς
1030 3179 1091 3231 οὐ
1134 3178 1558 3251 κακολογήσεις,
1592 3182 1688 3235 καὶ
1742 3181 1982 3253 ἄρχοντα

396 3267 492 3322 τοῦ
518 3268 647 3322 λαοῦ
679 3286 773 3323 σου
813 3271 915 3324 οὐκ
969 3272 1116 3343 ἐρεῖς
1166 3271 1375 3335 κακῶς.
1424 3291 1443 3325 ι
1480 3274 1709 3344 Κυρίως
1735 3275 1780 3353 θ’
1834 3276 1880 3329 δ’
1915 3277 1982 3331 ἂν

400 3361 515 3416 θεοὶ
542 3363 796 3433 κληθεῖεν
826 3367 876 3418 οἱ
903 3366 1025 3419 κατ’
1056 3365 1247 3421 εἰκόνα
1269 3367 1315 3399 ⁸⁸
1349 3367 1501 3422 θείαν
1530 3367 1576 3402 ⁸⁸
1596 3370 1981 3442 γεγενημένοι,

397 3456 493 3508 καὶ
544 3456 822 3527 ἀκήρατον
875 3457 976 3528 τὴν
1020 3457 1211 3513 εἰκόνα
1257 3459 1618 3529 φυλάξαντες.
1683 3460 1742 3515 ’0
1791 3463 1901 3534 γὰρ
1933 3462 1982 3495 ⁸⁰

396 3544 606 3601 τούτων
652 3547 788 3613 Θεὸς
819 3550 1003 3603 πᾶσαν
1055 3550 1281 3620 συνάγει
1302 3552 1402 3625 τὴν
1446 3554 1779 3628 οἰκουμένην
1815 3558 1895 3620 είς
1921 3555 1983 3610 τὸ

397 3636 753 3711 δικαστήριον
780 3639 847 3695 ³¹.

470 3728 536 3799 β’.
573 3746 594 3782 ι
644 3731 739 3784 Ἐκ
782 3729 925 3785 Σιὼν
961 3733 1267 3804 εὐπρέπεια
1297 3738 1344 3769 "
1372 3737 1476 3807 τῆς
1521 3737 1857 3810 ὡραιότητος
1884 3739 1984 3793 αύ-

395 3820 514 3877 τοῦ.
548 3840 568 3874 ι
602 3822 775 3886 Αὐτὸς
798 3823 858 3878 δὲ
883 3825 932 3857 ⁵⁸
971 3817 1129 3889 οὗτός
1170 3829 1322 3881 εστιν
1344 3832 1372 3883 ὀ
1408 3828 1466 3884 ὲν
1494 3833 1560 3901 τῇ
1591 3832 1731 3885 Σιὼν
1770 3831 1871 3897 τὴν
1898 3833 1982 3886 ol-

396 3914 554 3969 κείαν
610 3915 952 3989 εὐπρέπειαν
1015 3919 1112 3972 καὶ
1164 3919 1481 3992 ὡραιότητα
1528 3922 1729 3990 δείξας,
1770 3926 1864 3979 καὶ
1911 3924 1981 3979 τὰ

400 4004 1120 4079 σωτήριακαταδεξάμενος
1168 4010 1339 4082 πάθη,
1391 4013 1420 4066 ὀ
1448 4011 1495 4045 ⁸⁸⁸
1532 4012 1737 4085 ὡραῖος
1787 4016 1979 4070 κάλλει

397 4097 550 4169 παρὰ
579 4099 707 4163 τοὺς
745 4100 897 4166 υίοὺς
926 4101 1036 4155 τῶν
1062 4102 1370 4174 ἀνθρώπων
1408 4107 1737 4179 ὀνομασθεὶς
1778 4111 1838 4165 ἐν
1867 4112 1981 4175 τοῖς

397 4184 780 4260 ἑρμηνευθείσι
804 4192 851 4224 ³⁸
878 4193 1111 4264 ψαλμοῖς
1128 4195 1194 4251 ⁵⁸⁵.

464 4278 534 4351 γ’.
564 4302 583 4336 ι
630 4284 688 4337 ’0
721 4284 855 4351 Θεὸς
896 4287 1156 4358 ἐμφανῶς
1182 4289 1228 4323 ⁵⁷
1263 4290 1406 4362 ἥξει,
1437 4292 1465 4345 ὀ
1493 4292 1628 4358 Θεὸς
1663 4295 1844 4366 ἡμῶν,
1883 4296 1978 4349 καὶ

395 4371 459 4425 ού
494 4379 1013 4451 παρασιωπησεται.
1083 4399 1102 4435 ι
1160 4382 1252 4455 Μὴ
1275 4383 1388 4456 γὰρ
1441 4385 1506 4456 δὴ
1539 4387 1801 4457 νομίσητε
1836 4389 1978 4442 κατὰ

2086 3186 2457 3256 inaledixeris,
2499 3205 2601 3246 nec
2638 3193 2869 3264 principi
2920 3192 3108 3267 populi
3141 3199 3219 3254 tui
3246 3183 3542 3260 maledicas
3562 3213 3610 3260 γ.
3645 3225 3664 3256 ι

2087 3274 2312 3352 Proprie
2359 3290 2541 3338 autem
2586 3284 2665 3339 dii
2698 3288 2882 3343 vocari
2924 3299 3191 3359 possunt,
3245 3295 3564 3368 quicunque
3601 3301 3668 3355 ad

2084 3372 2325 3429 divinam
2359 3375 2653 3449 imaginem
2684 3377 2809 3436 facti
2834 3391 2983 3449 sunt,
3007 3388 3062 3439 et
3085 3384 3354 3443 sinceram
3375 3388 3667 3463 imaginem

2086 3478 2434 3523 conservant.
2473 3467 2679 3524 Horum
2721 3472 2868 3528 enim
2917 3475 3061 3533 Deus
3111 3479 3431 3537 universum
3477 3483 3665 3540 orbem

2085 3562 2356 3613 terrarum
2386 3568 2683 3632 congregat
2711 3559 2766 3617 in
2792 3563 3083 3634 judicium.

2155 3737 2322 3796 Vens.
2356 3737 2412 3794 2.
2468 3760 2487 3794 ι
2516 3736 2594 3797 Ex
2640 3740 2808 3801 Sione
2851 3746 3058 3814 species
3085 3746 3300 3806 decoris
3327 3751 3467 3823 ejus.
3503 3773 3521 3806 ι
3568 3753 3667 3810 llic

2083 3838 2263 3889 autem
2296 3831 2411 3904 ipse
2441 3845 2528 3890 est
2564 3831 2730 3900 Deus,
2762 3836 2855 3908 qui
2887 3837 2943 3893 in
2976 3838 3145 3896 Sione
3174 3857 3335 3898 suum
3367 3844 3619 3902 decorem
3648 3888 3663 3913 ,

2081 3923 2660 3997 pulchritudinemque
2686 3927 2954 3994 ostendit,
3005 3941 3059 3985 et
3101 3931 3400 3990 salutarem
3444 3952 3664 3995 crucem

2080 4030 2376 4087 perpessus
2421 4017 2442 4039 '
2486 4025 2604 4085 est,
2644 4019 2740 4090 qui
2788 4020 2843 4075 in
2891 4022 3122 4092 psalmis
3167 4027 3422 4097 superius
3478 4033 3666 4103 expla-

2082 4110 2228 4166 natis
2261 4110 2578 4167 nominatus
2621 4120 2703 4168 est
2739 4113 3025 4184 speciosus
3056 4115 3234 4175 forma
3263 4136 3375 4192 pra:
3403 4122 3530 4181 [iliis
3562 4125 3666 4180 ho-

2081 4216 2313 4257 mtuum.

2152 4294 2324 4352 Vens.
2359 4299 2413 4352 5.
2462 4316 2479 4350 ι
2519 4296 2664 4353 Deus
2700 4300 2995 4357 manifesto
3022 4302 3235 4369 veniet,
3277 4303 3423 4362 Dens
3454 4316 3658 4373 noster,

2079 4389 2135 4437 et
2177 4399 2284 4438 non
2345 4383 2550 4439 silebit.
2588 4404 2607 4437 ι
2651 4381 2730 4442 Νε
2781 4388 2926 4442 enim
2973 4391 3320 4467 arbitremini
3364 4395 3661 4452 adventum

396 4464 495 4536 τὴν
530 4469 807 4542 προτέραν
855 4473 1021 4527 αὐτοῦ
1069 4477 1378 4547 παρουσίαν
1431 4480 1525 4531 καὶ
1582 4478 1682 4550 τὴν
1715 4479 1974 4550 δευτέραν

2084 4474 2382 4530 secundum
2412 4477 2580 4548 priori
2607 4478 2842 4535 similem
2869 4478 3002 4536 fore.
3029 4464 3185 4538 Tunc
3209 4484 3354 4539 enim
3380 4489 3659 4557 propriam

398 4557 725 4631 γενήσεσθαι
754 4561 819 4616 ⁸⁸.
878 4564 1012 4618 Τότε
1054 4566 1156 4636 μὲν
1187 4567 1298 4640 γὰρ
1336 4570 1402 4641 τῇ
1449 4569 1701 4642 εὐτελείᾳ
1752 4571 1844 4626 καὶ
1903 4573 1970 4643 τῇ

400 4650 643 4723 πτωχείᾳ
679 4655 1019 4726 συνεκάλυψε
1043 4657 1143 4730 τὴν
1202 4658 1415 4715 οίκείαν
1450 4661 1972 4732 μεγαλοπρέπειαν*

469 4770 498 4800 '
529 4761 698 4821 Psall.
729 4782 916 4835 um,
951 4770 1004 4825 1.

1081 4779 1108 4807 κ
1138 4770 1271 4827 ibid.
1313 4772 1371 4841 2,
1398 4773 1454 4830 5.
1527 4784 1556 4826 γ
1584 4775 1756 4831 Exod.
1787 4791 1921 4843 xxn,
1956 4775 2048 4832 28.

2083 4570 2425 4641 majestatem
2458 4571 2771 4629 humilitate
2810 4583 2865 4629 et
2896 4575 3061 4646 925
3108 4579 3369 4649 pauperie
3410 4580 3657 4637 obtexit:

2081 4677 2229 4717 nunc
2275 4674 2456 4719 autem
2504 4665 2859 4723 manifestum
2895 4670 3152 4725 omnibus
3186 4671 3439 4729 ostendet
3480 4672 3661 4745 impe-

1555 4908 1789 4966 VARUE
1824 4910 2215 4971 LECTIONES
2244 4916 2335 4972 ET
2365 4916 2600 4974 NOTA‘J.

468 4990 513 5023 ³⁸
540 4990 661 5046 cod.
715 4992 748 5045 5

468 4993 513 5023 "
540 4993 661 5046 cod.
715 4993 748 5045 5
811 4993 1128 5067 ψαλτῳδῶν.

395 5060 560 5115 Cord.
622 5077 676 5115 ι).
709 5062 833 5115 962.
879 5064 985 5115 Pro
1033 5067 1102 5115 τὰ

622 5077 676 5131 p.
709 5062 835 5118 962.
879 5062 985 5122 Pro
1033 5067 1102 5121 τὰ
1153 5072 1274 5127 cod.
1322 5073 1358 5125 2
1411 5073 1573 5129 habet
1617 5062 1813 5132 ταῧτᾶ.

401 5201 423 5271 ι
476 5201 931 5271 προαναγορεύει.
1029 5210 1075 5242 ⁵³
1096 5213 1207 5266 Καὶ

396 5270 449 5354 il}
498 5270 861 5354 Hexaplis’ag
906 5277 1029 5354 h._l.
1071 5282 1223 5354 addit
1279 5270 1508 5354 Κύριος.
1634 5270 1681 5320 δέ

1727 5290 1825 5343 cod
1837 5332 1849 5344 .
1902 5289 1938 5343 2
1993 5292 2305 5356 πρόσωπον.

1237 5001 1282 5033 ³⁷
1316 5002 1392 5057 Τὰ
1437 5035 1507 5044 -
1548 5004 1785 5077 θυμήρη
1827 5006 1968 5073 Θεῷ.

1237 5072 1274 5126 1.
1322 5073 1358 5125 2
1411 5073 1573 5129 habet
1617 5078 1813 5132 ταῦτα.
1916 5079 1962 5111 ³⁸

2084 5026 2136 5065 ηε.
2184 5008 2238 5066 in
2269 5013 2389 5068 cod.
2437 5017 2491 5077 5,
2540 5024 2594 5070 et
2661 5018 2896 5071 maxima
2945 5033 3010 5073 ex
3091 5029 3245 5087 parte
3307 5024 3473 5079 etiam
3514 5029 3656 5139 apud

2084 5081 2245 5136 ὑτου.
2295 5086 2416 5137 00d.
2453 5086 2488 5138 2
2516 5086 2667 5139 addit
2714 5087 2952 5139 ψαλμοῦ.
3014 5091 3059 5122 ³³
3093 5095 3522 5139 Πηοπηηιηνευη
3559 5115 3649 5139 νη.

399 5098 560 5115 υυιυο
623 5098 676 5131 γ.
710 5098 833 5118 uva.
879 5098 985 5122 ιιυ
1033 5098 1102 5121 ἰα
1153 5098 1274 5127 ςυυ.
1326 5098 1358 5125 Ζ
1411 5098 1573 5129 [lauet
1617 5098 1813 5132 ταυτα.
1916 5098 1962 5111 ⁰“’

395 5132 519 5185 cod.
554 5131 577 5185 1
624 5133 909 5203 εἰρημένα.
965 5140 1087 5194 cod.
1119 5141 1154 5195 2
1180 5159 1351 5213 προερ
1400 5146 1715 5214 ηνευθέντα.
1790 5148 1837 5180 ⁸⁸
1873 5150 1971 5205 cod

401 5201 423 5253 ί
476 5204 931 5266 προαναγορεύει.
1029 5210 1075 5242 ⁵³
1096 5213 1207 5266 Καὶ
1237 5242 1309 5252 --—
1348 5161 1545 5266 Snio}:
1593 5218 1716 5266 Des.
1764 5218 1817 5266 in
1859 5220 1978 5266 and-

2084 5098 2245 5136 DTOU.
2295 5098 2416 5137 (δοιι.

2120 5153 2422 5222 ἐπιτρέψει.

2188 5224 2233 5255 ⁸⁸
2264 5226 2422 5266 Μένη

1387 5215 1545 5282 ηλοῖ.
1593 5218 1716 5273 Des.
1764 5218 1817 5273 in
1859 5220 1981 5276 cod.
2031 5222 2085 5274 5.

2714 5087 2952 5164 ψαλμού.
3014 5091 3059 5164 ξ’
3092 5087 3655 5164 Προηρμηνευμένα.

2518 5157 2562 5186 δι
2732 5156 2866 5212 cod.
2903 5159 2963 5223 1,
3019 5159 3054 5214 2
3100 5156 3367 5231 addFr—$.-
3447 5156 3494 5198 ⁴ί
3529 5169 3654 5222 cod.

2188 5224 2233 5255 “
2260 5226 2466 5302 Μέχρι)
2507 5229 2702 5302 _r_od._l
2758 5244 2948 5302 praem.
2987 5232 3106 5302 καί.
3178 5234 3224 5265 ⁸⁸
3257 5224 3418 5302 Θεός.
3462 5236 3653 5292 Montl'.

2418 5295 2460 5325 ⁸⁷
2499 5295 2774 5372 Κυρίαις(
2796 5298 2916 5354 cod.
2948 5371 2954 5372 γ
2984 5300 3034 5372 57
3079 5303 3339 5372 εὐλόγως.
3373 5295 3389 5302 ’
3419 5307 3465 5337 ⁸⁸
3516 5311 3656 5363 Κατ’

319 5357 334 5364 -
392 5341 777 5446 afﬂuat.
818 5346 862 5446 5‘
880 5358 934 5400 et
962 5348 1127 5446 Cora.
1160 5341 1481 5446 Δι)ιἰιξιῐι.ἰτόξ
1560 5356 1604 5388 ⁸⁸
1634 5341 1978 5446 Θεζαῖζ-ϋει

2084 5341 2339 5446 igneis.
2378 5365 2430 5418 in
2487 5341 3344 5446 εοειῗῄξῗὲιίέρὰει’ξῦοῖῖιῖθίῗὲ
3423 5377 3471 5409 σο
3507 5341 3655 5446 ἱῖῖἑῇ.

398 5411 520 5465 Des.
547 5411 600 5463 in
626 5414 785 5468 codd.
826 5417 966 5486 Aug.

1069 5420 1115 5454 ⁸¹
1146 5420 1562 5504 Δικαστήριον.
1592 5430 1752 5484 codd.
1789 5439 1900 5487 tres
1927 5433 2069 5502 Aug.
2110 5434 2415 5504 κριτήριον.

2532 5436 2956 5508 ⁵²Εὺπρέπὲια.
2998 5440 3055 5495 lu
3100 5444 3259 5498 codd.
3291 5448 3493 5502 nostris
3517 5436 3656 5504 etin

397 5515 534 5557 vers.
580 5500 691 5556 τῶν
722 5503 779 5558 0'
822 5512 1044 5582 praemi).
1077 5510 1244 5571 Hebr.
1283 5502 1572 5611 ’55'5‘3979,
1607 5523 1753 5590 quod
1799 5523 1978 5594 Aqui]:

2084 5526 2103 5580 l
2146 5500 2368 5583 Sionem
2419 5530 2717 5599 transtulit,
2751 5544 2989 5600 vertens,
3024 5536 3419 5609 τετελεσμένης
3447 5541 3656 5599 κάλλει.

393 5604 440 5637 ”
469 5608 660 5675 Αὐτὸς
684 5609 771 5666 δέ.
800 5610 927 5667 Des.
954 5613 1007 5668 in
1038 5620 1157 5673 cod.
1188 5620 1242 5675 5.

395 5677 782 5766 {praepara
803 5682 974 5766 Abest
992 5700 1032 5766 ἓ
1053 5689 1174 5766 cod.
1205 5692 1257 5747 δ.
1322 5693 1367 5726 ιτ
1411 5677 1482 5748 'o
1503 5677 1652 5762 θεὸὲ
1676 5677 1974 5766 negaras;

1349 5624 1500 5695 ὕβο
1528 5656 1597 5666 —-
1621 5628 1908 5695 ψαλμοῖς.
1940 5632 2059 5684 Des.

2005 5701 2129 5758 Haec
2161 5704 2226 5758 ad
2254 5721 2415 5775 prece.
2449 5701 2644 5767 rersic.
2678 5710 2868 5768 referri
2900 5701 3232 5770 debuissent.

394 5750 533 5818 Aqu.
560 5751 827 5824 ἐπεφάνη.
906 5755 952 5788 ⁸⁸
981 5758 1381 5825 Γενήσεσθιιι.
1415 5767 1532 5821 cod.
1568 5766 1602 5821 2
1622 5750 2034 5840 ἀιίῖιῖιόμοῖωςί

2102 5634 2243 5701 apud
2276 5633 2437 5690 Cord.
2466 5653 2519 5707 p.
2561 5637 2688 5695 964.
2818 5642 2865 5674 ⁸⁸
2909 5641 3031 5695 cod.
3062 5642 3098 5696 2
3137 5660 3270 5713 προε
3317 5647 3655 5714 μηνευθεῖσι.

2102 5719 2129 5758 c
2161 5704 2226 5758 ad
2254 5721 2415 5769 prece.
2449 5710 2644 5767 \‘ersic.
2678 5710 2868 5768 referri
2900 5711 3232 5769 debuissent.
3268 5662 3432 5769 flebr.
3472 5715 3651 5769 grain.

3317 5717 3432 5772 ebr.
3472 5715 3651 5795 γεῆι.
