4012 6206
422 230 553 296 1231

1374 220 1871 283 THEODORETI
1912 220 2255 281 EPISCOPI
2285 221 2657 282 CYRENSIS

3548 223 3672 288 1232

416 343 559 399 rium
589 348 645 396 et
677 352 903 409 regnum
926 375 942 403 ,
972 348 1082 391 non
1109 331 1347 404 amplius
1373 328 1790 401 longanimitate
1822 335 1996 393 utens,

2110 330 2205 383 νῦν
2242 329 2297 382 δὲ
2338 328 2591 400 προφανῆ
2633 327 2798 396 δείξει
2853 328 2989 384 πᾶσι
3015 330 3061 361 ⁸⁹
3089 330 3195 402 τὴν
3216 330 3557 399 δεσποτείαν,
3584 339 3676 390 καὶ

414 438 508 494 sed
538 436 685 508 justc
714 433 990 504 judicans.
1027 429 1142 484 Hoc
1171 427 1318 481 enim
1346 423 1527 478 innuit
1565 422 1723 484 ilittd,
1775 418 1900 474 Non
1930 422 2004 474 si-

413 530 562 585 lebit.
607 547 626 580 ι
655 527 805 598 Ignis
848 526 902 580 in
949 529 1250 593 conspectu
1301 518 1422 588 ejus
1468 514 1824 579 exardescet,
1865 522 1921 569 et
1948 513 2002 567 in

414 623 644 678 circuitu
676 621 798 692 ejus
830 627 1122 688 tempestas
1140 614 1488 669 vehemens.»
1522 608 1648 663 Haec
1678 608 1869 663 beatus
1900 607 2006 661 Da-

416 715 528 769 niel
558 713 962 783 contemptatus
985 718 1104 764 est:
1144 726 1163 758 ι
1194 704 1419 760 Fiuvius
1440 702 1610 765 enim,
1636 701 1834 771 inquit,
1861 700 2004 771 ignis

417 807 669 864 trahebat
713 814 840 860 ante
886 804 1062 875 ipsum
1094 843 1109 868 ,
1155 800 1357 855 solium
1403 799 1525 870 ejus
1569 796 1787 851 ﬂamma
1827 796 2000 867 ignis,

415 912 548 958 rotae
583 897 756 970 ipsius
791 895 933 965 ignis
969 908 1135 949 urens
1160 900 1204 945 ³.
1237 909 1256 942 ι

488 1075 655 1131 Vens.
694 1075 747 1130 4.
794 1093 812 1125 ι
838 1070 1139 1126 Advocabit
1167 1066 1367 1123 cwlum
1403 1063 1654 1133 desuper,
1690 1071 1744 1117 ct
1775 1072 2000 1125 terram,

413 1178 476 1224 ut
508 1168 773 1238 dijudicet
829 1166 1087 1235 populum
1117 1174 1301 1217 suum.
1342 1176 1360 1209 ι
1422 1157 1601 1211 Etiam
1641 1170 1768 1209 cum
1815 1155 1989 1225 legem

412 1260 823 1334 promulgaret,
873 1256 1032 1309 beato
1091 1250 1227 1306 Mosi
1305 1245 1594 1317 imperavit
1641 1254 1701 1299 ut
1742 1245 1999 1314 populum

412 1360 804 1426 congregaret,
854 1357 910 1403 Ci.
956 1346 1157 1403 caelum
1194 1352 1509 1410 terramque
1555 1345 1999 1393 contestarctur:

411 1448 557 1518 quod
605 1443 892 1500 exordium
933 1436 1138 1495 cantici
1193 1433 1322 1490 fecit
1359 1451 1373 1486 :
1414 1450 1434 1484 ‹
1465 1428 1721 1492 Attende,
1775 1427 2001 1493 omium,

409 1551 465 1595 et
518 1540 712 1608 loquar
736 1577 752 1601 ,
798 1541 853 1589 et
901 1531 1090 1586 audiat
1124 1536 1265 1583 terra
1300 1523 1467 1579 verba
1508 1538 1576 1577 ex
1607 1537 1702 1576 ore
1731 1535 1855 1575 meo
1891 1531 1937 1573 ο.
1978 1537 1998 1570 ι

410 1628 583 1685 Vocat
628 1639 811 1683 autem
858 1626 975 1680 haec
1028 1622 1084 1677 in
1134 1618 1510 1674 testimonium
1538 1656 1554 1682 ,
1594 1629 1701 1669 non
1739 1623 1998 1683 tanquam

2106 420 2206 493 τὴν
2245 420 2547 492 βασιλείαν,
2576 420 2762 475 οὐκέτι
2799 422 3159 494 μακροθυμίᾳ
3212 422 3519 495 χρώμενος,
3549 426 3672 482 ἀλλὰ

2106 514 2311 585 κρίνων
2340 514 2591 578 δικαίως.
2624 513 2797 567 Τοῦτο
2828 513 2939 586 γὰρ
2971 509 3152 581 εἶπεν,
3188 517 3271 569 Οὐ
3297 519 3677 589 παρασιωπή-

2105 612 2298 661 σετὰι.
2344 624 2365 658 ι
2415 606 2534 677 Πῦρ
2586 605 2819 660 ἐνώπιον
2852 607 2896 638 °°
2941 606 3110 660 αὑτοῦ
3171 606 3532 678 καυθήσεται,
3589 613 3678 664 καὶ

2106 698 2295 770 κύκλῳ
2324 698 2492 753 αὐτοῦ
2525 699 2785 769 καταιγὶς
2844 699 3073 772 σφοδρά.
3112 719 3130 750 ι
3164 700 3349 757 Ταῦτα
3375 703 3404 755 6
3428 701 3467 732 ⁸¹
3504 703 3679 773 μακά-

2107 808 2224 862 ριος
2255 793 2298 824 ⁸³
2343 792 2544 863 Δανιὴλ
2566 792 2610 824 ⁸³
2658 791 2928 847 ἐθεάσατο
2957 808 2972 824 ο
3016 812 3034 843 ι
3081 792 3336 863 Ποταμδς
3364 792 3496 865 γὰρ,
3529 795 3677 865 φησὶ,

2106 883 2280 954 πυρὸς
2332 877 2517 937 εἷλκεν
2573 883 2890 955 ἔμπροσθεν
2944 882 3143 936 αὐτοῦ·
3206 885 3237 937 6
3279 883 3469 955 θρόνος
3515 883 3677 950 αύτοῦ

2106 976 2240 1046 φλὸξ
2293 977 2490 1047 πυρὸς,
2525 978 2575 1032 οἱ
2624 979 2810 1050 τροχοὶ
2860 977 3029 1032 αὑτοῦ
3070 977 3182 1050 πῦρ
3218 977 3437 1047 φλέγον.
3476 996 3497 1029 ι

2175 1071 2238 1124 6'.
2283 1089 2302 1122 ι
2343 1070 2786 1143 Προσκαλέσεται
2805 1070 2895 1123 τὸν
2918 1069 3148 1137 οὐρανὸν
3170 1068 3303 1131 ἄνω,
3320 1068 3416 1122 καὶ
3435 1066 3532 1139 τὴν
3558 1067 3678 1136 γῆν,

2103 1162 2199 1217 τοῦ
2229 1163 2274 1195 ⁶⁴
2303 1163 2584 1235 διακρῖναι
2621 1164 2715 1217 τὸν
2744 1162 2871 1216 λαὸν
2903 1161 3091 1216 αὑτοῦ.
3128 1180 3146 1212 ι
3180 1163 3292 1216 Καὶ
3340 1163 3441 1231 τὴν
3468 1160 3680 1231 νομοθε-

2108 1257 2231 1311 σίαν
2266 1256 2663 1327 ποιησάμενος,
2698 1255 2776 1328 τῷ
2808 1255 3067 1327 μακαρίῳ
3096 1255 3140 1286 ⁵⁵
3173 1253 3478 1325 προσέταξε
3513 1255 3677 1324 Μωσῇ

2108 1353 2438 1419 συναγαγεῖν
2472 1349 2567 1402 τὸν
2592 1350 2746 1411 λαὸν,
2776 1351 2869 1404 καὶ
2895 1348 3374 1421 διαμαρτύρασθαι
3396 1348 3492 1401 τὸν
3524 1349 3680 1420 οὖρα-

2105 1446 2195 1501 νδν
2254 1447 2350 1500 καὶ
2377 1445 2477 1518 τὴν
2499 1446 2604 1515 γῆν
2623 1462 2636 1474 ·
2673 1447 2810 1515 ὅπερ
2850 1445 2942 1497 καὶ
2970 1447 3071 1514 τῆς
3127 1443 3273 1514 ᾠδῆς
3315 1443 3475 1496 τοῦτο
3500 1442 3680 1513 προοί-

2107 1556 2230 1609 μιον
2251 1539 2552 1609 ἐποιήσατο
2573 1554 2587 1569 ⁸
2608 1556 2627 1589 ι
2665 1537 2933 1608 Πρόσεχε,
2963 1536 3179 1606 ούρανὲ,
3205 1535 3299 1589 καὶ
3315 1535 3562 1607 λαλήσω,
3593 1534 3679 1586 καὶ

2103 1631 2356 1684 ἀκουέτω
2407 1630 2480 1702 γῆ
2518 1630 2737 1702 ῥήματα
2777 1630 2842 1682 ὲκ
2887 1627 3158 1698 στόματός
3192 1644 3315 1698 μου.
3376 1645 3395 1677 ι
3433 1626 3602 1680 Καλεῖ
3628 1625 3678 1678 δὲ

409 1721 673 1782 animata,
701 1717 795 1772 sed
827 1723 886 1769 ut
922 1728 986 1769 ea
1009 1726 1155 1783 quae
1183 1709 1320 1764 alias
1376 1717 1661 1763 creaturas
1690 1705 1996 1770 continent,

2105 1726 2185 1787 είς
2210 1723 2515 1796 μαρτυρίαν
2547 1722 2646 1793 οὐχ
2673 1720 2749 1786 ὡς
2778 1720 2998 1792 ἔμψυχα
3030 1720 3204 1774 ταῦτα
3226 1719 3293 1786 ⁸⁸,
3327 1717 3447 1773 ἀλλ’
3475 1718 3550 1782 ὡς
3578 1718 3678 1771 τῶν

408 1815 475 1868 ad
499 1821 767 1867 terrorem
796 1805 1159 1861 audientium.
1186 1800 1280 1856 Sic
1307 1799 1469 1855 etiam
1498 1799 1693 1853 beatus
1721 1794 1997 1849 Abraham

409 1914 616 1975 septem
653 1916 822 1972 agnas
860 1897 1051 1954 statuit
1085 1903 1281 1960 testes,
1307 1894 1532 1947 dicens:
1566 1908 1585 1942 ι
1609 1889 1761 1944 Mens
1786 1896 1872 1944 est
1900 1901 2001 1956 pu-

408 2005 529 2051 teus
550 1995 599 2048 b.
627 2013 645 2045 ι
673 1992 764 2046 Sic
789 1989 954 2045 etiam
987 1986 1180 2042 collem
1213 1982 1449 2039 Jacobus
1478 1991 1532 2037 et
1557 1980 1813 2037 Labanus
1836 1993 2001 2035 voca-

407 2088 485 2142 vit
501 2088 686 2142 callent
712 2081 1002 2138 testimonii
1025 2090 1073 2132 ο.

485 2369 650 2425 Vens.
682 2367 745 2435 5,
781 2366 837 2423 6.
889 2385 909 2421 ι
938 2365 1280 2437 Congregate
1314 2364 1394 2419 illi
1428 2372 1655 2419 sanctos
1695 2363 1815 2434 ejus
1840 2403 1856 2430 ,
1903 2363 1995 2432 qui

407 2467 668 2522 ordinant
696 2468 1083 2518 testamentum
1120 2458 1242 2528 ejus
1273 2473 1440 2529 super
1465 2456 1758 2513 sacrificia.
1798 2455 1863 2512 Et
1895 2473 1996 2511 an-

407 2553 889 2613 nuntiabunt‘cmli
911 2552 1184 2624 justitiam
1212 2552 1355 2622 ejus,
1379 2550 1640 2621 quoniam
1671 2548 1813 2605 Deus
1831 2549 1997 2620 judex

403 2660 508 2707 est.
550 2668 570 2701 ι
608 2646 713 2702 Per
744 2662 808 2702 ea
847 2661 974 2719 qua:
1003 2659 1169 2716 supra
1202 2643 1347 2698 dicta
1380 2651 1529 2708 sunt,
1562 2642 1803 2717 OSteudit
1838 2642 1997 2697 terri-

407 2742 515 2797 bile
545 2739 719 2811 ipsius
747 2737 1023 2809 judicium
1054 2755 1068 2791 :
1107 2750 1204 2807 per
1231 2734 1398 2806 926
1427 2734 1542 2790 haec
1570 2744 1754 2789 autem
1782 2776 1797 2802 ,
1826 2742 1880 2789 et
1903 2750 1999 2804 per

404 2848 468 2889 ea
505 2846 626 2901 quae
669 2837 994 2900 sequuntur,
1016 2827 1173 2882 docet
1200 2826 1581 2896 imperfectum
1605 2826 1739 2896 legis
1764 2826 1993 2892 cultum,

404 2926 733 2995 nullumque
778 2938 845 2977 ex
889 2919 1212 2983 sacriﬁciis,
1266 2934 1389 2988 quae
1435 2917 1841 2984 offerebantur,
1888 2919 1995 2974 Deo

405 3028 621 3092 gratum
654 3030 797 3072 esse.
823 3012 1052 3070 Sancto:
1085 3028 1248 3085 porro
1276 3011 1545 3075 nominat,
1577 3009 1788 3078 Mosen,
1820 3011 1995 3066 Aaro-

407 3126 557 3175 nem,
589 3110 938 3172 Eleazarum,
976 3100 1330 3171 Phineasum,
1362 3114 1415 3159 et
1444 3111 1714 3173 quotquot
1747 3112 1869 3172 post
1896 3118 1994 3159 eos

407 3217 473 3257 ex
496 3199 814 3272 praescripto
837 3198 973 3270 legis
996 3195 1303 3253 sacerdotio
1328 3193 1503 3250 functi
1536 3203 1686 3250 sunt.
1709 3192 1871 3250 lubet
1898 3211 1996 3249 au-

410 3306 517 3350 tem
549 3294 672 3349 illos
699 3291 1044 3363 congregari,
1075 3303 1183 3344 non
1215 3296 1274 3342 ut
1298 3288 1367 3342 ab
1397 3287 1478 3343 eis
1508 3301 1703 3356 poenas
1726 3287 1990 3357 exigeret,

407 3387 565 3457 quasi
588 3386 860 3439 contraria
884 3382 1156 3439 senserint
1183 3366 1377 3452 (ipsius
1398 3379 1543 3435 enim
1566 3388 1651 3434 est
1676 3378 1784 3445 lex,
1812 3389 1866 3433 et
1889 3378 1993 3450 legi

408 3479 723 3546 obsequens
780 3471 1160 3540 unusquisque
1205 3466 1685 3538 supradictorum,
1741 3465 1994 3521 victimas

404 3565 691 3639 oil‘erebat)
720 3604 735 3631 ,
775 3564 871 3620 sed
920 3571 978 3617 ut
1023 3576 1088 3616 ex
1128 3558 1495 3632 praesentibus
1526 3557 1803 3628 propriam
1840 3571 1994 3611 men-

404 3672 515 3718 tem
550 3656 866 3714 ostenderet
891 3693 908 3721 ,
939 3663 994 3708 et
1034 3660 1095 3707 ut
1140 3659 1351 3706 remota
1403 3648 1653 3705 doctrina
1691 3647 1993 3703 infantibus

406 3757 747 3822 congruente
771 3787 785 3812 ,
820 3743 1092 3816 periectas
1125 3741 1343 3797 aﬁ‘erret
1370 3739 1714 3811 disciplinas.
1755 3740 1860 3796 Ubi
1890 3754 1992 3794 au-

406 3852 517 3897 tem
565 3844 584 3864 ‘
634 3839 753 3894 haec
792 3837 934 3893 facta
973 3834 1213 3901 fuerint,
1261 3832 1427 3901 coeli,
1469 3831 1679 3902 inquit,
1708 3831 1993 3887 sententiae

401 3936 674 4007 justitiam
727 3931 1110 3998 mirabuntur,
1155 3944 1252 4002 per
1300 3928 1454 3984 casias
1505 3935 1687 3984 autem
1737 3928 1991 3985 caelestes

407 4033 639 4084 virtutes
673 4028 875 4081 innuit.

482 4199 647 4253 Vens.
687 4198 741 4252 7.
787 4214 806 4249 ι
837 4195 1358 4281 Audi,populemi,
1394 4202 1451 4250 et
1477 4194 1672 4265 loquar
1706 4194 1824 4250 tibi.
1860 4213 1879 4248 ι
1923 4194 1991 4250 Ει

407 4291 700 4348 ostendens
749 4290 817 4345 ad
866 4304 1029 4360 quem
1080 4289 1346 4360 populum
1397 4287 1558 4342 verba
1612 4285 1815 4355 faciat,
1855 4288 1987 4343 sub-

2102 1814 2281 1869 ἄλλων
2349 1814 2678 1887 περιεκτικὰ
2766 1814 3114 1885 ποιημάτων,
3166 1815 3249 1876 εἰς
3329 1810 3501 1881 φόϐον
3579 1809 3679 1863 τῶν

2101 1896 2435 1960 ἀκουόντων.
2486 1905 2675 1968 Οὕτως
2718 1908 2747 1960 6
2805 1907 3079 1979 μακάριος
3100 1907 3143 1938 ⁸⁷
3214 1904 3474 1975 Ἀϐραὰμ
3517 1904 3611 1965 τὰς
3639 1903 3678 1934 re

2101 1999 2247 2055 ἑπτὰ
2280 1999 2528 2069 ἀμνάδας
2559 1999 2791 2070 ἔστησεν
2820 2001 2903 2064 είς
2936 1999 3265 2071 μαρτύριον,
3301 1999 3399 2052 καί
3419 1998 3465 2031 ⁸³
3497 2013 3675 2068 φησιν.

2100 2095 2184 2148 ὃτι
2220 2113 2239 2146 ι
2291 2093 2456 2163 Ἐμόν
2498 2094 2617 2146 ἔστι
2659 2092 2720 2146 τὸ
2757 2092 2956 2165 φρέαρ.
3005 2112 3023 2145 ι
3079 2092 3236 2146 Οὕτω
3273 2093 3366 2145 τὸν
3421 2090 3607 2161 βουνὸν
3651 2089 3679 2142 6

2112 2184 2310 2241 Ἰακὼϐ
2352 2185 2449 2240 καὶ
2507 2185 2536 2239 6
2589 2183 2779 2239 Λάϐαν
2825 2184 3065 2250 ,βουνὸν
3101 2183 3439 2254 μαρτυρίας
3494 2181 3676 2237 ἐκάλε-

2102 2296 2195 2333 σεν
2208 2280 2275 2334 ⁷⁰.

2169 2378 2232 2435 ε’,
2277 2379 2351 2439 ς’.
2407 2371 2754 2442 Συναγάγετε
2782 2370 2932 2444 αὒτῷ
2967 2373 3010 2405 τ’
3076 2370 3205 2434 τοὺς
3257 2369 3451 2431 ὁσίους
3499 2365 3676 2432 αὐτοῦ,

2099 2458 2228 2522 τοὺς
2277 2458 2687 2532 διατιθεμένους
2744 2462 2844 2533 τὴν
2868 2460 3141 2531 διαθήκην
3188 2458 3355 2513 αὐτοῦ
3374 2460 3429 2491 ⁷³
3467 2459 3557 2513 ἐπὶ
3588 2457 3677 2511 θυ-

2102 2550 2265 2614 σίαις.
2300 2551 2410 2605 Καὶ
2433 2551 2832 2621 ἅναγγελοῦσιν
2862 2554 2913 2606 oi
2943 2552 3165 2623 οὐρανοὶ
3192 2551 3293 2624 τὴν
3328 2549 3679 2619 δικαιοσύνην

2099 2641 2289 2711 αὐτοῦ,
2350 2644 2434 2698 ὅτι
2485 2646 2513 2699 6
2559 2645 2694 2709 Θεὸς
2754 2646 2955 2717 κριτής
2998 2647 3137 2700 ἐστι.
3209 2663 3228 2697 ι
3294 2643 3402 2700 Διὰ
3446 2645 3545 2715 μὲν
3580 2643 3680 2697 τῶν

2099 2735 2517 2807 προειρημένων
2552 2737 2611 2791 τὸ
2650 2736 2885 2809 φοϐερὸν
2933 2736 3101 2791 αὐτοῦ
3151 2738 3451 2809 κριτήριον
3483 2736 3674 2800 ἔδειξεο

2097 2829 2187 2882 διὰ
2218 2829 2276 2883 δὲ
2304 2829 2530 2896 τούτων,
2553 2830 2649 2884 καὶ
2680 2830 2789 2884 τῶν
2828 2830 2981 2901 έξῆς,
3022 2829 3267 2884 διδάσκει
3292 2831 3340 2871 ⁷³
3388 2831 3459 2884 τὸ
3502 2829 3680 2892 ἀτελὲς

2097 2925 2196 2994 τῆς
2219 2922 2362 2978 κατὰ
2393 2922 2558 2994 νόμον
2589 2922 2870 2995 λατρείας,
2902 2923 2997 2978 καὶ
3021 2925 3103 2978 ὅτι
3147 2924 3258 2977 τῶν
3306 2923 3682 2995 προσφερομέ-

2096 3032 2203 3069 νων
2238 3015 2452 3086 ίερείων
2476 3012 2596 3086 Θεῷ
2625 3015 2871 3086 θυμῆρες
2901 3016 3079 3070 οὐδέν.
3126 3016 3372 3083 Ὀσίους
3423 3017 3481 3071 δὲ
3512 3015 3677 3080 καλεί,

2094 3107 2187 3161 τὸν
2219 3106 2444 3175 Μωσέα,
2485 3107 2576 3161 τὸν
2617 3108 2850 3178 Ἀαρὼν,
2881 3108 2971 3163 τὸν
3017 3107 3345 3179 Ἐλεάζαρον
3363 3109 3438 3177 ⁷⁸,
3484 3108 3573 3163 τὸν
3595 3109 3676 3160 Φι-

2094 3199 2234 3265 νεὲς,
2267 3200 2517 3264 καὶτοὺς
2563 3200 2682 3271 μετ’
2717 3200 2920 3264 αὐτοὺς
2945 3202 2992 3233 ⁷⁸
3027 3202 3276 3264 ἅπαντας
3322 3202 3474 3257 κατὰ
3522 3201 3675 3272 νόμον

2098 3291 2546 3364 ίερατεύσαντας.
2579 3291 2921 3363 Συναχθῆναι
2970 3292 3028 3347 δὲ
3071 3293 3270 3356 αὐτοὺς
3295 3293 3551 3359 κελεύει,
3582 3293 3674 3362 οὐχ

2095 3380 2185 3435 ἵνα
2237 3382 2394 3447 δίκας
2434 3382 2806 3454 είσπράξηται
2836 3382 2902 3450 ⁷⁸,
2933 3380 3022 3437 οἷα
3046 3384 3111 3455 δὴ
3150 3383 3378 3439 ἐναντία
3408 3402 3675 3455 πεφρονη-

2093 3472 2292 3539 κὸτας·
2334 3473 2558 3528 αὑτοῦττ
2595 3475 2706 3547 γὰρ
2744 3476 2771 3528 6
2802 3474 2988 3546 νόμος,
3028 3477 3122 3530 καὶ
3146 3476 3328 3548 τούτῳ
3355 3478 3673 3549 πειθόμενος

2092 3564 2204 3618 τῶν
2239 3566 2660 3637 προειρημένων
2686 3565 2921 3631 ἕκαστος
2942 3568 3042 3631 τὰς
3075 3567 3270 3633 θυσίας
3309 3572 3671 3641 προσέφερενο

2092 3653 2210 3709 ἀλλ’
2242 3655 2332 3710 ἵνα
2366 3657 2459 3709 καὶ
2492 3655 2580 3710 διὰ
2619 3656 2729 3709 τῶν
2758 3657 2803 3689 ⁷⁸
2848 3657 3138 3728 παρόντων
3182 3658 3275 3713 τὸν
3304 3663 3510 3715 οίκεῖον
3536 3660 3674 3730 δείξῃ

2094 3741 2316 3808 σκοπὸν,
2366 3743 2461 3797 καὶ
2486 3742 2586 3814 τὴν
2636 3742 2858 3814 νηπίοις
2905 3744 3287 3816 ἁρμόττουσαν
3312 3747 3674 3810 καταπαύσας

2091 3833 2464 3902 διδασκαλίαν,
2491 3834 2559 3887 τὰ
2588 3835 2772 3888 τέλεια
2804 3836 3154 3909 προσενέγκῃ
3180 3837 3511 3910 παθήματα.
3546 3837 3676 3892 Τού-

2089 3944 2200 3981 των
2220 3927 2298 3992 δὲ,
2316 3926 2812 3997 φησὶ,γινομένων,
2843 3926 3215 3999 θαυμάσουσιν
3243 3930 3295 3983 οἱ
3326 3930 3556 4002 οὐρανοὶ
3578 3929 3671 4000 τῆς

2090 4018 2274 4090 ψήφου
2323 4017 2385 4070 τὸ
2415 4017 2648 4072 δίκαιον.
2679 4017 2780 4072 Διὰ
2812 4018 2872 4072 δὲ
2906 4016 3027 4072 τῶν
3047 4017 3328 4089 οὐρανῶν
3358 4021 3463 4086 τὰς
3512 4021 3673 4093 οὐρα.

2090 4111 2238 4174 νίους
2256 4110 2517 4181 δυνάμεις
2536 4110 2780 4181 ᾐνίξατο.

2162 4199 2227 4264 ζ’.
2262 4216 2281 4250 t
2307 4200 2598 4265 Ἀκουσον,
2630 4199 2761 4265 λαός
2795 4217 2920 4271 μου,
2955 4201 3050 4255 καὶ
3073 4201 3297 4275 λαλήσω
3323 4222 3432 4261 σοι.
3462 4224 3483 4258 ι
3503 4203 3672 4259 Kal"

2088 4289 2306 4355 δεικνὺς
2352 4289 2490 4362 πρὸς
2564 4292 2716 4345 ποῖον
2772 4291 2906 4346 λαὸν
2963 4292 3295 4361 διαλέγεται,
3359 4295 3671 4368 ὲπήγαγενο

402 4384 582 4456 junxit
611 4402 623 4439 :
671 4402 690 4436 ι
724 4384 924 4449 israel,
969 4392 1024 4438 et
1052 4382 1384 4438 testificabor
1412 4380 1530 4436 tibi.
1561 4397 1580 4431 ι
1616 4378 1820 4437 Deinde
1853 4395 1982 4453 pro-

2102 4401 2113 4436 i
2162 4381 2400 4453 Ἰσραὴλ,
2452 4381 2549 4436 καὶ
2594 4383 3113 4456 διαμαρτύρομαί⁸⁰
3148 4400 3254 4440 σοι.
3296 4405 3315 4438 ι
3386 4382 3525 4441 Εἶτα
3578 4384 3673 4457 τὴν

406 4472 579 4548 priam
602 4476 842 4532 ostendit
866 4476 1201 4546 majestatem
1231 4493 1244 4528 :
1287 4492 1306 4524 ι
1331 4471 1495 4537 Deus,
1551 4468 1693 4526 Deus
1720 4480 1847 4528 tuus
1893 4488 2017 4546 ego.

407 4585 549 4625 sum.
578 4586 598 4622 ι
633 4569 739 4636 Qui
770 4569 839 4624 ab
867 4567 1187 4645 Egyptiaca
1218 4567 1481 4623 servitute
1513 4573 1567 4619 te
1597 4563 1852 4633 liberavi,
1886 4566 1981 4639 qui

2101 4474 2312 4530 οἰκείαν
2335 4474 2580 4530 δείκνυσι
2610 4475 2963 4531 δεσποτείαν·
3002 4495 3020 4529 ι
3064 4476 3124 4531 '0
3160 4476 3315 4542 Θεὸς,
3348 4479 3379 4533 6
3403 4477 3542 4540 Θεός
3581 4475 3671 4532 σού

2090 4568 2203 4639 είμι
2234 4566 2365 4636 ἐγώ.
2412 4586 2431 4620 ι
2483 4565 2543 4620 '0
2568 4566 3100 4640 τῆςθΑίγυπτιακῆς
3143 4586 3204 4623 σε
3243 4568 3496 4636 δουλείας
3526 4568 3673 4626 ἐλευ-

481 4754 506 4783 ι
542 4742 678 4800 Dan.
713 4761 811 4813 vn,
838 4744 895 4813 9,
932 4744 1018 4801 iO.
1096 4756 1124 4786 ι
1161 4742 1319 4799 Deut.
1347 4758 1520 4814 χχιιι,
1554 4744 1606 4800 ι.
1644 4743 1674 4784 ι’
1704 4741 1841 4800 Gen.
1872 4759 1986 4808 nt,

2127 4756 2283 4814 seqq.
2326 4753 2349 4782 ο
2383 4742 2521 4801 Gen.
2548 4758 2701 4810 xm,
2726 4743 2819 4798 47.

1498 4949 1735 5007 ἾΔΒΙΕ
1785 4944 2174 5004 LECTIONES
2216 4945 2305 5002 ET
2340 4944 2575 5005 NOTAE.

474 5131 523 5168 ⁸⁸
547 5125 726 5184 Πᾶσι.
776 5123 944 5181 Abest
995 5141 1024 5180 a
1048 5127 1170 5184 cod.
1200 5126 1255 5183 2.
1335 5126 1383 5159 ⁸⁸
1420 5125 1727 5180 Ἐνὼπιον.
1780 5121 1913 5178 Rec.
1938 5125 1996 5180 let

2145 5125 2199 5178 h.
2229 5124 2263 5178 I.
2289 5133 2375 5180 est
2406 5123 2670 5178 ἐναντίον.

2781 5126 2927 5199 ουρ.
2986 5128 3108 5183 cod.
3139 5130 3191 5193 i,
3236 5128 3271 5182 2
3310 5124 3666 5199 praenatat.

406 5202 451 5280 ξξ
481 5196 804 5280 ζιςακάριιος.
845 5197 966 5280 cod.
987 5196 1266 5280 ἓλμέγας.
1301 5195 1659 5280 ,βξ-Δανιὴλ.
1688 5194 1749 5280 In
1781 5195 1902 5280 cod.
1930 5196 1995 5280 ρ,

2102 5196 2318 5280 ponitur
2351 5205 2474 5280 post
2495 5195 2781 5280 ὲθεάραξο.
2846 5196 2908 5280 ’⁸⁸
2936 5194 3469 5280 Τοῦιρρςειιιόοᾶ.
3497 5197 3663 5280 Yatic.

407 5273 451 5305 ”
481 5267 786 5337 Μακαρίῳ.
837 5269 958 5322 cod.
986 5268 1022 5321 2
1048 5267 1193 5337 θείῳ.

1300 5268 1345 5299 ⁸⁸
1376 5267 1588 5321 Ταῦτα.
1630 5265 1754 5319 cod.
1806 5265 1842 5318 2
1883 5264 2046 5318 αὐτὰ.
2098 5264 2167 5299 ’⁸⁷
2193 5264 2514 5335 Μακάριος.
2551 5266 2671 5321 cod.
2703 5267 2739 5319 2

2792 5266 2983 5338 μέγας.
3046 5269 3110 5339 7⁸⁸
3142 5268 3253 5335 Τὰς
3274 5266 3662 5339 -νὰιίνάόαᾳ

410 5322 618 5397 Des—fin
644 5322 765 5395 eod.
791 5338 845 5393 2.
924 5337 968 5369 ⁸⁵
992 5337 1101 5391 Καὶ
1139 5322 1192 5391 et
1225 5338 1418 5393 deinde
1469 5339 1586 5390 ἐστι
1636 5337 1751 5391 des.
1798 5336 1851 5389 in
1882 5336 1996 5390 cod.

2163 5338 2209 5369 "°
2240 5322 2423 5391 εούίὲ
2456 5322 2745 5392 ἐκάλεσαν.
2792 5322 3071 5405 Ὕ¹Ἀῦτῷ
3098 5322 3167 5382 -—_
3193 5322 3666 5406 αὖτοῦ.Ῥιόρὶιῖε
3726 5392 3731 5396 ,

406 5413 472 5465 ad
508 5410 668 5464 llehr.
712 5410 993 5463 veritatem
1036 5408 1244 5462 accedit
1293 5407 1627 5477 reliquorum
1681 5408 2038 5529 interpretum
2086 5406 2283 5469 versio,
2319 5422 2440 5476 qua)
2473 5407 2639 5476 priori
2682 5408 2801 5462 loco
2830 5408 2993 5464 habet
3040 5427 3148 5481 μοι,
3200 5408 3492 5480 pustcriori
3542 5423 3660 5497 μου.

406 5481 453 5511 τ’
476 5479 696 5529 Αὐτοῦ.
723 5480 936 5529 Reliqui
970 5480 1348 5529 Illclills.'uOU.
1427 5479 1473 5510 ⁷⁸
1497 5476 1795 5529 Διδάσκει.
1855 5492 1885 5529 n
1928 5477 2049 5529 cod.
2089 5477 2141 5529 1.
2184 5480 2221 5529 2
2247 5478 2467 5529 nonitur
2496 5487 2617 5529 post
2665 5479 2874 5529 ἀτελές.
2974 5480 3022 5512 ’δ
3061 5482 3183 5529 cmi-
3214 5480 3264 5529 i.
3300 5479 3338 5529 2
3380 5477 3660 5529 Ἐλεάιαο.

405 5481 453 5511 ’³
476 5479 696 5536 Αὐτοῦ.
723 5480 936 5548 Reliqui
970 5480 1348 5601 molium-gon.
1413 5476 1473 5510 7"
1497 5476 1795 5531 Διδάσκει.

406 5549 453 5582 ἠ
484 5550 606 5601 cod.
644 5550 668 5601 1
704 5548 889 5601 αὐτοῦ.
967 5550 1012 5583 ⁷⁸
1038 5550 1160 5601 cod.
1303 5547 1602 5601 πράξηται.
1697 5547 1744 5580 ⁷⁷
1778 5563 1795 5599 ,λ

406 5549 453 5582 η
484 5550 606 5603 cod.
644 5547 889 5618 146105.
967 5550 1012 5583 ⁷⁸
1038 5550 1160 5605 cod.
1209 5547 1245 5601 2
1303 5547 1602 5618 πράξηται.

405 5619 452 5653 ⁷⁸
484 5618 589 5670 Διὰ
636 5617 772 5672 τῶν.
815 5621 934 5676 cod.

476 5618 589 5697 ριὰ
636 5618 772 5672 τῶν.
815 5621 934 5676 cod.
987 5621 1038 5687 1,
1074 5618 1352 5675 Ξτούτων.

402 5703 630 5760 ρουμαι.
1113 5710 1117 5717 ν

1855 5492 1885 5529 n
1928 5477 2049 5548 eod.
2089 5477 2141 5541 i,
2184 5480 2221 5533 2
2247 5478 2467 5548 ponitur
2496 5487 2617 5548 post
2665 5479 2874 5541 ἀτελές.

2974 5480 3022 5550 γι
3041 5477 3183 5536 ·οο‹ι.
3201 5477 3264 5543 τι,
3300 5479 3339 5550 2
3380 5477 3660 5550 Ἐλεάζαρ.
3728 5538 3741 5550 κ

1697 5547 1744 5580 ⁷⁷
1778 5546 1974 5620 Λιξτοῦ

2102 5546 2662 5620 προσέφερενξῌιθο
2703 5550 2756 5602 in
2790 5550 2913 5604 cod.
2960 5549 2996 5607 2
3035 5549 3383 5620 parenthesin
3439 5547 3658 5602 faciunt.

1468 5618 1510 5649 τ’
1561 5616 1671 5672 Καὶ
1716 5648 1786 5658 -
1832 5615 2148 5687 διάφορον.
2180 5615 2303 5675 Des.
2334 5620 2476 5689 apud
2519 5618 2681 5675 Cord.
2715 5635 2763 5689 p.
2808 5620 2933 5676 968.

3047 5622 3092 5654 ⁸⁰
3118 5621 3240 5677 cod.
3266 5618 3302 5673 Ξ
3360 5619 3659 5690 διαμαρτυ-
