4012 6206
329 338 469 406 1233

321 567 433 616 νος,
459 551 488 604 ό
512 551 570 601 ἐν
617 549 816 621 ἐρήμῳ
860 549 1156 621 διαθρέψας
1175 549 1246 616 θ’,
1291 551 1319 602 ό
1357 549 1450 604 τὸν
1487 550 1650 620 νόμον
1693 550 1906 604 ἐκεῖνόν

325 661 411 699 σοι
441 641 713 706 δεδωκώς.
752 642 844 714 Μὴ
873 643 982 714 γὰρ
1015 643 1081 716 δὴ
1113 643 1274 698 ἄλλον
1299 661 1366 715 με
1410 643 1713 716 νομοθέτην
1747 644 1907 714 νομί-

324 747 426 808 σῃς
459 732 570 786 τῶν
603 732 788 802 νόμων
807 734 952 804 ὀρῶν
979 735 1042 788 τὸ
1067 733 1350 806 διάφορον.

391 825 465 897 η’.
503 844 522 878 ι
562 826 676 880 0'1“
710 825 806 879 ἐπὶ
841 828 962 890 ταῖς
991 826 1210 890 θυσίαις
1261 843 1356 880 σου
1398 825 1604 896 ἐλέγξω
1625 840 1708 880 σε·
1744 827 1814 881 τὰ
1847 826 1905 880 δὲ

321 917 751 990 ὁλοκαυτώματα
783 937 877 974 σου
943 917 1176 975 ἐνώπιόν
1225 919 1326 991 μού
1355 922 1473 974 ἐστι
1507 920 1822 984 διαπαντός.
1881 939 1900 974 ι

319 1015 436 1068 Οὐκ
463 1011 732 1084 ἀμέλειάν
765 1029 870 1080 σοι,
889 1015 1046 1085 φησὶ,
1071 1013 1274 1068 θυσιῶν
1305 1013 1553 1086 ἐγκαλῶ·
1574 1013 1908 1087 προσφέρεις

317 1105 428 1177 γὰρ
462 1103 672 1169 ταύτας
717 1105 988 1176 διηνεκῶς
1012 1123 1027 1137 ·
1065 1105 1204 1160 ἀλλὰ
1236 1107 1310 1178 μὴ
1345 1106 1576 1172 ταύταις
1611 1106 1907 1180 ὁρίσασθαι

316 1196 416 1270 τὴν
447 1195 804 1268 δικαιοσύνην
830 1195 1242 1268 παρεγγυῶμαι
1259 1197 1327 1251 ⁸³.

389 1287 558 1346 θ’-ια’.
600 1307 620 1340 ι
659 1290 736 1344 Οὐ
769 1289 998 1360 δέξομαι
1051 1292 1120 1344 ἐκ
1157 1289 1253 1344 τοῦ
1304 1289 1454 1344 οίκου
1495 1307 1590 1344 σου
1649 1290 1906 1362 μόσχους,

317 1383 441 1437 οὐδὲ
469 1383 534 1436 ἐκ
582 1382 695 1437 τῶν
727 1383 1002 1454 ποιμνίων
1047 1401 1141 1438 σου
1188 1383 1465 1455 χιμάρους
1488 1384 1554 1440 ⁸⁸.
1619 1385 1744 1440 "Ott
1795 1385 1907 1455 ἐμά

321 1479 440 1530 ἐστι
470 1475 652 1530 πάντα
705 1475 774 1529 τὰ
813 1475 981 1548 θηρία
1011 1477 1107 1530 τοῦ
1146 1476 1322 1547 ἀγροῦ
1348 1479 1418 1544 ⁸⁵,
1475 1479 1652 1551 κτήνη
1681 1479 1742 1532 ἐν
1794 1481 1908 1544 τοῖς

321 1569 496 1640 ὄρεσι,
541 1569 636 1622 καὶ
675 1567 800 1640 βόες
825 1569 894 1622 ⁸⁸.
936 1569 1196 1639 Ἔγνωκα
1231 1571 1411 1624 πάντα
1439 1571 1508 1626 τὰ
1554 1571 1780 1626 πετεινὰ
1812 1571 1906 1626 τοῦ

323 1659 583 1732 ούρανοῦ,
637 1661 730 1714 καὶ
783 1659 1062 1733 ὡραιότης
1115 1663 1287 1734 ἀγροῦ
1346 1665 1462 1735 μετ’
1506 1660 1642 1735 ἐμοῦ
1672 1665 1842 1718 ἐστιν.
1885 1683 1904 1716 ι

325 1753 554 1806 Πάντων
571 1753 618 1784 ⁸⁷
645 1753 794 1824 εἰμὶ..
824 1755 981 1825 φησί,
1015 1755 1109 1810 καὶ
1159 1757 1391 1827 ποιητὴς
1427 1799 1442 1822 ,
1479 1756 1573 1811 καὶ
1615 1759 1908 1828 δεσπότης,

323 1843 419 1896 καὶ
449 1841 556 1895 τῶν
583 1843 855 1914 χερσαίων
888 1842 1067 1911 ζώων,
1127 1849 1224 1899 καὶ
1255 1847 1368 1900 τῶν
1399 1847 1728 1919 ἀεροπόρων
1755 1847 1908 1917 ὀρνί-

323 1929 454 1986 θων.
506 1931 599 2002 Μὴ
645 1932 828 1986 τοίνυν
867 1935 1006 2004 ἡγοῦ
1065 1934 1168 2006 τὴν
1201 1935 1343 2007 ἐμὴν
1372 1937 1564 2008 χρείαν
1619 1937 1866 2009 πληροῦν
1892 1955 1908 1970 ’

323 2023 436 2092 ἐγὼ
469 2024 582 2095 γὰρ
613 2026 708 2079 καὶ
744 2025 958 2090 τούτοις
977 2027 1038 2082 τὸ
1076 2022 1218 2082 εἶναι
1240 2029 1473 2090 δέδωκα.
1511 2030 1607 2084 καὶ
1635 2031 1763 2094 τοὺς
1801 2031 1911 2085 ἀπὸ

323 2116 426 2186 γῆς
479 2115 715 2186 φύεσθαι
777 2117 990 2174 κελεύω
1053 2119 1329 2191 καρπούς.
1401 2121 1749 2190 Ὠραιότητα
1800 2121 1910 2194 γὰρ

325 2208 512 2278 ἀγροῦ
537 2210 664 2275 τοὺς
695 2211 742 2244 ⁸³
785 2212 1164 2276 παντοδαποὺς
1199 2213 1450 2284 καρποὺς
1470 2215 1573 2285 τῆς
1609 2216 1712 2286 γῆς
1737 2215 1908 2285 λέγει.

341 2301 559 2374 Ἐπειδὴ
585 2303 698 2375 γὰρ
727 2304 835 2358 ἀπὸ
865 2303 978 2359 τῶν
1018 2305 1295 2376 χερσαίων
1324 2307 1730 2378 προσεφέροντο
1755 2309 1912 2374 ζώων

327 2395 471 2467 βόες,
501 2397 594 2450 καὶ
619 2397 840 2468 τράγοι,
872 2399 968 2452 καὶ
993 2397 1278 2470 πρόϐαταο
1313 2399 1410 2454 καὶ
1439 2399 1547 2454 ἀπὸ
1582 2399 1694 2455 τῶν
1723 2419 1911 2456 πετει-

326 2489 436 2543 νῶν
467 2487 794 2560 περιστεραὶ
813 2491 906 2543 καὶ
935 2490 1198 2562 τρυγόνες
1221 2507 1235 2521 ο
1263 2491 1358 2546 καὶ
1383 2492 1492 2546 ἀπὸ
1515 2492 1626 2546 τῶν
1657 2494 1910 2566 καρπῶν,

327 2581 632 2651 σεμίδαλις,
669 2581 765 2635 καὶ
803 2579 966 2646 οἶνος,
991 2581 1087 2636 καὶ
1111 2581 1314 2647 ἔλαιον,
1343 2583 1442 2637 καί
1470 2585 1538 2638 τὰ
1571 2585 1681 2639 τῶν
1722 2587 1914 2656 ἀτμῶν

325 2672 620 2745 ἡδύσματα
647 2689 661 2704 ⁸
693 2673 1015 2743 ἀναγκαίως
1053 2673 1315 2728 ἁπάντων
1357 2675 1796 2746 ἐμνημόνευσεν,
1825 2677 1916 2731 ἴνα

327 2766 510 2819 πᾶσαν
562 2764 663 2837 τὴν
730 2767 991 2837 τοιαύτην
1055 2766 1394 2840 καταπαύσῃ
1443 2767 1723 2842 λατρείαν.
1779 2765 1918 2824 Εἶτα

327 2857 630 2931 εἰρωνικῶς
649 2859 696 2891 ⁸⁸
733 2874 750 2888 ·

401 2949 488 3022 ιβ’.
528 2967 548 3002 ι
598 2949 725 3004 Ἐὰν
759 2951 1023 3016 πεινάσω,
1050 2951 1112 3006 ού
1151 2953 1227 3024 μή
1289 2969 1371 3007 σοι
1425 2953 1568 3008 εῐπω
1592 2970 1605 2984 ·
1637 2953 1748 3026 ἐμὴ
1805 2955 1917 3029 γάρ

329 3044 482 3098 ἐστιν
511 3043 546 3114 ἡ
584 3043 904 3115 οἰκουμένη,
941 3045 1034 3098 καὶ
1062 3045 1124 3099 τὸ
1165 3046 1442 3118 πλήρωμα
1473 3047 1664 3119 αὐτῆς.
1699 3067 1718 3100 ι
1767 3049 1914 3112 Ἐὰν,

1671 341 1756 402 IN
1796 341 2002 402 PSAL.
2057 339 2268 400 XLIX.

182 490 197 497 -
304 457 639 530 θερὼσαςώ
663 456 762 528 τὴν
796 457 886 512 διὰ
907 459 950 492 ⁸⁸
975 457 1076 530 τῆς
1113 457 1387 526 θαλάττης
1409 452 1536 511 ’ὁδὸν
1573 457 1904 528 δωρησάμε-

2028 469 2104 508 ter
2145 469 2296 510 mare
2342 454 2486 510 viam
2531 455 2756 526 aperui,
2793 458 2888 528 qui
2935 457 2990 512 in
3035 458 3331 516 solitudine
3377 474 3597 533 pastum

3461 343 3598 409 1234

2009 547 2252 618 praebui,
2283 549 2378 620 qui
2411 549 2585 619 legem
2615 551 2763 607 illam
2805 553 2901 608 tibi
2944 554 3164 610 tradidi.
3197 553 3277 611 Ne
3317 557 3462 610 enim
3511 573 3602 614 me

2009 640 2180 696 alium
2217 651 2377 711 putes
2411 641 2780 712 legislatorcm
2803 686 2818 713 ,
2849 661 2975 702 cum
3005 647 3184 719 legum
3214 649 3418 708 videris
3439 649 3600 707 diﬁc-

2010 735 2271 788 rentiam.
3052 788 3059 793 _

2086 824 2246 881 Vsus.
2283 825 2338 881 8.
2375 843 2395 878 ι
2425 824 2545 882 Νοιι
2581 827 2633 883 in
2668 829 2953 886 sacriﬁciis
2985 829 3096 887 tuis
3130 846 3356 903 arguam
3389 841 3464 898 te,
3497 832 3598 888 Ιιοο

2009 914 2254 971 locausta
2282 924 2468 971 autem
2498 927 2590 973 tua
2619 919 2671 972 in
2695 930 2994 990 conspectu
3022 937 3141 977 meo
3167 930 3296 976 sunt
3320 937 3593 993 semper.»

2009 1005 2130 1062 Non
2159 1009 2453 1078 accusabo,
2487 1009 2688 1082 inquit,
2717 1021 2791 1079 te,
2824 1013 2891 1069 de
2915 1015 3164 1085 neglectu
3197 1013 3598 1070 sacriﬁciorum

2010 1103 2029 1170 (
2054 1102 2169 1157 haec
2215 1103 2362 1158 enim
2407 1104 2540 1158 mihi
2579 1107 2842 1162 continue
2877 1093 3120 1178 affers),
3177 1107 3272 1164 scd
3307 1107 3476 1178 jubco
3533 1122 3603 1164 ne

2011 1192 2164 1248 hisee
2199 1193 2403 1249 ﬁnibus
2427 1192 2699 1264 justitiam
2735 1197 3186 1256 circumscribas.
3341 1174 3348 1201 ’

2084 1281 2252 1342 Vens.
2279 1287 2436 1344 9-H.
2473 1306 2493 1340 ι
2513 1286 2634 1344 Νοιι
2665 1291 2935 1362 accipiam
2963 1294 3029 1348 de
3053 1293 3219 1348 domo
3247 1305 3339 1348 tua
3366 1293 3599 1358 vitulos,

2009 1377 2174 1449 927
2203 1393 2379 1450 neque
2407 1380 2475 1437 de
2505 1383 2768 1454 gregibus
2795 1385 2902 1442 tuis
2932 1385 3137 1443 bireos.
3161 1386 3440 1454 Quoniam
3467 1404 3604 1443 meas

2011 1480 2141 1526 sunt
2167 1487 2362 1530 omnes
2393 1471 2524 1530 ferae
2555 1486 2825 1547 agrestes,
2851 1479 3101 1549 jumenta
3128 1481 3182 1535 in
3213 1482 3518 1550 montibus,
3549 1491 3605 1536 et

2013 1564 2204 1621 boves.
2229 1565 2476 1637 Cognovi
2509 1569 2696 1624 omnia
2723 1571 2958 1627 volatilia
2991 1575 3138 1638 caeli,
3165 1582 3218 1630 et
3245 1575 3604 1646 pulchritudo

2012 1657 2129 1728 agri
2160 1673 2374 1730 mecum
2403 1670 2508 1718 est.
2545 1681 2564 1716 ι
2595 1662 2853 1721 Omnium
2888 1683 3009 1724 sum
3032 1709 3048 1733 ,
3078 1670 3155 1723 ait
3183 1709 3198 1732 ,
3224 1678 3278 1724 et
3312 1669 3596 1734 eomlitor,

2013 1762 2066 1804 ct
2099 1751 2357 1810 dominus
2379 1795 2395 1819 ,
2441 1755 2497 1810 et
2528 1760 2869 1814 terrestrium
2901 1761 3266 1816 animantium
3293 1802 3309 1826 ,
3345 1771 3400 1817 ct
3421 1763 3601 1817 aerios

2013 1855 2131 1896 rum
2165 1844 2495 1900 volatilium.
2532 1845 2612 1904 Ne
2651 1847 2820 1920 igitur
2855 1851 3306 1908 existimes-mea:
3355 1854 3602 1909 necessi-

2015 1934 2109 1988 tati
2142 1936 2439 1994 subvenire
2467 1957 2480 1994 :
2518 1941 2966 2013 quandoquidem
3002 1959 3106 2016 ego
3137 1945 3223 2000 bis
3251 1945 3513 2001 omnibus
3546 1945 3601 2001 id

2011 2024 2159 2096 quod
2190 2035 2319 2082 sunt
2358 2026 2480 2083 dedi
2504 2069 2520 2095 ,
2551 2037 2608 2085 et
2634 2030 2804 2102 jubeo
2829 2073 2846 2098 ,
2888 2033 3106 2104 inquit,
3145 2035 3356 2092 fructus
3385 2051 3417 2092 θ
3461 2045 3606 2092 terra

2013 2117 2266 2186 produci.
2335 2117 2618 2189 Siquidem
2681 2122 3136 2191 pulchritudinem
3206 2127 3326 2196 agri
3383 2126 3606 2182 diversa

2015 2220 2176 2266 terrae
2211 2211 2492 2268 fructuum
2519 2229 2720 2285 genera
2755 2216 3012 2286 appellat.
3067 2217 3342 2286 Quoniam
3371 2219 3520 2276 enim
3553 2229 3610 2274 ct

2014 2317 2080 2358 ex
2116 2305 2347 2360 terrenis
2396 2305 2728 2363 animalibus
2762 2308 3135 2366 oﬂ‘erebautur
3169 2311 3334 2368 boves
3357 2355 3373 2380 ,
3424 2313 3562 2367 hirci
3587 2353 3604 2388 ,

2014 2402 2069 2449 et
2096 2409 2226 2452 oves
2254 2437 2269 2461 ,
2309 2407 2365 2452 et
2395 2413 2461 2453 ex
2498 2398 2847 2468 volatilibus,
2876 2402 3174 2468 columbae,
3221 2415 3276 2458 et
3312 2413 3561 2461 turtures
3587 2442 3604 2467 .

2014 2501 2080 2540 ex
2117 2485 2392 2544 fructibus
2423 2489 2624 2556 simila,
2663 2501 2716 2546 et
2743 2492 2956 2557 vinum,
2981 2503 3036 2548 et
3061 2495 3264 2558 oleum,
3299 2495 3608 2550 Suilituunh

2015 2594 2124 2650 quc
2148 2595 2345 2637 suaves
2373 2581 2572 2638 odores
2599 2625 2612 2650 ,
2639 2585 2954 2640 necessario
2984 2585 3052 2642 de
3082 2587 3345 2642 omnibus
3375 2586 3609 2641 mentio-

2018 2687 2140 2727 nem
2172 2670 2301 2728 fecit
2325 2712 2341 2738 ,
2386 2682 2447 2728 ut
2487 2682 2658 2728 totum
2701 2675 3017 2746 hujusmodi
3052 2677 3265 2734 cultum
3293 2679 3606 2750 abrogaret.

2019 2763 2223 2819 Deinde
2252 2780 2350 2836 per
2376 2764 2613 2820 ironiam
2639 2766 2716 2822 ait
2742 2785 2756 2820 :

2087 2943 2255 3000 Vsus.
2314 2945 2402 3000 t2.
2445 2965 2464 2998 ι
2504 2943 2562 3001 Si
2603 2947 2870 3014 esuriero,
2903 2962 3013 3003 non
3055 2947 3237 3005 dicam
3275 2949 3417 3006 tibi:
3451 2966 3608 3008 meus

2019 3047 2104 3094 est
2145 3037 2292 3094 enim
2323 3039 2474 3095 orbis
2508 3047 2688 3106 terrae,
2723 3049 2780 3096 et
2821 3040 3108 3112 plenitudo
3159 3042 3301 3114 ejus.
3347 3064 3366 3096 ο
3411 3044 3492 3109 Si,
3522 3045 3610 3099 in-

329 3135 487 3205 φησί,
528 3135 708 3206 δεηθῶ
736 3137 966 3208 τροφῆς,
995 3137 1058 3191 οὒ
1079 3140 1178 3210 τῆς
1219 3139 1320 3212 σῆς
1371 3139 1564 3211 δέομαι
1625 3139 1910 3212 χορηγίας.

2028 3131 2158 3202 quit,
2215 3131 2338 3187 cibo
2380 3131 2691 3204 indiguero,
2722 3141 2816 3188 tua
2847 3135 2985 3190 mihi
3015 3135 3308 3206 largitione
3329 3152 3468 3208 opus
3497 3152 3607 3192 non

331 3227 526 3298 Πάσης
561 3227 670 3298 γὰρ
727 3228 865 3296 ὁμοῦ
915 3229 1016 3300 τῆς
1061 3230 1294 3295 κτίσεως
1338 3233 1570 3304 ποιητής
1591 3233 1638 3266 ⁹⁰
1672 3234 1790 3304 εἰμι
1821 3234 1916 3288 καὶ

329 3317 622 3388 δεσπότης.
679 3313 817 3372 Είτα
857 3319 957 3391 τῆς
993 3321 1202 3386 οἰκείας
1257 3321 1474 3392 φύσεως
1512 3324 1612 3396 τὴν
1647 3323 1918 3378 ἀπάθειαν

328 3409 598 3466 διδάσκει.

407 3504 498 3573 ιγ’.
534 3521 552 3556 ι
592 3505 685 3576 Μὴ
718 3504 964 3577 φάγομαι
997 3503 1136 3577 κρέα
1162 3504 1403 3578 ταύρων,
1438 3506 1471 3578 ἢ
1509 3499 1650 3578 αἷμα
1697 3507 1920 3578 τράγων

331 3597 534 3668 πίομαι
561 3612 577 3662 ;
609 3617 628 3649 ι
665 3595 854 3662 Οὕτως
882 3599 1110 3652 ἐκείνων
1153 3599 1216 3652 τὸ
1253 3599 1481 3670 ἀνόητον
1509 3601 1554 3633 ⁸⁸
1581 3599 1785 3669 δείξας,
1825 3603 1921 3656 καὶ

330 3688 560 3754 διδάξας
583 3689 658 3754 ὡς
696 3691 796 3761 τῆς
828 3691 1030 3763 νηπίας
1063 3690 1228 3746 ἕνεκα
1253 3693 1298 3724 ⁸³
1325 3691 1586 3758 διανοίας,
1623 3693 1839 3756 ἐκείνας
1873 3694 1922 3727 ’³

333 3783 526 3846 αὐτοῖς
559 3783 660 3848 τὰς
690 3783 882 3848 θυσίας
927 3783 1096 3839 πάλαι
1141 3785 1477 3857 προσφέρειν
1533 3785 1918 3859 ἐνομοθέτησε,

333 3876 439 3945 τὴν
467 3873 662 3945 καινὴν
695 3874 952 3944 προανοίγ
965 3892 1084 3928 νυσι
1105 3875 1396 3948 διαθήκην,
1419 3876 1516 3931 καὶ
1537 3877 1635 3951 τὴν
1658 3879 1924 3951 ἀρέσκου-

337 3982 445 4020 σαν
475 3964 623 4037 αὐτῷ
649 3965 840 4021 θυσίαν
873 3966 1176 4039 νομοθετεῖ.

411 4147 496 4215 ιδ’,
517 4157 596 4203 ιε’.
616 4169 634 4203 ι
656 4148 832 4206 Θῦσον
854 4149 931 4222 τῷ
954 4149 1074 4222 Θεῷ
1092 4149 1283 4204 θυσίαν
1304 4150 1587 4216 αἰνέσεως,
1604 4153 1697 4206 καὶ
1727 4153 1928 4219 ἀπόδος

333 4242 422 4314 τῷ
465 4243 710 4314 Ὑψίστῳ
743 4244 843 4308 τὰς
873 4243 1041 4316 εὐχάς
1070 4261 1186 4298 σου.
1222 4244 1331 4298 Καὶ
1357 4244 1688 4300 ἐπικάλεσαί
1743 4263 1810 4318 με
1867 4248 1926 4302 ἐν

341 4335 530 4408 ἡμέρᾳ
558 4335 792 4405 θλίψεως
829 4353 946 4398 σου,
975 4335 1068 4390 καὶ
1110 4335 1402 4406 ἐξελοῦμαί
1450 4354 1531 4404 σε,
1565 4337 1661 4391 καὶ
1681 4338 1928 4406 δοξάσεις

341 4445 449 4508 με..
475 4445 494 4482 ι
533 4429 627 4492 Εἰς
653 4428 844 4501 καιρὸν
883 4429 978 4483 καὶ
1011 4429 1057 4461 ’δ
1079 4429 1178 4500 τῆς
1229 4429 1394 4498 ἁγίας
1447 4430 1681 4502 Τριάδος
1713 4433 1925 4488 ἀπεκά-

2021 3231 2124 3279 est.
2171 3223 2425 3280 Universi
2457 3225 2660 3296 quippe
2693 3233 2962 3296 terrarum
2993 3226 3148 3284 orbis
3175 3227 3432 3283 conditor
3457 3243 3609 3294 sum,

2021 3325 2075 3372 et
2117 3315 2396 3372 dominus.
2449 3315 2656 3372 Deinde
2705 3319 2986 3388 propriam
3031 3327 3286 3375 naturam
3335 3321 3611 3392 passionis

2021 3417 2296 3478 expertem
2326 3423 2447 3464 esse
2479 3407 2660 3463 docet.

2093 3499 2260 3558 Vens.
2295 3503 2384 3557 t3.
2431 3519 2452 3554 ι
2496 3500 2754 3574 Nunquid
2809 3503 3154 3561 manducabo
3187 3521 3384 3562 carnes
3417 3514 3608 3561 tauro-

2023 3609 2168 3661 rum,
2201 3601 2296 3648 aut
2321 3593 2641 3664 sanguinem
2679 3594 2962 3650 hircorum
2989 3597 3276 3667 putabo?»
3305 3596 3420 3654 Hoc
3445 3597 3610 3654 modo

2025 3703 2152 3744 cum
2213 3686 2434 3742 illorum
2493 3686 2779 3743 stultitiam
2813 3689 3166 3755 ostendisset,
3220 3690 3612 3760 docuissetque

2027 3779 2286 3836 statuisse
2330 3787 2392 3836 ut
2447 3779 2750 3851 antiquitus
2781 3782 2886 3836 illae
2917 3781 3152 3837 victima:
3181 3782 3250 3838 ab
3278 3781 3415 3852 ipsis
3440 3782 3612 3838 efferv-

2027 3885 2236 3937 rentur,
2272 3875 2289 3896 *
2319 3887 2386 3930 eo
2433 3873 2578 3940 quod
2611 3873 2796 3930 adhuc
2817 3883 3023 3931 eorum
3072 3889 3230 3954 mens
3257 3875 3493 3946 simplex
3521 3890 3612 3931 es-

2027 3978 2136 4034 set,
2172 3965 2342 4038 928
2371 3981 2519 4022 nunc
2552 3981 2755 4021 novum
2787 3969 2962 4038 aperit
2985 3976 3394 4033 testamentum,
3423 3974 3480 4022 et
3513 3967 3612 4024 h0-

2029 4061 2190 4118 stiam
2233 4059 2541 4132 praescribit
2577 4059 2683 4116 sibi
2715 4061 3040 4130 placentem.

2099 4152 2268 4209 Vrsas.
2304 4153 2392 4219 14,
2431 4151 2521 4208 l5.
2577 4169 2596 4204 ι
2643 4151 2871 4206 lmmola
2901 4151 3016 4208 Deo
3043 4153 3374 4210 sacriﬁcium
3413 4153 3613 4217 laudes,

2029 4257 2084 4304 et
2131 4247 2295 4303 redde
2319 4244 2602 4301 Altissi‘mo
2629 4252 2756 4298 vota
2793 4253 2907 4299 tua.
2951 4245 3018 4299 Et
3070 4243 3263 4300 invoca
3298 4261 3385 4300 me
3435 4245 3490 4300 in
3529 4240 3618 4300 die

2031 4337 2398 4395 tribulationis
2428 4347 2556 4404 tuae,
2575 4349 2764 4392 eruam
2805 4345 2856 4390 te
2880 4377 2894 4402 ,
2931 4344 2985 4392 et
3029 4337 3418 4392 honoriﬁcabis
3443 4348 3552 4390 me.
3591 4352 3610 4384 ι

2033 4432 2376 4504 Tempestive
2411 4439 2632 4502 qucque
2675 4440 2878 4486 sanctae
2919 4429 3204 4486 Trinitatis
3239 4427 3610 4485 venerandum

336 4521 480 4592 λυψε
517 4522 610 4576 τὸν
643 4521 828 4593 τίμιον
848 4521 1108 4594 ἀριθμδν,
1137 4523 1230 4578 καὶ
1257 4526 1322 4595 τῇ
1344 4526 1505 4595 καινῇ
1532 4523 1768 4596 διαθῂκῃ
1797 4542 1915 4579 συν-

2033 4541 2322 4582 numerum
2371 4523 2647 4594 patefecit,
2690 4531 2744 4576 et
2785 4538 2910 4577 cum
2956 4537 3098 4577 novo
3121 4528 3449 4578 testamento
3483 4533 3618 4575 cou-

342 4615 567 4682 ἔζευξεν
593 4632 607 4648 ·
639 4614 780 4684 μετὰ
808 4615 918 4687 γὰρ
943 4613 1148 4687 ταύτης
1179 4617 1278 4670 καὶ
1308 4615 1408 4686 τὴν
1437 4615 1538 4686 τῆς
1569 4615 1728 4686 ἁγίας
1755 4618 1926 4688 Τριά-

338 4705 431 4769 δος
463 4705 765 4776 ἐδεξάμεθα
795 4708 1021 4776 γνῶσιν.
1051 4707 1225 4760 Διεῖλε
1253 4706 1310 4761 δὲ
1355 4707 1424 4760 τὰ
1471 4707 1798 4778 πράγματα,
1828 4710 1927 4781 οὐχ

341 4797 434 4852 ἵνα
463 4799 565 4870 τῆς
588 4799 897 4872 ἀδιαιρέτου
935 4802 1032 4854 καὶ
1067 4801 1231 4871 ἁγίας
1259 4801 1494 4874 Τριάδος
1523 4801 1622 4866 τὰς
1643 4802 1928 4874 ἐνεργείας

341 4889 516 4959 διέὶῃ,
553 4891 671 4945 ἀλλ’
709 4892 798 4946 ἵνα
822 4893 916 4947 τὸν
943 4893 1178 4964 ἀριθμὸν
1205 4895 1564 4966 προφητικῶς
1593 4896 1641 4927 ⁹⁶
1677 4897 1772 4949 καὶ
1803 4898 1932 4961 τοὺς

348 4983 489 5053 μετὰ
517 4983 692 5038 ταῦτα
717 4985 925 5058 διδάξῃ.
955 4986 1120 5054 Λέγει
1147 4986 1332 5039 τοίνυν
1359 5001 1374 5016 °
1417 5003 1438 5036 ι
1475 4985 1652 5040 Θῦσον
1684 4985 1762 5058 τῷ
1810 4986 1932 5058 Θεῷ

347 5074 536 5130 θυσίαν
565 5077 850 5144 αἰνέσεως,
886 5077 981 5132 καί
1005 5077 1206 5140 ἀπόδος
1247 5077 1326 5149 τῷ
1365 5077 1606 5148 ’Υψίστῳ
1639 5077 1738 5140 τὰς
1769 5077 1936 5150 εὐχάς

2029 4619 2252 4690 junxit:
2295 4633 2420 4673 cum
2457 4618 2561 4672 hoc
2596 4615 2742 4672 enim
2774 4615 2937 4671 etiam
2969 4623 3176 4669 sanctae
3202 4611 3494 4668 Trinitatis
3525 4624 3615 4668 oo-

2036 4710 2332 4781 gnitionem
2365 4706 2691 4780 recepimus.
2719 4705 2914 4760 Divisit
2938 4712 3120 4760 autem
3154 4718 3265 4767 res,
3301 4717 3413 4758 non
3451 4711 3512 4758 ut
3535 4702 3622 4758 di-

2035 4803 2248 4858 videret
2303 4801 2602 4857 individuus
2650 4797 2936 4854 Trinitatis
2997 4795 3368 4866 operationes,
3419 4795 3515 4851 sed
3560 4803 3622 4847 ut

2037 4909 2324 4950 numerum
2358 4891 2685 4963 prophetico
2715 4905 2868 4944 more
2893 4897 3140 4957 posteros
3168 4887 3444 4943 edoceret.
3477 4885 3622 4942 Dicit

2035 4989 2238 5058 igitur:
2280 5003 2298 5038 ι
2338 4985 2562 5040 lmmola
2611 4983 2723 5038 Deo
2759 4981 3088 5037 sacriﬁcium
3137 4979 3338 5046 laudis,
3370 4987 3426 5034 et
3458 4978 3624 5035 redde

2036 5080 2326 5136 Altissimo
2377 5086 2506 5133 vota
2549 5087 2664 5146 tua,
2716 5085 2771 5132 et
2796 5077 2994 5132 invoca
3049 5088 3136 5130 me
3173 5073 3264 5130 die
3310 5070 3626 5128 aﬂlictionis

1509 5171 1750 5226 VARle
1791 5173 2182 5230 LECTIONES
2222 5169 2312 5227 ET
2341 5169 2578 5228 NOTAE.

418 5257 462 5289 "
502 5255 775 5332 Τὴν-διά.
802 5257 968 5332 Abest
991 5256 1174 5332 a‘cod.
1204 5257 1260 5332 1,
1283 5255 1338 5311 2.
1413 5255 1458 5288 ⁸³
1489 5258 1844 5332 Διιιθρέψας.
1881 5275 1915 5312 σε

2035 5260 2070 5314 2
2109 5273 2296 5332 tam.
2333 5256 2414 5332 σε
2515 5255 2712 5332 “me
2750 5255 2824 5332 ι..
2853 5255 3104 5332 ²-παρεῑ

344 5344 515 5394 ρους.
557 5327 661 5398 Alii
692 5330 804 5390 τοῖς
851 5330 904 5380 0'
949 5327 1200 5382 tribuunt
1250 5321 1752 5397 interpretationem
1791 5321 1915 5398 τραγ

2035 5371 2048 5384 .
2111 5321 2170 5361 ’⁸³
2214 5327 2438 5396 Ἆποοῦ.
2485 5328 2608 5380 cod.
2676 5321 2846 5379 Vatic.
2899 5321 3132 5394 δρυμοῦ.

2515 5255 2562 5288 ⁸³
2587 5252 2712 5310 cod.
2750 5251 2778 5306 1
2809 5291 2824 5316 ,
2853 5251 2889 5306 2
2929 5247 3252 5322 παρεγγυῶ.
3359 5245 3410 5281 ⁸⁸
3441 5244 3622 5314 Χιμά-

2517 5328 2608 5380 0d.
2676 5321 2846 5379 Vatic.
2899 5321 3132 5382 δρυμοῦ.
3233 5319 3281 5352 ³⁸
3312 5315 3422 5372 Καὶ
3445 5317 3619 5382 βόες.

355 5409 518 5465 llebr.
554 5396 688 5495 r753,
723 5410 890 5473 mille,
936 5412 1080 5495 quod
1131 5412 1372 5466 colneret
1405 5396 1543 5466 tcum
1591 5396 1994 5495 praecalrnrm,
2044 5415 2095 5468 in
2134 5411 2422 5495 montibus.
2453 5409 2784 5478 interpretes
2816 5413 2996 5495 autem
3033 5403 3240 5466 Grzeci,
3288 5403 3398 5495 imo
3448 5399 3623 5495 Syrus

353 5495 517 5550 etiam
551 5477 606 5550 οἱ
635 5493 816 5548 Arabs
849 5477 1120 5579 proiﬁLm,
1147 5495 1343 5564 legisse
1375 5477 1624 5550 videntur
1659 5479 1880 5581 ετξ-ἐξῇ,

2028 5514 2172 5550 oves.
2250 5496 2294 5528 ³⁷
2335 5477 2617 5557 Πάντων,
2636 5509 2692 5547 κ.
2729 5508 2780 5544 τ.
2817 5490 2865 5542 λ.
2901 5488 3026 5544 Haec
3059 5497 3112 5542 et
3139 5501 3260 5558 quae
3290 5485 3357 5539 ad
3393 5500 3442 5537 v.
3475 5484 3541 5539 t2
3574 5495 3628 5534 ιιι

359 5601 423 5654 15
449 5609 788 5680 εςςιιιιιιιιιιιι·ὲ
809 5599 927 5680 des.
951 5601 1091 5680 apud
1117 5601 1282 5680 ﬂori].
1301 5675 1338 5680 _
1356 5601 1404 5635 ⁸⁸
1439 5601 1585 5680 Τοὺς
1606 5630 1681 5680 _—-
1702 5603 1884 5680 .le’yst.

2041 5615 2262 5680 quoque
2298 5597 2496 5680 Aquila
2534 5595 2696 5680 vertit
2744 5589 3344 5680 FZVPOS'ITFirxt-tipaﬁu

358 5671 557 5736 νικῶς.
601 5673 720 5723 cod.
757 5671 793 5724 2
847 5670 1108 5738 εἰρηκώς.

365 5821 592 5883 utroque
629 5813 751 5868 cod.
793 5810 1014 5882 ponitur
1037 5825 1158 5882 post
1192 5813 1304 5868 καί.

1211 5673 1256 5703 ⁹⁰
1291 5672 1570 5738 Ποιητής.
1605 5673 1658 5724 In
1690 5668 1809 5727 Cod.
1848 5674 1882 5724 τί
1929 5675 2146 5742 ponitur
2174 5668 2321 5741 ipost
2363 5668 2499 5742 εἰμί.

361 5743 477 5794 rod.
514 5733 562 5804 ἰ,
595 5741 630 5794 ‘2
665 5756 850 5808 praem.
880 5733 1080 5794 αὐτῶν.
1155 5741 1202 5772 9³
1243 5733 1540 5810 ’Ῐξλίείιτίιιςίί
1566 5745 1726 5798 Abest
1764 5761 1792 5797 ιι
1829 5759 1915 5798 (10..

2029 5785 2038 5798 .
2145 5733 2348 5796 ΩδἸιίιὶ.
2396 5733 2518 5796 cod.
2555 5739 2604 5803 i,
2638 5737 2673 5790 ‘2
2704 5751 2888 5809 prtem.
2913 5733 2970 5786 δέ

2588 5668 2632 5700 θ’
2667 5668 2790 5721 cod.
2847 5665 2872 5720 1
2924 5659 3206 5730 ἀνόνητον.
3297 5661 3344 5692 ν’
3382 5659 3624 5738 Ἐγεκα.

2591 5780 2603 5786 -
2638 5737 2673 5786 9.
2704 5751 2888 5786 manu
2913 5733 2970 5786 δέ
3069 5735 3538 5786 θδιιοοωιτικως.

3179 5748 3538 5802 ρορητικως.
