4012 6206
407 271 537 340 1241

1812 290 1889 353 ΙΝ
1940 292 2146 354 PSAL.
2203 295 2269 354 L.

3536 295 3676 364 1242

465 391 531 446 δ’.
574 408 591 442 ι
640 391 961 446 Ἐπιπλεῖον
992 392 1193 449 πλῦνόν
1221 414 1289 470 με
1313 398 1422 453 ἀπὸ
1442 400 1542 472 τῆς
1575 401 1808 474 ἀνομίας
1847 424 1958 476 μου.

2150 406 2314 464 Vens.
2350 410 2404 466 4.
2436 429 2455 461 ι
2476 409 2727 480 Amplius
2751 408 2911 466 ablue
2939 408 3282 477 iniquitatem
3313 425 3513 478 meam,
3549 422 3601 469 et
3638 430 3670 471 a

380 484 492 545 ,καὶ
522 483 631 536 ἀπὸ
653 484 754 554 τῆς
788 485 1068 556 ἁμαρτίας
1096 506 1199 559 μου
1244 491 1547 564 καθάρισόν
1571 512 1640 564 με
1662 495 1730 552 ⁵⁸,
1768 515 1787 548 ι
1831 497 1974 569 ΙΙἬδη

391 573 504 645 γὰρ
521 575 857 645 ⁸⁹,φησὶ,διὰ
879 577 1066 632 Νάθαν
1087 581 1181 633 τοῦ
1206 586 1487 656 προφήτου
1511 586 1611 657 τὴν
1636 586 1829 655 ἄφεσιν
1854 588 1979 642 ἔδω-

391 682 535 729 κας·
563 668 658 721 καὶ
698 671 988 741 συμφορὰς
1017 671 1074 725 δέ
1123 690 1213 743 μοι
1264 678 1635 743 παντοδαπὰς,
1674 676 1785 733 οἷόν
1823 698 1977 746 τινας

392 759 678 831 καυτῆρας
701 761 796 813 καὶ
816 764 1011 832 τομὰς,
1040 768 1449 838 προσενήνοχας
1471 787 1486 801 ·
1513 770 1631 824 ἀλλ’
1669 772 1751 825 ἔτι
1779 772 1975 842 δέομαι

392 851 700 922 ῥυμμάτων
733 852 801 917 ⁶⁰,
839 854 1040 925 πολλὴν
1091 860 1192 928 τῆς
1248 860 1530 932 ἁμαρτίας
1592 863 1975 934 είσδεξάμενος

387 943 710 1015 δυσοσμίαν.
739 946 853 1001 Καὶ
881 942 1039 1012 αὖθίς
1064 967 1131 1019 με
1173 951 1354 1005 τοίνυν
1388 954 1674 1025 ἀπόνιψον,
1700 955 1972 1021 Δέσποτα,

388 1033 476 1087 ῐνα
536 1035 714 1089 πάντα
774 1039 875 1109 τῆς
943 1040 1220 1111 ἁμαρτίας
1289 1044 1566 1118 ἀποξύσῃς
1626 1047 1719 1102 τὸν
1777 1047 1969 1119 ῥύπον.

389 1126 458 1201 [⁸⁸
476 1127 635 1183 Κατὰ
669 1130 780 1201 γὰρ
811 1133 907 1185 τὸν
927 1135 1215 1207 προφήτην
1241 1136 1503 1192 ἐκπλυνεί
1528 1138 1735 1211 Κύριος
1759 1141 1850 1195 τὸν
1879 1141 1974 1212 ρύ-

386 1238 489 1273 πον
525 1221 637 1275 τῶν
680 1223 812 1276 υἱῶν
849 1226 943 1277 καὶ
999 1226 1108 1279 τῶν
1150 1227 1468 1302 θυγατέρων
1507 1230 1647 1286 Σιὼν
1694 1237 1972 1306 πνεύματι

385 1315 623 1384 κρίσεως
646 1317 743 1369 καὶ
766 1317 1043 1388 πνεύματι
1066 1320 1368 1394 καύσεως.]

455 1413 518 1461 ε’.
555 1426 575 1460 ι
615 1409 738 1462 Ὀτι
776 1410 878 1481 τὴν
911 1413 1147 1482 ἀνομίαν
1194 1431 1298 1482 μου
1338 1414 1450 1485 ἐγὼ
1484 1415 1761 1485 γινώσκω,
1809 1419 1964 1492 καὶὴ

382 1497 629 1569 ἁμαρτία
695 1517 798 1571 μου
844 1500 1078 1556 ἐνώπιόν
1134 1505 1236 1574 μού
1267 1508 1382 1560 ἐστι
1425 1507 1739 1573 διαπαντός.
1777 1530 1795 1561 ι
1833 1512 1967 1566 Οὐδὲ

382 1589 494 1661 γὰρ
525 1590 571 1622 ⁸³
601 1590 741 1661 μετά
767 1591 867 1664 τὴν
905 1593 1015 1647 ἀπὸ
1046 1594 1092 1627 ⁸⁵
1125 1594 1219 1650 σοὖ
1271 1598 1574 1670 γενομένην
1620 1601 1839 1668 ἄφεσιν,
1871 1601 1966 1669 λήο

384 1682 492 1753 θην
537 1682 807 1757 ἐδεξάμην
824 1685 928 1756 τῆς
945 1687 1242 1759 ἁμαρτίας,
1258 1690 1398 1745 ἀλλά
1419 1693 1685 1762 διηνεκῶς
1716 1694 1760 1725 ⁸³
1787 1695 1899 1766 ὁρῶ
1918 1695 1964 1727 ⁸⁸

2084 513 2309 571 peccato
2337 518 2459 558 meo
2501 502 2708 556 munda
2750 518 2858 556 me.
2891 520 2908 553 ι
2967 499 3087 556 Jam
3130 502 3299 568 enim,
3343 502 3541 572 inquit,
3576 519 3672 574 per

2082 595 2400 663 prophetam
2454 593 2669 648 Natban
2715 595 2930 649 veniam
2987 592 3118 647 milii
3150 593 3371 658 dedisti,
3424 593 3589 666 934
3617 604 3671 649 et

2082 688 2262 740 omnis
2278 688 2493 758 generis
2517 687 2884 751 calamitates,
2909 685 3060 740 velut
3082 684 3328 754 quaedam
3360 687 3599 740 cauteria
3616 698 3670 741 et

2080 778 2402 844 incisioues,
2431 767 2727 833 adhibuisti
2759 797 2772 832 :
2812 794 3001 833 verum
3032 777 3215 832 adhuc
3245 778 3667 847 purgationibus

2082 867 2322 940 indigeo,
2350 883 2475 924 cum
2514 870 2811 940 plurimum
2840 871 3048 940 peccati
3075 869 3302 924 fetorem
3325 867 3663 923 admiserim.

2081 957 2293 1015 Rursus
2321 960 2486 1031 igitur
2516 961 2633 1015 lava
2668 976 2777 1025 me,
2809 976 2841 1015 ο
2871 958 3119 1025 Domine,
3155 948 3431 1014 ut'omnes
3461 959 3663 1028 peccati

2079 1049 2267 1106 sordes
2285 1051 2586 1125 abstergas.
2631 1051 2803 1126 [Nam
2833 1052 2991 1123 juxta
3029 1051 3354 1122 prophetam
3393 1067 3412 1100 ι
3451 1050 3664 1104 abster-

2077 1152 2164 1214 get
2190 1141 2456 1199 Dominus
2480 1145 2670 1200 sordes
2699 1144 2937 1199 ﬁliorum
2965 1143 3314 1212 filiarumque
3340 1141 3527 1197 Sionis
3548 1141 3663 1212 Spi-

2077 1237 2183 1290 ritu
2215 1235 2408 1307 judicii
2444 1245 2498 1292 ct
2544 1236 2737 1308 spiritu
2780 1236 3090 1291 adustiouis
3137 1237 3184 1289 ⁸.
3225 1232 3271 1306 ι]

2147 1414 2313 1472 Vens.
2343 1415 2395 1470 5.
2425 1435 2444 1468 ι
2482 1414 2754 1482 Quoniam
2787 1414 3130 1486 iniquitatem
3158 1430 3332 1469 meam
3354 1429 3457 1485 ego
3485 1427 3659 1483 agno-

2075 1523 2189 1574 sco,
2241 1517 2296 1563 et
2343 1517 2632 1579 peccatum
2672 1524 2853 1562 meum
2904 1522 3090 1563 coram
3133 1521 3220 1561 me
3251 1516 3332 1563 est
3360 1522 3593 1576 semper.
3631 1524 3651 1557 ι

2075 1598 2192 1654 Non
2247 1599 2394 1655 enim
2448 1608 2570 1669 post
2605 1600 2817 1653 veniam
2859 1601 2957 1653 abs
3001 1608 3054 1654 te
3091 1613 3409 1653 concessam
3442 1597 3656 1668 peccati

2072 1690 2274 1745 oblitus
2302 1707 2425 1746 sum
2454 1709 2468 1745 :
2507 1708 2695 1747 verum
2725 1706 2940 1761 semper
2979 1690 3249 1745 malorum
3285 1706 3532 1745 meorum
3565 1689 3654 1743 in-

376 1776 491 1832 τῶν
542 1777 694 1847 ἐμῶν
734 1778 921 1834 κακῶν
972 1780 1073 1844 τὰς
1122 1781 1372 1845 εἰκόνας,
1413 1783 1510 1836 καί¹
1544 1784 1643 1847 τὰς
1670 1785 1958 1856 τολμηθεί-

2070 1793 2227 1837 tueor
2261 1783 2552 1855 imagines,
2585 1791 2640 1837 et
2665 1783 2732 1837 de
2762 1784 2992 1853 patratis
3028 1782 3269 1851 peccatis
3305 1789 3464 1836 nocte
3503 1796 3656 1835 som-

382 1885 486 1932 σας
512 1869 890 1941 παρανομίαςο
914 1872 1009 1925 καὶ
1033 1870 1251 1944 νύκτωρ
1268 1873 1603 1946 ὀνειροπολῶ
1628 1877 1694 1942 ⁵⁷,
1720 1878 1817 1930 καὶ
1841 1877 1961 1947 μεθ’

380 1961 600 2034 ἡμέραν
628 1963 1000 2033 φαντάζομαι.
1039 1966 1213 2020 Τοῦτο
1244 1965 1301 2021 δὲ
1336 1967 1381 2001 ⁸⁸
1415 1970 1592 2022 ποιεῖν
1617 1970 1744 2034 τοὺς
1774 1971 1959 2042 ἁμαρ-ν

379 2053 638 2118 τάνοντας
693 2054 791 2108 καὶ
837 2054 1004 2120 αὐτὸς
1053 2058 1081 2109 ὁ
1128 2057 1260 2121 Θεὸς
1311 2058 1401 2113 διά
1442 2059 1667 2113 Ἡσαΐου
1720 2060 1958 2117 κελεύει.

393 2147 537 2216 Ἐγὼ
562 2149 670 2219 γάρ
700 2150 838 2219 ειμι,
871 2150 1059 2220 φησὶν,
1083 2152 1111 2202 δ
1130 2150 1432 2219 ὲξαλείφων
1455 2154 1555 2216 τὰς
1578 2154 1810 2225 ἀνομίας
1841 2172 1957 2219 σου,

379 2234 476 2289 καὶ
512 2235 570 2288 οὺ
620 2235 695 2308 μὴ
738 2237 964 2307 μνησθῶ
994 2238 1102 2291 τῶν
1151 2241 1376 2294 ἀδικιῶν
1401 2242 1445 2273 ⁸³
1479 2254 1597 2296 σου.
1627 2243 1699 2297 Σὺ
1730 2243 1789 2295 δὲ
1823 2245 1960 2314 μνή-

378 2325 560 2396 σθητι,
588 2327 684 2382 καὶ
708 2328 996 2400 κριθῶμεν
1017 2346 1031 2360 ⁸
1064 2330 1192 2400 λέγε
1216 2333 1281 2385 σὺ
1298 2332 1400 2397 τὰς
1420 2335 1653 2406 ἀνομίας
1683 2353 1778 2389 σου
1810 2335 1960 2407 πρῶ-

372 2436 487 2486 τος,
518 2419 606 2475 ἵνα
632 2422 954 2496 δικαιωθῇς.
994 2443 1012 2477 ι
1046 2424 1235 2496 Τούτῳ
1280 2428 1375 2480 καὶ
1432 2429 1598 2493 αὐτὸς
1630 2429 1676 2461 ’⁷⁸
1708 2432 1737 2483 ὁ
1773 2430 1957 2500 μακά-

378 2530 493 2584 ριος
519 2515 756 2570 ⁷¹Δα6ὶδ
800 2516 1073 2589 σύμφωνα
1132 2521 1413 2592 γέγραφεν
1454 2523 1510 2575 ὲν
1553 2522 1632 2594 τῷ
1680 2522 1958 2596 τριακοσῷ

375 2605 580 2679 πρώτῳ
602 2608 807 2680 ψαλμῷ
836 2611 912 2641 τ’·
952 2607 1121 2666 Εἶπον
1150 2613 1218 2677 ’³,
1262 2614 1643 2686 Ἐξαγορεύσω
1664 2616 1787 2669 κατ’
1817 2615 1955 2686 ἐμοῦ

371 2699 467 2770 τὴν
529 2700 761 2772 ἀνομίαν
796 2719 897 2773 μου
934 2702 1012 2774 τῷ
1038 2704 1250 2776 Κυρίῳ,
1283 2706 1376 2759 καί
1430 2723 1495 2760 συ
1534 2707 1756 2776 ἀφεῖλες
1787 2707 1834 2741 ⁷⁵
1855 2709 1955 2781 τὴν

372 2789 635 2843 ἀσέϐειαν
670 2793 769 2862 τῆς
806 2792 1033 2864 καρδίας
1062 2793 1108 2826 ⁷⁸
1142 2811 1267 2864 μου.
1311 2812 1330 2845 ι

446 2883 519 2951 ς’.
560 2905 579 2939 ι
608 2887 701 2939 Σοὶ
735 2887 881 2958 μόνῳ
909 2888 1180 2959 ἥμαρτον,
1214 2890 1310 2943 καὶ
1343 2890 1403 2943 τὸ
1452 2890 1690 2962 πονηρὸν
1721 2890 1955 2945 ἐνώπιόν

374 2996 471 3033 σου
503 2979 758 3053 ἐποίησα.
794 2999 813 3032 ι
859 2981 1080 3035 Πολλῶν
1110 2984 1179 3047 ⁷⁸,
1213 2983 1371 3053 φησὶ.
1403 2985 1496 3037 καὶ
1521 2984 1778 3055 μεγάλων
1805 2987 1956 3057 παρά

374 3071 471 3127 σοῦ
502 3073 548 3105 ⁷⁷
576 3073 796 3145 δωρεῶν
824 3075 1163 3142 ἀπολαύσας,
1197 3078 1309 3140 τοῖς
1340 3076 1606 3141 ἐναντίοις
1628 3077 1955 3150 ἠμειψάμην

2070 1873 2184 1937 nio,
2232 1889 2406 1943 eaque
2454 1874 2689 1927 interdiu
2728 1884 2909 1927 mente
2940 1872 3184 1927 revolvo.
3222 1871 3339 1926 lloc
3378 1883 3559 1926 autem
3595 1879 3656 1925 ut

2068 1963 2272 2019 faciant
2337 1972 2679 2033 peccatores,
2734 1962 2878 2018 Deus
2939 1963 3052 2032 ipse
3084 1978 3177 2031 per
3208 1961 3403 2017 Isaiam
3453 1962 3608 2029 jubet
3637 1978 3669 2043 ιγ

2074 2075 2092 2108 ι
2133 2054 2245 2126 Ego
2275 2057 2446 2121 enim,
2474 2057 2570 2121 ait,
2606 2071 2727 2111 sum
2761 2055 2854 2126 qui
2884 2056 3040 2110 deleo
3076 2054 3392 2125 iniquitates
3424 2064 3568 2117 tuas,
3600 2062 3654 2107 ct

2065 2158 2422 2221 peccatorum
2466 2162 2686 2204 tuorum
2720 2165 2828 2203 non
2851 2148 3183 2205 recordabor
3216 2164 3229 2200 :
3269 2158 3325 2201 tu
3354 2157 3534 2202 autem
3566 2160 3654 2201 re-

2065 2242 2315 2306 cordare,
2340 2250 2395 2296 et
2415 2240 2731 2310 iudicemur
2756 2257 2769 2294 :
2797 2239 2961 2295 dictu
2988 2240 3139 2310 prior
3167 2239 3486 2315 iniquitates
3506 2246 3652 2300 tuas,

2065 2340 2127 2386 ut
2170 2331 2490 2402 justiﬁceris
2529 2329 2578 2385 ιι.
2621 2349 2640 2383 ι
2690 2330 3068 2386 Consonantia
3114 2331 3201 2386 bis
3259 2330 3440 2385 verbis
3484 2330 3649 2384 etiam

2065 2424 2182 2492 ipse
2206 2423 2399 2479 beatus
2424 2426 2440 2446 ⁶
2462 2422 2632 2477 David
2674 2422 2969 2491 scripsitin
3000 2422 3220 2492 psalmo
3239 2438 3365 2476 xui
3392 2439 3405 2475 :
3453 2439 3475 2473 ‹
3504 2420 3650 2486 Dixi,

2063 2515 2379 2571 Conﬁtebor
2412 2515 2677 2569 adversus
2706 2529 2794 2568 me
2818 2514 3150 2585 iujustitiam
3185 2528 3360 2567 meam
3390 2512 3646 2577 Domino,

2063 2617 2116 2664 et
2152 2616 2206 2663 tu
2237 2606 2508 2663 abstulisti
2541 2606 2874 2678 impietatem
2901 2606 3082 2663 cordis
3114 2606 3218 2661 mei
3256 2607 3298 2660 ί.
3332 2624 3350 2657 ι

2116 2885 2298 2940 'Vens.
2337 2882 2392 2938 6.
2430 2902 2449 2935 «ι
2478 2881 2599 2939 Tibi
2632 2883 2735 2939 soli
2773 2882 3017 2954 peccavi,
3053 2891 3107 2938 et
3138 2882 3340 2937 malum
3373 2897 3557 2938 coram
3593 2891 3646 2938 te

2063 2978 2187 3034 feci.
2230 2997 2249 3030 ι
2286 2976 2565 3043 Maximis,
2608 2977 2804 3049 inquit,
2853 2994 2883 3032 a
2918 2986 2971 3034 te
3015 2977 3335 3033 muneribus
3369 2977 3533 3049 935
3564 2978 3646 3033 af-

2064 3072 2262 3138 fectus,
2314 3074 2480 3129 rebus
2522 3073 2818 3129 contrariis
2846 3071 2993 3127 dona
3023 3071 3403 3143 compensati,
3431 3087 3491 3125 ea
3524 3088 3647 3143 qua:

372 3163 442 3218 τά
471 3163 655 3235 δῶραο
682 3167 750 3219 τά
779 3166 1130 3238 ἀπειρημένα
1159 3167 1236 3239 τῷ
1259 3169 1410 3240 νόμῳ
1431 3168 1628 3239 δρᾶσαι
1650 3149 1953 3241 τολμήσας.

2068 3169 2176 3240 lege
2202 3168 2478 3238 prohibita
2510 3175 2670 3223 erant
2720 3166 3067 3222 committere
3114 3183 3309 3223 ausus.
3342 3166 3460 3222 Non
3493 3168 3641 3222 cnim

373 3254 449 3309 Οὐ
478 3255 588 3326 γάρ
616 3254 774 3309 τοῦτό
810 3275 997 3327 φησιν,
1030 3259 1112 3311 ὅτι
1143 3259 1246 3313 Τὸν
1296 3261 1503 3331 Οὐρίαν
1551 3261 1651 3314 οὐκ
1678 3260 1724 3292 ⁷⁸
1762 3260 1958 3331 ἠδίκη-

373 3362 480 3401 σαο
507 3347 734 3418 ἠδίκησε
776 3349 874 3420 μὲν
899 3349 1009 3421 γάρ
1037 3352 1306 3417 κάκεῖνον,
1341 3352 1436 3406 καὶ
1468 3352 1567 3424 τὴν
1597 3353 1808 3407 ἐκείνου
1853 3369 1954 3421 γυ-

373 3443 536 3493 ναῖκα
559 3456 572 3469 ⁸
600 3443 633 3508 ἡ
663 3440 719 3494 δὲ
744 3441 977 3512 μεγίστη
998 3443 1313 3514 παρανομία
1337 3447 1416 3508 εἰς
1444 3445 1609 3499 αὑτὸν
1624 3446 1955 3519 τετόλμηται

371 3532 466 3587 τὸν
501 3533 658 3600 Θεὸν,
693 3533 787 3589 τὸν
816 3535 1200 3606 ἐκλεξάμενον,
1239 3538 1330 3591 τὸν
1349 3539 1472 3592 ἀντὶ
1502 3539 1826 3609 προϐατέως
1854 3539 1953 3610 βα-

372 3624 524 3678 σιλέα
543 3627 907 3697 πεποιηκότα,
953 3628 1047 3682 καὶ
1088 3628 1374 3700 κρείττονα
1422 3631 1531 3683 τῶν
1582 3629 1795 3703 ἐχθρῶν
1818 3632 1955 3684 ἀπο-

372 3717 638 3787 φήναντα,
659 3719 751 3771 καὶ
774 3718 1136 3782 παντοδαποῖς
1161 3719 1386 3787 ἀγαθοῖς
1416 3720 1808 3774 ὲπικλύσαντα.
1840 3722 1955 3774 Κα-

370 3809 478 3872 λῶς
504 3808 561 3862 δὲ
593 3809 950 3880 προστέθεικε
972 3826 985 3840 ο
1032 3829 1050 3861 ι
1085 3810 1195 3863 Καὶ
1223 3811 1284 3864 τὸ
1318 3812 1554 3883 πονηρὸν
1594 3811 1827 3865 ἐνώπιόν
1856 3828 1951 3865 σου

370 3902 627 3972 ἐποίησα.
667 3921 686 3954 ι
724 3897 930 3956 Τούτου
975 3902 1087 3975 γὰρ
1126 3904 1159 3974 ή
1208 3905 1422 3974 ίστορία
1478 3904 1778 3975 μέμνηται.
1813 3904 1952 3971 Ὠφ-

372 3995 439 4066 θη
478 3997 524 4030 τ’
555 3995 686 4066 γὰρ,
717 3995 872 4067 φησὶ,
910 3994 972 4049 τὸ
1009 3996 1233 4065 γεγονὸς
1287 3997 1523 4068 πονηρὸν
1571 3996 1805 4050 ἐνώπιον
1849 3999 1955 4050 Κυ-

374 4086 509 4159 ρίου.
560 4088 654 4140 Ἐκ
686 4086 995 4158 μέντοιτοῦ
1040 4086 1381 4157 δορυαλώτου
1433 4087 1561 4141 λαοῦ
1588 4089 1747 4141 τοῦτο
1794 4088 1953 4156 λεγό-

373 4195 557 4247 μενον,
588 4176 732 4231 οὕτω
780 4179 1032 4249 νοητέονο
1079 4198 1096 4231 ι
1132 4179 1224 4232 Σοὶ
1262 4178 1408 4250 μόνῳ
1441 4180 1712 4250 ἥμαρτον,
1760 4198 1778 4230 ι
1815 4180 1952 4251 Περὶ

368 4270 466 4333 τάς
497 4271 618 4335 σὰς,
645 4270 800 4341 φησὶ,
819 4270 1031 4342 δωρεὰς
1050 4270 1317 4341 ἐγενόμην
1356 4270 1677 4341 ἀχάριστος,
1702 4270 1795 4323 καὶ
1821 4271 1951 4334 τοὺς

374 4359 623 4424 τεθέντας
651 4379 740 4431 μοι
772 4361 1139 4434 παραϐέϐηκα
1174 4362 1371 4433 νόμους
1398 4378 1411 4391 ·
1445 4363 1540 4414 καὶ
1588 4361 1949 4415 παντοδαπῶν

375 4453 589 4522 ἀγαθῶν
611 4454 948 4522 ἀπολαύσας,
972 4453 1244 4525 ἀγνώμων
1262 4455 1390 4525 περὶ
1412 4454 1580 4507 ταῦτα
1601 4455 1945 4525 γεγένημαι·

371 4545 490 4606 τοὺς
511 4545 567 4598 δὲ
604 4544 984 4610 Βαϐυλωνίους
1013 4546 1136 4600 οὐδὲ
1168 4546 1456 4616 ἀδικήσας,
1496 4545 1711 4616 μεγάλα
1734 4546 1780 4577 ⁸ο
1810 4548 1945 4617 παρ’

368 4637 592 4691 ἐκείνων
620 4637 907 4709 ἠδίκημαι.
943 4659 960 4691 ι
996 4640 1186 4702 Ὅπως
1214 4639 1280 4692 ἂν
1307 4638 1606 4709 δικαιωθῇς
1626 4641 1685 4691 ὲν
1716 4641 1831 4702 τοῖς
1853 4639 1945 4693 λό-

366 4745 482 4797 γοις
514 4745 630 4793 σου,
667 4729 761 4782 καὶ
781 4734 1011 4806 νικήσῃς
1027 4733 1071 4765 δι
1103 4734 1162 4785 ἐν
1185 4732 1262 4802 τῷ
1289 4730 1569 4805 κρίνεσθαί
1592 4748 1705 4784 σε.»
1738 4732 1941 4804 Ἐμαυ-

433 4888 461 4928 ⁸
486 4885 591 4942 lsa.
620 4905 694 4955 ιν,
727 4890 782 4944 4.
858 4892 884 4930 h
907 4892 1016 4945 lsa.
1048 4906 1178 4959 xui,
1201 4891 1292 4960 25,
1324 4891 1414 4946 26.
1499 4894 1517 4934 ί
1552 4894 1700 4949 Psal.
1735 4908 1887 4959 xm,
1930 4894 1986 4950 5.

2058 3259 2191 3315 dicit
2213 3263 2281 3325 sej
2300 3259 2674 3329 nullalinjuria
2698 3257 2885 3313 Uriam
2910 3256 3204 3313 offendisse
3227 3256 3476 3327 (omnino
3498 3257 3642 3311 enim

2057 3361 2113 3407 et
2146 3352 2323 3417 illum,
2356 3361 2410 3406 et
2431 3353 2551 3419 ejus
2584 3364 2812 3405 uxorem
2846 3347 3192 3420 offenderat),
3224 3348 3320 3404 sed
3344 3348 3642 3403 maximum

2058 3445 2112 3499 in
2149 3445 2328 3514 ipsum
2379 3443 2546 3498 Deum
2593 3444 2802 3498 crimen
2841 3442 3153 3510 admisisse,
3186 3442 3280 3514 qui
3311 3458 3435 3497 eum
3463 3443 3645 3512 elege-

2056 3548 2159 3604 rat,
2202 3537 2294 3605 (ξιιὶ
2337 3551 2434 3604 pro
2486 3544 2706 3605 pastore
2734 3550 2915 3607 regem
2955 3534 3182 3601 fecerat,
3235 3535 3487 3590 hostibus
3516 3550 3640 3590 cum

2057 3629 2395 3699 superiorem
2433 3629 2769 3695 reddiderat,
2796 3637 2850 3683 et
2883 3628 3066 3683 omnis
3097 3627 3316 3698 generis
3359 3627 3521 3682 bonis
3547 3642 3646 3681 au-

2056 3730 2228 3775 xerat.
2280 3720 2544 3776 Praeclare
2596 3728 2776 3775 autem
2818 3721 3119 3790 apposuit:
3161 3737 3179 3770 ι
3218 3718 3284 3772 Ει
3313 3717 3520 3771 malum
3551 3732 3646 3771 co-

2056 3827 2173 3866 ram
2204 3820 2253 3865 te
2292 3811 2418 3867 feci.
2464 3829 2482 3862 ι
2536 3809 2710 3880 Hujus
2741 3811 2888 3865 enim
2927 3810 3159 3865 historia
3196 3823 3416 3878 quoque
3449 3807 3645 3861 memi-

2055 3903 2156 3959 nit.
2208 3902 2410 3958 Malum
2455 3903 2637 3967 enim,
2700 3904 2904 3958 dicitur
2936 3900 2982 3968 i,
3042 3902 3225 3956 visum
3279 3901 3442 3957 estid
3494 3901 3643 3970 quod

2054 3998 2260 4054 factum
2305 4006 2448 4062 erat,
2494 4012 2684 4053 coram
2728 3997 2981 4052 Domino.
3011 3997 3080 4051 At
3110 3997 3155 4052 si
3185 4013 3251 4050 ex
3285 4011 3517 4065 persona
3552 4010 3644 4049 ca-

2053 4092 2187 4163 ptivi
2242 4091 2429 4162 populi
2474 4091 2590 4145 haec
2645 4090 2927 4156 dicuntur,
2976 4089 3058 4144 sic
3090 4088 3503 4158 intelligendum
3536 4096 3638 4148 est,

2060 4202 2079 4235 c
2112 4182 2234 4238 Tibi
2266 4184 2370 4239 soli
2404 4181 2662 4253 peccavi:
2705 4199 2724 4233 ι
2760 4179 2868 4235 Pro
2895 4180 3003 4235 tuis
3035 4178 3429 4255 d0nis,inquit,
3461 4178 3642 4245 ingra-

2054 4287 2143 4332 tus
2175 4273 2275 4342 fui,
2317 4276 2462 4346 leges
2490 4274 2623 4329 mihi
2658 4274 2863 4345 positas
2895 4281 3278 4341 transgressus
3304 4286 3448 4331 sum,
3485 4284 3642 4323 cum-

2052 4385 2162 4441 que
2181 4369 2369 4425 omnia
2403 4371 2670 4424 bonorum
2700 4381 2896 4438 genera
2926 4372 3263 4420 consecutus
3285 4364 3410 4426 sim,
3439 4362 3638 4414 borum

2054 4462 2345 4516 immemor
2367 4448 2544 4516 factus
2572 4475 2730 4515 sum:
2762 4456 3091 4529 Babylonios
3119 4463 3302 4510 autem
3331 4468 3453 4508 cum
3478 4453 3641 4523 plane

2053 4554 2399 4620 offenderim,
2432 4554 2501 4609 ab
2536 4553 2645 4609 illis
2676 4565 3011 4622 magnopere
3041 4548 3288 4603 offensus
3324 4538 3446 4600 sum
3474 4562 3486 4598 ε
3518 4565 3536 4596 ‹
3572 4543 3642 4599 Ut

2049 4646 2369 4716 justillceris
2399 4647 2452 4700 in
2486 4645 2836 4702 sermonibus
2868 4644 2997 4709 tuis,
3031 4651 3086 4696 et
3114 4640 3307 4696 vincas
3330 4655 3454 4694 cum
3488 4638 3640 4707 judi-

2057 4739 2221 4794 caris.
2271 4758 2292 4794 ι
2343 4740 2457 4808 Ego
2506 4739 2644 4810 ipse,
2690 4739 2788 4805 ait,
2845 4750 3095 4792 meorum
3153 4734 3423 4788 malorum
3472 4745 3638 4787 causa

2051 4894 2065 4943 l
2108 4892 2150 4946 ll
2189 4893 2328 4965 Reg.
2360 4909 2423 4961 ιι,
2452 4893 2545 4948 27.

1432 5056 1671 5113 ῩΑΒΙᾹΞ
1726 5057 2117 5114 LECTIONES
2148 5057 2241 5112 ET
2272 5057 2511 5113 NOTAE.

443 5166 502 5257 έῖ
518 5170 625 5257 .M‘i-
648 5168 822 5257 A998}.
839 5186 868 5224 ³
892 5171 1088 5257 99¢}-
1165 5172 1382 5257 ”.I'de;
1410 5172 1600 5257 esti-.5
1631 5189 1819 5257 ιπαειηο
1838 5175 1958 5257 ,μέι

2068 5175 2109 5257 ‘1
2133 5175 2255 5229 cod.
2287 5175 2326 5257 i_
2355 5174 2636 5257 ρυμάτων.
2664 5170 2852 5257 (βοά...ιῇ
2924 5169 3268 5257 καθάρσεως.
3343 5167 3388 5257 ξί
3421 5166 3634 5257 οοιξιλξ.

363 5237 656 5315 ᾷιποξύσγι.Δ
710 5241 755 5271 ⁸³
784 5240 824 5315 ii;
848 5245 970 5296 eod.
1003 5244 1037 5297 '5
1063 5246 1245 5315 suppl.

362 5310 698 5388 Apoiliuario
736 5312 1071 5388 tribuuntur.
1105 5310 1194 5388 7":
1233 5314 1388 5388 Ἄπῤ.
1416 5310 1715 5388 c_odd.’tres
1747 5316 1882 5388 Aug.
1912 5316 1958 5388 ύπ

2074 5316 2167 5388 AV“,
2193 5313 2509 5388 Διηνεκῶς.
2543 5314 2667 5388 cod.
2697 5314 2737 5388 _5
2769 5310 3107 5388 διὰ-παντός.

363 5382 406 5455 f7
452 5382 866 5455 Ὀιςειροποίῖῶ.
894 5383 1069 5455 cod.2
1093 5385 1225 5455 ὁρῶ.
1304 5385 1348 5417 ⁸⁸
1383 5384 1485 5455 Aé.
1503 5384 1671 5441 Abest
1696 5401 1726 5438 a
1760 5382 1880 5439 cod.
1915 5386 1964 5439 5.

770 5452 813 5523 ’ἦ
848 5439 1173 5523 Μακάριος.
1218 5456 1341 5509 cod.
1388 5456 1422 5507 ‘2
1471 5439 1639 5518 θεῖος.
1712 5457 1757 5487 ⁷²
1801 5457 1958 5509 Ἐν-

2068 5455 2283 5523 εοαλμῷ.
2318 5456 2439 5509 Des.
2489 5456 2543 5508 in
2583 5455 2704 5508 eod.
2742 5439 2799 5507 δῖ
2873 5454 2920 5485 ⁷³
2947 5439 3438 5523 οοά‹1.μιι’‹ξεᾼιμζξ
3477 5439 3627 5523 εξτξα.

362 5450 416 5505 in
457 5451 578 5505 cod.
611 5452 666 5505 5.

359 5520 545 5576 "cod.
577 5523 621 5593 1⁸
640 5530 692 5575 et
790 5520 1029 5593 ἀφῆκας.
1061 5520 1222 5580 Cenf.
1249 5542 1301 5593 p.
1332 5526 1456 5589 80:2,
1490 5542 1543 5578 ιι.
1571 5527 1625 5580 5.

361 5609 567 5659 κημιιι,
602 5591 726 5646 Des.
756 5591 808 5644 in
835 5592 955 5646 cod.
990 5595 1043 5647 5.
1086 5618 1093 5632 σ
1119 5596 1163 5626 ⁷⁷
1196 5591 1361 5662 Παρὰ
1391 5595 1529 5652 σοῦ.
1555 5597 1722 5651 Abest
1759 5611 1785 5648 a
1810 5591 1931 5648 cod.

363 5665 508 5715 Alias
544 5663 801 5717 lectiones
833 5676 1121 5718 exure-asas
1167 5667 1404 5718 Vidimus
1446 5682 1633 5718 suum.
1667 5683 1719 5718 υ.
1753 5666 1878 5718 42ἲὶ.

2095 5597 2140 5627 ⁷⁸
2175 5591 2468 5649 Otila-Abt}

2069 5668 2191 5718 coll.
2220 5667 2253 5718 2
2299 5665 2471 5718 μεγάλ

2069 5675 2191 5719 cod.
2220 5675 2253 5718 2
2298 5675 2569 5734 μεγάλως.

363 5665 517 5735 Alias
544 5663 801 5717 lectiones
833 5676 1121 5735 e_Xpress-.ts
1167 5667 1404 5720 Vidimus
1446 5682 1633 5735 supra,
1667 5683 1719 5732 p.
1753 5666 1878 5719 42ἲὶ.

1720 5526 1764 5557 ⁷⁵
1791 5527 2069 5592 Καρδίας.
2097 5527 2180 5579 AI.
2214 5525 2508 5596 ἁμαρτίας.
2540 5523 2657 5579 Vid.
2686 5525 2731 5596 ι.
2775 5538 2824 5578 c.
2862 5541 2917 5596 ιι.
2952 5525 3005 5576 6.

1337 5243 1383 5275 ⁸³
1413 5243 1566 5297 Οὐδὲ
1587 5237 1717 5313 γὰρ,
1745 5263 1799 5298 κ.
1838 5237 1887 5298 λ.
1930 5245 1958 5297 ll

2085 5244 2195 5299 fei'e
2228 5237 2580 5299 eadem'suut
2607 5258 2731 5297 cum
2764 5242 2871 5313 illis
2894 5257 3017 5311 qua:
3042 5237 3377 5313 a'piid__(lord.
3415 5237 3628 5313 p._9i_)5,

3185 5310 3229 5341 σε
3261 5308 3379 5362 cod.
3404 5311 3440 5362 2
3466 5307 3628 5374 ὁρῶν.

2068 5386 2112 5417 ⁸⁸
2161 5378 2440 5439 Ἀδιᾶιιῶν.
2465 5378 2589 5438 cod.
2630 5386 2648 5437 ι
2684 5383 2943 5454 ἀνομιῶν.
3034 5382 3083 5454 ff
3120 5378 3227 5433 Καὶ
3267 5378 3469 5454 αρτός.
3506 5378 3627 5454 lies.

3101 5520 3143 5550 ⁷⁸
3169 5516 3425 5571 Πολλῶν
3434 5517 3628 5583 -ἠόίι

2095 5597 2140 5627 ⁷⁸
2175 5586 2542 5649 Οὺ’)ι.ἈΙ›οὲι.
2577 5611 2607 5649 a
2637 5595 2756 5649 cod.
2790 5596 2839 5657 1,
2867 5594 2918 5646 2.
3020 5591 3064 5621 "
3088 5590 3277 5656 '097011
3299 5616 3367 5625 —
3390 5586 3629 5654 Κύριον-

2672 5665 2713 5698 ⁸¹
2753 5663 2875 5721 cod.
2917 5664 2938 5717 l
2978 5660 3253 5732 νικήσαις.
3286 5658 3449 5713 llebr.
3491 5667 3632 5717 nam

358 5734 576 5806 ῖεεῡῖι,
613 5749 732 5802 quae
776 5750 803 5787 ιι
842 5731 978 5802 Syro
1021 5736 1224 5791 rectius
1267 5735 1338 5790 ita
1374 5731 1552 5807 exprl,
1576 5748 1624 5790 ct
1658 5731 1883 5790 utmzdus
1911 5737 1982 5790 sis
2020 5737 2070 5790 in
2096 5731 2311 5807 jmlicifs
2341 5731 2464 5792 tuis.
