4012 6206
222 320 225 323 ¹
326 319 461 390 πει

1715 307 1795 368 ΙΝ
1817 305 2024 368 PSAL.
2056 303 2212 367 LIX.

3461 304 3599 368 1322

333 438 393 492 '0
423 435 482 492 δὲ
506 432 699 503 Σύρος,
743 430 929 498 κάδος
978 429 1092 500 τῆς
1126 424 1411 491 πλύσεὼς
1442 440 1562 496 μου
1585 423 1652 478 ³ο.
1689 418 1914 491 Ἐπειδὴ

2030 419 2141 474 mi.
2172 417 2346 489 Syrus
2380 427 2562 475 autem
2590 419 3003 491 interpretatur,
3018 421 3187 477 situla
3212 422 3430 477 lotionis
3446 437 3597 477 metr.

322 531 434 601 γὰρ
469 528 529 582 ὲν
549 525 661 588 τοῖς
687 522 954 586 τοιούτοις
974 519 1222 586 σκεύεσι,
1244 518 1341 573 καὶ
1362 517 1490 580 τοὺς
1519 514 1691 579 πόδας
1716 512 1908 568 ἀπονί-

326 636 501 684 πτειν,
527 615 625 671 καὶ
644 616 745 687 τὴν
761 616 875 678 τοῖς
890 614 1051 667 ποσὶν
1082 609 1486 685 ὲρρυπωμένην
1510 606 1720 677 ἐσθῆτα
1736 606 1913 677 ἁπορ-

330 713 554 785 ρύπτειν
586 705 884 777 είώθαμεν,
913 703 1013 776 τὴν
1043 701 1325 775 ὑποταγὴν
1349 700 1444 755 τοῦ
1476 699 1652 755 Μωὰϐ
1694 698 1783 752 διὰ
1816 695 1910 750 τοῦ

330 804 493 858 κώδου
526 800 630 871 τῆς
656 796 909 859 πλύσεως
932 794 1308 867 παρεδήλωσε.
1353 793 1463 846 Καὶ
1493 794 1522 846 6
1553 789 1789 863 λέϐηςδὲ
1819 789 1914 842 ἐπὶ

327 890 567 961 τιμωρίᾳ
624 888 804 942 κεῖται
861 886 1013 957 παρᾶ
1065 888 1131 957 τῇ
1179 884 1298 956 θεία
1329 884 1546 954 Γραφῇ.
1578 879 1738 935 Οὕτω
1767 880 1915 934 καὶὸ

331 980 605 1052 μακάριος
649 974 914 1047 Ἰεζεκιὴλ
972 972 1238 1038 διδάσκει,
1291 972 1497 1044 λέϐητα
1544 968 1913 1042 προσταχθεὶς

329 1072 559 1127 καλέσαι
581 1069 681 1139 τὴν
723 1066 1104 1139 Ἰερουσαλὴμ,
1128 1064 1296 1138 κρέας
1313 1063 1370 1117 δὲ
1400 1064 1524 1127 τοὺς
1545 1062 1912 1127 ἱνοικοῦντας,

330 1164 445 1234 πῦρ
471 1161 529 1215 δὲ
557 1160 647 1214 τὸν
672 1155 1023 1215 Βαϐυλώνιον
1054 1156 1121 1222 ³⁸,
1155 1155 1340 1227 ζωμὸν
1382 1154 1439 1209 δὲ
1474 1153 1573 1225 τὴν
1604 1153 1914 1223 ἀναγκαίαν

330 1255 564 1329 τροφήν.
598 1246 674 1307 Ob
695 1249 1105 1314 ἐπιλελοιπότος
1136 1247 1462 1303 κατεκαίετο
1483 1246 1552 1300 τὰ
1579 1245 1737 1319 κρέα.
1756 1244 1915 1301 Οὕτω

331 1351 428 1403 καὶ
456 1348 484 1400 6
527 1346 799 1417 μακάριος
837 1341 1111 1415 Ἱερεμίας
1149 1340 1353 1413 λέϐητα
1401 1339 1797 1411 ύποκαιόμενον
1830 1333 1913 1392 εἷ-

329 1440 455 1495 δεν·
489 1440 586 1494 καλ⁸
617 1439 679 1492 τὸ
705 1437 1001 1510 πρόσωπον
1027 1435 1194 1490 αὐτοῦ
1232 1435 1342 1490 άπὸ
1384 1432 1680 1506 προσώπου
1718 1433 1910 1505 βορρᾶ.

331 1531 495 1600 Λέγει
517 1528 719 1596 τοίνυν,
749 1528 832 1582 ὅτι
863 1529 905 1560 ³²
934 1527 1029 1581 καὶ
1072 1527 1373 1599 Μανασσῆς
1409 1526 1509 1597 τὴν
1540 1525 1746 1579 οίκείαν
1775 1527 1914 1579 άπο-

232 1662 239 1671 .
333 1624 570 1699 λήψεται
604 1624 741 1694 γῆνο
776 1623 918 1677 καὶὸ
954 1620 1196 1693 Ἐφραίμ
1233 1621 1335 1693 τὴν
1375 1620 1649 1694 προτέραν
1674 1622 1915 1692 ἀνακτή-

338 1734 491 1771 σεται
517 1716 754 1785 δύναμιν
773 1730 789 1745 ·
816 1714 913 1768 καὶ
947 1715 976 1768 6
1015 1713 1214 1778 Ἰούδας
1240 1715 1460 1769 πάντων
1481 1713 1918 1786 ἀναγορευθήσε-

333 1824 424 1862 ται
458 1805 710 1877 βασιλεύς
734 1820 748 1835 ·
781 1804 1075 1859 Μωαϐῖται
1116 1805 1175 1860 δὲ
1220 1805 1407 1869 αὐτοῖς
1451 1805 1914 1876 ὁποταγήσονται,

334 1899 434 1969 τὴν
459 1898 674 1968 ἄμαχον
695 1895 875 1954 αὐτῶν
914 1894 1183 1967 θεώμενοι
1221 1894 1414 1969 ῥώμην
1449 1895 1517 1951 ³³.
1548 1895 1625 1949 Ού
1666 1896 1832 1967 μόνον
1862 1895 1920 1948 δὲ

337 1993 559 2057 ἐκεῖνοι,
607 1989 744 2044 ἀλλὰ
773 1990 870 2043 καὶ
911 1989 1222 2060 Ἰδουμαῖοι,
1267 1989 1364 2042 καὶ
1389 1986 1699 2058 ἀλλόφυλοι.
1749 2007 1768 2039 ι
1796 1986 1922 2040 Ἐπὶ

336 2082 433 2156 τὴν
476 2082 788 2153 Ἰδουμαίαν
831 2081 1037 2134 ἐκτενῶ
1067 2081 1127 2136 τὸ
1157 2079 1415 2150 ὑπόδημά
1437 2097 1563 2151 μου.
1588 2077 1744 2151 Ἐμοὶ
1764 2078 1923 2133 άλὶό-

342 2174 500 2242 φυλοι
555 2172 931 2241 ὑπετάγησαν.
970 2189 989 2223 ι
1021 2168 1091 2244 [³⁵
1131 2172 1245 2226 οὐκ
1296 2169 1365 2225 ἂν
1418 2169 1475 2223 δὲ
1507 2169 1799 2241 διαμάρτοι
1834 2186 1923 2234 τις

344 2266 627 2336 θεωρήσας
655 2264 861 2334 λέϐητα
887 2264 985 2334 μὲν
1012 2265 1114 2333 τὴν
1136 2262 1290 2317 θείαν
1324 2261 1719 2333 κολυμϐήθραν
1753 2278 1925 2332 τιμω-

344 2357 547 2431 ροῦσαν
600 2355 701 2427 μὲν
750 2356 848 2411 καὶ
885 2354 1341 2425 καταφλέγουσαν
1365 2355 1462 2409 καὶ
1484 2352 1925 2422 ὲξαφανίζουσαν

340 2449 441 2521 τὴν
478 2449 773 2519 ἁμαρτίαν,
799 2446 1272 2518 ἀναζωπυροῦσαν
1297 2444 1354 2499 δὲ
1384 2444 1463 2515 τῷ
1490 2444 1620 2516 θείῳ
1644 2443 1927 2514 Πνεύματι

340 2541 437 2595 καὶ
475 2539 926 2596 ἀναπλάττουσαν
966 2538 1063 2593 καὶ
1094 2538 1500 2610 ἀποτρίϐουσαν
1526 2538 1619 2591 τὸν
1635 2536 1829 2607 βρότον
1850 2534 1926 2601 ³⁸,

340 2631 397 2687 el’
416 2632 465 2686 τ’
493 2628 590 2687 οὖν
611 2632 707 2686 τδν
737 2632 911 2705 ῥύπον
935 2630 1047 2686 τῶν
1086 2629 1482 2702 πλημμελειῶν
1518 2628 1627 2683 τῶν
1657 2628 1726 2682 δι’
1753 2626 1929 2698 αὐτῆς

341 2720 869 2796 ἀνακαινιζομένων.
928 2724 1040 2778 Καὶ
1093 2723 1175 2788 τὸ,
1213 2741 1232 2775 ι
1281 2722 1407 2777 Ἐπὶ
1460 2721 1559 2793 τὴν
1623 2719 1931 2793 Ἰδουμαίαν

341 2816 554 2872 ἰκτενῶ
607 2817 669 2870 τὸ
697 2815 956 2887 ὑπόδημα
991 2832 1118 2885 μου,
1158 2833 1177 2866 ι
1218 2814 1294 2869 Οὐ
1336 2813 1497 2886 μόνον
1535 2813 1759 2884 βαδίσω,
1794 2814 1932 2884 φησὶ

340 2911 372 2965 6
401 2912 469 2966 ὲκ
488 2907 655 2964 Δαϐὶδ
681 2906 890 2978 Κύριος
932 2909 1031 2979 τῆς
1071 2905 1265 2975 δόξης,
1310 2907 1404 2959 ἐπὶ
1450 2902 1550 2976 τὴν
1603 2904 1929 2973 Ἰδουμαίαν,

344 3000 462 3059 ἀλλ’
486 3000 691 3056 ὡσανεὶ
715 3000 784 3054 δι’
815 2998 1181 3069 ὑποδημάτων
1196 2995 1346 3069 ὲμῶν
1361 2995 1451 3051 διὰ
1474 2994 1584 3051 τῶν
1605 2994 1769 3049 θείων
1792 2996 1931 3050 ἁποο

2012 511 2285 580 Quoniam
2315 514 2462 569 enim
2500 513 2553 568 in
2590 513 2792 571 talibus
2835 516 3006 583 vasis,
3037 526 3088 571 et
3135 516 3303 585 pedes
3352 515 3597 581 abluere,

2012 611 2069 658 et
2120 610 2324 658 vestem
2368 603 2603 673 pedibus
2655 603 2995 674 inquinatam
3059 606 3284 661 abluere
3332 606 3597 673 solemus,

2014 694 2411 766 subjectionem
2446 694 2605 751 Moab
2650 711 2747 766 per
2789 696 3012 753 situlam
3075 698 3300 754 lotionis
3327 697 3602 766 signiﬁca.

2015 789 2109 844 vit.
2162 788 2284 844 Olla
2313 789 2478 844 etiam
2512 804 2611 858 pro
2643 804 2826 859 poena,
2855 789 2909 845 in
2942 791 3118 847 sacris
3170 790 3392 847 Litteris
3454 791 3602 846 acci-

2017 880 2184 950 pitur.
2241 878 2335 936 Sic
2356 879 2552 937 beatus
2585 880 2842 937 Ezechiel
2868 881 3029 938 docet
3052 890 3115 948 ',
3150 881 3339 951 jussus
3366 882 3600 937 lebetem

2012 986 2215 1029 vocare
2244 971 2705 1046 Hierosolymam,
2747 982 2803 1030 et
2843 989 3065 1030 carnem
3128 973 3359 1040 incolas,
3418 974 3600 1045 ignem

2017 1078 2147 1120 vero
2185 1064 2569 1136 Babylonium,
2609 1074 2664 1122 et
2711 1065 2826 1136 jus,
2859 1066 3230 1123 necessarium
3260 1067 3467 1134 cibum,
3489 1081 3600 1137 quo

2015 1156 2306 1212 deﬁciente
2351 1173 2548 1214 carnes
2607 1159 3095 1216 comburebantur.
3161 1158 3252 1216 Sic
3296 1168 3350 1215 et
3403 1159 3600 1215 beatus

2014 1247 2286 1306 Jeremias
2325 1257 2353 1289 υ
2392 1249 2554 1304 ollam
2589 1265 2912 1307 succensam
2940 1251 3099 1315 vidit,
3126 1261 3182 1307 et
3237 1250 3431 1307 faciem
3479 1251 3602 1320 ejus

2017 1357 2046 1396 a
2081 1339 2221 1397 facie
2269 1342 2580 1413 Aquilonis.
2643 1342 2786 1399 Dicit
2842 1343 3012 1415 igitur
3051 1343 3172 1400 fore
3228 1354 3287 1399 ut
3322 1344 3602 1402 Manasses

2017 1432 2296 1505 propriam
2327 1442 2530 1489 terram
2566 1444 2872 1505 recuperet,
2904 1443 2959 1490 et
3024 1434 3280 1505 prraim
3307 1437 3596 1507 pristinum

2016 1526 2187 1582 robur
2212 1526 2461 1597 recipiat,
2493 1535 2548 1582 et
2579 1525 2749 1584 Judas
2787 1527 3034 1582 omnium
3089 1543 3185 1583 rex
3232 1531 3598 1591 renuntietur.

2017 1617 2273 1674 Moabitae
2308 1627 2494 1675 autem
2550 1619 2685 1689 ipsis
2735 1620 3123 1691 subjiciantur,
3183 1622 3605 1694 inexpugnabile

2023 1727 2213 1767 eorum
2246 1713 2416 1769 robur
2450 1712 2767 1768 intuentes:
2816 1729 2925 1769 non
2960 1713 3138 1768 solum
3167 1723 3350 1769 autem
3384 1715 3482 1780 illi,
3513 1730 3608 1769 ve-

2025 1820 2145 1859 rum
2179 1804 2343 1859 etiam
2412 1802 2658 1871 ldumrei,
2709 1813 2765 1860 et
2813 1804 3108 1877 Allopbyli.
3168 1825 3187 1857 ι
3226 1805 3281 1860 lu
3312 1805 3605 1862 ldumaeam

2022 1892 2312 1948 extendam
2343 1893 2777 1949 caleeamentum
2812 1911 3019 1963 meum,
3048 1898 3067 1918 '
3112 1897 3248 1953 mibi
3286 1898 3610 1969 alienigenae

2024 1982 2231 2040 subditi
2268 1993 2417 2041 sunt.
2462 2004 2481 2037 ι
2534 1984 2687 2058 [Νοη
2723 1994 2907 2043 autem
2936 2002 2967 2042 a
2989 2001 3124 2043 vero
3154 1989 3608 2062 aberraveritqui

2026 2077 2503 2143 videritlebctcm,
2555 2078 2768 2135 scilicet
2819 2078 3066 2134 divinum
3100 2078 3461 2151 baptismum,
3516 2097 3613 2153 pu-

2026 2169 2295 2236 nientem,
2330 2169 2746 2226 comburentcm
2777 2185 2844 2226 ac
2880 2182 3258 2229 removentem
3288 2188 3452 2241 omne
3485 2190 3614 2245 pec-

2027 2270 2232 2327 catum,
2290 2262 2713 2319 resuscitantem
2764 2273 2948 2320 autem
3002 2281 3101 2336 per
3134 2263 3422 2336 Spiritum
3481 2282 3613 2323 san-

2027 2363 2199 2421 ctum,
2230 2363 2285 2408 et
2308 2355 2492 2409 denuo
2526 2354 2845 2426 ﬁngentem,
2876 2370 2943 2411 ac
3001 2356 3407 2428 abstergentem
3446 2375 3615 2416 eruo.

2027 2459 2167 2510 rem,
2203 2445 2319 2499 sive
2347 2443 2662 2513 squalorem
2688 2453 2872 2497 ortum
2900 2458 2965 2498 ex
3009 2446 3250 2514 peccatis
3283 2461 3475 2501 eorum
3514 2448 3611 2517 qui

2030 2552 2129 2606 per
2152 2536 2318 2591 istum
2349 2542 2703 2590 renovantur.
2734 2534 2870 2589 Illud
2925 2544 3133 2602 autem,
3165 2554 3185 2588 ι
3217 2536 3270 2590 in
3320 2536 3613 2591 ldummam

2035 2627 2250 2698 1006
2307 2627 2598 2682 extendam
2637 2625 3072 2682 calceamentum
3141 2642 3346 2693 meum,
3383 2646 3404 2679 ι
3465 2627 3616 2699 quod

2032 2722 2166 2778 dicit
2190 2721 2460 2777 Dominus
2489 2721 2677 2792 gloriae
2705 2737 2737 2777 e
2765 2720 2969 2777 Davide
3001 2722 3338 2789 nasciturus,
3364 2721 3507 2777 idem
3531 2730 3620 2777 est

2032 2815 2202 2885 quod,
2237 2812 2353 2868 Non
2385 2813 2635 2869 incedam
2667 2822 2879 2869 tantum
2910 2828 3077 2883 super
3104 2813 3361 2880 Idolum,
3395 2813 3491 2868 sed
3522 2827 3619 2883 per

2033 2905 2248 2961 divinos
2290 2904 2573 2976 apostolos
2612 2905 2769 2975 quasi
2798 2921 2895 2976 per
2924 2905 3139 2961 calceos
3177 2918 3330 2960 meos
3370 2902 3618 2975 Evange-

2035 2998 2168 3055 lium
2200 2996 2393 3069 gratiae
2420 2982 2757 3067 praedicabo.
2791 3011 2902 3051 non
2956 2996 3010 3050 in
3038 2996 3140 3051 hac
3182 3005 3394 3050 tantum
3450 3006 3617 3062 terra,

346 3094 550 3149 στόλων
581 3093 643 3147 τὸ
678 3093 782 3163 τῆς
814 3091 1041 3164 χάριτος
1067 3088 1411 3159 Εὑαγγέλιον
1441 3087 1669 3160 κηρύξω
1694 3105 1707 3119 ’
1740 3086 1840 3140 ούκ
1874 3085 1927 3164 εν

2037 3092 2131 3148 sed
2166 3091 2332 3148 etiam
2374 3105 2471 3158 per
2502 3105 2696 3146 omnes
2721 3088 2958 3162 gentes.]
2987 3087 3120 3143 Nam
3158 3094 3359 3158 przeter
3410 3086 3620 3142 Moabi-

345 3187 483 3257 αὐτῇ
522 3185 710 3258 μόνον,
738 3162 899 3237 θάλλὰτ
929 3184 1022 3237 καὶ
1058 3183 1117 3235 ὲν
1149 3183 1285 3236 πᾶσι
1326 3183 1441 3244 τοῖς
1480 3177 1757 3252 ἕθνεσιν.]
1791 3162 1933 3250 Πρδς

344 3275 455 3347 γὰρ
486 3276 601 3340 τοῖς
630 3273 974 3341 Μωαϐίταις,
1001 3275 1094 3328 καὶ
1125 3272 1255 3337 τοὺς
1282 3270 1621 3342 Ἰδουμαίους
1665 3268 1934 3324 δουλώσο-

348 3386 471 3440 μαι,
499 3369 597 3423 καὶ
620 3370 747 3431 τοὺς
790 3367 1127 3456 (ἣλοφύλους
1179 3364 1522 3435 ὑποταγῆναι
1583 3362 1936 3432 καταναγκά-

349 3478 430 3515 σω
455 3461 523 3516 ³⁶.
559 3462 984 3531 Ἀλλοςρύλους
1036 3460 1220 3532 μέντοι
1274 3458 1435 3513 καλεῖ
1476 3457 1604 3522 τοὺς
1647 3456 1937 3511 Παλαιστι-

347 3552 475 3614 νοὺς
504 3549 538 3621 ἡ
568 3550 690 3605 θεία
711 3551 926 3622 Γραφὴ,
961 3551 1057 3621 οὐχ
1083 3549 1158 3613 ὡς
1182 3548 1293 3602 τῶν
1325 3547 1502 3604 ἄλλων
1534 3546 1704 3601 ὲθνῶν
1731 3544 1939 3617 ὁμοφύ-

348 3644 460 3697 λων
516 3643 709 3708 ὅντων,
758 3643 876 3697 ἀλλ’
904 3642 979 3706 ὡς
1034 3642 1145 3695 τῶν
1184 3640 1362 3697 ἄλλων
1395 3641 1491 3711 μὲν
1517 3639 1935 3710 ἀφεστηκότων,

349 3735 563 3789 τούτων
590 3734 647 3788 δὲ
683 3733 745 3788 οὐ
787 3733 948 3804 μόνον
981 3731 1025 3764 ³⁷
1054 3731 1272 3801 ὁμόρων
1304 3730 1499 3796 ὄντων,
1536 3730 1671 3783 ἀλλὰ
1716 3730 1810 3782 καὶ
1841 3745 1938 3799 με·-

349 3834 491 3901 ταξὺ
520 3826 946 3883 κατοικούντων.
978 3824 1163 3887 Οὕτως
1190 3823 1510 3877 Ἰεϐουσαίοι
1534 3822 1632 3894 τὴν
1664 3821 1938 3892 Ἰερουσα-

354 3922 471 3992 λὴμ
525 3919 752 3992 ᾤκησαν
805 3920 899 3972 ἐπὶ
942 3917 1193 3970 πλεῖστον
1224 3933 1239 3948 ο
1270 3916 1443 3979 οὕτως
1472 3914 1811 3969 Γαϐαωνῖται
1840 3915 1939 3984 τὴν

355 4011 593 4067 Γαϐαώ’
627 4014 720 4065 καὶ
746 4011 969 4076 Γαζαῖοι
1023 4011 1102 4075 δὲ,
1148 4010 1243 4063 καὶ
1285 4008 1700 4073 Ἀσκαλωνῖται,
1752 4006 1846 4060 καὶ
1889 4008 1939 4060 οί

358 4103 509 4158 ἄλλοι
541 4102 586 4135 ³³
628 4103 857 4172 πλησίον
883 4102 1085 4173 ᾠκουν.
1133 4100 1246 4156 Καὶ
1289 4098 1465 4155 ταῦτα
1509 4100 1849 4172 σαφέστερον
1882 4100 1940 4154 αἱ

362 4195 599 4267 ἱστορίαι
625 4194 989 4248 διδάσκουσιν.
1023 4192 1179 4246 Οὕτω
1206 4191 1380 4247 ταῦτα
1410 4191 1514 4245 ὑπὸ
1546 4191 1637 4245 τοῦ
1668 4190 1802 4244 Θεοῦ
1833 4191 1940 4243 τῶν

360 4285 499 4338 ὅλων
518 4283 793 4355 διδαχθεὶς
818 4286 847 4338 6
879 4284 1187 4355 προφήτης,
1232 4283 1359 4336 ίδεῖν
1405 4282 1622 4352 ἐφίεται
1663 4282 1758 4336 τοῦ
1809 4282 1940 4337 λαοῦ

358 4378 458 4451 τὴν
492 4378 630 4450 μετὰ
655 4378 754 4448 τὴν
776 4377 1034 4432 ἐπάνοδον
1055 4376 1353 4447 εὐκληρίαν
1372 4393 1384 4407 ·
1417 4375 1508 4428 καί
1533 4392 1699 4446 φησιν
1724 4392 1738 4407 ο

2041 3196 2146 3248 tas,
2178 3185 2343 3240 etiam
2368 3184 2636 3240 Idumaeos
2681 3183 2735 3237 in
2772 3182 3090 3238 servitutem
3120 3180 3383 3251 redigam,
3421 3189 3477 3235 et
3522 3180 3621 3234 Al-

2041 3278 2292 3349 lophylos
2311 3276 2742 3345 servirecogam.
2774 3273 3082 3345 Allophylos
3112 3289 3246 3329 sane
3268 3274 3452 3329 divina
3480 3273 3622 3330 Scri-

2042 3378 2201 3439 ptura
2237 3366 2557 3422 Palaestinos
2590 3371 2770 3432 vocat,
2803 3379 2911 3419 non
2942 3364 3087 3435 quod
3115 3364 3237 3420 aliae
3263 3373 3453 3435 gentes
3466 3364 3619 3434 ejus-

2044 3462 2167 3517 dem
2209 3461 2320 3517 sint
2356 3458 2597 3530 generis,
2624 3458 2785 3529 cujus
2827 3465 2883 3513 et
2910 3455 3107 3522 Judaei,
3173 3457 3270 3514 sed
3308 3456 3437 3528 quia
3494 3472 3620 3513 cum

2042 3553 2162 3608 alize
2201 3559 2390 3622 gentes
2424 3551 2584 3622 longe
2638 3550 2862 3617 distent,
2890 3548 3164 3606 Palaestini
3197 3565 3306 3605 non
3353 3549 3518 3606 modo
3561 3550 3626 3604 li-

2046 3645 2223 3701 nitimi
2261 3651 2410 3710 sunt,
2447 3658 2639 3698 verum
2686 3643 2854 3697 etiam
2898 3640 3140 3698 Jebustei
3189 3638 3627 3712 Hierosolymam

2045 3738 2136 3793 din
2175 3729 2547 3794 incoluerunt.
2587 3734 2683 3791 Sic
2712 3732 3030 3789 Gabaonitae
3054 3732 3370 3790 Gabaonem
3402 3742 3629 3799 terram,

2046 3829 2231 3885 Gazazi
2262 3837 2443 3884 autem
2485 3836 2541 3883 et
2568 3826 2922 3891 Ascalonita,
2955 3835 3011 3881 et
3059 3825 3173 3891 alii,
3195 3840 3363 3896 prope
3413 3825 3631 3880 habita-

2045 3923 2197 3978 bant.
2232 3921 2412 3991 Atque
2444 3919 2559 3975 harc
2589 3919 2792 3974 clarius
2836 3918 3081 3974 historia:
3128 3916 3430 3974 declarant.
3493 3917 3631 3972 Cum

2049 4015 2166 4069 haec
2195 4014 2265 4070 ab
2298 4014 2681 4067 universorum
2717 4011 2829 4066 Deo
2887 4011 2963 4065 ita
3001 4010 3286 4066 didicisset
3340 4010 3629 4081 propheta.

2048 4105 2236 4176 populi
2288 4103 2602 4161 felicitatem
2660 4109 2783 4170 post
2834 4100 3069 4157 reditum
3110 4100 3297 4155 videre
3336 4100 3633 4164 desiderat,

2048 4208 2102 4254 et
2133 4198 2211 4252 ait
2236 4213 2249 4249 :

435 4469 526 4536 ια’,
557 4469 647 4540 ιβ’.
686 4487 705 4521 ι
737 4470 835 4533 Τίς
865 4468 1063 4534 ἀπάξει
1093 4486 1160 4539 με
1182 4469 1263 4531 είς
1300 4466 1455 4520 πόλιν
1482 4467 1750 4538 περιοχῆς
1772 4467 1837 4540 ςῆ
1865 4466 1927 4520 τίι

2127 4464 2297 4523 Vens.
2326 4467 2413 4535 11,
2458 4465 2545 4521 12.
2587 4486 2604 4518 ι
2635 4465 2772 4532 Quis
2825 4464 3059 4521 deducet
3119 4480 3209 4520 me
3258 4468 3313 4519 in
3359 4465 3639 4521 civitatem

362 4560 622 4631 ὁδηγήσει
657 4578 723 4631 με
747 4560 853 4623 ἕως
881 4560 978 4630 τῆς
1011 4559 1357 4630 Ἰδουμαίας;
1393 4560 1529 4629 Οὐχὶ
1570 4560 1658 4623 σὺ,
1696 4560 1725 4612 6
1747 4558 1927 4625 Θεὸς,‹

2058 4561 2326 4615 munitam
2345 4560 2475 4615 ?aut
2495 4559 2622 4630 quis
2650 4559 2882 4614 deducet
2912 4573 2998 4612 me
3023 4573 3197 4628 usque
3225 4559 3280 4613 in
3307 4556 3642 4613 ldumaeam?

362 4653 732 4724 ἀπωσάμενος
772 4654 956 4723 ήμᾶςς
997 4672 1014 4704 ι
1066 4650 1132 4725 [³⁸
1172 4651 1306 4705 Οὐδὲ
1360 4652 1468 4724 γὰρ
1506 4647 1576 4723 ἦν
1617 4650 1805 4724 ἐτέρου
1850 4652 1927 4721 τῆς

2059 4651 2249 4707 Nonne
2281 4659 2361 4717 tu,
2384 4666 2418 4706 ο
2456 4651 2620 4714 Deus,
2664 4651 2755 4721 qui
2789 4650 3038 4720 repulisti
3089 4649 3234 4705 nos?
3268 4670 3286 4703 ι
3317 4648 3458 4722 [Non
3492 4651 3639 4705 enim

362 4745 621 4816 τοιαύτης
650 4746 796 4815 ἡμᾶς
831 4742 1068 4808 ἀξιῶσαι
1111 4741 1505 4815 προμηθείας.]
1561 4743 1749 4796 Πόλιν
1775 4742 1819 4774 ιθ
1848 4755 1951 4795 πε-

354 4835 575 4908 ριοχῆς
630 4838 729 4908 τὴν
770 4836 1127 4908 Ἰερουσαλὴμ
1187 4837 1368 4892 καλεῖ.
1416 4836 1632 4908 Ταύτην
1673 4839 1702 4890 6
1734 4836 1957 4906 Σύμμα-

365 4947 460 4998 χος
493 4927 925 4997 πεφραγμένην
944 4930 986 4959 ⁵¹
1011 4927 1381 4997 ἡρμήνευσεν.
1414 4927 1635 4995 Ἐπειδὴ
1671 4926 1783 4996 γάρ
1819 4925 1953 4980 ἀνά-

2056 4743 2283 4799 alterius
2335 4753 2454 4799 erat
2482 4744 2584 4800 bac
2622 4760 2727 4801 nos
2774 4744 2987 4814 dignari
3040 4744 3262 4814 provida
3301 4742 3482 4817 cura,]
3518 4743 3646 4799 Ilie-

2060 4838 2394 4909 rosolymam
2434 4848 2721 4909 nuncupat
2756 4839 3030 4893 civitatem
3094 4839 3426 4893 munitionis.
3489 4836 3644 4892 lianc

2063 4926 2428 4999 Symmachus
2454 4930 2864 4999 circumseptam
2895 4931 3285 4998 interpretatus
3330 4936 3434 4983 est.
3494 4928 3647 4994 Quo-

368 5037 565 5085 στατος
603 5021 871 5090 ἐγεγόνει,
903 5020 995 5075 καὶ
1008 5021 1272 5092 ἐστέρητο
1294 5021 1339 5052 δ’
1362 5020 1471 5073 τῶν
1493 5018 1689 5090 τειχῶν
1721 5019 1788 5085 ⁴³,
1815 5035 1927 5090 μετε

2066 5019 2215 5074 niam
2258 5019 2403 5075 enim
2439 5029 2653 5076 vastata
2704 5029 2867 5090 atque
2928 5017 3202 5075 manibus
3237 5018 3470 5089 spoliata
3522 5018 3642 5080 ίιιὶι,

442 5193 481 5221 ω
516 5181 719 5238 Ezecb.
771 5198 849 5248 xl,
884 5183 936 5238 5.
1020 5193 1044 5219 η
1077 5181 1283 5238 Jerem.
1315 5184 1468 5248 ι,15.

1479 5294 1717 5350 VARle
1752 5293 2139 5350 LECTIONES
2178 5296 2268 5352 ET
2310 5293 2542 5353 NOTAE.

368 5481 515 5538 abte.

372 5556 539 5609 habet
593 5554 787 5608 codex.

369 5624 497 5689 ﬁdei
528 5624 736 5677 alumni
777 5624 1116 5693 passionibus
1166 5625 1381 5679 obnoxii
1426 5639 1568 5683 sunt.

374 5695 417 5726 ³⁹
444 5694 484 5748 E
507 5695 630 5750 cod.
665 5694 689 5745 1
727 5694 910 5762 suppl,
1003 5693 1051 5724 ⁸ο
1084 5696 1293 5750 Πόλιν.
1331 5699 1454 5751 cod.
1491 5697 1661 5752 ladd.
1686 5694 1765 5750 δέ.

617 5483 958 5555 ³³ίΡώμηνς.
992 5486 1112 5538 cml.
1152 5485 1174 5536 1
1215 5486 1409 5555 ῥοπήν.

1510 5485 1557 5517 ³⁸
1585 5485 1627 5538 Ε
1658 5487 1782 5540 cod.
1816 5487 1839 5539 1
1875 5485 1977 5555 sup

437 5413 482 5445 ³ο
512 5411 803 5478 Πλύσεώς
824 5430 965 5482 μου.
992 5414 1112 5469 cod.
1151 5414 1170 5468 1
1200 5414 1325 5470 add.
1358 5413 1519 5468 τοῦτο
1549 5414 1659 5485 γὰρ
1680 5415 1828 5468 δοκεῖ
1849 5417 1916 5487 τῇ
1947 5415 2193 5487 Ἐϐραΐδι
2214 5416 2500 5488 διαλέκτῳ.
2566 5417 2610 5449 ³ί
2631 5418 2751 5472 cod.
2783 5415 2819 5470 2
2842 5416 2938 5489 τὴν
2972 5416 3336 5471 Βαϐυλωνίαν.
3380 5414 3425 5447 ³⁸
3458 5414 3579 5470 cod.
3615 5416 3653 5470 ιι

437 5501 493 5519 1-:
617 5483 662 5515 ³³
707 5483 939 5519 ὐιῖιιηνν
992 5486 1090 5519 ηΛιΙ
1152 5485 1173 5519 4
1216 5486 1389 5519 λης-’σίου
1510 5485 1557 5517 δι
1587 5485 1626 5519 Ιΐ
1659 5487 1757 5519 ρΛιΙ
1816 5487 1838 5519 Α
1876 5489 2032 5519 έιηιηιι
2159 5486 2204 5519 II
2237 5489 2456 5519 ηηιζφη..
2526 5488 2600 5519 11η
2646 5488 2729 5519 Inn
2796 5504 2915 5519 Anna
2951 5488 3165 5519 “LL”...-
3198 5502 3295 5519 ηιμ-η
3330 5484 3535 5519 Ωι.ΑοιΑυ
3593 5500 3643 5519 nl

902 5501 958 5539 ν.
992 5488 1112 5538 cod.
1152 5488 1174 5536 1
1215 5488 1409 5555 ῥοπήν.
1510 5488 1557 5517 ³⁸
1585 5488 1627 5538 Ε
1658 5488 1782 5540 cod.
1816 5488 1839 5539 1
1875 5502 1927 5541 δι

898 5553 941 5584 ⁸⁶
980 5554 1455 5624 Καταναγκάσω.
1518 5556 1643 5611 cod.
1680 5557 1703 5608 1
1756 5556 1889 5610 add:

898 5624 1116 5679 :ionibus
1166 5625 1381 5679 obnoxii
1426 5639 1568 5679 sunt.
1666 5626 1708 5658 ⁸⁷
1750 5628 1833 5679 Οὺ
1865 5640 1927 5679 uc

2030 5496 2053 5541 ν.
2159 5488 2204 5519 ³⁵
2228 5489 2473 5555 Βρότον.
2526 5488 2600 5542 lta
2646 5488 2749 5559 leg.
2796 5504 2915 5544 esse
2951 5488 3165 5543 videtur
3198 5502 3295 5556 pro
3330 5488 3560 5557 βρόμον,
3593 5500 3649 5539 nl.

2060 5557 2154 5609 καὶ
2182 5557 2253 5609 τὰ
2288 5558 2433 5627 πάθη
2470 5561 2584 5620 τοῖς
2626 5560 2917 5679 τροφίμοις
2951 5560 3053 5624 τῆς
3084 5559 3349 5639 πίστεωςς
3384 5554 3452 5610 Ut
3480 5558 3649 5611 etiam

2030 5642 2072 5679 ν.
2102 5627 2223 5679 cod.
2252 5627 2287 5679 2
2321 5628 2517 5679 μόνων.
2629 5628 2674 5661 ³³
2708 5634 2789 5679 Κα
2839 5632 2893 5679 οι
2936 5631 3136 5679 ἄλλοι.
3172 5628 3294 5679 Des.
3333 5645 3384 5679 ιιι
3433 5628 3554 5679 cod.
3589 5627 3644 5679 2.

1798 5641 1833 5679 υ
1859 5641 2072 5693 μονον.
2102 5641 2223 5680 cod.

2698 5506 2749 5559 κ.
2796 5484 2915 5544 esse
2951 5488 3165 5543 videtur
3198 5502 3295 5556 pro
3330 5484 3560 5559 βρρμον,
3593 5500 3652 5539 ιιι

2320 5628 2517 5697 μόνων.
2629 5627 2674 5661 ³⁵
2708 5627 2813 5683 Καὶ
2839 5632 2893 5683 οί
2936 5631 3136 5687 ἄλλοι.
3172 5628 3294 5681 Des.
3332 5628 3384 5681 iu
3433 5628 3554 5682 cod.
3589 5627 3644 5681 2.

1878 5699 1920 5771 ξ’
1954 5697 2076 5771 cod.
2177 5698 2637 5771 ἀπεφραγμένην.
2673 5699 2863 5756 Montf.
2898 5714 3026 5754 vero
3066 5701 3119 5752 in
3153 5699 3382 5768 llexapl.
3416 5699 3482 5752 ad
3516 5699 3567 5751 h.
3608 5698 3643 5751 Ι.

375 5764 537 5820 habet
558 5763 1110 5836 περιπεφραγμένην.
1188 5765 1231 5797 ’⁵⁸
1256 5768 1379 5821 cod.
1409 5769 1445 5821 2
1472 5769 1768 5841 ὲστερείτο.
1844 5766 1888 5798 ⁵³
1911 5780 1927 5822 <

2030 5806 2035 5821 .
2094 5766 2130 5819 ‘2
2171 5763 2380 5838 τοίχων.

666 5862 948 5923 l‘ATnOL.
984 5860 1099 5919 Gn.
1128 5858 1356 5919 LXXX.

3206 5860 3281 5925 42
