4012 6206
391 337 534 406 ῚῖξΞἸ

1348 321 1839 389 THEODORETI
1872 293 2217 383 EPISCOPI
2239 312 2613 376 CYRENSIS

3519 300 3639 370 1323

400 473 503 513 nos
541 454 662 526 ejus
713 466 884 525 usque
918 451 970 506 in
1002 449 1143 505 diem
1185 446 1560 520 generationis
1580 453 1633 499 et
1650 439 1975 511 generatio-
2006 481 2010 495 ι

2087 434 2412 507 προσθήσεις
2446 449 2460 464 ·
2512 433 2585 487 τὰ
2618 430 2715 503 ἐτη
2744 428 2910 486 αὐτοῦ
2950 428 3054 494 ao;
3083 428 3299 500 ἡμέρας
3341 432 3524 499 γενεᾶς
3551 434 3639 489 καὶ

401 548 508 605 nis.
539 546 884 603 Permanebit
914 545 968 599 in
1005 554 1269 598 mtet‘num
1300 541 1352 594 in
1386 545 1683 607 conspectu
1706 533 1822 589 Dei.
1854 551 1873 584 ι
1899 529 1976 586 Ita

402 656 528 697 eum
573 638 1000 710 supplicassem,
1032 645 1087 690 et
1132 648 1254 705 quae
1295 631 1569 702 petierunt
1614 627 1976 695 accepissent,

401 744 458 790 et
499 749 600 804 pro
631 733 716 787 his
748 731 954 802 gratias
982 728 1250 799 egissent,
1294 724 1463 780 Deum
1492 730 1655 778 orant
1686 728 1746 775 ut
1768 717 1978 771 diutius

406 841 586 896 regem
639 824 826 879 datum
876 828 1186 877 conservet.
1247 817 1401 872 Tunc
1450 824 1630 870 autem
1675 808 1979 866 Zorobabel

405 918 540 988 ipsis
598 915 945 986 imperabat:
1006 912 1099 968 sed
1155 926 1263 965 non
1323 908 1509 963 omnia
1571 901 1981 960 vaticinationis

405 1010 571 1065 verba
595 1008 643 1062 ei
666 1014 995 1077 congruunt.
1018 1003 1128 1058 Hoc
1147 1002 1316 1064 enim,
1354 1020 1372 1052 ι
1403 999 1529 1055 Dies
1560 1013 1723 1067 super
1753 997 1869 1052 dies
1898 1008 1982 1050 re-

412 1102 498 1171 gis
527 1098 778 1170 adjicies,
821 1116 840 1149 ι
866 1098 944 1151 illi
969 1109 1186 1165 quoque
1209 1092 1702 1155 convcnit,czetera
1721 1103 1852 1145 vero
1882 1102 1980 1142 ne-

407 1207 707 1263 quaquam,
768 1189 862 1243 sed
919 1188 968 1241 ei
999 1188 1091 1256 qui
1127 1201 1192 1239 ex
1219 1185 1311 1238 illo
1334 1181 1634 1240 secundum
1663 1195 1885 1237 carnem
1911 1179 1983 1235 ob

407 1297 676 1341 summam
707 1296 860 1334 suam
880 1278 1293 1347 benignitatem,
1316 1275 1508 1344 utipse
1540 1274 1712 1338 novit,
1748 1285 1983 1342 progna-

406 1383 496 1429 tus
523 1383 626 1429 est.
678 1371 734 1424 In
787 1370 879 1424 illo
905 1369 1050 1423 enim
1079 1356 1484 1423 vaticinationis
1523 1366 1683 1421 verba
1715 1380 1842 1421 vera
1864 1364 1983 1419 fue-

407 1472 578 1517 runt:
623 1480 640 1514 ι
687 1461 829 1515 Anni
880 1460 1000 1529 ejus
1031 1475 1205 1529 usque
1246 1461 1300 1514 in
1341 1459 1484 1514 diem
1514 1456 1884 1529 generationis
1930 1465 1983 1511 et

407 1552 775 1623 generationis
807 1569 820 1605 :
849 1550 1191 1622 permanebit
1219 1551 1273 1605 in
1303 1558 1569 1605 aeternum
1601 1551 1656 1603 in
1682 1559 1980 1619 conspectu

408 1644 574 1698 Dei.»
638 1641 845 1716 [Neque
901 1645 1047 1697 enim
1107 1641 1322 1697 initium
1369 1641 1578 1696 dierum
1619 1639 1827 1704 habuit,
1889 1655 1987 1718 ne-

408 1752 516 1806 que
548 1735 708 1790 linem
779 1734 1022 1790 habebit.
1054 1735 1171 1789 Etsi
1228 1734 1436 1804 1011
1468 1734 1637 1795 enim,
1668 1747 1793 1787 cum
1819 1733 1984 1786 homo

409 1844 509 1900 pro
575 1828 737 1882 nobis
793 1825 970 1882 factus
1007 1834 1173 1890 esset,
1218 1834 1449 1879 mortem
1508 1823 1758 1891 subierit,
1798 1832 1981 1879 tamen

408 1920 538 1974 antri
578 1918 699 1987 ejus
736 1918 940 1972 durant
969 1931 1065 1987 per
1117 1916 1235 1971 dies
1264 1916 1638 1986 generationis
1667 1924 1722 1970 et
1750 1930 1982 1986 genera-

409 2011 594 2064 tionis.
628 2009 683 2063 ln
719 2007 988 2078 principio
1033 2006 1177 2061 enim
1208 2015 1348 2073 erat,
1393 2014 1445 2060 et
1473 2006 1615 2076 apud
1644 2005 1813 2061 Deum
1844 2014 1983 2073 erat,

387 2099 661 2167 .Deusque
713 2105 847 2152 erat.
901 2095 1036 2150 illud
1071 2104 1254 2150 autem
1285 2096 1341 2149 in
1381 2105 1659 2165 conspectu
1688 2094 1811 2162 Dei,
1841 2095 1985 2150 idem

409 2200 494 2246 est
521 2191 668 2261 quod
693 2204 909 2260 semper
930 2205 1040 2245 una
1071 2203 1197 2245 cum
1228 2189 1386 2244 Patre
1415 2188 1774 2245 coexsistens.
1794 2187 1814 2261 ]
1838 2188 1985 2244 Idem

408 2285 555 2340 enim
583 2285 845 2354 propheta
870 2283 927 2338 in
952 2282 1256 2338 centesimo
1278 2282 1457 2353 primo
1477 2284 1693 2353 psalmo
1713 2284 1846 2338 dicit
1867 2282 1941 2336 illi
1969 2300 1983 2337 :

417 2395 436 2429 ι
479 2374 561 2430 Tu
618 2385 794 2430 autem
855 2375 995 2429 idem
1027 2374 1145 2445 ipse
1196 2389 1276 2439 es,
1330 2386 1384 2430 et
1425 2375 1554 2428 anni
1608 2375 1687 2431 tui
1719 2390 1826 2429 non
1851 2374 1987 2429 deii-

408 2467 554 2521 cieut
594 2476 645 2519 P.
681 2484 700 2518 ι
746 2463 1008 2537 [Videsne
1067 2480 1193 2520 eum
1223 2466 1319 2536 qui
1348 2481 1447 2536 pro
1479 2465 1638 2519 nobis
1668 2479 1888 2520 crucem
1922 2479 1988 2521 ac

408 2567 639 2612 mortem
659 2556 945 2622 sustinuit,
978 2556 1180 2613 habere
1199 2557 1365 2613 etiam
1393 2558 1621 2628 regnum
1640 2557 1747 2613 line
1767 2570 1985 2626 carens,

407 2656 677 2718 quatenus
733 2648 1020 2704 coexsistit
1053 2663 1176 2703 cum
1208 2647 1368 2704 Patre
1393 2648 1456 2722 i]
1489 2648 1791 2705 Zorobabel
1822 2649 1989 2721 igitur

409 2736 629 2794 Domini
665 2738 886 2795 -Cbristi
942 2739 1116 2809 ﬁgura
1163 2738 1285 2794 fuit.
1330 2737 1467 2794 Nam
1522 2740 1985 2809 quemadmodum

409 2829 500 2886 ille
531 2829 774 2900 captivos
803 2846 833 2886 e
862 2830 1139 2901 Babylone
1167 2831 1221 2885 in
1244 2831 1478 2901 patriam
1503 2840 1704 2887 terram
1732 2833 1983 2900 reduxit,

409 2923 492 2979 sic
530 2922 799 2979 Dominus
833 2924 1084 2979 Christus
1125 2938 1343 2978 omnem
1375 2923 1670 2979 humanam
1707 2934 1983 2993 naturam,

408 3012 481 3069 ob
533 3014 698 3084 primi
738 3014 979 3069 hominis
1029 3015 1536 3085 praevaricationem
1580 3015 1634 3070 in
1669 3019 1985 3073 servitutem

2080 527 2296 596 γενεᾶς.
2328 527 2587 597 Διαμενεῑ
2615 526 2698 588 είς
2724 524 2817 578 τὸν
2851 523 3024 577 αἰῶνα
3055 522 3289 577 ἐνώπιον
3319 523 3414 576 τοῦ
3441 523 3585 580 Θεοῦ.
3616 546 3635 580 ι

2080 619 2268 684 Οὕτως
2302 618 2707 682 ἱκετεύσαντες,
2760 617 2857 671 καὶ
2909 616 3011 681 τὰς
3056 603 3307 687 αἰτήσεις
3355 616 3642 689 δεξάμενοι,

2081 713 2174 766 καὶ
2204 712 2365 784 χάριν
2393 710 2537 781 ὑπὲρ
2560 709 2767 764 τούτων
2797 709 3235 782 ὁμολογήσαντες
3251 709 3319 775 ⁸³,
3352 708 3647 764 ἀντιϐολοῦ-

2082 820 2136 857 σι
2164 803 2255 857 τὸν
2298 802 2453 866 Θεὸν,
2502 802 2599 856 τὸν
2629 802 2856 856 δοθέντα
2890 803 3073 865 αὐτοῖς
3118 800 3216 854 ἐπὶ
3259 798 3509 853 πλεῖστον
3537 801 3646 854 δια-

2082 895 2318 964 φυλάξαι
2334 894 2381 927 ⁸⁸
2412 894 2661 966 βασιλέα.
2713 892 3028 964 Τηνικαῦτα
3067 891 3126 945 δὲ
3163 890 3345 946 αὐτῶν
3381 890 3647 946 ἐϐασίλευε

2081 987 2420 1058 Ζοροϐάϐελ·
2463 986 2580 1041 ἀλλ’
2629 985 2728 1055 οὐχ
2766 986 3032 1057 ἁρμόττει
3076 984 3229 1055 αὐτῷ
3260 984 3438 1037 πάντα
3462 983 3530 1037 τὰ
3558 985 3652 1053 τῆς

2083 1079 2428 1150 προφητείας
2467 1078 2629 1150 ῥητά.
2676 1077 2752 1131 Τὸ
2782 1078 2881 1148 μὲν
2922 1076 3052 1148 γὰρ,
3083 1096 3103 1130 ι
3139 1076 3383 1147 Ἡμέρας
3411 1077 3494 1146 ἐφ’
3522 1077 3651 1147 ἡμέ-

2084 1188 2185 1243 ρας
2219 1170 2266 1203 ⁸³
2315 1169 2409 1223 τοῦ
2463 1168 2731 1239 βασιλέως
2778 1167 3137 1239 προσθήσεις,
3184 1186 3204 1219 ι
3259 1168 3519 1238 ἁρμόττει
3563 1170 3655 1221 κά-

2083 1262 2250 1332 κείνῳ
2278 1277 2292 1291 ·
2342 1260 2413 1315 τὰ
2454 1259 2512 1314 δὲ
2541 1258 2723 1327 λοιπὰ,
2753 1259 2854 1313 οὐκ
2899 1259 2978 1312 ἔτι
3010 1276 3024 1290 ’
3071 1258 3212 1313 ἀλλὰ
3240 1258 3318 1330 τῷ
3365 1257 3425 1325 ἐξ
3455 1258 3652 1313 ἐκείνου

2083 1355 2226 1409 κατὰ
2252 1352 2433 1422 σάρκα
2445 1353 2492 1385 ⁸⁸
2514 1351 2608 1406 διᾶ
2621 1352 2667 1384 θ’
2695 1351 2896 1422 πολλὴν
2924 1350 3337 1422 φιλανθρωπίαν
3365 1351 3651 1421 γενομένῳ,

2082 1443 2158 1508 ὡς
2186 1439 2331 1498 οἶδεν
2359 1442 2545 1506 αὐτός.
2582 1444 2703 1496 Ἐπ’
2736 1443 2950 1496 ἐκείνου
2977 1442 3087 1514 γὰρ
3116 1442 3373 1510 ἀληθεύει
3406 1442 3505 1512 τῆς
3535 1458 3654 1511 προ-

2085 1532 2313 1604 φητείας
2362 1532 2431 1587 τά
2474 1534 2727 1604 ῥήματαο
2780 1551 2799 1584 ι
2827 1532 2908 1584 Τὰ
2939 1531 3034 1603 ἔτη
3074 1530 3243 1584 αὐτοῦ
3296 1530 3404 1594 ἕως
3456 1530 3657 1601 ἡμέρας

2085 1626 2280 1694 γενεᾶς
2308 1624 2404 1678 καὶ
2438 1625 2671 1693 γενεᾶς·
2717 1623 2968 1695 διαμενεῖ
2993 1624 3074 1686 εἰς
3108 1623 3198 1678 τὸν
3226 1622 3403 1676 αἰῶνα
3438 1621 3656 1675 ἐνώπιον

2087 1715 2181 1770 τοῦ
2224 1715 2382 1770 Θεοῦ.
2415 1735 2435 1768 ι
2491 1715 2572 1787 [⁸⁸
2592 1715 2730 1769 Οὐδὲ
2774 1715 2885 1786 7&9
2928 1713 3105 1786 ἀρχὴν
3155 1712 3380 1785 ἡμερῶν
3429 1712 3655 1777 ἐδέξατο,

2087 1809 2205 1862 οὐδὲ
2228 1808 2380 1872 τέλος
2403 1791 2685 1880 ὑπομενεῖ.
2710 1808 2773 1861 Εἰ
2800 1809 2908 1879 7&9
2937 1807 3034 1860 καὶ
3065 1807 3162 1862 ἄνθ
3172 1823 3355 1878 ρωπος
3380 1805 3659 1876 γενόμενος

2087 1901 2230 1973 ὑπὲρ
2257 1900 2416 1973 ήμῶν
2459 1900 2789 1968 κατεδέξατο
2823 1900 3074 1966 θάνατον,
3106 1899 3243 1953 ἀλλὰ
3275 1899 3349 1952 τὰ
3380 1899 3476 1968 ἔτη
3504 1895 3659 1951 αὑτοῦ

2085 1992 2191 2056 ἕως
2222 1993 2436 2063 ἡμέρας
2480 1993 2678 2060 γενεᾶς
2726 1992 2820 2046 καὶ
2867 1993 3083 2062 γενεᾶς.
3128 1991 3217 2046 Ἐν
3248 1994 3395 2063 ἀρχῇ
3430 1991 3537 2062 7&9
3574 1986 3658 2060 ἦν,

2085 2084 2182 2137 καὶ
2211 2084 2351 2158 πρὸς
2374 2084 2467 2138 τὸν
2501 2084 2634 2138 Θεὸν
2661 2079 2752 2155 ἦν,
2779 2085 2875 2139 καὶ
2903 2083 3035 2147 Θεὸς
3061 2078 3153 2155 ἦν.
3198 2084 3274 2137 Τὸ
3320 2082 3382 2136 δὲ
3420 2081 3663 2136 ἐνώπιον

2085 2173 2192 2228 τοῦ
2223 2172 2393 2240 Θεοῦ,
2430 2173 2554 2227 ἀντὶ
2590 2173 2707 2238 τοῦ,
2760 2173 2859 2227 σὺν
2892 2174 3073 2244 Πατρὶ
3106 2172 3191 2228 ἀεὶ
3242 2166 3663 2242 συνυπάρχων.1

2086 2266 2229 2339 Πρὸς
2260 2267 2468 2320 ἐκεῖνον
2496 2265 2664 2338 7&9"
2699 2267 2727 2320 ό
2761 2265 2925 2329 αὐτὸς
2967 2266 3256 2336 προφήτης
3303 2266 3366 2318 ὲν
3412 2260 3492 2335 τῷ
3541 2264 3662 2316 ἑκα-

2085 2355 2262 2432 τοστῷ
2298 2357 2393 2410 καὶ
2420 2356 2624 2428 πρώτῳ
2658 2354 2860 2426 ψαλμῷ
2897 2355 3003 2427 ἔφη
3040 2371 3058 2389 ο
3114 2373 3134 2407 ι
3159 2357 3233 2409 Σὺ
3266 2355 3329 2409 δὲ
3358 2359 3389 2409 ὁ
3413 2355 3575 2417 αὐτὸς
3596 2348 3661 2417 εἷ,

2088 2446 2183 2502 καὶ
2212 2445 2282 2500 τά
2306 2446 2402 2519 ἔτη
2435 2465 2531 2501 σου
2559 2447 2659 2501 οὐκ
2688 2448 3056 2518 ἐκλείψουσιν.
3096 2466 3117 2500 ι
3176 2447 3244 2520 [⁸⁸
3270 2448 3461 2520 Ὁρᾷς,
3490 2447 3569 2500 ὅτι
3593 2445 3664 2507 ώς

2089 2537 2451 2609 συνυπάρχων
2495 2537 2610 2609 ἔχει
2655 2539 2751 2592 καὶ
2792 2538 3153 2610 ἀτελεύτητον
3180 2540 3279 2610 τὴν
3321 2538 3598 2608 βασιλείαν
3637 2537 3666 2589 ό

2088 2629 2230 2701 ὑπὲρ
2282 2629 2441 2702 ἡμῶν
2473 2631 2708 2701 σταυρὸν
2741 2631 2837 2685 καὶ
2884 2632 3118 2686 θάνατον
3167 2624 3663 2702 καταδεξάμενος.]

2088 2720 2271 2785 Τύπος
2318 2722 2508 2791 μέντοι
2553 2722 2650 2775 καὶ
2716 2721 3027 2794 Ζοροϐάϐελ
3074 2721 3172 2776 τοῦ
3218 2723 3497 2776 Δεσπότου
3541 2721 3666 2791 Χρι·

2090 2812 2218 2868 σ’τοῦ
2236 2814 2305 2869 οι.
2326 2815 2541 2886 Ὠσπερ
2568 2814 2680 2885 7&9
2703 2815 2915 2878 ἐκεῖνος
2941 2814 3042 2886 τὴν
3070 2814 3180 2868 ἀπὸ
3205 2814 3531 2877 Βαϐυλῶνος
3556 2813 3665 2883 clx-

2091 2901 2372 2972 μαλωσίαν
2416 2905 2495 2966 εἰς
2522 2904 2623 2973 τὴν
2659 2904 2924 2976 πατρῴαν
2967 2905 3289 2974 ἐπανήγαγε
3322 2905 3465 2975 γῆν
3505 2900 3667 2964 οὕτως

2087 2992 2116 3045 ὁ
2143 2994 2419 3065 Δεσπότης
2467 2993 2705 3065 Χριστὸς
2746 2995 2962 3051 ἃπασαν
3005 2996 3115 3050 τῶν
3164 2996 3476 3068 ἀνθρώπων
3517 2992 3667 3066 φύσιν

410 3106 714 3171 redactam,
759 3106 812 3161 in
840 3084 1121 3177 antiquam
1150 3106 1369 3177 generis
1392 3108 1729 3164 nobilitatem
1764 3125 1984 3166 revoca-

2090 3084 2468 3177 γεγενημένην
2507 3086 2856 3156 αἰχμάλωτον
2914 3087 3102 3162 [³⁸διὰ
3151 3090 3251 3159 τῆς
3303 3088 3666 3161 παραϐάσεως

409 3198 506 3263 vit,
539 3196 864 3269 [postquam
921 3200 1068 3254 enim
1118 3201 1172 3254 in
1222 3215 1388 3257 cruce
1434 3202 1668 3257 abolevit
1696 3202 1852 3257 illum
1890 3202 1984 3273 qui

410 3298 736 3360 potestatem
783 3291 977 3347 mortis
1012 3291 1270 3359 habebat,
1325 3294 1540 3350 scilicet
1579 3292 1893 3367 diabolum]
1933 3303 1987 3350 et

409 3383 605 3439 mortis
633 3383 919 3454 imperium
948 3384 1239 3449 destruxit,
1266 3385 1503 3441 subditis
1532 3386 1650 3441 suis
1673 3386 1839 3441 vitam
1866 3384 1989 3441 red-

409 3471 568 3526 didit.
606 3470 772 3544 [Ejus
803 3474 950 3530 enim
994 3485 1080 3530 est
1109 3489 1212 3530 vox
1245 3476 1391 3532 ista:
1431 3493 1452 3528 ι
1492 3474 1606 3546 Ego
1640 3490 1762 3531 sum
1797 3475 1908 3531 vita
1935 3484 1992 3531 et

412 3567 745 3622 resurrectio
770 3576 874 3621 ιι..)
918 3566 1022 3624 Et:
1065 3586 1085 3620 ι
1121 3566 1225 3635 Qui
1257 3568 1497 3625 comedit
1524 3569 1593 3624 de
1621 3583 1729 3635 me,
1761 3569 1907 3625 vivet
1930 3569 1986 3624 in

420 3670 509 3710 me
550 3664 597 3709 ι’.
638 3656 707 3728 ι]
740 3677 756 3708 ι
796 3655 1090 3714 Veritatem
1139 3669 1195 3712 et
1243 3658 1673 3714 misericordiam
1717 3659 1839 3730 ejus
1867 3660 1991 3730 quis

424 3745 706 3814 requiret?
740 3765 760 3799 ι
803 3745 961 3813 Quis,
1009 3748 1208 3818 inquit,
1254 3754 1438 3817 potest
1490 3762 1677 3803 veram
1708 3758 1762 3804 et
1782 3748 1991 3819 justam

416 3836 510 3891 Dei
565 3837 1001 3892 misericordiam
1058 3848 1313 3894 accurate
1341 3839 1606 3897 discere?
1633 3841 1832 3896 etenim
1870 3843 1992 3912 ejus

413 3928 619 3999 judicia
643 3929 874 4000 abyssus
898 3931 1107 4002 1012
1138 3931 1327 3986 multa.

480 4241 653 4299 Vens.
699 4241 751 4297 9.
792 4261 811 4294 ι
868 4243 959 4299 Sic
1014 4242 1281 4314 psalmum
1333 4241 1508 4297 dicam
1560 4239 1769 4295 nomini
1818 4239 1993 4296 tuoin

416 4334 677 4388 sacculum
728 4332 935 4398 saeculi,
986 4341 1047 4387 ut
1100 4332 1320 4387 reddam
1353 4338 1476 4386 vota
1510 4345 1628 4384 mea
1666 4330 1928 4401 quotidie.
1968 4346 1988 4380 ι

417 4426 554 4480 Nam
597 4443 815 4497 semper
853 4436 905 4481 te
929 4425 1216 4481 celebrabo
1247 4441 1260 4477 :
1297 4424 1527 4494 singulis
1557 4422 1752 4478 diebus
1778 4430 1869 4476 tua
1903 4421 1997 4476 be-

415 4521 607 4577 neﬁcia
660 4519 947 4585 enarrabo,
984 4527 1040 4574 et
1086 4526 1209 4573 vota
1251 4531 1359 4572 non
1412 4515 1617 4570 fallam.
1673 4512 1807 4569 Vota
1846 4513 1991 4568 enim

414 4610 811 4682 promissioues
859 4619 1039 4666 vocat.

466 4816 520 4860 κν
564 4806 714 4863 Psal.
746 4823 819 4876 ct,
856 4809 947 4863 27.
1023 4817 1052 4859 ιι
1082 4806 1241 4863 Joan.
1275 4822 1353 4873 xi,
1393 4805 1483 4861 25.

1567 4815 1588 4842 ι’
1619 4803 1779 4860 Joan.
1820 4820 1896 4870 vr,
1931 4802 2021 4859 57.

2088 3175 2180 3230 τοῦ
2213 3175 2434 3247 πρώτου
2487 3176 2801 3250 ἀνθρώπου]
2845 3182 2928 3244 είς
2954 3181 3055 3251 τὴν
3090 3180 3374 3253 προτέραν
3402 3181 3666 3249 εὐγένειαν

2090 3267 2407 3338 ἐπανήγαγε
2436 3266 2524 3341 [⁸³
2544 3271 2899 3341 καταργήσας
2935 3269 3045 3341 γὰρ
3075 3273 3172 3325 ἐπὶ
3197 3270 3291 3324 τοῦ
3326 3268 3563 3341 σταυροῦ
3582 3269 3668 3321 τὸν

2089 3360 2151 3414 τὸ
2169 3361 2371 3431 κράτος
2394 3360 2586 3431 ἔχοντα
2606 3361 2702 3414 τοῦ
2724 3360 2978 3430 θανάτου,
3003 3363 3252 3417 τουτέστι
3270 3363 3370 3419 τὸν
3389 3358 3666 3432 διάϐολον],

2092 3451 2187 3505 καὶ
2231 3451 2544 3517 καταλύσας
2592 3452 2688 3506 τοῦ
2743 3453 2978 3508 θανάτου
3030 3454 3092 3508 τὺ
3145 3455 3377 3526 κράτος,
3427 3457 3539 3518 τοῖς
3581 3453 3669 3507 ὑπ’

2091 3544 2287 3616 ἐκείνῳ
2303 3545 2352 3577 ⁸⁸
2379 3545 2594 3600 τελοῦσι
2632 3545 2730 3618 τὴν
2771 3544 2918 3618 ζωὴν
2944 3545 3241 3601 οάπέδωκεν
3257 3548 3332 3603 ⁸⁵.
3386 3547 3474 3620 [⁸⁸
3498 3542 3681 3599 Αὑτοῦ

2092 3637 2203 3709 γάρ
2233 3637 2351 3691 ἐστι
2381 3638 2563 3709 φωνή·
2603 3655 2623 3689 t
2648 3637 2789 3707 Ἐγώ
2811 3639 2927 3708 εἰμι
2955 3641 2989 3711 ἡ
3019 3638 3130 3709 ζωὴ
3160 3639 3256 3692 καὶ
3287 3642 3316 3710 ἡ
3344 3640 3630 3697 ἀνάστασις
3650 3655 3668 3674 ο

2094 3728 2191 3780 καὶ
2219 3729 2249 3781 ὁ
2276 3725 2505 3799 τρώγων
2556 3745 2625 3797 με
2656 3727 2884 3800 ζήσεται
2930 3730 2988 3783 ἐν
3020 3729 3164 3799 ἐμοί.
3197 3747 3217 3781 ι
3255 3730 3276 3801 ]
3321 3748 3340 3782 ι
3370 3729 3557 3790 Ἔλεος
3582 3723 3667 3777 καὶ

2096 3816 2360 3888 ἀλήθειαν
2400 3816 2568 3871 αὐτοῦ
2616 3817 2698 3881 τίς
2720 3819 2765 3851 ³⁷
2810 3818 3204 3891 summost”;
3250 3839 3269 3871 ι
3334 3821 3434 3884 Τίς
3477 3818 3584 3889 γὰρ
3607 3816 3668 3880 ⁵’ν

2097 3909 2284 3980 φησιν,
2318 3909 2501 3972 ἱκανὸς
2531 3908 2626 3963 τὸν
2653 3911 2980 3983 κεκριμένον
3001 3913 3017 3944 ί
3051 3913 3147 3967 καὶ
3178 3912 3394 3968 δίκαιον
3423 3913 3518 3965 τοῦ
3542 3907 3668 3963 Θεοῦ

2097 4001 2243 4056 ἔλεον
2272 4001 2615 4072 καταμαθεῖν
2649 4003 2931 4074 ἀκριϐῶςς
2973 4004 3043 4060 τὰ
3076 4005 3186 4078 7&9
3229 4008 3484 4079 κρίματα
3513 4000 3672 4059 αὐτοῦ

2096 4093 2329 4157 ἄϐυσσος
2354 4093 2524 4163 πολλή
2545 4096 2588 4149 ³.

2171 4237 2236 4292 0'.
2281 4254 2301 4288 ι
2337 4234 2526 4300 Οὕτως
2575 4233 2731 4305 ψαλῶ
2761 4234 2839 4306 τῷ
2889 4235 3113 4307 ὀνόματί
3147 4252 3239 4289 σου
3276 4236 3361 4300 είς
3400 4236 3526 4297 τοὺς
3555 4232 3669 4286 αίῶ-

2096 4348 2212 4398 νας,
2265 4328 2359 4382 τοῦ
2408 4328 2702 4383 ἀποδοῦναί
2747 4345 2815 4399 με
2861 4330 2961 4391 τὰς
3007 4328 3173 4398 εὐχάς
3222 4316 3327 4398 μόυ
3374 4328 3583 4398 ἡμέραν
3619 4321 3670 4385 ἐξ

2100 4422 2333 4495 ἡμέρας.
2374 4439 2393 4474 ι
2428 4418 2542 4473 Ἀεί
2571 4437 2630 4472 σε
2668 4418 2776 4491 7&9
2805 4418 3032 4490 ὗμνήσω
3054 4433 3069 4447 ⁸
3113 4419 3235 4472 καθ’
3268 4417 3549 4488 ὲκάστην³
3580 4413 3670 4475 τὰς

2102 4515 2200 4578 σὰς
2241 4512 2573 4583 διηγήσομαι
2619 4510 2849 4581 χάριτας
2885 4526 2900 4541 ·
2965 4511 3059 4565 καὶ
3101 4512 3198 4574 τὰς
3247 4510 3573 4580 ὑποσχέσεις
3602 4504 3669 4563 ,οὐ

2096 4603 2403 4676 ψεύσομαιο
2441 4601 2627 4671 εὐχὰς
2645 4602 2666 4634 ⁵
2692 4604 2802 4675 γὰρ
2832 4602 2932 4668 τὰς
2961 4603 3287 4676 ὑποσχέσεις
3317 4602 3495 4657 καλεῖ.

1492 5001 1735 5058 ’νΑΒΙιίΕ
1774 4999 2158 5058 LECTIONES
2199 4998 2288 5057 ΕΤ
2321 4997 2567 5062 NOTAE.

487 5188 533 5221 ⁸³
566 5181 1095 5255 Ὁμολογηξσαντες.
1132 5184 1251 5236 Des.
1272 5181 1325 5236 in
1358 5177 1563 5235 codJZ.
1599 5175 1645 5210 “
1670 5176 1848 5231 cod.2
1877 5175 2010 5246 φυλά

491 5257 591 5298 Au‘:
612 5255 886 5298 .._m’;n5n.
910 5252 1031 5298 Des-
1057 5254 1112 5298 in
1140 5252 1265 5298 coal.
1300 5252 1354 5298 ἓ-
1410 5248 1457 5281 ⁸⁸
1488 5249 1530 5298 Ε
1558 5248 1681 5298 cod.
1715 5249 1733 5298 l
1770 5248 1951 5298 sunnl.
1999 5246 2010 5278 ⁸

2087 5193 2133 5231 ,ι.
2174 5172 2221 5207 ⁸⁵
2240 5172 2367 5229 cod.
2400 5174 2437 5228 2
2458 5176 2692 5298 ήὲιέραν.
2739 5171 2788 5207 ⁸⁸
2814 5172 3210 5242 Kard-adpxa.
3231 5171 3359 5225 Des.
3388 5169 3442 5223 in
3463 5164 3583 5249 eod.
3615 5161 3659 5214 1.

2087 5245 2212 5298 ."do.
2240 5244 2363 5298 eod.
2395 5246 2418 5298 l
2455 5245 2485 5297 δ
2520 5284 2534 5298 .
2584 5244 2831 5298 "Ecod.
2865 5245 2887 5298 1
2925 5246 3104 5298 suum.
3153 5243 3198 5274 ἰ
3227 5242 3513 5298 Χριστου.
3544 5231 3659 5286 cod.

415 5259 460 5291 "’
487 5257 591 5312 Διά
612 5244 886 5326 Laur-de.
908 5252 1031 5326 Des.
1054 5244 1112 5306 in
1140 5252 1391 5326 cod.__2.__
1410 5248 1457 5281 ⁸⁸
1488 5249 1530 5303 Ε
1558 5248 1681 5303 cod.
1715 5249 1733 5299 l
1770 5244 1951 5326 Suppl.
1999 5246 2010 5278 ε

2087 5245 2217 5326 Γτᾴρἵ
2240 5244 2363 5299 cod.
2395 5246 2428 5326 l.
2455 5245 2485 5297 ὁ

1535 5333 1658 5388 quae
1695 5331 1726 5371 e
1755 5312 1929 5388 eoilfl
1976 5312 2373 5386 supplevimus,
2414 5315 2545 5388 legit
2578 5328 2796 5388 quoque
2820 5312 3041 5388 βαι-δῖε.

417 5329 440 5381 ι
472 5329 624 5382 addit
654 5318 912 5393 Σωτῆρος
939 5322 1175 5393 ἐγένετο,
1230 5391 1241 5393 ξ
1272 5323 1318 5393 ’f
1348 5318 1494 5393 "es,

2584 5244 2629 5278 '°
2649 5244 2831 5300 Ecod.
2865 5245 2887 5298 1
2925 5231 3104 5313 suppl.
3153 5243 3198 5274 ⁹¹
3227 5236 3513 5306 Χριστοῦ.
3544 5231 3661 5286 cod.

2584 5328 2796 5372 nuoaue
2820 5312 3041 5367 Caral‘a.
3141 5313 3187 5345 ’⁸
3210 5312 3251 5364 Ε
3271 5312 3399 5364 cod.
3431 5310 3450 5361 1
3488 5301 3658 5372 suppl.

415 5376 622 5450 “Ibit?
639 5376 940 5448 ἱέκέὶὖωῑι.
981 5376 1048 5423 ’νδ
1071 5392 1193 5446 cod.
1218 5391 1254 5445 2
1292 5376 1620 5444 ἀποδέδωκε.
1685 5388 1731 5418 ³⁸⁵
1761 5387 1804 5440 Ε
1833 5388 1956 5440 cod.
1990 5388 2010 5438 1

2087 5376 2116 5439 n
2151 5401 2261 5452 quo
2294 5393 2417 5453 post
2436 5376 2497 5436 ὲν
2521 5376 2664 5452 ἐμοὶ,
2693 5376 2957 5451 sequitur,
2981 5381 3163 5443 καλῶς
3190 5376 3290 5453 οὖν
3312 5380 3453 5448 ἔχων
3537 5387 3661 5453 προ-

970 5442 1253 5531 milia}
1282 5442 1507 5530 ἔφησεν.
1580 5458 1627 5491 ⁸⁷
1655 5458 1750 5522 Τίς
1775 5455 2010 5524 ἐκζητήι

2097 5496 2110 5508 .
2142 5442 2309 5509 Hebr:
2353 5442 2831 5547 πΠῇξξίῖτςραεα,
2862 5442 2968 5525 (ut)
2994 5442 3294 5508 custodiant
3322 5442 3463 5503 eum.
3494 5442 3658 5496 Inter-

417 5576 628 5637 pretum
658 5567 971 5642 Graecorum
1013 5543 1193 5621 utullus
1223 5578 1407 5619 veram
1438 5560 1892 5633 signiﬁcationem
1922 5563 2073 5618 vocis
2101 5569 2175 5651 ῖς
2212 5542 2505 5631 expressit.
2576 5542 2622 5591 “
2643 5556 3009 5628 Ἔκζητήσει.
3046 5556 3102 5613 1η
3130 5564 3275 5612 textu
3297 5553 3408 5608 τῶν
3434 5552 3488 5606 0'
3507 5542 3653 5613 sequi

420 5674 559 5744 solet
589 5672 791 5726 αὐτῶν.
818 5741 828 5744 _
863 5675 909 5707 ⁹⁹
939 5674 1087 5744 Γάρ.
1123 5675 1246 5729 Des.
1284 5672 1338 5727 in
1363 5670 1540 5744 σούς]
1559 5678 1629 5744 et

1817 5668 1835 5699 ¹
1863 5668 1989 5722 cod.
2017 5668 2041 5738 1
2071 5668 2479 5738 κεκρυμμένον.

2584 5669 2603 5698 ’
2633 5665 2869 5737 Πολλὴ.
2906 5667 3031 5727 Des.
3057 5666 3115 5723 in
3148 5666 3272 5723 cod.
3306 5663 3362 5718 ε.
3473 5659 3493 5690 ³
3522 5642 3653 5709 [μηθ’

414 5739 704 5806 ἑκάστην.
728 5741 855 5795 -οοιΙ,
884 5744 987 5800 let
1011 5737 1046 5798 Ξ
1065 5760 1254 5815 prtem.
1286 5740 1401 5797 καί.
1497 5740 1518 5771 ⁸
1544 5739 1748 5807 Εὺχὰς
1771 5768 1838 5779 -—
1858 5740 2009 5793 καλε

2087 5737 2203 5796 Des.
2236 5737 2443 5793 iucod.
2466 5738 2520 5791 2.
