4012 6206
487 265 510 331 1
521 268 622 332 339

1471 269 1965 330 THEODORETI
2001 269 2340 332 EPISCOPI
2365 273 2734 333 CYRENSIS

3583 275 3704 341 13M

484 389 546 434 ut
574 375 907 443 custodiant,
951 377 1053 433 hoc
1096 375 1318 444 faciunt,
1357 380 1458 436 sibi
1496 381 1628 451 ipsis
1673 366 2050 438 succedentes.

2158 383 2246 437 τὸν
2274 384 2586 454 νυκτερινὴν
2615 384 2808 455 καιρὸν
2852 385 2902 436 oi
2936 383 3228 453 φυλάττειν
3275 388 3703 456 πεπιστευμένοι,

483 465 550 520 Et
581 465 670 519 alii
699 467 916 536 quidem
962 476 1070 522 tres
1102 467 1154 521 in
1184 477 1364 538 partes
1391 470 1663 538 dividunt,
1713 473 1804 526 alii
1842 488 1968 526 vero
2001 474 2054 528 in

483 564 740 626 quatuor.
778 555 842 611 Et
882 556 1149 611 Dominus
1182 559 1235 610 in
1284 567 1479 628 quarta
1533 561 1712 630 vigilia
1767 562 1946 618 noctis
1985 562 2054 618 ad

481 663 667 702 sacros
690 649 966 717 apostolos
995 650 1139 704 venit
1160 658 1206 702 κ.
1244 649 1379 705 Dicit
1410 653 1572 721 igitur
1597 653 1814 708 divinus
1842 653 2008 710 David
2036 675 2050 710 :

483 737 657 809 Super
705 750 879 795 strato
932 758 1054 796 meo
1103 743 1312 812 jacens,
1367 743 1751 801 dulcissimum
1799 763 2050 802 somnum

481 832 791 902 abigebam,
826 850 922 904 per
960 835 1205 906 singulas
1243 836 1454 906 vigilias
1487 837 1541 892 in
1586 840 1937 895 meditatione
1962 850 2052 895 tua

481 923 690 979 haerens
725 945 738 980 :
779 928 1108 998 hymnisque
1153 928 1416 984 beneficia
1453 944 1482 983 a
1534 939 1584 985 te
1635 931 1689 986 in
1723 947 1808 987 me
1855 933 2052 988 collata

478 1021 926 1088 compensabam.
972 1020 1104 1074 Nam
1152 1021 1322 1076 veluti
1361 1023 1598 1092 quodam
1645 1023 1852 1080 alarum
1895 1032 2052 1096 tegu-

479 1120 664 1166 mento
692 1113 1096 1184 inexpugnabili
1123 1114 1464 1183 providentia
1507 1130 1594 1171 me
1625 1118 1887 1173 custodis.
1922 1117 2051 1190 [Eo-

477 1204 599 1258 dem
632 1220 850 1274 quoque
880 1207 1042 1261 modo
1074 1207 1307 1276 pepulus
1349 1222 1379 1262 e
1423 1209 1716 1277 gentilibus
1751 1225 2051 1267 conversus

480 1299 800 1352 recordatur
832 1314 998 1368 super
1047 1309 1240 1365 strato,
1278 1316 1438 1356 mane
1469 1301 1755 1359 celebrans
1805 1305 2052 1359 omnium

479 1388 846 1444 Servatorem.
883 1409 902 1442 ι
940 1391 1077 1458 Quia
1126 1393 1242 1462 ipse
1272 1392 1425 1448 fuisti
1451 1395 1689 1464 adjutor,
1722 1405 1776 1450 et
1816 1397 1868 1450 in
1898 1407 2053 1467 tegu-

477 1489 662 1535 meuto
697 1482 906 1536 alarum
937 1491 1150 1538 tuarum
1183 1486 1492 1540 cxsultaho.
1522 1505 1541 1539 ι
1565 1487 1694 1541 Alas
1723 1498 1902 1543 autem
1928 1489 2052 1558 jure

474 1571 890 1644 dixeritaliquis
917 1587 1028 1628 tum
1057 1576 1221 1632 Vetus
1241 1587 1352 1632 tum
1381 1577 1591 1634 Novum
1616 1579 2048 1650 Testamentum,

477 1662 529 1715 in
565 1678 675 1732 quo
713 1672 906 1731 tectus,
943 1666 1244 1722 innutritus
1277 1678 1329 1722 et
1359 1669 1556 1738 gaudio
1587 1669 1812 1726 aﬂ‘ectus
1839 1687 1931 1739 per
1964 1687 2051 1726 re-

476 1756 888 1822 generationem
921 1768 1112 1810 sancto
1150 1759 1370 1812 lavacro
1401 1761 1599 1813 factam
1632 1771 1851 1816 evectus
1878 1770 1962 1816 est
1997 1770 2056 1814 ut
2086 1736 2127 1791 Β

476 1845 629 1899 lieret
671 1847 756 1898 vir
803 1846 1100 1915 perfectus,
1149 1857 1315 1917 utque
1366 1851 1574 1904 veniret
1623 1850 1691 1904 ad
1738 1865 2054 1906 mensuram

476 1947 698 1994 statura:
731 1941 1086 2010 plenitudinis
1119 1941 1324 1997 Christi
1341 1942 1420 2016 1.]

551 2205 717 2261 Vens.
763 2208 814 2261 9.
869 2225 887 2258 ι
924 2205 1167 2260 Adhaesit
1217 2207 1397 2261 anima
1449 2223 1566 2262 mea
1611 2218 1731 2278 post
1775 2216 1847 2263 te.
1893 2227 1909 2261 ι
1951 2208 2057 2264 Nc-

475 2312 638 2366 queo.
686 2297 884 2368 inquit,
939 2299 1021 2352 vel
1071 2298 1351 2367 paululum
1404 2314 1581 2353 meam
1635 2310 1869 2356 mentem
1901 2317 1930 2356 a
1961 2310 2052 2356 tua

473 2391 740 2443 memoria
768 2391 1044 2455 divellere,
1073 2390 1166 2445 sed
1196 2391 1396 2458 philtro
1419 2391 1641 2445 ardente
1665 2393 2050 2459 inﬂammatus,

478 2484 553 2538 tui
597 2484 806 2554 1022
835 2485 1032 2548 amori,
1069 2483 1291 2553 perinde
1319 2499 1382 2538 ac
1407 2485 1617 2553 glutino
1643 2487 1902 2554 quodam,
1940 2501 2055 2541 me-

477 2578 650 2630 moria
699 2592 821 2630 sum
873 2574 1084 2630 aliixus.
1143 2574 1349 2629 Deinde
1402 2575 1642 2629 ostendit
1687 2577 1890 2630 amoris
1937 2577 2055 2632 fru-

471 2675 643 2720 ctum.
695 2683 714 2717 ι
749 2665 829 2719 Me
871 2667 1112 2734 suscepit
1143 2667 1364 2720 dextera
1399 2673 1510 2718 tua.
1554 2683 1574 2716 ι
1619 2665 1755 2719 Cum
1791 2667 1935 2721 enim
1975 2668 2054 2720 vi-

475 2755 603 2807 deas
633 2767 720 2807 me
748 2753 828 2808 sic
873 2751 1151 2817 aﬂ‘ectum,
1185 2761 1280 2806 tuo
1308 2752 1513 2806 auxilio
1542 2767 1628 2806 me
1652 2752 1876 2822 dignum
1905 2753 2054 2824 judi-

472 2860 588 2900 cas.

547 2933 718 2992 Vsus.
760 2935 848 2989 10.
895 2953 917 2987 ι
959 2933 1061 3005 lpsi
1109 2949 1243 2989 vero
1302 2933 1356 2988 in
1416 2949 1618 2988 vanum
1683 2934 2055 3004 quaesiverunt

2154 476 2311 530 τοῦτο
2335 476 2502 548 δρῶσι
2538 478 2678 546 σφᾶς
2704 476 2900 540 αὐτοὺς
2930 475 3321 547 διαδεχόμενοι.
3369 477 3481 529 Καὶ
3517 478 3566 530 οἱ
3615 480 3703 546 μὲν

2154 569 2312 638 τριχῆ
2337 565 2653 638 διαιροῦσιν,
2696 567 2746 618 oi
2799 565 2856 619 δὲ
2909 565 3174 637 τετραχῆ.
3235 564 3345 618 Καὶ
3393 564 3421 616 ὁ
3455 564 3648 634 Κύριος
3668 566 3707 598 η

2154 662 2389 733 τετάρτῃ
2419 660 2632 731 φυλακῇ
2659 661 2753 730 τῆς
2787 660 2983 723 νυκτὸς
3015 659 3150 730 πρὸς
3183 660 3309 721 τοὺς
3363 660 3542 728 ἱεροὺς
3587 649 3710 713 ἀποέ

2157 752 2377 816 στόλους
2404 752 2653 823 ἐλήλυθε.
2702 753 2866 820 Λέγει
2913 751 3094 805 τοίνυν
3136 753 3164 804 ό
3226 749 3368 814 θεῖος
3424 750 3600 813 Δαϐὶδ,
3638 752 3710 804 ὅτι

2154 845 2266 897 Καὶ
2313 845 2408 899 ἐπὶ
2464 845 2817 916 στρωμνῆςίτ
2873 843 3294 913 κατακείμενος,
3365 843 3458 895 τὸν
3509 842 3709 912 ἥδιστον

2156 935 2322 988 ὕπνον
2375 935 2746 1006 ἀνεϐαλλόμην
2773 935 2842 999 ’⁸,
2877 935 2998 988 καθ’
3046 936 3283 1006 ἑκάστην
3337 933 3582 1004 φυλακὴν
3621 933 3708 1002 τὴν

2156 1026 2254 1097 σὴν
2288 1025 2425 1097 ἔχων
2460 1027 2691 1098 μελέτην
2713 1043 2725 1056 ·
2753 1026 2847 1080 καὶ
2867 1027 2914 1058 ²⁹
2959 1025 3150 1096 ὕμνοις
3180 1025 3279 1089 τὰς
3311 1027 3391 1087 εἰς
3426 1024 3525 1094 ἐμὲ
3562 1039 3708 1092 γεγε-

2154 1118 2394 1187 νημένας
2450 1118 2758 1188 ὴμειϐόμην
2781 1117 2825 1148 ³ο
2868 1116 3213 1187 εὐεργεσίας.
3287 1108 3416 1168 Οἵον
3461 1115 3568 1184 γάρ
3614 1131 3706 1168 τινι

2154 1211 2442 1283 πτερύγων
2466 1210 2665 1284 σκέπῃ,
2696 1212 2762 1281 τῇ
2787 1210 2987 1280 ἀμάχῳ
3013 1208 3138 1279 με³¹
3176 1207 3493 1278 προμηθείᾳ
3523 1205 3706 1274 φυλάτ-

2152 1317 2290 1366 τεις.
2326 1298 2397 1372 [³⁸
2425 1301 2536 1354 Καὶ
2583 1299 2743 1354 τοῦτο
2779 1299 2836 1352 δὲ
2865 1299 2998 1353 αὐτὸ
3043 1300 3072 1352 ὁ
3104 1297 3164 1364 ἐξ
3201 1297 3374 1351 ὲθνῶν
3404 1297 3528 1360 λαὸς
3563 1313 3707 1350 πεπι-

2155 1390 2400 1456 στευκὼς
2430 1393 2764 1463 μνημονεύει
2794 1392 3015 1454 πάντως
3046 1390 3141 1444 ἐπὶ
3171 1390 3274 1460 τῆς
3325 1390 3629 1459 στρωμνῆς,
3659 1388 3707 1440 ἐν

2152 1483 2230 1555 τῷ
2263 1484 2447 1556 ὀρθρῳ
2477 1485 2730 1556 ἀνυμνῶν
2756 1484 2848 1538 τὸν
2880 1483 2989 1537 τῶν
3041 1482 3179 1536 ὅλων
3236 1481 3490 1552 Σωτῆρα.
3531 1500 3548 1532 ι
3601 1480 3709 1534 Ὀτι

2153 1578 2417 1650 ὲγενήθης
2438 1578 2598 1641 αὐτὸς
2633 1578 2849 1649 βοηθὸς,
2881 1578 2977 1630 καὶ
3001 1577 3060 1629 ὲν
3088 1577 3154 1646 τῇ
3179 1575 3364 1646 σκέπῃ
3394 1573 3502 1626 τῶν
3528 1570 3706 1642 πτερύ-

2153 1687 2264 1738 γων
2298 1687 2390 1724 σου
2429 1671 2852 1740 ἀγαλλιάσομαι.
2897 1688 2916 1722 ο
2970 1667 3274 1737 Πτέρυτας
3293 1666 3341 1697 ³³
3389 1665 3446 1718 δὲ
3507 1662 3706 1726 δικαίως

2158 1763 2224 1816 ἂν
2254 1764 2399 1816 εἴποι
2426 1765 2454 1816 ὁ
2479 1763 2640 1824 αὐτὸς
2663 1762 2902 1818 παλαιάν
2933 1779 2992 1815 τε
3023 1761 3118 1814 καὶ
3165 1760 3295 1814 νέαν
3343 1757 3617 1828 διαθήκην,
3647 1756 3705 1810 δι’

2157 1850 2226 1926 ἧς
2279 1856 2613 1924 σκεπόμενος
2667 1857 2760 1908 καὶ
2816 1854 3150 1927 τρεφόμενος
3185 1852 3281 1906 καὶ⁵
3329 1849 3706 1920 ἀγαλλιώμενος

2157 1947 2242 1999 διὰ
2279 1948 2374 2016 τῆς
2412 1946 2504 2000 τοῦ
2557 1946 2782 2017 λουτροῦ
2843 1945 3266 2014 παλιγγενεσίας
3345 1943 3588 2015 προήχθη
3638 1941 3706 2002 εις

2158 2035 2326 2106 ἄνδρα
2353 2038 2578 2103 τέλειον,
2621 2040 2698 2100 εἰς
2737 2038 2935 2108 μέτρον
2962 2036 3178 2109 ἡλικίας
3220 2036 3321 2089 τοῦ
3366 2032 3705 2106 πληρώματος

2156 2127 2250 2180 τοῦ
2281 2127 2577 2201 Χριστοῦ.]

2228 2220 2292 2272 θ’.
2334 2240 2352 2271 ι
2407 2219 2702 2292 Ἐκολλήθη
2749 2223 2781 2292 ή
2827 2221 2975 2292 ψυχή
3027 2238 3130 2291 μου
3165 2220 3349 2274 ὀπίσω
3377 2235 3488 2272 σου.
3518 2236 3536 2271 ι
3590 2213 3706 2296 Οὐδὲ

2159 2312 2293 2382 πρὸς
2323 2311 2518 2381 βραχὺ,
2547 2313 2701 2382 φησι,
2729 2321 2818 2364 τον
2844 2311 2976 2381 ἐμὸν
3001 2311 3265 2380 λογισμὸν
3331 2311 3430 2381 τῆς
3465 2310 3557 2379 σῆς
3591 2308 3707 2359 ἀπο·

2159 2401 2593 2472 στῆσαιδύναμαι
2628 2403 2871 2472 μνήμης·
2898 2400 3034 2454 ἀλλὰ
3053 2401 3260 2472 φίλτρῳ
3289 2397 3486 2470 θερμῷ
3507 2393 3708 2467 πυρευόυ

2159 2493 2401 2564 μενοςνι,
2456 2491 2569 2546 οἷόν
2622 2511 2727 2548 τινι
2768 2494 2931 2565 κόλλῃ
2974 2497 3038 2564 τῇ
3095 2495 3291 2565 μνήμῃ
3342 2492 3418 2563 τῷ
3461 2489 3533 2558 σῷ
3576 2486 3706 2556 πόθῳ

2157 2585 2541 2655 προσδέδεμαι.
2581 2582 2718 2640 Εἶτα
2753 2587 2993 2640 δείκνυσι
3039 2587 3131 2640 τὺν
3155 2585 3252 2639 τοῦ
3301 2585 3466 2638 πόθου
3499 2578 3703 2651 καρπόν.

2163 2698 2180 2731 ι
2204 2678 2369 2747 Ἐμοῦ
2392 2679 2435 2710 ³⁵
2465 2678 2522 2731 δὲ
2554 2679 2880 2735 ἀντελάϐετο
2898 2681 2941 2712 ³⁸
2969 2681 3001 2750 ἡ
3028 2679 3178 2749 δεξιά
3209 2696 3331 2733 σου.
3372 2696 3391 2729 ι
3427 2675 3574 2731 Οὕτω
3613 2673 3703 2741 γάρ
3729 2667 3738 2674 ’

2159 2787 2226 2840 με
2258 2770 2600 2841 διακείμενον
2630 2771 2793 2842 ὁρῶν,
2843 2771 2942 2842 τῆς
2999 2771 3100 2841 σῆς
3147 2769 3325 2837 ἀξιοῖς
3371 2765 3702 2839 προμηθείαςο

2231 2958 2282 3007 ι’.
2317 2971 2336 3004 ι
2374 2952 2536 3005 Αὐτοὶ
2565 2951 2622 3005 δὲ
2677 2953 2757 3015 εἰς
2809 2951 3043 3022 μάτην³⁷
3097 2949 3376 3020 ἐζήτησαν
3423 2946 3518 3016 τὴν
3551 2939 3706 3012 ψυχήν

474 3026 716 3081 animam
752 3041 954 3080 meam.
998 3043 1016 3076 ›
1059 3027 1077 3048 ⁸
1116 3027 1252 3080 Cum
1301 3025 1562 3080 adversus
1604 3041 1699 3080 eos
1744 3025 1880 3080 nihil
1917 3025 2055 3080 deli-

2162 3062 2286 3116 μου.
2329 3063 2348 3098 ι
2394 3045 2558 3098 Οὐδὲν
2580 3045 2878 3114 ἠδικηκότα
2911 3060 2978 3113 με
3011 3039 3408 3104 σπουδάζουσιν
3437 3037 3632 3092 ἀνελεῖν
3649 3032 3702 3084 ³⁵.

477 3119 712 3188 querim,
757 3119 980 3173 student
1022 3127 1199 3172 tamen
1237 3132 1324 3171 me
1360 3132 1389 3170 e
1421 3117 1601 3170 medio
1648 3115 1855 3169 tollere.
1916 3133 1934 3167 ι
1969 3113 2058 3168 in-

479 3206 726 3265 troibunt
771 3210 825 3264 in
870 3208 1129 3264 inferiora
1178 3221 1356 3263 terras.
1398 3227 1416 3260 ι
1455 3209 1522 3262 At
1573 3207 1699 3262 novi
1746 3222 1842 3262 eos
1885 3217 2063 3263 morte

483 3302 821 3358 alliciendos.
855 3300 1061 3357 Deinde
1099 3303 1260 3356 etiam
1305 3301 1528 3355 modum
1575 3301 1832 3354 interitus
1873 3315 2060 3354 eorum

482 3394 747 3465 praedicit.

549 3486 716 3542 Vens.
760 3486 843 3540 ll.
883 3505 902 3536 ι
945 3485 1254 3541 Tradentur
1297 3485 1353 3539 in
1401 3499 1598 3540 manus
1647 3484 1890 3554 gladii.»
1949 3484 2064 3541 Hoc

481 3579 549 3632 ab
605 3578 844 3632 hostium
893 3577 1117 3630 dextera
1176 3575 1471 3644 patientur.
1521 3592 1540 3624 ι
1577 3574 1765 3628 Partes
1817 3573 2061 3644 vulpium

481 3679 662 3725 erunt.
697 3689 714 3720 ι
751 3668 816 3722 Ει
839 3670 966 3735 hoe,
994 3668 1193 3737 inquit,
1223 3682 1331 3721 non
1356 3683 1386 3720 a
1409 3667 1813 3736 potentioribus
1836 3651 2064 3734 quibus-

481 3761 607 3814 dam
640 3758 892 3812 hostibus
924 3759 1196 3827 patientur
1234 3774 1250 3810 :
1285 3757 1379 3812 sed
1408 3772 1438 3811 a
1466 3757 1713 3812 ﬁnitimis
1737 3758 2057 3830 Allophylis,

480 3851 576 3921 qui
608 3849 826 3920 quidem
859 3865 1012 3903 more
1039 3848 1284 3916 vulpium
1329 3862 1724 3916 nonnunquam
1772 3846 2057 3911 invadunt,

483 3943 800 4010 frequenter
854 3956 983 3996 vero
1039 3951 1091 3996 et
1143 3940 1262 3995 sine
1317 3939 1724 3993 intermissione
1791 3938 2058 4009 proﬂigati

481 4033 718 4103 fugiunt.
748 4035 911 4087 Porro
935 4031 1223 4102 expeditus
1245 4040 1298 4085 et
1319 4031 1603 4099 proximus
1631 4045 1826 4084 sensus
1858 4031 2056 4096 innuit,

479 4127 667 4194 plures
711 4139 775 4178 ex
831 4124 936 4188 his,
993 4123 1085 4192 qui
1142 4125 1196 4176 in
1241 4122 1498 4178 conﬂictu
1541 4120 1946 4186 occumberent,
1993 4137 2061 4176 ne

480 4216 765 4286 sepultura
795 4214 1013 4285 quidem
1043 4215 1238 4284 dignos
1263 4213 1402 4279 fore,
1455 4213 1548 4268 sed
1590 4227 1619 4266 a
1651 4212 1781 4266 feris
1824 4211 2058 4266 dilania-

479 4319 595 4362 ῐυΙΙΙ
628 4324 714 4360 ΙΙΊ.

2171 3153 2188 3186 ι
2233 3133 2711 3188 Εἱσελεύσονται³⁹
2764 3135 2844 3196 είς
2906 3133 2973 3185 τὰ
3039 3130 3338 3185 κατώτατα
3363 3130 3458 3196 τῆς
3513 3128 3624 3194 γῆς.
3681 3139 3698 3173 ⁸

2137 3231 2144 3237 ’
2177 3227 2315 3280 Ἀλλ’
2341 3222 2458 3280 οἶδα
2489 3225 2564 3289 ὡς
2600 3225 2814 3296 θανάτῳ
2857 3223 3357 3295 παραδοθήσονται.
3405 3216 3534 3274 Εἶτα
3550 3218 3591 3248 ⁸⁸
3629 3211 3705 3269 καὶ

2163 3319 2254 3373 τὸν
2280 3319 2479 3390 τρόπον
2515 3316 2869 3385 προθεσπίζει
2896 3317 2993 3386 τῆς
3021 3314 3284 3382 τελευτῆς
3303 3313 3370 3368 δί.

2237 3501 2327 3548 ια’.
2394 3512 2411 3544 ι
2465 3492 2947 3564 Παραδοθήσονται
2999 3492 3079 3554 είς
3126 3492 3320 3560 χεῖρας
3389 3483 3700 3559 ῥομφαίας.»

2175 3585 2310 3640 Ὑπὸ
2331 3586 2374 3616 δ’
2408 3583 2712 3654 πολεμικῆς
2738 3579 2895 3634 τοῦτο
2917 3580 3198 3634 πείσονται
3219 3578 3422 3643 δεξιᾶς.
3461 3595 3477 3627 ι
3505 3570 3706 3644 Μερίδες

2164 3675 2464 3731 ἀλωπέκων
2493 3673 2734 3726 ἔσονται.
2797 3689 2816 3723 ι
2877 3671 2988 3724 Καὶ
3020 3669 3196 3736 τοῦτο,
3250 3670 3434 3739 φησὶν,
3486 3665 3577 3731 οὺχ
3619 3657 3705 3713 ὑπὸ

2163 3765 2402 3821 δυνατῶν
2437 3781 2598 3817 τινων
2637 3761 3040 3831 ὑποστήσονται
3077 3759 3388 3829 πολεμίων·
3421 3755 3528 3810 ἀλλ’
3562 3747 3705 3805 imo"

2163 3856 2272 3909 τῶν
2317 3853 2624 3925 προσοίκων
2669 3849 2980 3919 ἀλλοφύλων
3019 3866 3032 3881 ·
3083 3848 3132 3901 οἳ
3187 3849 3347 3918 δίκην
3403 3843 3702 3900 ἀλωπέκων,

2163 3945 2294 3999 ποτὲ
2337 3944 2436 4014 μὲν
2491 3943 2710 4006 ἐπίασι,
2764 3939 2914 4009 θαμὰ
2955 3939 3013 3991 δὲ
3061 3937 3155 3991 καὶ
3188 3937 3429 4006 συνεχῶς
3461 3927 3705 3998 ἐξελαυνό-

2165 4052 2318 4106 μενοι
2338 4034 2384 4064 ιδ
2435 4031 2755 4101 φεύγουσιν.
2806 4027 3110 4081 Αίνίττεται
3153 4026 3211 4079 δὲ
3263 4027 3322 4078 τὸ
3349 4027 3392 4057 *⁸
3450 4021 3704 4092 πρόχειρον

2162 4126 2362 4194 νόημα,
2392 4123 2466 4185 ὡς
2492 4121 2600 4174 τῶν
2628 4122 2684 4173 ἐν
2720 4119 2798 4189 τῷ
2836 4116 3061 4186 πολέμῳ
3109 4116 3384 4169 πεσόντων
3421 4114 3469 4167 οι
3516 4106 3701 4164 πλείους

2161 4217 2281 4269 οὐδὲ
2304 4214 2482 4282 ταφῆς
2522 4211 2929 4281 ,ἀξιωθήσονται
2954 4235 2976 4267 ν
3022 4205 3157 4262 ἀλλὰ
3204 4205 3572 4277 προκείσονται
3609 4196 3701 4255 τοῖς

2163 4307 2370 4378 θηρίοις
2402 4305 2557 4375 βορά.

548 4401 712 4457 Vens.
759 4402 844 4455 1'2.
893 4419 912 4451 ι
949 4399 1073 4456 Rex
1119 4415 1250 4456 vero
1291 4400 1562 4456 lmtabitur
1608 4399 1661 4453 in
1708 4398 1838 4453 Deo.
1874 4416 1892 4450 ι
1947 4397 2055 4466 Ego

2233 4401 2315 4470 ιβ’.
2355 4419 2373 4450 ι
2417 4400 2474 4453 Ὀ
2495 4399 2550 4451 δὲ
2583 4396 2835 4466 βασιλεὺς
2861 4393 3296 4465 εὐφρανθήσεται
3323 4388 3413 4443 ἐπὶ
3443 4384 3514 4455 τῷ
3536 4378 3656 4449 Θεῷ.
3679 4393 3695 4428 t

476 4506 626 4553 vero,
663 4491 861 4560 inquit,
902 4505 1132 4560 regnum
1168 4491 1265 4545 abs
1299 4499 1353 4544 te
1396 4490 1652 4560 adeptus,
1697 4505 1802 4541 non
1834 4487 1903 4541 ob
1933 4487 2054 4540 illo-

477 4598 597 4635 rum
653 4584 933 4638 interitum
984 4583 1227 4646 lzetabor,
1284 4581 1378 4636 sed
1433 4583 1505 4635 ob
1554 4591 1706 4634 tuum
1763 4579 2052 4642 auxilium,

475 4687 588 4741 quo
635 4673 808 4729 frctus
838 4674 1168 4744 multiplices
1213 4673 1561 4726 inimicorum
1595 4670 1826 4725 insidias
1866 4669 2052 4740 effugi.

480 4783 504 4816 ι
536 4763 930 4822 Laudabuntur
975 4782 1186 4833 onmes,
1225 4765 1321 4836 qui
1363 4764 1552 4834 jurant
1581 4763 1638 4818 in
1662 4777 1751 4828 eo.
1797 4763 1924 4833 quia
1956 4763 2056 4817 ob-

453 4893 462 4978 :
553 4940 580 4970 ι
609 4929 774 4986 Marc.
806 4946 881 4995 νι,
923 4930 1009 4986 48.
1086 4940 1114 4980 γ
1143 4930 1343 4999 Ephes.
1375 4944 1448 4995 tv,
1472 4929 1559 4983 15.

2176 4492 2318 4558 Ἐγὼ
2338 4492 2414 4553 δὲ,
2437 4491 2589 4560 φησὶ,
2617 4487 2764 4557 παρὰ
2782 4485 2875 4538 σοῦ
2895 4485 2993 4553 τὴν
3013 4480 3290 4552 βασιλείαν
3311 4477 3604 4545 δεξάμενος,
3619 4466 3700 4560 οὑξ

2164 4554 2260 4632 ἐπὶ.
2281 4578 2357 4648 τῷ
2385 4554 2606 4630 ἐκείνων
2634 4554 2944 4643 ἡσθήσομαι
2991 4571 3204 4640 θανάτῳ
3229 4611 3242 4635 ,
3299 4566 3410 4621 ἀλλ’
3432 4566 3530 4654 ἐπὶ.
3555 4561 3612 4628 τῇ
3642 4554 3697 4654 fil

2164 4669 2502 4743 προμηθείᾳ,
2554 4667 2623 4719 δι’
2667 4661 2733 4735 ἧς
2788 4664 3052 4732 ἐξέφυγον
3091 4661 3191 4725 τὰς
3238 4651 3696 4743 παντοδαπὰςξῶῗ

2166 4733 2466 4833 πολεμίων.-
2517 4733 2837 4822 ὲπιὸούλὰς.
2909 4774 2928 4806 ι
3004 4751 3453 4822 Ἐπαινεθήσεται
3523 4741 3619 4802 πᾶς
3673 4733 3696 4785 δ

1587 5078 1818 5134 νΑιιιΑῑ
1859 5075 2240 5134 LECTIONES
2280 5075 2369 5130 ET
2401 5072 2637 5130 NOTAE.

545 5202 595 5234 “
626 5197 841 5266 Κύριος
884 5197 1009 5252 cod.
1044 5198 1067 5251 l
1104 5208 1158 5254 et
1182 5199 1358 5254 Eadd.
1383 5197 1462 5253 δέ.

1565 5198 1609 5228 ⁸⁷
1654 5197 1778 5249 Ἐπὶ
1811 5195 2150 5266 στρωμνῆς.
2185 5196 2307 5249 cod.
2342 5195 2364 5266 ᾖ
2397 5193 2523 5266 add.

471 5274 523 5306 ³⁸
563 5262 923 5339 Ἀνεᾶοόάλ
951 5269 1312 5339 ἀπεσειόμην.
1343 5269 1465 5323 cod.
1497 5267 1532 5321 ἓ
1559 5262 2074 5339 ἀπεϐαλλόμηνξῇ⁹
2099 5266 2231 5339 Καί.
2261 5263 2454 5339 cod._2
2478 5262 2610 5339 τοζςΣ

2555 5208 2681 5261 μου.
2713 5189 2837 5245 cod.
2858 5187 2894 5242 2
2925 5186 3089 5242 habet
3110 5186 3169 5240 ὲν
3199 5185 3266 5266 τῇ
3310 5177 3549 5300 στρ(οὲνῇ
3589 5183 3688 5241 μου·

2555 5263 2592 5300 πρ
2691 5261 2735 5292 ao
2768 5262 2954 5300 rat-m-
3000 5257 3175 5300 atumat
3221 5269 3273 5300 ιη
3298 5253 3417 5300 coll.
3486 5288 3497 5300 .
3528 5237 3685 5299 eodJ

2691 5237 3192 5328 εεῑέπῖεςλῖξρξέειά.
3216 5237 3274 5308 re.
3298 5237 3497 5328 «τρι-,ὲ-
3527 5237 3685 5328 δριιληί

476 5306 1473 5418 ι,ι-οξξὲἕξένζῆἐὶέί’ἷτέξᾲἴᾷἔῦἑιξῗωὶξ
1500 5306 1591 5392 Ειὶ
1601 5306 1977 5418 ὗέἒξξὶζξὲἓᾱξ
1991 5336 2045 5390 2.

2158 5306 2232 5418 iii
2250 5306 2454 5418 ἔεῖᾄὶεῖ
2489 5306 2981 5418 Vergit—2%}
3005 5306 3684 5418 δῖέέίὲθέἶιῆνοὲίὲς,νῑ,ἐ92ἓν

477 5408 532 5471 ἱ..
569 5410 624 5464 5.
701 5408 978 5479 “Hopev.
1011 5410 1133 5462 cod.
1168 5409 1194 5461 ‘l
1220 5409 1649 5479 πυρσευόμενος.

1725 5406 1773 5438 ³⁸
1803 5407 2002 5475 Ἐμοῦ.
2035 5407 2158 5460 cod.
2181 5407 2208 5458 1
2241 5405 2365 5459 add.
2397 5403 2594 5471 λέγων.

2671 5381 2724 5432 5i
2745 5381 2879 5455 ead:
2901 5399 2926 5451 ι
2959 5381 3258 5451 ἀντιλάϐοιζ
3323 5393 3365 5424 ιτ
3389 5381 3684 5453 Εις“,ιιὰτινο

478 5455 641 5546 ilcbr.
676 5455 888 5554 ampli,
913 5492 981 5544 ad
1006 5455 1370 5556 vastationerrn,
1391 5508 1436 5546 s.
1457 5455 1760 5546 interitum.
1837 5455 1890 5520 ’ἶ
1915 5489 2056 5542 Ἀνε.

2158 5455 2208 5541 ﬁ.—
2221 5455 2396 5542 οοῖιξι
2429 5455 2554 5540 add.
2579 5455 2670 5538 διὰ
2693 5483 2758 5554 δὴ
2791 5479 2967 5535 ταῦτα
2998 5479 3127 5550 βοῶ.
3207 5477 3250 5509 ³⁸
3279 5473 3396 5530 cod.
3425 5471 3451 5523 1
3482 5455 3685 5518 eluend-

477 5560 811 5664 gatv'tp._"°
836 5559 1003 5653 ialm.
1039 5595 1165 5652 Des.
1204 5597 1258 5650 in
1283 5597 1406 5651 cod.
1441 5597 1493 5650 1.
1571 5595 1613 5626 ⁸¹
1644 5592 1940 5664 Τελευτῆς
1964 5593 2056 5648 cod

2193 5593 2316 5648 add.
2341 5593 2601 5664 ἐκείνων.
2622 5661 2630 5664 _
2649 5589 2910 5664 __“_'_I‘:t_d_
2932 5618 3004 5628 —
3034 5583 3278 5664 68$qu
3283 5581 3404 5636 Des.
3432 5576 3482 5633 in
3510 5567 3616 5627 cod.
3639 5561 3679 5615 l-

363 5743 365 5745 _
475 5660 596 5716 Ιίὀ
628 5661 734 5714 ὓπὺ
759 5667 880 5721 cod.
910 5667 945 5720 2
979 5669 1141 5723 habet
1171 5665 1298 5722 ἀπό.
1377 5665 1423 5698 ⁸⁸
1449 5665 1570 5720 cod.
1603 5664 1639 5718 2
1662 5665 1790 5721 ἀπό.
1869 5660 1915 5695 ⁸”⁵
1943 5663 2056 5719 cod.

2160 5663 2539 5735 ἐλαυνόμενος.

2620 5656 2669 5693 δ”
2716 5658 2811 5715 Τό.
2849 5660 3017 5714 Abest
3047 5675 3077 5712 a
3103 5657 3220 5713 cod.
3245 5653 3298 5707 2.

3909 2725 3911 2794 l

3909 2913 3911 3012 l

3909 3213 3911 3306 ἲ
