4012 6206
455 259 591 327 i339

1439 260 1934 322 THEODORETI
1969 260 2309 324 EPISCOPI
2332 262 2703 323 CYRENSIS

3556 261 3691 328 13m

452 383 516 429 ut
542 368 876 436 custodiant,
919 370 1022 426 hoc
1063 367 1288 437 faciunt,
1325 371 1427 428 sibi
1464 372 1597 444 ipsis
1640 356 2019 430 succedentes.

2130 373 2215 428 τὸν
2242 374 2555 445 νυκτερινὸν
2583 372 2776 445 καιρὸν
2820 373 2870 426 oi
2902 371 3197 443 φυλάττειν
3243 374 3690 445 πεταστευμένοι,

451 459 519 515 Et
550 458 639 514 alii
667 458 884 531 quidem
930 469 1040 515 tres
1070 459 1122 514 in
1152 467 1333 530 partes
1360 462 1632 529 dividunt,
1682 463 1773 518 alii
1810 478 1937 517 vero
1969 465 2022 520 in

450 558 709 620 quatuor.
746 547 811 605 Et
850 549 1118 604 Dominus
1150 551 1204 603 in
1252 559 1449 620 quarta
1501 552 1681 622 vigilia
1735 552 1915 610 nectis
1952 553 2023 609 ad

449 656 636 695 sacros
659 642 935 711 apostolos
963 642 1108 697 venit
1129 650 1175 695 π.
1213 641 1348 697 Dicit
1379 643 1542 713 igitur
1566 644 1783 700 divinus
1811 643 1978 702 David
2004 664 2019 701 :

451 731 627 803 Super
674 743 847 789 strato
900 750 1023 790 meo
1071 734 1282 806 iacens,
1336 735 1720 793 dulcissimum
1767 754 2019 794 somnum

450 826 760 896 abigeliam,
796 843 892 898 per
929 827 1174 898 singulas
1212 828 1424 898 vigilias
1456 829 1511 885 in
1554 831 1906 886 meditatione
1930 841 2021 887 tua

450 916 659 972 haerens
694 938 708 974 :
749 920 1078 992 hymnisque
1121 920 1386 977 beneﬁcia
1423 936 1452 975 a
1501 930 1554 977 te
1604 923 1658 977 in
1693 938 1778 978 me
1824 923 2022 979 collata

447 1013 896 1082 compensabam.
941 1012 1075 1067 Nam
1121 1012 1291 1069 veluti
1331 1014 1568 1084 quodam
1614 1014 1822 1071 alarum
1864 1023 2021 1088 tegu-

448 1113 634 1160 mento
661 1105 1066 1178 inexpugnabili
1093 1106 1433 1176 providentia
1476 1122 1564 1164 me
1594 1109 1858 1165 custodis.
1891 1108 2022 1181 [Eo-

446 1197 569 1251 dem
602 1213 820 1268 quoque
850 1199 1012 1254 modo
1043 1199 1278 1270 populus
1318 1214 1350 1254 e
1392 1200 1687 1269 gentilibus
1720 1216 2022 1259 conversus

450 1291 771 1345 recordatur
802 1307 969 1362 super
1016 1302 1211 1357 strato,
1248 1307 1409 1348 mane
1439 1292 1725 1351 celebrans
1775 1295 2022 1351 omnium

449 1381 817 1438 Servatorem.
853 1402 874 1436 ι
910 1383 1048 1452 Quia
1096 1386 1213 1455 ipse
1242 1383 1396 1441 fuisti
1420 1386 1660 1456 adiutor,
1691 1396 1747 1443 et
1786 1388 1838 1442 in
1868 1398 2023 1459 tegu-

447 1482 633 1528 mento
666 1474 877 1529 alarum
907 1484 1120 1531 tuarum
1152 1478 1464 1533 exsultatio.
1492 1497 1511 1530 ι
1534 1478 1665 1534 Ala:
1693 1489 1873 1535 autem
1898 1479 2023 1550 jure

444 1564 642 1619 dixerit
659 1566 861 1638 aliquis
888 1580 999 1622 tum
1027 1568 1192 1625 Vetus
1211 1579 1324 1624 tum
1351 1569 1562 1626 Novum
1586 1570 2019 1641 Testamentum,

447 1655 501 1708 iu
537 1671 646 1725 quo
683 1664 878 1724 tectus,
913 1658 1216 1715 innutritus
1247 1668 1300 1717 et
1330 1660 1527 1731 gaudio
1557 1660 1783 1717 affectus
1809 1678 1902 1731 per
1933 1678 2022 1717 re—

2122 466 2280 521 τοῦτο
2303 465 2470 538 δρῶσι
2506 467 2647 536 σφᾶς
2672 458 3291 536 αύτοὺςδιαδεχόμενοι.
3338 464 3449 517 Kal
3487 464 3539 517 οἱ
3594 466 3690 533 μὲν

2122 559 2282 628 τριχῆ
2305 554 2622 628 διαιροῦσιν,
2665 555 2715 608 οί
2766 554 2825 609 δὲ
2877 553 3143 626 τετραχῆ.
3204 551 3315 607 Καὶ
3363 551 3392 604 ὁ
3424 551 3631 621 Κύριος
3651 551 3696 584 ⁸⁸

2122 651 2358 723 τετάρτῃ
2387 649 2601 721 φυλακῇ
2627 649 2722 720 τῆς
2755 649 2952 712 νυκτὸς
2983 648 3120 719 πρὸς
3152 647 3279 710 τοὺς
3333 647 3516 717 ἱεροὺς
3563 635 3700 700 ἀπο-λ

2125 742 2346 806 στόλους
2374 742 2622 813 ἐλήλυθε.
2671 740 2835 810 Λέγει
2881 738 3063 794 τοίνυν
3105 740 3134 792 ὀ
3195 736 3339 802 θεῖος
3395 736 3580 801 Δαϐὶδ,
3620 738 3699 792 ὅτι

2122 834 2236 889 Καὶ
2283 834 2377 890 ἐπὶ
2433 835 2724 906 στρωμνῆς
2742 834 2787 866 ⁸⁸⁷
2842 832 3265 902 κατακείμενος,
3335 830 3428 884 τὸν
3481 828 3700 900 ἥδιστον

2125 924 2291 980 ὕπνον
2344 925 2716 997 ἀνεϐαλλόμην
2742 924 2812 989 ’⁸,
2845 924 2968 978 καθ’
3015 924 3253 995 ἑκάστην
3307 920 3561 992 φυλακὴν
3603 919 3698 989 τὴν

2125 1016 2225 1088 σὴν
2258 1015 2395 1087 ἔχων
2429 1016 2662 1088 μελέτην
2682 1032 2694 1047 ·
2723 1015 2818 1070 καὶ
2837 1015 2884 1048 ¹⁹
2928 1014 3120 1086 ὕμνοις
3149 1012 3249 1078 τὰς
3281 1015 3360 1075 εἰς
3395 1010 3500 1082 ἐμὲ
3539 1027 3699 1080 γεγε-

2123 1108 2365 1178 νημένας
2420 1107 2728 1178 ήμειδόμην
2750 1106 2796 1138 ³ο
2837 1105 3183 1176 εὐεργεσίας.
3257 1096 3386 1156 Οἷον
3432 1102 3548 1173 γάρ
3595 1118 3696 1155 τινι

2123 1199 2414 1273 πτερύγων
2436 1200 2635 1273 σκέπῃ,
2665 1202 2732 1271 τῇ
2756 1199 2957 1269 ἀμάχῳ
2982 1197 3108 1269 με²¹
3146 1194 3467 1267 προμηθείᾳ
3498 1193 3697 1262 φυλάτ-

2122 1307 2260 1356 τεις.
2296 1288 2368 1363 [³⁸
2395 1290 2506 1345 Καὶ
2553 1288 2714 1344 τοῦτο
2749 1289 2806 1343 δὲ
2835 1288 2968 1343 αὐτὸ
3012 1288 3043 1341 ό
3073 1285 3134 1353 ἐξ
3171 1285 3343 1340 ὲθνῶν
3372 1285 3505 1348 λαὸς
3541 1300 3698 1337 πεπι-

2125 1380 2370 1446 στευκὼς
2400 1381 2736 1452 μνημονεύει
2764 1381 2985 1444 πάντως
3016 1378 3112 1433 ἐπὶ
3140 1377 3245 1448 τῆς
3295 1377 3613 1447 στρωμνῆς,
3644 1375 3698 1428 ἓν

2122 1473 2201 1546 τῷ
2233 1473 2418 1547 ὄρθρῳ
2448 1473 2701 1546 ἀνυμνῶν
2727 1472 2820 1528 τὸν
2849 1472 2960 1526 τῶν
3011 1471 3151 1525 ὅλων
3207 1469 3465 1540 Σωτῆρα.
3506 1487 3526 1520 ι
3582 1467 3700 1522 Ὅτι

2123 1568 2388 1640 ὲγενήθης
2408 1568 2569 1631 αὐτὸς
2603 1567 2821 1638 βοηθὸς,
2853 1566 2948 1621 καὶ
2971 1566 3030 1618 ὲν
3058 1565 3125 1635 τῇ
3149 1563 3332 1634 σκέπῃ
3362 1561 3476 1615 τῶν
3504 1557 3697 1631 πτερύ-

2124 1677 2236 1729 γων
2268 1677 2361 1715 σου
2399 1660 2823 1731 ἀγαλλιάσομαι.
2867 1676 2888 1711 ι
2940 1655 3247 1725 Πτέρυγας
3263 1654 3309 1686 ³³
3357 1653 3420 1706 δὲ
3483 1650 3697 1714 δικαίως

447 1747 860 1816 generationem
892 1760 1085 1803 sancto
1120 1726 1356 1805 lavacro
1371 1751 1571 1806 factam
1602 1726 1825 1808 evectus
1849 1761 1933 1807 est
1968 1761 2027 1806 ut

2130 1726 2196 1807 ἀν
2224 1754 2371 1807 εἴποι
2397 1755 2425 1807 ὁ
2448 1726 2611 1815 αὐτὸς
2634 1726 2874 1807 παλαιάν
2903 1767 2964 1804 τε
2993 1749 3090 1803 καὶ
3136 1748 3266 1802 νέαν
3310 1744 3601 1816 διαθήκην,
3633 1743 3696 1798 δι’

447 1837 601 1892 ﬁeret
643 1838 729 1891 vir
774 1838 1071 1908 perfectus,
1118 1849 1286 1910 utque
1336 1841 1546 1896 veniret
1592 1840 1663 1896 ad
1708 1855 2026 1897 mensuram

447 1941 671 1988 statura:
702 1933 1058 2003 plenitudinis
1089 1933 1296 1989 Christi
1312 1933 1393 2009 1.]

522 2197 689 2254 Vens.
734 2200 786 2254 9.
841 2217 859 2250 ι
896 2198 1139 2253 Adhzesit
1187 2198 1369 2253 anima
1420 2214 1538 2253 mea
1582 2208 1703 2270 post
1747 2206 1820 2254 te.
1863 2218 1882 2251 ι
1922 2198 2029 2261 Nee

446 2305 611 2360 queo.
657 2289 857 2360 inquit,
911 2291 994 2345 vel
1043 2290 1324 2359 paululum
1376 2305 1553 2345 meam
1606 2300 1842 2346 mentem
1873 2307 1903 2346 a
1932 2299 2025 2347 tua

444 2383 713 2436 memoria
739 2383 1017 2447 divellere,
1045 2382 1138 2437 sed
1167 2381 1368 2451 pliiltro
1392 2381 1613 2437 ardente
1636 2383 2023 2449 inﬂammatus,

450 2477 525 2531 tui
567 2476 779 2547 1022
807 2476 1004 2541 amori,
1041 2474 1263 2545 perinde
1290 2489 1355 2529 ac
1378 2475 1589 2543 glutino
1614 2477 1875 2545 quodam,
1912 2491 2028 2531 me-

449 2570 623 2623 moria
671 2584 794 2622 sum
843 2566 1057 2622 aliixus.
1114 2565 1322 2621 Deinde
1373 2565 1615 2620 ostendit
1659 2566 1863 2621 amoris
1909 2566 2027 2622 fru-

444 2667 615 2712 ctum.
666 2675 686 2709 ι
722 2657 802 2712 Me
843 2657 1084 2727 suscepit
1116 2657 1337 2711 dextera
1371 2664 1483 2709 tua.
1526 2673 1547 2708 ι
1591 2655 1728 2710 Cum
1763 2657 1908 2712 enim
1947 2656 2026 2710 vi-

447 2746 576 2800 deas
605 2758 693 2800 me
720 2745 801 2800 sic
844 2742 1124 2809 aﬂ‘ectum,
1156 2751 1253 2798 tuo
1280 2742 1486 2798 auxilio
1514 2758 1601 2797 me
1625 2742 1849 2814 dignum
1876 2743 2027 2814 judi-

444 2851 561 2893 cas.

519 2925 692 2984 Vens.
732 2926 821 2982 10.
868 2945 890 2979 ι
931 2925 1036 2997 ipsi
1082 2940 1217 2981 vero
1273 2924 1330 2978 in
1388 2939 1592 2979 vanum
1656 2924 2028 2994 quaesiverunt

2127 1840 2197 1917 ἧς
2249 1845 2585 1914 σκεπόμενος
2637 1846 2731 1898 καὶ
2786 1843 3123 1916 τρεφόμενος
3156 1840 3253 1895 καὶ
3297 1836 3698 1908 ἀγαλλιώμενος

2128 1937 2215 1990 διὰ
2250 1938 2346 2006 τῆς
2383 1935 2475 1990 τοῦ
2528 1935 2753 2007 λουτροῦ
2813 1933 3238 2003 παλιγγενεσίας
3311 1931 3569 2003 προήχθη
3622 1929 3696 1992 είς

2129 2025 2299 2096 ἀνδρα
2324 2027 2550 2092 τέλειον,
2592 2029 2670 2089 είς
2708 2026 2906 2098 μέτρον
2932 2024 3151 2098 ἡλικίας
3192 2024 3288 2078 τοῦ
3331 2020 3697 2093 πληρώματος

2127 2117 2222 2171 τοῦ
2253 2117 2512 2188 Χριστοῦ.
2529 2117 2549 2190 ]

2199 2209 2265 2262 θ’.
2306 2228 2324 2261 ι
2378 2208 2674 2282 Ἐκολλήθη
2720 2211 2754 2281 ή
2799 2208 2947 2280 ψυχή
2998 2226 3101 2280 μου
3136 2208 3314 2262 ὀπίσω
3343 2222 3464 2261 σου.
3495 2225 3515 2260 ι

2130 2301 2265 2372 πρὸς
2295 2300 2490 2371 βραχὺ,
2519 2301 2674 2372 φησι,
2700 2309 2791 2354 τον
2815 2299 2948 2369 ἐμὸν
2973 2299 3237 2368 λογισμὸν
3294 2299 3403 2369 τῆς
3439 2297 3537 2367 σῆς
3572 2296 3697 2348 ἀπο-

2131 2390 2565 2462 στῆσαιδύναμαι
2598 2392 2843 2461 μνήμης·
2870 2389 3006 2444 ἀλλὰ
3025 2389 3233 2460 φίλτρῳ
3260 2385 3461 2459 θερμῷ
3483 2381 3698 2456 πυρευό·

2131 2482 2373 2554 μενος³⁵,
2428 2479 2542 2536 οἷόν
2594 2500 2700 2536 τινι
2740 2482 2904 2554 κόλλῃ
2945 2485 3010 2554 τῇ
3064 2482 3261 2554 μνήμῃ
3305 2479 3392 2550 τῷ
3437 2476 3513 2548 σῷ
3558 2474 3696 2545 πόθῳ

2129 2574 2515 2645 προσδέδεμαι.
2552 2570 2690 2629 Εἶτα
2724 2575 2966 2629 δείκνυσι
3011 2574 3103 2629 τὸν
3126 2573 3224 2627 τοῦ
3267 2572 3445 2627 πόθου
3479 2567 3696 2641 καρπόν.

2135 2687 2154 2721 ι
2176 2667 2342 2736 Ἐμοῦ
2364 2667 2409 2700 ³⁵
2438 2667 2495 2720 δὲ
2526 2668 2853 2724 ἀντελάϐετο
2870 2669 2914 2702 ³⁸
2941 2670 2974 2739 ἡ
3000 2667 3151 2738 δεξιά
3181 2683 3298 2721 σου.
3340 2682 3360 2717 ι
3407 2663 3560 2720 Οὕτω
3600 2661 3697 2731 γάρ
3718 2654 3735 2664 ’

2131 2776 2199 2831 με
2230 2759 2574 2832 διακείμενον
2602 2759 2766 2831 δρῶν,
2814 2760 2915 2831 τῆς
2971 2758 3074 2829 σῆς
3119 2758 3292 2825 ἀξιοῖς
3338 2753 3696 2828 προμηθείαςο

2204 2947 2256 2997 ι’.
2290 2960 2310 2994 ι
2346 2941 2510 2995 Αὐτοὶ
2537 2940 2595 2993 δὲ
2650 2940 2730 3004 είς
2781 2939 3017 3011 μάτην³⁷
3070 2936 3343 3008 ἐζήτησαν
3404 2935 3504 3006 τὴν
3538 2929 3702 3002 ψυχήν

447 3018 690 3074 animam
724 3032 928 3072 meam.
971 3034 990 3068 ι
1032 3018 1050 3040 ¹
1088 3016 1227 3071 Cum
1273 3015 1535 3071 adversus
1577 3031 1672 3070 eos
1717 3015 1854 3070 nihil
1890 3013 2028 3070 deli-

2134 3052 2260 3105 μου.
2302 3052 2322 3087 ι
2367 3033 2531 3087 Οὐδὲν
2552 3032 2852 3103 ἠδικηκότα
2883 3048 2951 3102 με
2984 3027 3390 3092 σπουδάζουσιν
3418 3026 3624 3082 ἀνελεῖν
3639 3022 3697 3075 ⁸³.

450 3110 687 3181 querim,
730 3110 954 3165 student
995 3117 1173 3163 tamen
1210 3122 1298 3162 me
1332 3122 1363 3161 e
1394 3107 1574 3161 medio
1621 3105 1828 3160 tollere.
1889 3122 1908 3157 ι
1942 3103 2031 3158 Ιη-

453 3199 701 3258 troibunt
744 3201 799 3256 in
842 3199 1103 3255 inferiora
1151 3211 1330 3255 terra.
1371 3218 1390 3251 ι
1427 3199 1496 3252 At
1546 3197 1673 3255 novi
1719 3212 1816 3253 eos
1859 3205 2037 3253 morte

356 3368 359 3369 ν
457 3293 795 3350 alliciendos.
828 3291 1035 3349 Deinde
1073 3293 1235 3348 etiam
1278 3291 1502 3346 modum
1549 3290 1806 3345 interitus
1846 3304 2033 3346 eorum

455 3386 721 3459 praedicit.

524 3477 691 3535 Vens.
733 3477 818 3533 ll.
856 3496 877 3529 ι
919 3475 1229 3532 Tradentur
1271 3475 1328 3530 in
1375 3489 1572 3533 manus
1620 3473 1865 3545 gladii.)
1923 3473 2038 3530 Hoc

455 3570 525 3625 al)
580 3569 821 3625 hostium
867 3568 1092 3623 dextera
1149 3565 1446 3635 patientur.
1496 3582 1515 3615 ι
1550 3564 1739 3619 Partes
1791 3562 2036 3634 vulpium

455 3671 637 3718 erunt.
671 3680 690 3712 ι
726 3659 790 3715 Et
814 3662 940 3727 hoc,
968 3659 1168 3729 inquit,
1197 3672 1306 3713 non
1330 3673 1361 3712 a
1383 3656 1789 3727 potentioribus
1811 3656 2038 3725 quibus-

455 3753 582 3806 dam
615 3750 866 3805 hostibus
898 3750 1171 3819 patientur
1208 3765 1224 3803 :
1259 3747 1354 3803 sed
1382 3762 1413 3802 a
1440 3747 1688 3803 ﬁnitimis
1711 3747 2032 3820 Allophylis,

455 3842 551 3914 qui
582 3841 801 3912 quidem
832 3855 987 3894 more
1013 3839 1258 3908 vulpium
1303 3852 1700 3907 nonnunquam
1747 3836 2033 3902 invadunt,

456 3935 774 4002 frequenter
828 3946 959 3988 vero
1014 3942 1067 3986 et
1117 3931 1237 3987 sine
1291 3929 1701 3985 intermissione
1766 3928 2035 3999 proﬂigati

455 4024 693 4095 fugiunt.
721 4024 886 4078 Porro
910 4022 1199 4092 expeditus
1221 4030 1273 4076 et
1293 4021 1578 4090 proximus
1605 4034 1801 4074 sensus
1833 4020 2032 4085 innuit,

454 4117 643 4187 plures
685 4131 750 4169 ex
805 4115 912 4181 his,
968 4113 1062 4184 qui
1118 4115 1173 4167 in
1217 4112 1474 4169 conﬂictu
1516 4109 1922 4176 occumberent,
1968 4126 2037 4165 ne

455 4208 741 4279 sepultura
770 4205 989 4278 quidem
1018 4205 1215 4277 dignos
1239 4204 1379 4271 fore,
1430 4204 1523 4259 sed
1565 4217 1594 4256 a
1625 4201 1757 4256 feris
1799 4200 2033 4256 dilania-

454 4311 571 4355 tutn
603 4299 690 4353 iri.

524 4392 689 4450 Vnns.
735 4393 820 4448 l2.
869 4411 888 4445 ι
924 4390 1050 4449 Rex
1095 4405 1226 4447 vero
1266 4390 1538 4446 laetabitur
1582 4388 1636 4443 in
1683 4388 1814 4443 Deo.
1851 4405 1868 4440 ι
1923 4385 2032 4457 Ego
2063 4409 2108 4464 ι)

451 4497 603 4545 vero,
639 4482 838 4553 inquit,
878 4496 1108 4552 regnum
1144 4481 1242 4537 abs
1275 4488 1329 4535 te
1372 4479 1628 4550 adeptus,
1673 4495 1779 4532 non
1810 4477 1879 4531 ob
1908 4476 2030 4531 illo-

452 4590 574 4629 rum
630 4575 909 4630 interitum
960 4574 1203 4639 lmtabor,
1259 4572 1355 4628 sed
1408 4572 1481 4626 ob
1529 4582 1682 4626 tuum
1739 4569 2028 4633 auxilium,

451 4678 565 4734 quo
610 4664 785 4721 fretus
814 4665 1144 4736 multiplices
1188 4664 1537 4719 inimicorum
1571 4660 1803 4717 insidias
1843 4659 2029 4730 efﬂigi.

455 4775 480 4809 ι
510 4755 907 4813 Laudabuntur
952 4772 1163 4825 omnes,
1200 4755 1297 4827 qui
1339 4754 1528 4826 iurant
1557 4753 1612 4810 in
1637 4768 1728 4819 eo,
1773 4753 1902 4825 quia
1933 4753 2033 4807 ob-

428 4885 440 4972 .I
528 4932 557 4962 ε
584 4921 751 4979 Marc.
782 4937 858 4987 γι,
898 4922 986 4978 ιθ.
1063 4931 1091 4972 γ
1120 4920 1320 4991 Ephes.
1352 4918 1536 4986 ".15.

2144 3142 2162 3175 ι
2206 3121 2685 3178 Εἱσελεύσονται⁸⁹
2737 3123 2818 3185 εἰς
2878 3120 2947 3174 τὰ
3012 3118 3306 3174 κατώτατα
3331 3119 3438 3185 τῆς
3494 3117 3611 3184 γῆς.
3668 3129 3690 3165 ι

2108 3219 2117 3227 ”
2149 3216 2289 3270 Ἀλλ’
2314 3211 2432 3270 οἶδα
2462 3213 2538 3278 ὡς
2573 3213 2788 3284 θανάτῳ
2831 3211 3328 3284 παραδοθήσονται.
3380 3205 3515 3264 Εἶτα
3530 3207 3575 3239 ⁸⁸
3614 3201 3696 3260 καὶ

2136 3308 2228 3362 τὸν
2253 3308 2454 3380 τρόπον
2487 3304 2843 3374 προθεσπίζει
2869 3304 2967 3375 τῆς
2995 3301 3253 3371 τελευτῆς
3270 3299 3344 3357 ⁸⁸.

2209 3490 2301 3539 ια’.
2367 3501 2385 3534 ι
2438 3480 2922 3554 Παραδοθήσονται
2972 3480 3054 3542 είς
3100 3479 3289 3548 χεῖρας
3364 3472 3642 3549 ῥομφαίας.
3672 3486 3689 3521 ι

2148 3574 2285 3630 Ὑπὸ
2304 3575 2348 3606 δ’
2382 3571 2686 3643 πολεμικῆς
2712 3567 2869 3623 τοῦτο
2890 3567 3172 3622 πείσονται
3193 3564 3399 3631 δεξιᾶς.
3439 3584 3457 3617 ι
3484 3561 3695 3635 Μερίδες

2138 3663 2438 3720 ἀλωπέκων
2466 3661 2708 3716 ἔσονται.
2771 3677 2791 3712 ι
2850 3659 2963 3713 Kal
2994 3657 3171 3725 τοῦτο,
3222 3658 3413 3726 φησὶν,
3465 3654 3561 3722 οὐχ
3603 3649 3695 3705 ύπδ

2138 3754 2377 3811 δυνατῶν
2411 3770 2572 3807 τινων
2611 3750 3014 3821 ύποστήσονται
3051 3745 3365 3817 πολεμίων·
3398 3744 3509 3799 ἀλλ’
3545 3741 3639 3796 ὑπὸ
3656 3738 3696 3772 ⁸³

2137 3845 2246 3899 τῶν
2291 3842 2598 3915 προσοίκων
2644 3837 2955 3908 ἀλλοφύλων
2993 3855 3008 3869 ο
3056 3836 3106 3890 οἳ
3161 3835 3319 3905 δίκην
3380 3834 3692 3891 ἀλωπέκων,

2138 3934 2268 3989 ποτὲ
2312 3933 2411 4004 μὲν
2465 3932 2685 3996 ἐπίασι,
2739 3928 2890 3998 θαμὰ
2929 3926 2988 3980 δὲ
3036 3925 3130 3979 καὶ
3162 3925 3407 3995 συνεχῶς
3440 3917 3695 3989 ἐξελαυνό-

2140 4041 2293 4096 μενοι
2312 4023 2359 4054 ⁸⁵
2409 4020 2730 4090 φεύγουσιν.
2780 4016 3086 4070 Δίνίττεται
3128 4013 3185 4067 δὲ
3233 4013 3294 4065 τὸ
3322 4014 3369 4045 ⁸⁸
3429 4011 3695 4082 πρόχειρον

2137 4115 2337 4184 νόημα,
2367 4112 2441 4175 ὼς
2466 4110 2576 4163 τῶν
2602 4111 2659 4163 ὲν
2694 4107 2774 4178 τῷ
2811 4104 3036 4175 πολέμῳ
3082 4103 3362 4158 πεσόντων
3400 4102 3450 4156 οί
3498 4097 3694 4157 πλείους

2136 4205 2257 4259 οὐδὲ
2279 4203 2458 4272 ταφῆς
2496 4199 2904 4271 ,ἀξιωθήσονται
2929 4224 2951 4256 ο
2997 4193 3132 4251 ἀλλά
3177 4188 3558 4264 προκείσονται
3595 4188 3694 4248 τοῖς

2138 4296 2346 4368 θηρίοις
2377 4294 2533 4365 βορά.

2208 4391 2292 4460 ιβ’.
2330 4408 2349 4439 ι
2392 4389 2450 4443 Ὀ
2470 4388 2525 4440 δὲ
2558 4385 2811 4456 βασιλεὺς
2836 4380 3271 4454 εὐφρανθήσεται
3298 4377 3392 4432 ἐπὶ
3422 4373 3496 4446 τῷ
3519 4369 3651 4460 Θεῷ.Δ
3670 4386 3688 4420 ι

2151 4458 2294 4549 Ἐγὼ
2313 4481 2389 4542 δὲ,
2412 4496 2484 4550 φη
2494 4478 2565 4539 sl.
2591 4475 2739 4547 παρά
2758 4472 2851 4527 σοῦ
2871 4472 2969 4542 τὴν
2988 4468 3266 4541 βασιλείαν
3285 4466 3592 4535 δεξάμενος,
3607 4458 3692 4550 οὐκ

2139 4546 2236 4623 carl
2256 4567 2333 4637 τῷ
2360 4546 2582 4619 ἐκείνων
2610 4563 2920 4633 ἡσθήσομαι
2967 4558 3180 4629 θανάτῳ
3204 4599 3218 4623 ,
3273 4555 3390 4610 ἀλλ’
3412 4556 3502 4607 ἐπὶ
3538 4552 3600 4620 τῇ

2140 4633 2478 4732 “WPiWF—‘ih
2528 4655 2599 4709 δι’
2642 4649 2710 4725 ἦς
2763 4651 3029 4721 ἐξέφυγον
3067 4649 3167 4713 τὰς
3214 4641 3558 4705 παντοδαπὰς

2142 4725 2441 4823 πολεμίωνΓ
2493 4745 2814 4811 ὲπιὸουλάς.
2885 4761 2905 4796 ι
2980 4739 3434 4811 Ἐπαινεθήσεται
3505 4731 3608 4794 πᾶς
3664 4725 3690 4779 6

1562 5068 1796 5126 unus
1835 5064 2217 5124 LECTIONES
2255 5026 2346 5120 ET
2378 5061 2614 5119 nom.

522 5194 572 5228 "
602 5188 818 5259 Κύριος
860 5189 986 5245 eod.
1020 5188 1044 5243 l
1080 5199 1135 5245 et
1158 5190 1335 5245 Sadd.
1359 5187 1439 5243 δέ.

446 5267 501 5299 ³⁸
540 5252 900 5338 Ἀνδᾶοόῲί
927 5260 1291 5338 ἀπεσειόμῃν.
1320 5258 1447 5338 cod_._
1474 5252 2026 5338 ξ-ᾁιῖκιεεόαλλόμινιν.Α¹

2130 5255 2209 5338 ρίς
2238 5252 2432 5338 θος-,ε
2455 5252 2588 5338 ’πρῖε

1406 5329 1451 5361 ³⁸
1476 5328 1562 5383 Μέ
1578 5327 1701 5382 Des.
1734 5328 1787 5379 in
1820 5318 1944 5380 cod.
1967 5324 2023 5380 2.
2099 5325 2143 5357 ³³
2171 5323 2420 5378 EcodJ.
2498 5318 2866 5388 ³³Πτέρυγιις

1406 5399 1627 5451 νόμενος.
1702 5395 1750 5429 ³⁸
1779 5396 1980 5451 Ἐιιοῦ.
2013 5396 2136 5450 cod.
2159 5395 2185 5449 1
2218 5394 2344 5449 add.
2375 5391 2572 5451 λέγων.
2648 5390 2694 5421 ³⁸
2722 5388 2843 5444 cod.

1839 5407 1980 5465 μου.
2013 5407 2136 5450 cou.
2159 5407 2185 5449 ι
2218 5407 2344 5449 auu.
2376 5407 2572 5460 Αεγων.

453 5347 789 5411 καθ’-γεγενᾷ
814 5329 977 5384 habet
1015 5329 1328 5411 γινομένας.

456 5399 511 5462 ἰ..
547 5399 610 5458 5.
677 5401 955 5470 "vasv.
988 5401 1111 5454 cod.
1145 5400 1172 5453 ι
1196 5399 1627 5470 πυρσευόμενος.

1542 5188 1587 5220 ³⁷
1631 5186 1755 5239 Ἐπί
1787 5202 2029 5255 στρωμν-

1542 5255 1926 5294 ἵιεμεῆηὶὶῆηῃυ
2007 5257 2026 5285 ί

2161 5184 2285 5239 cod.
2319 5183 2343 5236 1
2374 5181 2500 5236 add.
2520 5196 2658 5262 μου.
2690 5177 2815 5234 cod.
2835 5176 2872 5231 2
2903 5175 3067 5231 habet
3087 5174 3146 5228 ἐν
3285 5168 3535 5294 στὲιυξνῇ
3576 5176 3683 5233 μου.

2130 5255 2191 5294 nl
2238 5252 2360 5294 and,
2396 5252 2432 5294 ἓ
2455 5269 2586 5294 τηις-
2667 5250 2712 5281 ³ο
2743 5250 2949 5294 rem»-
2976 5244 3170 5294 τἰιιεισ-
3198 5259 3252 5294 In
3275 5256 3340 5294 co
3384 5277 3397 5293 .
3468 5278 3480 5291 .
3513 5233 3627 5291 cod.
3657 5230 3680 5283 ί

2667 5250 2712 5281 ³ο
2739 5250 2949 5317 Pareae.
2976 5244 3170 5313 ἠμεισ.
3198 5244 3252 5298 in
3275 5244 3397 5296 cod.
3430 5244 3480 5292 2.
3513 5244 3627 5291 cod.
3657 5244 3663 5283 1

2667 5318 2866 5368 ίουναο
2889 5347 2957 5358 -
2981 5313 3293 5368 διαθήκην.
3320 5309 3441 5364 Vid.
3463 5322 3514 5368 ι).
3540 5299 3663 5358 1009

2648 5322 2866 5388 ἐρυγας
2889 5347 2957 5358 -
2981 5322 3293 5436 διαίξὶξκην.
3326 5322 3441 5364 vm.
3463 5322 3514 5377 p.
3540 5322 3679 5389 ξυυτ,

2648 5390 2694 5421 ³⁸
2722 5388 2843 5444 cod.
2878 5388 2904 5440 1
2937 5385 3128 5441 ἀντιλα
3165 5400 3238 5437 οι.
3301 5381 3345 5413 ³⁷
3370 5381 3680 5444 Ειςματην.

457 5448 619 5538 ῖίοιπ.
653 5448 865 5569 ﬂgiti
890 5483 958 5536 ad
982 5448 1738 5548 υαδιαιὶοηεῖιιξείίΐιιιετίίυω.
1794 5448 2029 5533 “idem.

2130 5448 2322 5532 νςεω.
2350 5476 2374 5529 ι
2407 5448 2531 5529 add.
2556 5472 2648 5527 διὰ
2670 5471 2737 5543 δὴ
2768 5468 2945 5524 ταῦτα
2974 5467 3105 5539 βοῶ.
3186 5467 3230 5499 ιο
3259 5461 3380 5519 cod.
3409 5460 3436 5514 ι
3468 5448 3683 5510 είσελεύ·

458 5598 667 5640 σαιντο.
716 5564 789 5620 ⁷⁸⁸
814 5564 981 5644 Elea.
1016 5585 1143 5645 Des.
1180 5587 1236 5642 in
1259 5587 1383 5643 cod.
1418 5587 1471 5642 1.
1548 5584 1591 5618 ⁴¹
1621 5583 1841 5640 Τελευτ

457 5603 712 5707 imit».
735 5603 1400 5714 ἐᾟέαιῐοῖἓῗιζῗιῗ⁰⁰ίι
1418 5603 2029 5712 ἒὶια.’ὲ¹ἀ⁸τέἓῗ¹²τῖ¹εςῗξέι⁰

2130 5630 2131 5635 η
2171 5603 2295 5637 auu.
2333 5603 2518 5636 εκεινα

2138 5651 2518 5726 ἐλαυνόμενος.

1942 5581 2063 5639 cod.
2106 5581 2131 5636 1
2171 5581 2295 5637 add.
2333 5581 2580 5636 ἐκείνων.
2659 5577 2705 5611 δ’
2746 5577 2881 5631 Ὑπὸ
2909 5606 2982 5617 —-—
3011 5573 3237 5640 δεξιᾶς.
3263 5569 3392 5626 Des.
3419 5566 3472 5624 in
3501 5559 3613 5619 cod.
3634 5553 3680 5609 1ο

2597 5645 2648 5682 ⁵⁸
2694 5646 2789 5704 Τό.
2826 5647 2995 5703 Abest
3024 5662 3055 5701 a
3080 5645 3200 5701 cod.
3224 5642 3282 5697 2.
