  <div class='ocr_page' id='page_1' title='image "/cluster/home/n/w/nwhite01/storage/ocr_20150623/80/mdp.39015007044145/707.png"; bbox 0 0 4012 6206; ppageno 0'>
   <div class='ocr_carea' id='block_1_1' title="bbox 469 276 603 341">
    <p class='ocr_par' dir='ltr' id='par_1_1' title="bbox 469 276 603 341">
     <span class='ocr_line' id='line_1_1' title="bbox 469 276 603 341; baseline -0.015 0"><span class='ocrx_word' id='word_1_1' title='bbox 469 276 603 341; x_wconf 64' lang='grc'><strong>1343</strong></span> 
     </span>
    </p>
   </div>
   <div class='ocr_carea' id='block_1_2' title="bbox 1457 265 2737 342">
    <p class='ocr_par' dir='ltr' id='par_1_2' title="bbox 1457 265 2737 342">
     <span class='ocr_line' id='line_1_2' title="bbox 1457 265 2737 342; baseline -0.001 -1"><span class='ocrx_word' id='word_1_2' title='bbox 1457 280 1951 341; x_wconf 82' lang='lat' dir='ltr'><strong>THEODORETI</strong></span> <span class='ocrx_word' id='word_1_3' title='bbox 1982 265 2323 340; x_wconf 72' lang='lat' dir='ltr'><strong>EPISCOPI</strong></span> <span class='ocrx_word' id='word_1_4' title='bbox 2364 282 2737 342; x_wconf 82' lang='lat' dir='ltr'><strong>CYRENSIS</strong></span> 
     </span>
    </p>
   </div>
   <div class='ocr_carea' id='block_1_3' title="bbox 3601 272 3731 340">
    <p class='ocr_par' dir='ltr' id='par_1_3' title="bbox 3601 272 3731 340">
     <span class='ocr_line' id='line_1_3' title="bbox 3601 272 3731 340; baseline 0.031 -4"><span class='ocrx_word' id='word_1_5' title='bbox 3601 272 3731 340; x_wconf 51' lang='lat'><strong>13.11</strong></span> 
     </span>
    </p>
   </div>
   <div class='ocr_carea' id='block_1_4' title="bbox 467 381 2064 464">
    <p class='ocr_par' dir='ltr' id='par_1_4' title="bbox 467 381 2044 463">
     <span class='ocr_line' id='line_1_4' title="bbox 467 381 2044 463; baseline -0.001 -17"><span class='ocrx_word' id='word_1_6' title='bbox 467 395 604 447; x_wconf 78' lang='lat' dir='ltr'><strong>dixit</strong></span> <span class='ocrx_word' id='word_1_7' title='bbox 631 410 644 447; x_wconf 95' lang='lat'><strong>:</strong></span> <span class='ocrx_word' id='word_1_8' title='bbox 683 390 1053 446; x_wconf 80' lang='lat' dir='ltr'><strong>Firmnverunt</strong></span> <span class='ocrx_word' id='word_1_9' title='bbox 1092 408 1381 452; x_wconf 76' lang='lat' dir='ltr'><strong>sermonem</strong></span> <span class='ocrx_word' id='word_1_10' title='bbox 1413 411 1654 463; x_wconf 81' lang='lat' dir='ltr'><strong>pravum,</strong></span> <span class='ocrx_word' id='word_1_11' title='bbox 1681 381 2044 448; x_wconf 54' lang='lat' dir='ltr'><strong>~nnrriwerunt</strong></span> 
     </span>
    </p>
   </div>
   <div class='ocr_carea' id='block_1_5' title="bbox 2162 381 3736 464">
    <p class='ocr_par' dir='ltr' id='par_1_5' title="bbox 2162 387 3736 464">
     <span class='ocr_line' id='line_1_5' title="bbox 2162 387 3736 464; baseline 0.01 -20"><span class='ocrx_word' id='word_1_12' title='bbox 2162 393 2372 464; x_wconf 79' lang='grc' dir='ltr'>εἴρηκεν</span> <span class='ocrx_word' id='word_1_13' title='bbox 2396 409 2410 426; x_wconf 77' lang='grc' dir='ltr'><strong><em>ο</em></strong></span> <span class='ocrx_word' id='word_1_14' title='bbox 2484 394 2856 463; x_wconf 79' lang='grc' dir='ltr'>Ἐκράτυναν</span> <span class='ocrx_word' id='word_1_15' title='bbox 2913 394 3104 463; x_wconf 73' lang='grc' dir='ltr'>λόγον</span> <span class='ocrx_word' id='word_1_16' title='bbox 3153 387 3445 457; x_wconf 71' lang='grc' dir='ltr'><strong>πονηρὸνν’</strong></span> <span class='ocrx_word' id='word_1_17' title='bbox 3492 388 3736 458; x_wconf 75' lang='grc' dir='ltr'>εὶσητήο</span> 
     </span>
    </p>
   </div>
   <div class='ocr_carea' id='block_1_6' title="bbox 466 485 2044 555">
    <p class='ocr_par' dir='ltr' id='par_1_6' title="bbox 466 485 2044 555">
     <span class='ocr_line' id='line_1_6' title="bbox 466 485 2044 555; baseline 0.001 -17"><span class='ocrx_word' id='word_1_18' title='bbox 466 495 522 538; x_wconf 86' lang='lat' dir='ltr'><strong>ut</strong></span> <span class='ocrx_word' id='word_1_19' title='bbox 555 485 882 538; x_wconf 83' lang='lat' dir='ltr'><strong>occultarent</strong></span> <span class='ocrx_word' id='word_1_20' title='bbox 913 485 1149 555; x_wconf 77' lang='lat' dir='ltr'><strong>laqueos.</strong></span> <span class='ocrx_word' id='word_1_21' title='bbox 1187 485 1360 540; x_wconf 84' lang='lat' dir='ltr'><strong>Meam</strong></span> <span class='ocrx_word' id='word_1_22' title='bbox 1392 487 1537 542; x_wconf 89' lang='lat' dir='ltr'><strong>enim</strong></span> <span class='ocrx_word' id='word_1_23' title='bbox 1568 488 1858 542; x_wconf 86' lang='lat' dir='ltr'><strong>molientes</strong></span> <span class='ocrx_word' id='word_1_24' title='bbox 1893 502 2044 542; x_wconf 89' lang='lat' dir='ltr'><strong>mor-</strong></span> 
     </span>
    </p>
   </div>
   <div class='ocr_carea' id='block_1_7' title="bbox 468 579 2043 649">
    <p class='ocr_par' dir='ltr' id='par_1_7' title="bbox 468 579 2043 649">
     <span class='ocr_line' id='line_1_7' title="bbox 468 579 2043 649; baseline 0.001 -19"><span class='ocrx_word' id='word_1_25' title='bbox 468 586 601 640; x_wconf 60' lang='lat' dir='ltr'><strong>tem,</strong></span> <span class='ocrx_word' id='word_1_26' title='bbox 637 587 1068 646; x_wconf 71' lang='lat' dir='ltr'><strong>proposuerunt,</strong></span> <span class='ocrx_word' id='word_1_27' title='bbox 1124 591 1178 634; x_wconf 86' lang='lat' dir='ltr'><strong>et</strong></span> <span class='ocrx_word' id='word_1_28' title='bbox 1224 579 1630 644; x_wconf 88' lang='lat' dir='ltr'><strong>consultarunt,</strong></span> <span class='ocrx_word' id='word_1_29' title='bbox 1677 580 1880 649; x_wconf 84' lang='lat' dir='ltr'><strong>quibus</strong></span> <span class='ocrx_word' id='word_1_30' title='bbox 1924 594 2043 633; x_wconf 87' lang='lat' dir='ltr'><strong>ma-</strong></span> 
     </span>
    </p>
   </div>
   <div class='ocr_carea' id='block_1_8' title="bbox 465 667 2044 742">
    <p class='ocr_par' dir='ltr' id='par_1_8' title="bbox 465 667 2044 742">
     <span class='ocr_line' id='line_1_8' title="bbox 465 667 2044 742; baseline 0.003 -19"><span class='ocrx_word' id='word_1_31' title='bbox 465 667 881 725; x_wconf 90' lang='lat' dir='ltr'><strong>chinationibus</strong></span> <span class='ocrx_word' id='word_1_32' title='bbox 913 681 1106 726; x_wconf 90' lang='lat' dir='ltr'><strong>contra</strong></span> <span class='ocrx_word' id='word_1_33' title='bbox 1136 686 1224 726; x_wconf 91' lang='lat' dir='ltr'><strong>me</strong></span> <span class='ocrx_word' id='word_1_34' title='bbox 1256 671 1516 726; x_wconf 89' lang='lat' dir='ltr'><strong>utendum</strong></span> <span class='ocrx_word' id='word_1_35' title='bbox 1547 681 1715 738; x_wconf 83' lang='lat' dir='ltr'><strong>esset,</strong></span> <span class='ocrx_word' id='word_1_36' title='bbox 1745 682 1804 727; x_wconf 90' lang='lat' dir='ltr'><strong>et</strong></span> <span class='ocrx_word' id='word_1_37' title='bbox 1833 688 1892 727; x_wconf 89' lang='lat' dir='ltr'><strong>re</strong></span> <span class='ocrx_word' id='word_1_38' title='bbox 1925 675 2044 742; x_wconf 79' lang='lat' dir='ltr'><strong>ipsa</strong></span> 
     </span>
    </p>
   </div>
   <div class='ocr_carea' id='block_1_9' title="bbox 468 762 2046 834">
    <p class='ocr_par' dir='ltr' id='par_1_9' title="bbox 468 762 2046 834">
     <span class='ocr_line' id='line_1_9' title="bbox 468 762 2046 834; baseline 0.002 -19"><span class='ocrx_word' id='word_1_39' title='bbox 468 776 751 816; x_wconf 77' lang='lat' dir='ltr'><strong>sermones</strong></span> <span class='ocrx_word' id='word_1_40' title='bbox 791 764 1210 820; x_wconf 91' lang='lat' dir='ltr'><strong>conﬁrmarunt.</strong></span> <span class='ocrx_word' id='word_1_41' title='bbox 1254 762 1383 818; x_wconf 68' lang='lat' dir='ltr'><strong>Haac</strong></span> <span class='ocrx_word' id='word_1_42' title='bbox 1420 774 1601 818; x_wconf 89' lang='lat' dir='ltr'><strong>autem</strong></span> <span class='ocrx_word' id='word_1_43' title='bbox 1644 767 1869 830; x_wconf 82' lang='lat' dir='ltr'><strong>audent,</strong></span> <span class='ocrx_word' id='word_1_44' title='bbox 1916 766 2046 834; x_wconf 87' lang='lat' dir='ltr'><strong>quia</strong></span> 
     </span>
    </p>
   </div>
   <div class='ocr_carea' id='block_1_10' title="bbox 467 855 2043 926">
    <p class='ocr_par' dir='ltr' id='par_1_10' title="bbox 467 855 2043 926">
     <span class='ocr_line' id='line_1_10' title="bbox 467 855 2043 926; baseline 0.003 -20"><span class='ocrx_word' id='word_1_45' title='bbox 467 855 740 907; x_wconf 88' lang='lat' dir='ltr'><strong>neminem</strong></span> <span class='ocrx_word' id='word_1_46' title='bbox 776 865 965 926; x_wconf 88' lang='lat' dir='ltr'><strong>putant</strong></span> <span class='ocrx_word' id='word_1_47' title='bbox 990 857 1153 912; x_wconf 83' lang='lat' dir='ltr'><strong>rebus</strong></span> <span class='ocrx_word' id='word_1_48' title='bbox 1179 858 1438 912; x_wconf 83' lang='lat' dir='ltr'><strong>humanis</strong></span> <span class='ocrx_word' id='word_1_49' title='bbox 1462 873 1716 926; x_wconf 61' lang='lat' dir='ltr'><strong>pratesse.</strong></span> <span class='ocrx_word' id='word_1_50' title='bbox 1750 856 1866 913; x_wconf 92' lang='lat' dir='ltr'><strong>lloc</strong></span> <span class='ocrx_word' id='word_1_51' title='bbox 1897 857 2043 913; x_wconf 89' lang='lat' dir='ltr'><strong>enim</strong></span> 
     </span>
    </p>
   </div>
   <div class='ocr_carea' id='block_1_11' title="bbox 467 945 2046 1015">
    <p class='ocr_par' dir='ltr' id='par_1_11' title="bbox 467 945 2046 1015">
     <span class='ocr_line' id='line_1_11' title="bbox 467 945 2046 1015; baseline 0.005 -20"><span class='ocrx_word' id='word_1_52' title='bbox 467 957 529 995; x_wconf 84' lang='lat' dir='ltr'><strong>ea</strong></span> <span class='ocrx_word' id='word_1_53' title='bbox 586 959 708 1012; x_wconf 80' lang='lat' dir='ltr'><strong>quae</strong></span> <span class='ocrx_word' id='word_1_54' title='bbox 756 955 1063 1015; x_wconf 89' lang='lat' dir='ltr'><strong>sequuntur</strong></span> <span class='ocrx_word' id='word_1_55' title='bbox 1113 947 1442 1003; x_wconf 75' lang='lat' dir='ltr'><strong>declarant:</strong></span> <span class='ocrx_word' id='word_1_56' title='bbox 1499 967 1516 1000; x_wconf 89' lang='grc'><strong>‹</strong></span> <span class='ocrx_word' id='word_1_57' title='bbox 1555 947 1869 1002; x_wconf 84' lang='lat' dir='ltr'><strong>Dixerunt:</strong></span> <span class='ocrx_word' id='word_1_58' title='bbox 1912 945 2046 1013; x_wconf 81' lang='lat' dir='ltr'><strong>Quis</strong></span> 
     </span>
    </p>
   </div>
   <div class='ocr_carea' id='block_1_12' title="bbox 468 1034 2049 1107">
    <p class='ocr_par' dir='ltr' id='par_1_12' title="bbox 468 1034 2049 1107">
     <span class='ocr_line' id='line_1_12' title="bbox 468 1034 2049 1107; baseline 0.003 -22"><span class='ocrx_word' id='word_1_59' title='bbox 468 1034 672 1088; x_wconf 78' lang='lat' dir='ltr'><strong>videbit</strong></span> <span class='ocrx_word' id='word_1_60' title='bbox 702 1035 840 1091; x_wconf 86' lang='lat' dir='ltr'><strong>eos?</strong></span> <span class='ocrx_word' id='word_1_61' title='bbox 871 1055 890 1088; x_wconf 72' lang='grc' dir='ltr'><strong>ι</strong></span> <span class='ocrx_word' id='word_1_62' title='bbox 931 1035 1259 1106; x_wconf 85' lang='lat' dir='ltr'><strong>Opinantur,</strong></span> <span class='ocrx_word' id='word_1_63' title='bbox 1303 1038 1399 1102; x_wconf 90' lang='lat' dir='ltr'><strong>ait,</strong></span> <span class='ocrx_word' id='word_1_64' title='bbox 1440 1039 1715 1093; x_wconf 86' lang='lat' dir='ltr'><strong>neminem</strong></span> <span class='ocrx_word' id='word_1_65' title='bbox 1747 1053 1869 1093; x_wconf 90' lang='lat' dir='ltr'><strong>esse</strong></span> <span class='ocrx_word' id='word_1_66' title='bbox 1902 1036 2049 1107; x_wconf 91' lang='lat' dir='ltr'><strong>judi-</strong></span> 
     </span>
    </p>
   </div>
   <div class='ocr_carea' id='block_1_13' title="bbox 467 1129 2048 1201">
    <p class='ocr_par' dir='ltr' id='par_1_13' title="bbox 467 1129 2048 1201">
     <span class='ocr_line' id='line_1_13' title="bbox 467 1129 2048 1201; baseline 0.006 -23"><span class='ocrx_word' id='word_1_67' title='bbox 467 1141 586 1180; x_wconf 88' lang='lat' dir='ltr'><strong>cem</strong></span> <span class='ocrx_word' id='word_1_68' title='bbox 618 1143 808 1182; x_wconf 81' lang='lat' dir='ltr'><strong>eorum</strong></span> <span class='ocrx_word' id='word_1_69' title='bbox 840 1145 962 1199; x_wconf 67' lang='lat' dir='ltr'><strong>qua:</strong></span> <span class='ocrx_word' id='word_1_70' title='bbox 993 1130 1145 1184; x_wconf 88' lang='lat' dir='ltr'><strong>ﬁunt.</strong></span> <span class='ocrx_word' id='word_1_71' title='bbox 1184 1129 1324 1201; x_wconf 86' lang='lat' dir='ltr'><strong>[Hoc</strong></span> <span class='ocrx_word' id='word_1_72' title='bbox 1351 1131 1570 1200; x_wconf 86' lang='lat' dir='ltr'><strong>quidem</strong></span> <span class='ocrx_word' id='word_1_73' title='bbox 1602 1132 1742 1186; x_wconf 84' lang='lat' dir='ltr'><strong>valet</strong></span> <span class='ocrx_word' id='word_1_74' title='bbox 1775 1131 1843 1186; x_wconf 89' lang='lat' dir='ltr'><strong>de</strong></span> <span class='ocrx_word' id='word_1_75' title='bbox 1878 1131 2048 1187; x_wconf 81' lang='lat' dir='ltr'><strong>Absa-</strong></span> 
     </span>
    </p>
   </div>
   <div class='ocr_carea' id='block_1_14' title="bbox 471 1207 2052 1294">
    <p class='ocr_par' dir='ltr' id='par_1_14' title="bbox 471 1207 2052 1294">
     <span class='ocr_line' id='line_1_14' title="bbox 471 1207 2052 1294; baseline 0.005 -24"><span class='ocrx_word' id='word_1_76' title='bbox 471 1219 636 1284; x_wconf 79' lang='lat' dir='ltr'><strong>tumo,</strong></span> <span class='ocrx_word' id='word_1_77' title='bbox 683 1207 849 1275; x_wconf 80' lang='lat' dir='ltr'><strong>Saule</strong></span> <span class='ocrx_word' id='word_1_78' title='bbox 885 1229 938 1274; x_wconf 92' lang='lat' dir='ltr'><strong>et</strong></span> <span class='ocrx_word' id='word_1_79' title='bbox 968 1221 1218 1292; x_wconf 85' lang='lat' dir='ltr'><strong>reliquis,</strong></span> <span class='ocrx_word' id='word_1_80' title='bbox 1255 1222 1399 1277; x_wconf 88' lang='lat' dir='ltr'><strong>idem</strong></span> <span class='ocrx_word' id='word_1_81' title='bbox 1437 1238 1567 1278; x_wconf 77' lang='lat' dir='ltr'><strong>vero</strong></span> <span class='ocrx_word' id='word_1_82' title='bbox 1611 1224 1678 1278; x_wconf 93' lang='lat' dir='ltr'><strong>de</strong></span> <span class='ocrx_word' id='word_1_83' title='bbox 1723 1225 1901 1294; x_wconf 82' lang='lat' dir='ltr'><strong>impiis</strong></span> <span class='ocrx_word' id='word_1_84' title='bbox 1936 1241 2052 1280; x_wconf 88' lang='lat' dir='ltr'><strong>om-</strong></span> 
     </span>
    </p>
   </div>
   <div class='ocr_carea' id='block_1_15' title="bbox 469 1311 2052 1384">
    <p class='ocr_par' dir='ltr' id='par_1_15' title="bbox 469 1311 2052 1384">
     <span class='ocr_line' id='line_1_15' title="bbox 469 1311 2052 1384; baseline 0.006 -20"><span class='ocrx_word' id='word_1_85' title='bbox 469 1311 630 1366; x_wconf 89' lang='lat' dir='ltr'><strong>nibus</strong></span> <span class='ocrx_word' id='word_1_86' title='bbox 681 1314 848 1380; x_wconf 85' lang='lat' dir='ltr'><strong>valet,</strong></span> <span class='ocrx_word' id='word_1_87' title='bbox 902 1314 998 1384; x_wconf 90' lang='lat' dir='ltr'><strong>qui</strong></span> <span class='ocrx_word' id='word_1_88' title='bbox 1047 1323 1356 1384; x_wconf 90' lang='lat' dir='ltr'><strong>opportuno</strong></span> <span class='ocrx_word' id='word_1_89' title='bbox 1413 1324 1658 1384; x_wconf 88' lang='lat' dir='ltr'><strong>tempore</strong></span> <span class='ocrx_word' id='word_1_90' title='bbox 1711 1317 1945 1373; x_wconf 86' lang='lat' dir='ltr'><strong>insidias</strong></span> <span class='ocrx_word' id='word_1_91' title='bbox 1997 1329 2052 1373; x_wconf 88' lang='lat' dir='ltr'><strong>et</strong></span> 
     </span>
    </p>
   </div>
   <div class='ocr_carea' id='block_1_16' title="bbox 471 1402 2047 1478">
    <p class='ocr_par' dir='ltr' id='par_1_16' title="bbox 471 1402 2047 1478">
     <span class='ocr_line' id='line_1_16' title="bbox 471 1402 2047 1478; baseline 0.006 -23"><span class='ocrx_word' id='word_1_92' title='bbox 471 1402 772 1457; x_wconf 81' lang='lat' dir='ltr'><strong>tendiculas</strong></span> <span class='ocrx_word' id='word_1_93' title='bbox 805 1414 1002 1474; x_wconf 85' lang='lat' dir='ltr'><strong>parant</strong></span> <span class='ocrx_word' id='word_1_94' title='bbox 1030 1405 1287 1462; x_wconf 85' lang='lat' dir='ltr'><strong>Ecclesiis</strong></span> <span class='ocrx_word' id='word_1_95' title='bbox 1316 1407 1432 1463; x_wconf 89' lang='lat' dir='ltr'><strong>Dei.</strong></span> <span class='ocrx_word' id='word_1_96' title='bbox 1461 1408 1672 1478; x_wconf 77' lang='lat'><strong>1025</strong></span> <span class='ocrx_word' id='word_1_97' title='bbox 1697 1407 1833 1467; x_wconf 84' lang='lat' dir='ltr'><strong>Vide</strong></span> <span class='ocrx_word' id='word_1_98' title='bbox 1864 1421 2047 1465; x_wconf 88' lang='lat' dir='ltr'><strong>autem</strong></span> 
     </span>
    </p>
   </div>
   <div class='ocr_carea' id='block_1_17' title="bbox 469 1493 1302 1570">
    <p class='ocr_par' dir='ltr' id='par_1_17' title="bbox 469 1493 1302 1570">
     <span class='ocr_line' id='line_1_17' title="bbox 469 1493 1302 1570; baseline 0.007 -25"><span class='ocrx_word' id='word_1_99' title='bbox 469 1493 598 1562; x_wconf 87' lang='lat' dir='ltr'><strong>quid</strong></span> <span class='ocrx_word' id='word_1_100' title='bbox 631 1494 777 1548; x_wconf 78' lang='lat' dir='ltr'><strong>dicat</strong></span> <span class='ocrx_word' id='word_1_101' title='bbox 813 1495 866 1549; x_wconf 90' lang='lat' dir='ltr'><strong>in</strong></span> <span class='ocrx_word' id='word_1_102' title='bbox 895 1497 1302 1570; x_wconf 87' lang='lat' dir='ltr'><strong>sequentibus.]</strong></span> 
     </span>
    </p>
   </div>
   <div class='ocr_carea' id='block_1_18' title="bbox 545 1585 2050 1669">
    <p class='ocr_par' dir='ltr' id='par_1_18' title="bbox 545 1585 2050 1669">
     <span class='ocr_line' id='line_1_18' title="bbox 545 1585 2050 1669; baseline 0.006 -30"><span class='ocrx_word' id='word_1_103' title='bbox 545 1585 702 1669; x_wconf 67' lang='lat' dir='ltr'><strong>Vens.</strong></span> <span class='ocrx_word' id='word_1_104' title='bbox 739 1589 789 1641; x_wconf 86' lang='lat'><strong>7.</strong></span> <span class='ocrx_word' id='word_1_105' title='bbox 826 1608 843 1639; x_wconf 79' lang='grc' dir='ltr'><strong>ι</strong></span> <span class='ocrx_word' id='word_1_106' title='bbox 892 1588 1130 1648; x_wconf 87' lang='lat' dir='ltr'><strong>Scrutati</strong></span> <span class='ocrx_word' id='word_1_107' title='bbox 1176 1603 1304 1647; x_wconf 88' lang='lat' dir='ltr'><strong>sunt</strong></span> <span class='ocrx_word' id='word_1_108' title='bbox 1338 1593 1680 1663; x_wconf 87' lang='lat' dir='ltr'><strong>iniquitates,</strong></span> <span class='ocrx_word' id='word_1_109' title='bbox 1730 1594 2050 1650; x_wconf 83' lang='lat' dir='ltr'><strong>defecerunt</strong></span> 
     </span>
    </p>
   </div>
   <div class='ocr_carea' id='block_1_19' title="bbox 467 1684 2052 1755">
    <p class='ocr_par' dir='ltr' id='par_1_19' title="bbox 467 1684 2052 1755">
     <span class='ocr_line' id='line_1_19' title="bbox 467 1684 2052 1755; baseline 0.006 -21"><span class='ocrx_word' id='word_1_110' title='bbox 467 1691 776 1736; x_wconf 71' lang='lat' dir='ltr'><strong>scrutantes</strong></span> <span class='ocrx_word' id='word_1_111' title='bbox 807 1685 1097 1738; x_wconf 88' lang='lat' dir='ltr'><strong>scrutinio.</strong></span> <span class='ocrx_word' id='word_1_112' title='bbox 1141 1703 1160 1736; x_wconf 73' lang='grc' dir='ltr'><strong>ι</strong></span> <span class='ocrx_word' id='word_1_113' title='bbox 1223 1684 1475 1752; x_wconf 85' lang='lat' dir='ltr'><strong>Omnem,</strong></span> <span class='ocrx_word' id='word_1_114' title='bbox 1529 1687 1726 1755; x_wconf 81' lang='lat' dir='ltr'><strong>inquit,</strong></span> <span class='ocrx_word' id='word_1_115' title='bbox 1786 1688 2052 1742; x_wconf 86' lang='lat' dir='ltr'><strong>adhibue-</strong></span> 
     </span>
    </p>
   </div>
   <div class='ocr_carea' id='block_1_20' title="bbox 470 1777 2050 1850">
    <p class='ocr_par' dir='ltr' id='par_1_20' title="bbox 470 1777 2050 1850">
     <span class='ocr_line' id='line_1_20' title="bbox 470 1777 2050 1850; baseline 0.006 -25"><span class='ocrx_word' id='word_1_116' title='bbox 470 1787 598 1828; x_wconf 83' lang='lat' dir='ltr'><strong>runt</strong></span> <span class='ocrx_word' id='word_1_117' title='bbox 655 1777 1063 1846; x_wconf 74' lang='lat' dir='ltr'><strong>cogitationem.</strong></span> <span class='ocrx_word' id='word_1_118' title='bbox 1121 1795 1314 1834; x_wconf 89' lang='lat' dir='ltr'><strong>omnes</strong></span> <span class='ocrx_word' id='word_1_119' title='bbox 1367 1781 1631 1836; x_wconf 82' lang='lat' dir='ltr'><strong>adversus</strong></span> <span class='ocrx_word' id='word_1_120' title='bbox 1680 1798 1767 1836; x_wconf 90' lang='lat' dir='ltr'><strong>me</strong></span> <span class='ocrx_word' id='word_1_121' title='bbox 1830 1781 2050 1850; x_wconf 81' lang='lat' dir='ltr'><strong>excogi-</strong></span> 
     </span>
    </p>
   </div>
   <div class='ocr_carea' id='block_1_21' title="bbox 470 1869 2053 1940">
    <p class='ocr_par' dir='ltr' id='par_1_21' title="bbox 470 1869 2053 1940">
     <span class='ocr_line' id='line_1_21' title="bbox 470 1869 2053 1940; baseline 0.003 -20"><span class='ocrx_word' id='word_1_122' title='bbox 470 1877 654 1921; x_wconf 86' lang='lat' dir='ltr'><strong>tarunt</strong></span> <span class='ocrx_word' id='word_1_123' title='bbox 716 1869 1182 1932; x_wconf 86' lang='lat' dir='ltr'><strong>machinationes,</strong></span> <span class='ocrx_word' id='word_1_124' title='bbox 1248 1871 1454 1925; x_wconf 87' lang='lat' dir='ltr'><strong>nullam</strong></span> <span class='ocrx_word' id='word_1_125' title='bbox 1506 1871 1617 1925; x_wconf 88' lang='lat' dir='ltr'><strong>doli</strong></span> <span class='ocrx_word' id='word_1_126' title='bbox 1675 1873 1911 1940; x_wconf 87' lang='lat' dir='ltr'><strong>speciem</strong></span> <span class='ocrx_word' id='word_1_127' title='bbox 1969 1872 2053 1925; x_wconf 89' lang='lat' dir='ltr'><strong>in-</strong></span> 
     </span>
    </p>
   </div>
   <div class='ocr_carea' id='block_1_22' title="bbox 471 1961 2051 2030">
    <p class='ocr_par' dir='ltr' id='par_1_22' title="bbox 471 1961 2051 2030">
     <span class='ocr_line' id='line_1_22' title="bbox 471 1961 2051 2030; baseline 0.004 -18"><span class='ocrx_word' id='word_1_128' title='bbox 471 1967 673 2013; x_wconf 81' lang='lat' dir='ltr'><strong>laetam</strong></span> <span class='ocrx_word' id='word_1_129' title='bbox 708 1961 1070 2030; x_wconf 85' lang='lat' dir='ltr'><strong>reliquerunt,</strong></span> <span class='ocrx_word' id='word_1_130' title='bbox 1121 1962 1301 2030; x_wconf 85' lang='lat' dir='ltr'><strong>palam</strong></span> <span class='ocrx_word' id='word_1_131' title='bbox 1352 1963 1695 2029; x_wconf 84' lang='lat' dir='ltr'><strong>invadentes,</strong></span> <span class='ocrx_word' id='word_1_132' title='bbox 1737 1964 2051 2018; x_wconf 89' lang='lat' dir='ltr'><strong>clanculum</strong></span> 
     </span>
    </p>
   </div>
   <div class='ocr_carea' id='block_1_23' title="bbox 470 2051 2053 2121">
    <p class='ocr_par' dir='ltr' id='par_1_23' title="bbox 470 2051 2053 2121">
     <span class='ocr_line' id='line_1_23' title="bbox 470 2051 2053 2121; baseline 0.005 -17"><span class='ocrx_word' id='word_1_133' title='bbox 470 2051 836 2115; x_wconf 75' lang='lat' dir='ltr'><strong>insidiantes,</strong></span> <span class='ocrx_word' id='word_1_134' title='bbox 901 2052 1337 2121; x_wconf 80' lang='lat' dir='ltr'><strong>speculatoribus</strong></span> <span class='ocrx_word' id='word_1_135' title='bbox 1405 2064 1660 2120; x_wconf 92' lang='lat' dir='ltr'><strong>utentes,</strong></span> <span class='ocrx_word' id='word_1_136' title='bbox 1728 2056 2053 2112; x_wconf 84' lang='lat' dir='ltr'><strong>solitudines</strong></span> 
     </span>
    </p>
   </div>
   <div class='ocr_carea' id='block_1_24' title="bbox 469 2142 2052 2218">
    <p class='ocr_par' dir='ltr' id='par_1_24' title="bbox 469 2142 2052 2218">
     <span class='ocr_line' id='line_1_24' title="bbox 469 2142 2052 2218; baseline 0.006 -25"><span class='ocrx_word' id='word_1_137' title='bbox 469 2142 756 2206; x_wconf 83' lang='lat' dir='ltr'><strong>obeuntes,</strong></span> <span class='ocrx_word' id='word_1_138' title='bbox 798 2158 993 2198; x_wconf 78' lang='lat' dir='ltr'><strong>saxosa</strong></span> <span class='ocrx_word' id='word_1_139' title='bbox 1038 2143 1157 2198; x_wconf 85' lang='lat' dir='ltr'><strong>loca</strong></span> <span class='ocrx_word' id='word_1_140' title='bbox 1205 2145 1568 2214; x_wconf 86' lang='lat' dir='ltr'><strong>requirentes,</strong></span> <span class='ocrx_word' id='word_1_141' title='bbox 1618 2145 1697 2218; x_wconf 91' lang='lat' dir='ltr'><strong>[in</strong></span> <span class='ocrx_word' id='word_1_142' title='bbox 1745 2147 2052 2214; x_wconf 85' lang='lat' dir='ltr'><strong>montibus,</strong></span> 
     </span>
    </p>
   </div>
   <div class='ocr_carea' id='block_1_25' title="bbox 469 2234 2050 2309">
    <p class='ocr_par' dir='ltr' id='par_1_25' title="bbox 469 2234 2050 2309">
     <span class='ocr_line' id='line_1_25' title="bbox 469 2234 2050 2309; baseline 0.004 -22"><span class='ocrx_word' id='word_1_143' title='bbox 469 2234 749 2300; x_wconf 85' lang='lat' dir='ltr'><strong>speluncis</strong></span> <span class='ocrx_word' id='word_1_144' title='bbox 781 2243 834 2288; x_wconf 86' lang='lat' dir='ltr'><strong>et</strong></span> <span class='ocrx_word' id='word_1_145' title='bbox 870 2234 1084 2290; x_wconf 91' lang='lat' dir='ltr'><strong>ﬁssuris</strong></span> <span class='ocrx_word' id='word_1_146' title='bbox 1120 2245 1278 2290; x_wconf 76' lang='lat' dir='ltr'><strong>terra:</strong></span> <span class='ocrx_word' id='word_1_147' title='bbox 1299 2247 1607 2306; x_wconf 73' lang='lat' dir='ltr'><strong>quaerentes</strong></span> <span class='ocrx_word' id='word_1_148' title='bbox 1642 2239 1875 2293; x_wconf 89' lang='lat' dir='ltr'><strong>athletas</strong></span> <span class='ocrx_word' id='word_1_149' title='bbox 1908 2240 2050 2309; x_wconf 88' lang='lat' dir='ltr'><strong>pios,</strong></span> 
     </span>
    </p>
   </div>
   <div class='ocr_carea' id='block_1_26' title="bbox 470 2326 2051 2403">
    <p class='ocr_par' dir='ltr' id='par_1_26' title="bbox 470 2326 2051 2403">
     <span class='ocr_line' id='line_1_26' title="bbox 470 2326 2051 2403; baseline 0.005 -25"><span class='ocrx_word' id='word_1_150' title='bbox 470 2326 538 2378; x_wconf 87' lang='lat' dir='ltr'><strong>de</strong></span> <span class='ocrx_word' id='word_1_151' title='bbox 568 2326 770 2394; x_wconf 88' lang='lat' dir='ltr'><strong>quibus</strong></span> <span class='ocrx_word' id='word_1_152' title='bbox 791 2326 1013 2392; x_wconf 77' lang='lat' dir='ltr'><strong>divinus</strong></span> <span class='ocrx_word' id='word_1_153' title='bbox 1049 2327 1252 2384; x_wconf 87' lang='lat' dir='ltr'><strong>Paulus</strong></span> <span class='ocrx_word' id='word_1_154' title='bbox 1278 2329 1448 2383; x_wconf 88' lang='lat' dir='ltr'><strong>dicit:</strong></span> <span class='ocrx_word' id='word_1_155' title='bbox 1480 2329 1683 2394; x_wconf 78' lang='lat' dir='ltr'><strong>Quibus</strong></span> <span class='ocrx_word' id='word_1_156' title='bbox 1719 2347 1824 2385; x_wconf 85' lang='lat' dir='ltr'><strong>non</strong></span> <span class='ocrx_word' id='word_1_157' title='bbox 1857 2332 2051 2403; x_wconf 79' lang='lat' dir='ltr'><strong>dignus</strong></span> 
     </span>
    </p>
   </div>
   <div class='ocr_carea' id='block_1_27' title="bbox 469 2415 920 2488">
    <p class='ocr_par' dir='ltr' id='par_1_27' title="bbox 469 2415 920 2488">
     <span class='ocr_line' id='line_1_27' title="bbox 469 2415 920 2488; baseline 0.004 -20"><span class='ocrx_word' id='word_1_158' title='bbox 469 2424 583 2469; x_wconf 86' lang='lat' dir='ltr'><strong>erat</strong></span> <span class='ocrx_word' id='word_1_159' title='bbox 618 2416 867 2470; x_wconf 80' lang='lat' dir='ltr'><strong>mundus.</strong></span> <span class='ocrx_word' id='word_1_160' title='bbox 899 2415 920 2488; x_wconf 83' lang='lat'><strong>]</strong></span> 
     </span>
    </p>
   </div>
   <div class='ocr_carea' id='block_1_28' title="bbox 541 2504 2054 2574">
    <p class='ocr_par' dir='ltr' id='par_1_28' title="bbox 541 2504 2054 2574">
     <span class='ocr_line' id='line_1_28' title="bbox 541 2504 2054 2574; baseline 0.007 -17"><span class='ocrx_word' id='word_1_161' title='bbox 541 2504 709 2560; x_wconf 79' lang='lat' dir='ltr'><strong>Vens.</strong></span> <span class='ocrx_word' id='word_1_162' title='bbox 736 2505 790 2559; x_wconf 88' lang='lat'><strong>8.</strong></span> <span class='ocrx_word' id='word_1_163' title='bbox 828 2524 846 2557; x_wconf 78' lang='grc' dir='ltr'><strong>ι</strong></span> <span class='ocrx_word' id='word_1_164' title='bbox 881 2506 1117 2562; x_wconf 78' lang='lat' dir='ltr'><strong>Accedet</strong></span> <span class='ocrx_word' id='word_1_165' title='bbox 1147 2507 1332 2574; x_wconf 87' lang='lat' dir='ltr'><strong>homo,</strong></span> <span class='ocrx_word' id='word_1_166' title='bbox 1371 2516 1426 2564; x_wconf 92' lang='lat' dir='ltr'><strong>et</strong></span> <span class='ocrx_word' id='word_1_167' title='bbox 1454 2525 1552 2564; x_wconf 90' lang='lat' dir='ltr'><strong>cor</strong></span> <span class='ocrx_word' id='word_1_168' title='bbox 1579 2509 1770 2566; x_wconf 87' lang='lat' dir='ltr'><strong>altum.</strong></span> <span class='ocrx_word' id='word_1_169' title='bbox 1805 2511 1870 2566; x_wconf 78' lang='lat' dir='ltr'><strong>Et</strong></span> <span class='ocrx_word' id='word_1_170' title='bbox 1899 2513 2054 2567; x_wconf 60' lang='lat' dir='ltr'><strong>exal-</strong></span> 
     </span>
    </p>
   </div>
   <div class='ocr_carea' id='block_1_29' title="bbox 470 2594 2054 2674">
    <p class='ocr_par' dir='ltr' id='par_1_29' title="bbox 470 2594 2054 2674">
     <span class='ocr_line' id='line_1_29' title="bbox 470 2594 2054 2674; baseline 0.007 -26"><span class='ocrx_word' id='word_1_171' title='bbox 470 2594 896 2660; x_wconf 66' lang='lat' dir='ltr'><strong>tabiturDeus,»</strong></span> <span class='ocrx_word' id='word_1_172' title='bbox 933 2598 1049 2653; x_wconf 83' lang='lat' dir='ltr'><strong>Hoc</strong></span> <span class='ocrx_word' id='word_1_173' title='bbox 1090 2600 1334 2668; x_wconf 85' lang='lat' dir='ltr'><strong>apertius</strong></span> <span class='ocrx_word' id='word_1_174' title='bbox 1384 2599 1727 2657; x_wconf 79' lang='lat' dir='ltr'><strong>Tlteodotion</strong></span> <span class='ocrx_word' id='word_1_175' title='bbox 1783 2603 2054 2674; x_wconf 88' lang='lat' dir='ltr'><strong>interpre-</strong></span> 
     </span>
    </p>
   </div>
   <div class='ocr_carea' id='block_1_30' title="bbox 471 2688 2056 2765">
    <p class='ocr_par' dir='ltr' id='par_1_30' title="bbox 471 2688 2056 2765">
     <span class='ocr_line' id='line_1_30' title="bbox 471 2688 2056 2765; baseline 0.006 -24"><span class='ocrx_word' id='word_1_176' title='bbox 471 2694 616 2741; x_wconf 87' lang='lat' dir='ltr'><strong>tatus</strong></span> <span class='ocrx_word' id='word_1_177' title='bbox 649 2695 766 2753; x_wconf 87' lang='lat' dir='ltr'><strong>est;</strong></span> <span class='ocrx_word' id='word_1_178' title='bbox 801 2688 934 2744; x_wconf 87' lang='lat' dir='ltr'><strong>dicit</strong></span> <span class='ocrx_word' id='word_1_179' title='bbox 957 2699 1138 2745; x_wconf 81' lang='lat' dir='ltr'><strong>autem</strong></span> <span class='ocrx_word' id='word_1_180' title='bbox 1176 2692 1255 2746; x_wconf 91' lang='lat' dir='ltr'><strong>sic</strong></span> <span class='ocrx_word' id='word_1_181' title='bbox 1281 2710 1292 2745; x_wconf 96' lang='lat'><strong>:</strong></span> <span class='ocrx_word' id='word_1_182' title='bbox 1323 2691 1390 2744; x_wconf 87' lang='lat' dir='ltr'><strong>Et</strong></span> <span class='ocrx_word' id='word_1_183' title='bbox 1422 2703 1642 2748; x_wconf 81' lang='lat' dir='ltr'><strong>mentem</strong></span> <span class='ocrx_word' id='word_1_184' title='bbox 1670 2697 1792 2761; x_wconf 80' lang='lat' dir='ltr'><strong>viri,</strong></span> <span class='ocrx_word' id='word_1_185' title='bbox 1843 2707 1895 2749; x_wconf 85' lang='lat' dir='ltr'><strong>et</strong></span> <span class='ocrx_word' id='word_1_186' title='bbox 1927 2713 2056 2765; x_wconf 87' lang='lat' dir='ltr'><strong>pro-</strong></span> 
     </span>
    </p>
   </div>
   <div class='ocr_carea' id='block_1_31' title="bbox 473 2779 2054 2855">
    <p class='ocr_par' dir='ltr' id='par_1_31' title="bbox 473 2779 2054 2855">
     <span class='ocr_line' id='line_1_31' title="bbox 473 2779 2054 2855; baseline 0.009 -25"><span class='ocrx_word' id='word_1_187' title='bbox 473 2779 701 2848; x_wconf 72' lang='lat' dir='ltr'><strong>fundum</strong></span> <span class='ocrx_word' id='word_1_188' title='bbox 729 2797 839 2847; x_wconf 85' lang='lat' dir='ltr'><strong>cor,</strong></span> <span class='ocrx_word' id='word_1_189' title='bbox 863 2779 1001 2834; x_wconf 74' lang='lat' dir='ltr'><strong>Deus</strong></span> <span class='ocrx_word' id='word_1_190' title='bbox 1032 2785 1241 2853; x_wconf 72' lang='lat' dir='ltr'><strong>sagittis</strong></span> <span class='ocrx_word' id='word_1_191' title='bbox 1263 2785 1504 2855; x_wconf 82' lang='lat' dir='ltr'><strong>conﬁget.</strong></span> <span class='ocrx_word' id='word_1_192' title='bbox 1534 2786 1646 2840; x_wconf 87' lang='lat' dir='ltr'><strong>Etsi</strong></span> <span class='ocrx_word' id='word_1_193' title='bbox 1675 2789 1819 2841; x_wconf 92' lang='lat' dir='ltr'><strong>enim</strong></span> <span class='ocrx_word' id='word_1_194' title='bbox 1855 2789 2054 2845; x_wconf 85' lang='lat' dir='ltr'><strong>millies</strong></span> 
     </span>
    </p>
   </div>
   <div class='ocr_carea' id='block_1_32' title="bbox 470 2876 2052 2944">
    <p class='ocr_par' dir='ltr' id='par_1_32' title="bbox 470 2876 2052 2944">
     <span class='ocr_line' id='line_1_32' title="bbox 470 2876 2052 2944; baseline 0.007 -19"><span class='ocrx_word' id='word_1_195' title='bbox 470 2887 569 2925; x_wconf 82' lang='lat' dir='ltr'><strong>sua</strong></span> <span class='ocrx_word' id='word_1_196' title='bbox 619 2888 786 2943; x_wconf 89' lang='lat' dir='ltr'><strong>prava</strong></span> <span class='ocrx_word' id='word_1_197' title='bbox 820 2876 999 2932; x_wconf 89' lang='lat' dir='ltr'><strong>studia</strong></span> <span class='ocrx_word' id='word_1_198' title='bbox 1041 2877 1368 2931; x_wconf 84' lang='lat' dir='ltr'><strong>occultarint</strong></span> <span class='ocrx_word' id='word_1_199' title='bbox 1392 2920 1406 2944; x_wconf 94' lang='lat'><strong>,</strong></span> <span class='ocrx_word' id='word_1_200' title='bbox 1444 2879 1732 2933; x_wconf 85' lang='lat' dir='ltr'><strong>manifesta</strong></span> <span class='ocrx_word' id='word_1_201' title='bbox 1764 2889 1893 2935; x_wconf 90' lang='lat' dir='ltr'><strong>sunt</strong></span> <span class='ocrx_word' id='word_1_202' title='bbox 1942 2879 2052 2936; x_wconf 90' lang='lat' dir='ltr'><strong>Deo</strong></span> 
     </span>
    </p>
   </div>
   <div class='ocr_carea' id='block_1_33' title="bbox 470 2965 2049 3039">
    <p class='ocr_par' dir='ltr' id='par_1_33' title="bbox 470 2965 2049 3039">
     <span class='ocr_line' id='line_1_33' title="bbox 470 2965 2049 3039; baseline 0.006 -20"><span class='ocrx_word' id='word_1_203' title='bbox 470 2965 654 3020; x_wconf 87' lang='lat' dir='ltr'><strong>omnia</strong></span> <span class='ocrx_word' id='word_1_204' title='bbox 707 2967 1043 3038; x_wconf 89' lang='lat' dir='ltr'><strong>inspicienti,</strong></span> <span class='ocrx_word' id='word_1_205' title='bbox 1088 2970 1181 3039; x_wconf 89' lang='lat' dir='ltr'><strong>qui</strong></span> <span class='ocrx_word' id='word_1_206' title='bbox 1217 2971 1491 3039; x_wconf 83' lang='lat' dir='ltr'><strong>propriam</strong></span> <span class='ocrx_word' id='word_1_207' title='bbox 1531 2971 1772 3026; x_wconf 87' lang='lat' dir='ltr'><strong>ostendit</strong></span> <span class='ocrx_word' id='word_1_208' title='bbox 1805 2972 2049 3028; x_wconf 87' lang='lat' dir='ltr'><strong>altitudi-</strong></span> 
     </span>
    </p>
   </div>
   <div class='ocr_carea' id='block_1_34' title="bbox 472 3057 1976 3134">
    <p class='ocr_par' dir='ltr' id='par_1_34' title="bbox 472 3057 1976 3134">
     <span class='ocr_line' id='line_1_34' title="bbox 472 3057 1976 3134; baseline 0.009 -28"><span class='ocrx_word' id='word_1_209' title='bbox 472 3069 619 3122; x_wconf 90' lang='lat' dir='ltr'><strong>nem,</strong></span> <span class='ocrx_word' id='word_1_210' title='bbox 655 3057 784 3112; x_wconf 90' lang='lat' dir='ltr'><strong>dum</strong></span> <span class='ocrx_word' id='word_1_211' title='bbox 817 3074 1009 3128; x_wconf 71' lang='lat' dir='ltr'><strong>punias</strong></span> <span class='ocrx_word' id='word_1_212' title='bbox 1039 3060 1108 3114; x_wconf 87' lang='lat' dir='ltr'><strong>ab</strong></span> <span class='ocrx_word' id='word_1_213' title='bbox 1137 3059 1406 3129; x_wconf 89' lang='lat' dir='ltr'><strong>ejusmodi</strong></span> <span class='ocrx_word' id='word_1_214' title='bbox 1444 3061 1759 3118; x_wconf 80' lang='lat' dir='ltr'><strong>hominibus</strong></span> <span class='ocrx_word' id='word_1_215' title='bbox 1789 3065 1976 3134; x_wconf 80' lang='lat' dir='ltr'><strong>exigit.</strong></span> 
     </span>
    </p>
   </div>
   <div class='ocr_carea' id='block_1_35' title="bbox 549 3229 2050 3310">
    <p class='ocr_par' dir='ltr' id='par_1_35' title="bbox 549 3229 2050 3310">
     <span class='ocr_line' id='line_1_35' title="bbox 549 3229 2050 3310; baseline 0.005 -21"><span class='ocrx_word' id='word_1_216' title='bbox 549 3229 569 3288; x_wconf 61' lang='grc' dir='ltr'><strong>ι</strong></span> <span class='ocrx_word' id='word_1_217' title='bbox 609 3240 626 3258; x_wconf 78' lang='grc'>⁶</span> <span class='ocrx_word' id='word_1_218' title='bbox 663 3236 886 3307; x_wconf 78' lang='lat' dir='ltr'><strong>Sagittae</strong></span> <span class='ocrx_word' id='word_1_219' title='bbox 915 3240 1267 3308; x_wconf 86' lang='lat' dir='ltr'><strong>parvulorum</strong></span> <span class='ocrx_word' id='word_1_220' title='bbox 1300 3240 1456 3296; x_wconf 73' lang='lat' dir='ltr'><strong>facta:</strong></span> <span class='ocrx_word' id='word_1_221' title='bbox 1486 3249 1616 3296; x_wconf 89' lang='lat' dir='ltr'><strong>sunt</strong></span> <span class='ocrx_word' id='word_1_222' title='bbox 1637 3241 1810 3310; x_wconf 72' lang='lat' dir='ltr'><strong>plaga:</strong></span> <span class='ocrx_word' id='word_1_223' title='bbox 1837 3255 2050 3296; x_wconf 89' lang='lat' dir='ltr'><strong>eorum.</strong></span> 
     </span>
    </p>
   </div>
   <div class='ocr_carea' id='block_1_36' title="bbox 472 3326 2056 3404">
    <p class='ocr_par' dir='ltr' id='par_1_36' title="bbox 472 3326 2056 3404">
     <span class='ocr_line' id='line_1_36' title="bbox 472 3326 2056 3404; baseline 0.003 -22"><span class='ocrx_word' id='word_1_224' title='bbox 472 3326 751 3400; x_wconf 55' lang='grc' dir='ltr'>[νεικείω</span> <span class='ocrx_word' id='word_1_225' title='bbox 788 3329 853 3383; x_wconf 89' lang='grc' dir='ltr'>Ει</span> <span class='ocrx_word' id='word_1_226' title='bbox 882 3331 1172 3386; x_wconf 74' lang='lat' dir='ltr'><strong>inﬁrmata:</strong></span> <span class='ocrx_word' id='word_1_227' title='bbox 1197 3343 1327 3386; x_wconf 89' lang='lat' dir='ltr'><strong>sunt</strong></span> <span class='ocrx_word' id='word_1_228' title='bbox 1356 3341 1546 3387; x_wconf 90' lang='lat' dir='ltr'><strong>contra</strong></span> <span class='ocrx_word' id='word_1_229' title='bbox 1575 3349 1671 3387; x_wconf 89' lang='lat' dir='ltr'><strong>eos</strong></span> <span class='ocrx_word' id='word_1_230' title='bbox 1715 3333 1916 3404; x_wconf 65' lang='lat' dir='ltr'><strong>linguae</strong></span> <span class='ocrx_word' id='word_1_231' title='bbox 1961 3348 2056 3387; x_wconf 91' lang='lat' dir='ltr'><strong>eo-</strong></span> 
     </span>
    </p>
   </div>
   <div class='ocr_carea' id='block_1_37' title="bbox 473 3420 2057 3478">
    <p class='ocr_par' dir='ltr' id='par_1_37' title="bbox 473 3420 2057 3478">
     <span class='ocr_line' id='line_1_37' title="bbox 473 3420 2057 3478; baseline 0.003 -6"><span class='ocrx_word' id='word_1_232' title='bbox 473 3437 616 3474; x_wconf 90' lang='lat' dir='ltr'><strong>rum.</strong></span> <span class='ocrx_word' id='word_1_233' title='bbox 654 3439 673 3472; x_wconf 75' lang='grc' dir='ltr'><strong>ι</strong></span> <span class='ocrx_word' id='word_1_234' title='bbox 715 3420 982 3476; x_wconf 66' lang='lat' dir='ltr'><strong>Caeterum</strong></span> <span class='ocrx_word' id='word_1_235' title='bbox 1025 3423 1240 3477; x_wconf 86' lang='lat' dir='ltr'><strong>tametsi</strong></span> <span class='ocrx_word' id='word_1_236' title='bbox 1293 3431 1443 3476; x_wconf 87' lang='lat' dir='ltr'><strong>tanta</strong></span> <span class='ocrx_word' id='word_1_237' title='bbox 1488 3423 1844 3477; x_wconf 89' lang='lat' dir='ltr'><strong>contentione</strong></span> <span class='ocrx_word' id='word_1_238' title='bbox 1889 3432 2057 3478; x_wconf 88' lang='lat' dir='ltr'><strong>utun-</strong></span> 
     </span>
    </p>
   </div>
   <div class='ocr_carea' id='block_1_38' title="bbox 475 3514 2054 3584">
    <p class='ocr_par' dir='ltr' id='par_1_38' title="bbox 475 3514 2054 3584">
     <span class='ocr_line' id='line_1_38' title="bbox 475 3514 2054 3584; baseline 0.003 -18"><span class='ocrx_word' id='word_1_239' title='bbox 475 3525 582 3579; x_wconf 86' lang='lat' dir='ltr'><strong>tur,</strong></span> <span class='ocrx_word' id='word_1_240' title='bbox 624 3529 654 3568; x_wconf 87' lang='lat' dir='ltr'><strong>a</strong></span> <span class='ocrx_word' id='word_1_241' title='bbox 684 3515 962 3584; x_wconf 81' lang='lat' dir='ltr'><strong>proposito</strong></span> <span class='ocrx_word' id='word_1_242' title='bbox 1005 3516 1347 3570; x_wconf 82' lang='lat' dir='ltr'><strong>exciderunt.</strong></span> <span class='ocrx_word' id='word_1_243' title='bbox 1395 3514 1869 3582; x_wconf 85' lang='lat' dir='ltr'><strong>Quemadmodum</strong></span> <span class='ocrx_word' id='word_1_244' title='bbox 1908 3517 2054 3570; x_wconf 90' lang='lat' dir='ltr'><strong>enim</strong></span> 
     </span>
    </p>
   </div>
   <div class='ocr_carea' id='block_1_39' title="bbox 470 3607 2053 3679">
    <p class='ocr_par' dir='ltr' id='par_1_39' title="bbox 470 3607 2053 3679">
     <span class='ocr_line' id='line_1_39' title="bbox 470 3607 2053 3679; baseline 0.003 -20"><span class='ocrx_word' id='word_1_245' title='bbox 470 3607 652 3674; x_wconf 87' lang='lat' dir='ltr'><strong>jacula</strong></span> <span class='ocrx_word' id='word_1_246' title='bbox 680 3623 710 3661; x_wconf 88' lang='lat' dir='ltr'><strong>a</strong></span> <span class='ocrx_word' id='word_1_247' title='bbox 741 3609 936 3677; x_wconf 64' lang='lat' dir='ltr'><strong>put-ris</strong></span> <span class='ocrx_word' id='word_1_248' title='bbox 957 3608 1155 3663; x_wconf 82' lang='lat' dir='ltr'><strong>emissa</strong></span> <span class='ocrx_word' id='word_1_249' title='bbox 1185 3609 1319 3662; x_wconf 88' lang='lat' dir='ltr'><strong>nihil</strong></span> <span class='ocrx_word' id='word_1_250' title='bbox 1349 3607 1537 3662; x_wconf 90' lang='lat' dir='ltr'><strong>damni</strong></span> <span class='ocrx_word' id='word_1_251' title='bbox 1566 3608 1806 3663; x_wconf 80' lang='lat' dir='ltr'><strong>aﬂ‘erunt</strong></span> <span class='ocrx_word' id='word_1_252' title='bbox 1837 3609 1923 3663; x_wconf 91' lang='lat' dir='ltr'><strong>his</strong></span> <span class='ocrx_word' id='word_1_253' title='bbox 1963 3610 2053 3679; x_wconf 91' lang='lat' dir='ltr'><strong>qui</strong></span> 
     </span>
    </p>
   </div>
   <div class='ocr_carea' id='block_1_40' title="bbox 477 3699 2054 3769">
    <p class='ocr_par' dir='ltr' id='par_1_40' title="bbox 477 3699 2054 3769">
     <span class='ocr_line' id='line_1_40' title="bbox 477 3699 2054 3769; baseline 0.002 -17"><span class='ocrx_word' id='word_1_254' title='bbox 477 3708 757 3768; x_wconf 83' lang='lat' dir='ltr'><strong>petuntur,</strong></span> <span class='ocrx_word' id='word_1_255' title='bbox 811 3699 892 3753; x_wconf 91' lang='lat' dir='ltr'><strong>sic</strong></span> <span class='ocrx_word' id='word_1_256' title='bbox 942 3700 1172 3754; x_wconf 88' lang='lat' dir='ltr'><strong>istorum</strong></span> <span class='ocrx_word' id='word_1_257' title='bbox 1207 3699 1406 3769; x_wconf 76' lang='lat' dir='ltr'><strong>linguae</strong></span> <span class='ocrx_word' id='word_1_258' title='bbox 1433 3700 1568 3753; x_wconf 91' lang='lat' dir='ltr'><strong>nihil</strong></span> <span class='ocrx_word' id='word_1_259' title='bbox 1589 3699 1935 3754; x_wconf 71' lang='lat' dir='ltr'><strong>oﬁendernnt</strong></span> <span class='ocrx_word' id='word_1_260' title='bbox 1958 3715 2054 3755; x_wconf 82' lang='lat' dir='ltr'><strong>eos</strong></span> 
     </span>
    </p>
   </div>
   <div class='ocr_carea' id='block_1_41' title="bbox 474 3789 2054 3861">
    <p class='ocr_par' dir='ltr' id='par_1_41' title="bbox 474 3789 2054 3861">
     <span class='ocr_line' id='line_1_41' title="bbox 474 3789 2054 3861; baseline 0.001 -19"><span class='ocrx_word' id='word_1_261' title='bbox 474 3789 569 3857; x_wconf 89' lang='lat' dir='ltr'><strong>qui</strong></span> <span class='ocrx_word' id='word_1_262' title='bbox 617 3789 1049 3860; x_wconf 78' lang='lat' dir='ltr'><strong>conﬁgebantur,</strong></span> <span class='ocrx_word' id='word_1_263' title='bbox 1090 3791 1304 3861; x_wconf 77' lang='lat'><strong>1026</strong></span> <span class='ocrx_word' id='word_1_264' title='bbox 1327 3800 1383 3844; x_wconf 91' lang='lat' dir='ltr'><strong>at</strong></span> <span class='ocrx_word' id='word_1_265' title='bbox 1423 3791 1658 3860; x_wconf 87' lang='lat' dir='ltr'><strong>incaput</strong></span> <span class='ocrx_word' id='word_1_266' title='bbox 1690 3790 2054 3861; x_wconf 88' lang='lat' dir='ltr'><strong>jaculantium</strong></span> 
     </span>
    </p>
   </div>
   <div class='ocr_carea' id='block_1_42' title="bbox 476 3880 2056 3953">
    <p class='ocr_par' dir='ltr' id='par_1_42' title="bbox 476 3880 2056 3953">
     <span class='ocr_line' id='line_1_42' title="bbox 476 3880 2056 3953; baseline 0.004 -22"><span class='ocrx_word' id='word_1_267' title='bbox 476 3893 640 3933; x_wconf 87' lang='lat' dir='ltr'><strong>omne</strong></span> <span class='ocrx_word' id='word_1_268' title='bbox 679 3881 883 3934; x_wconf 88' lang='lat' dir='ltr'><strong>malum</strong></span> <span class='ocrx_word' id='word_1_269' title='bbox 921 3881 1130 3936; x_wconf 89' lang='lat' dir='ltr'><strong>recidit.</strong></span> <span class='ocrx_word' id='word_1_270' title='bbox 1159 3901 1176 3933; x_wconf 81' lang='grc' dir='ltr'><strong>ι</strong></span> <span class='ocrx_word' id='word_1_271' title='bbox 1209 3880 1530 3936; x_wconf 77' lang='lat' dir='ltr'><strong>Conturbati</strong></span> <span class='ocrx_word' id='word_1_272' title='bbox 1564 3891 1690 3938; x_wconf 89' lang='lat' dir='ltr'><strong>sunt</strong></span> <span class='ocrx_word' id='word_1_273' title='bbox 1722 3898 1915 3938; x_wconf 88' lang='lat' dir='ltr'><strong>omnes</strong></span> <span class='ocrx_word' id='word_1_274' title='bbox 1962 3884 2056 3953; x_wconf 90' lang='lat' dir='ltr'><strong>qui</strong></span> 
     </span>
    </p>
   </div>
   <div class='ocr_carea' id='block_1_43' title="bbox 479 3971 2057 4040">
    <p class='ocr_par' dir='ltr' id='par_1_43' title="bbox 479 3971 2057 4040">
     <span class='ocr_line' id='line_1_43' title="bbox 479 3971 2057 4040; baseline 0.005 -15"><span class='ocrx_word' id='word_1_275' title='bbox 479 3971 734 4026; x_wconf 73' lang='lat' dir='ltr'><strong>videbant</strong></span> <span class='ocrx_word' id='word_1_276' title='bbox 754 3989 868 4030; x_wconf 90' lang='lat' dir='ltr'><strong>eos.</strong></span> <span class='ocrx_word' id='word_1_277' title='bbox 901 3993 918 4025; x_wconf 77' lang='grc' dir='ltr'><strong>ι</strong></span> <span class='ocrx_word' id='word_1_278' title='bbox 947 3973 1051 4040; x_wconf 84' lang='lat' dir='ltr'><strong>Qui</strong></span> <span class='ocrx_word' id='word_1_279' title='bbox 1073 3991 1198 4030; x_wconf 84' lang='lat' dir='ltr'><strong>vero</strong></span> <span class='ocrx_word' id='word_1_280' title='bbox 1222 3975 1339 4031; x_wconf 90' lang='lat' dir='ltr'><strong>suis</strong></span> <span class='ocrx_word' id='word_1_281' title='bbox 1360 3976 1650 4031; x_wconf 88' lang='lat' dir='ltr'><strong>conatibus</strong></span> <span class='ocrx_word' id='word_1_282' title='bbox 1665 3992 1756 4032; x_wconf 89' lang='lat' dir='ltr'><strong>eos</strong></span> <span class='ocrx_word' id='word_1_283' title='bbox 1775 3976 1798 4030; x_wconf 85' lang='lat' dir='ltr'><strong>f</strong></span> <span class='ocrx_word' id='word_1_284' title='bbox 1801 3977 2057 4033; x_wconf 88' lang='lat' dir='ltr'><strong>raudatos</strong></span> 
     </span>
    </p>
   </div>
   <div class='ocr_carea' id='block_1_44' title="bbox 480 4061 2055 4135">
    <p class='ocr_par' dir='ltr' id='par_1_44' title="bbox 480 4061 2055 4135">
     <span class='ocr_line' id='line_1_44' title="bbox 480 4061 2055 4135; baseline 0.004 -20"><span class='ocrx_word' id='word_1_285' title='bbox 480 4062 754 4130; x_wconf 81' lang='lat' dir='ltr'><strong>viderunt,</strong></span> <span class='ocrx_word' id='word_1_286' title='bbox 795 4065 1208 4134; x_wconf 89' lang='lat' dir='ltr'><strong>perturbatione</strong></span> <span class='ocrx_word' id='word_1_287' title='bbox 1237 4073 1290 4122; x_wconf 89' lang='lat' dir='ltr'><strong>et</strong></span> <span class='ocrx_word' id='word_1_288' title='bbox 1320 4063 1613 4121; x_wconf 77' lang='lat' dir='ltr'><strong>formidine</strong></span> <span class='ocrx_word' id='word_1_289' title='bbox 1662 4061 1886 4135; x_wconf 73' lang='lat' dir='ltr'><strong>impleti&#39;</strong></span> <span class='ocrx_word' id='word_1_290' title='bbox 1905 4075 2055 4130; x_wconf 92' lang='lat' dir='ltr'><strong>sunt,</strong></span> 
     </span>
    </p>
   </div>
   <div class='ocr_carea' id='block_1_45' title="bbox 477 4156 2059 4228">
    <p class='ocr_par' dir='ltr' id='par_1_45' title="bbox 477 4156 2059 4228">
     <span class='ocr_line' id='line_1_45' title="bbox 477 4156 2059 4228; baseline 0.003 -19"><span class='ocrx_word' id='word_1_291' title='bbox 477 4156 832 4228; x_wconf 88' lang='lat' dir='ltr'><strong>divinamque</strong></span> <span class='ocrx_word' id='word_1_292' title='bbox 878 4158 1286 4214; x_wconf 85' lang='lat' dir='ltr'><strong>Providentiam</strong></span> <span class='ocrx_word' id='word_1_293' title='bbox 1325 4158 1580 4213; x_wconf 89' lang='lat' dir='ltr'><strong>admirati</strong></span> <span class='ocrx_word' id='word_1_294' title='bbox 1622 4168 1770 4215; x_wconf 89' lang='lat' dir='ltr'><strong>sunt.</strong></span> <span class='ocrx_word' id='word_1_295' title='bbox 1810 4158 1925 4214; x_wconf 84' lang='lat' dir='ltr'><strong>Hoc</strong></span> <span class='ocrx_word' id='word_1_296' title='bbox 1960 4174 2059 4214; x_wconf 90' lang='lat' dir='ltr'><strong>au-</strong></span> 
     </span>
    </p>
   </div>
   <div class='ocr_carea' id='block_1_46' title="bbox 477 4252 1186 4320">
    <p class='ocr_par' dir='ltr' id='par_1_46' title="bbox 477 4252 1186 4320">
     <span class='ocr_line' id='line_1_46' title="bbox 477 4252 1186 4320; baseline 0.001 -15"><span class='ocrx_word' id='word_1_297' title='bbox 477 4259 586 4305; x_wconf 85' lang='lat' dir='ltr'><strong>tem</strong></span> <span class='ocrx_word' id='word_1_298' title='bbox 615 4252 894 4320; x_wconf 88' lang='lat' dir='ltr'><strong>sequentia</strong></span> <span class='ocrx_word' id='word_1_299' title='bbox 925 4252 1186 4308; x_wconf 88' lang='lat' dir='ltr'><strong>indicant.</strong></span> 
     </span>
    </p>
   </div>
   <div class='ocr_carea' id='block_1_47' title="bbox 549 4339 2056 4407">
    <p class='ocr_par' dir='ltr' id='par_1_47' title="bbox 549 4339 2056 4407">
     <span class='ocr_line' id='line_1_47' title="bbox 549 4339 2056 4407; baseline 0 -11"><span class='ocrx_word' id='word_1_300' title='bbox 549 4339 714 4398; x_wconf 72' lang='lat' dir='ltr'><strong>Vsus.</strong></span> <span class='ocrx_word' id='word_1_301' title='bbox 752 4343 840 4399; x_wconf 89' lang='grc'><strong>10.</strong></span> <span class='ocrx_word' id='word_1_302' title='bbox 879 4363 898 4395; x_wconf 77' lang='grc' dir='ltr'><strong>ι</strong></span> <span class='ocrx_word' id='word_1_303' title='bbox 932 4342 999 4398; x_wconf 88' lang='lat' dir='ltr'><strong>Et</strong></span> <span class='ocrx_word' id='word_1_304' title='bbox 1033 4343 1214 4398; x_wconf 89' lang='lat' dir='ltr'><strong>timuit</strong></span> <span class='ocrx_word' id='word_1_305' title='bbox 1257 4342 1440 4398; x_wconf 90' lang='lat' dir='ltr'><strong>omnis</strong></span> <span class='ocrx_word' id='word_1_306' title='bbox 1467 4342 1649 4407; x_wconf 90' lang='lat' dir='ltr'><strong>homo,</strong></span> <span class='ocrx_word' id='word_1_307' title='bbox 1681 4349 1735 4396; x_wconf 90' lang='lat' dir='ltr'><strong>et</strong></span> <span class='ocrx_word' id='word_1_308' title='bbox 1762 4343 2056 4397; x_wconf 80' lang='lat' dir='ltr'><strong>annuntia-</strong></span> 
     </span>
    </p>
   </div>
   <div class='ocr_carea' id='block_1_48' title="bbox 2149 479 3734 556">
    <p class='ocr_par' dir='ltr' id='par_1_48' title="bbox 2149 479 3734 556">
     <span class='ocr_line' id='line_1_48' title="bbox 2149 479 3734 556; baseline -0.004 -17"><span class='ocrx_word' id='word_1_309' title='bbox 2149 500 2339 539; x_wconf 78' lang='grc' dir='ltr'>σαντα</span> <span class='ocrx_word' id='word_1_310' title='bbox 2369 488 2594 555; x_wconf 72' lang='grc' dir='ltr'>κρύψαι</span> <span class='ocrx_word' id='word_1_311' title='bbox 2625 487 2904 556; x_wconf 74' lang='grc' dir='ltr'>παγίδας.</span> <span class='ocrx_word' id='word_1_312' title='bbox 2954 484 3059 539; x_wconf 80' lang='grc' dir='ltr'>Τὸν</span> <span class='ocrx_word' id='word_1_313' title='bbox 3091 483 3197 554; x_wconf 88' lang='grc' dir='ltr'>γὰρ</span> <span class='ocrx_word' id='word_1_314' title='bbox 3224 482 3358 553; x_wconf 81' lang='grc' dir='ltr'>ἐμὸν</span> <span class='ocrx_word' id='word_1_315' title='bbox 3408 479 3734 544; x_wconf 84' lang='grc' dir='ltr'>καττύοντες</span> 
     </span>
    </p>
   </div>
   <div class='ocr_carea' id='block_1_49' title="bbox 2149 573 3738 651">
    <p class='ocr_par' dir='ltr' id='par_1_49' title="bbox 2149 573 3738 651">
     <span class='ocr_line' id='line_1_49' title="bbox 2149 573 3738 651; baseline -0.004 -20"><span class='ocrx_word' id='word_1_316' title='bbox 2149 579 2404 646; x_wconf 87' lang='grc' dir='ltr'>θάνατον,</span> <span class='ocrx_word' id='word_1_317' title='bbox 2433 581 2804 651; x_wconf 83' lang='grc' dir='ltr'><strong>εἰσηγήσαντο</strong></span> <span class='ocrx_word' id='word_1_318' title='bbox 2851 580 2944 634; x_wconf 76' lang='grc' dir='ltr'>καὶ</span> <span class='ocrx_word' id='word_1_319' title='bbox 3002 574 3524 638; x_wconf 79' lang='grc' dir='ltr'>συνεϐουλεύσαντο,</span> <span class='ocrx_word' id='word_1_320' title='bbox 3557 573 3738 636; x_wconf 85' lang='grc' dir='ltr'>ποίαις</span> 
     </span>
    </p>
   </div>
   <div class='ocr_carea' id='block_1_50' title="bbox 2147 664 3738 743">
    <p class='ocr_par' dir='ltr' id='par_1_50' title="bbox 2147 664 3738 743">
     <span class='ocr_line' id='line_1_50' title="bbox 2147 664 3738 743; baseline -0.003 -20"><span class='ocrx_word' id='word_1_321' title='bbox 2147 671 2230 724; x_wconf 83' lang='grc' dir='ltr'>δεῖ</span> <span class='ocrx_word' id='word_1_322' title='bbox 2254 673 2562 742; x_wconf 81' lang='grc' dir='ltr'>χρήσασθαι</span> <span class='ocrx_word' id='word_1_323' title='bbox 2591 673 2712 725; x_wconf 88' lang='grc' dir='ltr'>κατ’</span> <span class='ocrx_word' id='word_1_324' title='bbox 2749 672 2886 743; x_wconf 85' lang='grc' dir='ltr'>ἐμοῦ</span> <span class='ocrx_word' id='word_1_325' title='bbox 2930 672 3205 742; x_wconf 75' lang='grc' dir='ltr'><strong>μηχαναῖς</strong></span> <span class='ocrx_word' id='word_1_326' title='bbox 3230 668 3298 729; x_wconf 76' lang='grc'><strong>⁸⁸,</strong></span> <span class='ocrx_word' id='word_1_327' title='bbox 3334 667 3429 720; x_wconf 76' lang='grc' dir='ltr'><strong>καὶ</strong></span> <span class='ocrx_word' id='word_1_328' title='bbox 3477 665 3560 734; x_wconf 84' lang='grc' dir='ltr'>τῷ</span> <span class='ocrx_word' id='word_1_329' title='bbox 3593 664 3738 734; x_wconf 75' lang='grc' dir='ltr'>ἔργῳ</span> 
     </span>
    </p>
   </div>
   <div class='ocr_carea' id='block_1_51' title="bbox 2147 757 3738 836">
    <p class='ocr_par' dir='ltr' id='par_1_51' title="bbox 2147 757 3738 836">
     <span class='ocr_line' id='line_1_51' title="bbox 2147 757 3738 836; baseline -0.004 -19"><span class='ocrx_word' id='word_1_330' title='bbox 2147 765 2273 827; x_wconf 80' lang='grc' dir='ltr'>τοὺς</span> <span class='ocrx_word' id='word_1_331' title='bbox 2301 764 2495 833; x_wconf 86' lang='grc' dir='ltr'>λόγους</span> <span class='ocrx_word' id='word_1_332' title='bbox 2526 765 2836 836; x_wconf 86' lang='grc' dir='ltr'>ἐκράτυναν</span> <span class='ocrx_word' id='word_1_333' title='bbox 2863 781 2878 796; x_wconf 77' lang='grc' dir='ltr'><strong><em>ο</em></strong></span> <span class='ocrx_word' id='word_1_334' title='bbox 2923 764 3095 816; x_wconf 86' lang='grc' dir='ltr'>ταῦτα</span> <span class='ocrx_word' id='word_1_335' title='bbox 3125 761 3183 815; x_wconf 85' lang='grc' dir='ltr'>δὲ</span> <span class='ocrx_word' id='word_1_336' title='bbox 3217 760 3514 830; x_wconf 78' lang='grc' dir='ltr'><strong>τολμῶσιν,</strong></span> <span class='ocrx_word' id='word_1_337' title='bbox 3545 757 3738 810; x_wconf 81' lang='grc' dir='ltr'>οὐδένα</span> 
     </span>
    </p>
   </div>
   <div class='ocr_carea' id='block_1_52' title="bbox 2151 852 3738 930">
    <p class='ocr_par' dir='ltr' id='par_1_52' title="bbox 2151 852 3738 930">
     <span class='ocr_line' id='line_1_52' title="bbox 2151 852 3738 930; baseline -0.004 -21"><span class='ocrx_word' id='word_1_338' title='bbox 2151 857 2557 928; x_wconf 81' lang='grc' dir='ltr'>προμηθεῖσθαι</span> <span class='ocrx_word' id='word_1_339' title='bbox 2619 858 2731 912; x_wconf 88' lang='grc' dir='ltr'><strong>τῶν</strong></span> <span class='ocrx_word' id='word_1_340' title='bbox 2771 857 3131 930; x_wconf 77' lang='grc' dir='ltr'>ἀνθρωπίνων</span> <span class='ocrx_word' id='word_1_341' title='bbox 3180 855 3502 926; x_wconf 84' lang='grc' dir='ltr'>ἡγούμενοι.</span> <span class='ocrx_word' id='word_1_342' title='bbox 3562 852 3738 904; x_wconf 90' lang='grc' dir='ltr'>Τοῦτο</span> 
     </span>
    </p>
   </div>
   <div class='ocr_carea' id='block_1_53' title="bbox 2149 944 3740 1022">
    <p class='ocr_par' dir='ltr' id='par_1_53' title="bbox 2149 944 3740 1022">
     <span class='ocr_line' id='line_1_53' title="bbox 2149 944 3740 1022; baseline -0.004 -19"><span class='ocrx_word' id='word_1_343' title='bbox 2149 950 2260 1020; x_wconf 79' lang='grc' dir='ltr'><strong>γὰρ</strong></span> <span class='ocrx_word' id='word_1_344' title='bbox 2306 950 2460 1021; x_wconf 84' lang='grc' dir='ltr'>δηλοῖ</span> <span class='ocrx_word' id='word_1_345' title='bbox 2505 950 2581 1004; x_wconf 84' lang='grc' dir='ltr'>τὰ</span> <span class='ocrx_word' id='word_1_346' title='bbox 2624 951 2984 1022; x_wconf 87' lang='grc' dir='ltr'>ἐπαγόμενα·</span> <span class='ocrx_word' id='word_1_347' title='bbox 3025 969 3043 1002; x_wconf 79' lang='grc' dir='ltr'><strong>ι</strong></span> <span class='ocrx_word' id='word_1_348' title='bbox 3081 945 3318 1002; x_wconf 68' lang='grc' dir='ltr'>Εἶπανθθ</span> <span class='ocrx_word' id='word_1_349' title='bbox 3350 964 3363 978; x_wconf 90' lang='grc'><strong>·</strong></span> <span class='ocrx_word' id='word_1_350' title='bbox 3395 946 3492 1009; x_wconf 87' lang='grc' dir='ltr'>Τίς</span> <span class='ocrx_word' id='word_1_351' title='bbox 3548 944 3740 1014; x_wconf 73' lang='grc' dir='ltr'>δψεται</span> 
     </span>
    </p>
   </div>
   <div class='ocr_carea' id='block_1_54' title="bbox 2151 1034 3740 1112">
    <p class='ocr_par' dir='ltr' id='par_1_54' title="bbox 2151 1034 3740 1112">
     <span class='ocr_line' id='line_1_54' title="bbox 2151 1034 3740 1112; baseline -0.002 -17"><span class='ocrx_word' id='word_1_352' title='bbox 2151 1041 2382 1108; x_wconf 86' lang='grc' dir='ltr'>αὺτούς;</span> <span class='ocrx_word' id='word_1_353' title='bbox 2431 1061 2449 1093; x_wconf 75' lang='grc' dir='ltr'><strong>ι</strong></span> <span class='ocrx_word' id='word_1_354' title='bbox 2495 1040 2812 1111; x_wconf 86' lang='grc' dir='ltr'>Ἥγοῦνται,</span> <span class='ocrx_word' id='word_1_355' title='bbox 2859 1043 3016 1112; x_wconf 81' lang='grc' dir='ltr'>φησὶ,</span> <span class='ocrx_word' id='word_1_356' title='bbox 3079 1039 3284 1112; x_wconf 82' lang='grc' dir='ltr'>μηδένα</span> <span class='ocrx_word' id='word_1_357' title='bbox 3313 1034 3453 1093; x_wconf 81' lang='grc' dir='ltr'>εἶναι</span> <span class='ocrx_word' id='word_1_358' title='bbox 3489 1038 3603 1090; x_wconf 86' lang='grc' dir='ltr'>τῶν</span> <span class='ocrx_word' id='word_1_359' title='bbox 3656 1055 3740 1107; x_wconf 84' lang='grc' dir='ltr'>γι-</span> 
     </span>
    </p>
   </div>
   <div class='ocr_carea' id='block_1_55' title="bbox 2150 1125 3740 1208">
    <p class='ocr_par' dir='ltr' id='par_1_55' title="bbox 2150 1125 3740 1208">
     <span class='ocr_line' id='line_1_55' title="bbox 2150 1125 3740 1208; baseline -0.004 -19"><span class='ocrx_word' id='word_1_360' title='bbox 2150 1135 2390 1204; x_wconf 80' lang='grc' dir='ltr'>νομένων</span> <span class='ocrx_word' id='word_1_361' title='bbox 2422 1137 2639 1208; x_wconf 88' lang='grc' dir='ltr'>κριτήν.</span> <span class='ocrx_word' id='word_1_362' title='bbox 2675 1125 2747 1197; x_wconf 74' lang='lat' dir='ltr'><strong>l&quot;</strong></span> <span class='ocrx_word' id='word_1_363' title='bbox 2783 1134 2954 1188; x_wconf 91' lang='grc' dir='ltr'>Τοῦτο</span> <span class='ocrx_word' id='word_1_364' title='bbox 2989 1135 3086 1206; x_wconf 80' lang='grc' dir='ltr'>μὲν</span> <span class='ocrx_word' id='word_1_365' title='bbox 3130 1134 3179 1187; x_wconf 85' lang='grc' dir='ltr'>οἱ</span> <span class='ocrx_word' id='word_1_366' title='bbox 3225 1133 3354 1203; x_wconf 78' lang='grc' dir='ltr'>περὶ</span> <span class='ocrx_word' id='word_1_367' title='bbox 3406 1131 3498 1185; x_wconf 81' lang='grc' dir='ltr'><strong>τὸν</strong></span> <span class='ocrx_word' id='word_1_368' title='bbox 3553 1130 3740 1185; x_wconf 87' lang='grc' dir='ltr'>Ἀϐεσ-</span> 
     </span>
    </p>
   </div>
   <div class='ocr_carea' id='block_1_56' title="bbox 2154 1221 3741 1298">
    <p class='ocr_par' dir='ltr' id='par_1_56' title="bbox 2154 1221 3741 1298">
     <span class='ocr_line' id='line_1_56' title="bbox 2154 1221 3741 1298; baseline -0.005 -17"><span class='ocrx_word' id='word_1_369' title='bbox 2154 1227 2348 1298; x_wconf 87' lang='grc' dir='ltr'>σαλὼμ</span> <span class='ocrx_word' id='word_1_370' title='bbox 2382 1228 2477 1280; x_wconf 78' lang='grc' dir='ltr'><strong>καὶ</strong></span> <span class='ocrx_word' id='word_1_371' title='bbox 2509 1227 2604 1281; x_wconf 86' lang='grc' dir='ltr'><strong>τὸν</strong></span> <span class='ocrx_word' id='word_1_372' title='bbox 2629 1227 2804 1281; x_wconf 81' lang='grc' dir='ltr'>Σαοὺλ</span> <span class='ocrx_word' id='word_1_373' title='bbox 2835 1228 2930 1280; x_wconf 73' lang='grc' dir='ltr'><strong>καὶ</strong></span> <span class='ocrx_word' id='word_1_374' title='bbox 2975 1227 3104 1288; x_wconf 83' lang='grc' dir='ltr'>τοὺς</span> <span class='ocrx_word' id='word_1_375' title='bbox 3153 1223 3379 1286; x_wconf 80' lang='grc' dir='ltr'>λοιπούς</span> <span class='ocrx_word' id='word_1_376' title='bbox 3403 1239 3417 1253; x_wconf 90' lang='grc'><strong>·</strong></span> <span class='ocrx_word' id='word_1_377' title='bbox 3473 1221 3634 1276; x_wconf 87' lang='grc' dir='ltr'>τοῦτο</span> <span class='ocrx_word' id='word_1_378' title='bbox 3688 1221 3741 1274; x_wconf 78' lang='grc' dir='ltr'>δὲ</span> 
     </span>
    </p>
   </div>
   <div class='ocr_carea' id='block_1_57' title="bbox 2152 1313 3741 1389">
    <p class='ocr_par' dir='ltr' id='par_1_57' title="bbox 2152 1313 3741 1389">
     <span class='ocr_line' id='line_1_57' title="bbox 2152 1313 3741 1389; baseline -0.004 -19"><span class='ocrx_word' id='word_1_379' title='bbox 2152 1319 2250 1372; x_wconf 74' lang='grc' dir='ltr'>καὶ</span> <span class='ocrx_word' id='word_1_380' title='bbox 2272 1319 2322 1371; x_wconf 79' lang='lat' dir='ltr'><strong>ot</strong></span> <span class='ocrx_word' id='word_1_381' title='bbox 2347 1317 2658 1389; x_wconf 72' lang='grc' dir='ltr'>παράνομοι</span> <span class='ocrx_word' id='word_1_382' title='bbox 2693 1319 2744 1371; x_wconf 87' lang='grc' dir='ltr'><strong>οί</strong></span> <span class='ocrx_word' id='word_1_383' title='bbox 2767 1317 2909 1371; x_wconf 74' lang='grc' dir='ltr'>κατὰ</span> <span class='ocrx_word' id='word_1_384' title='bbox 2937 1316 3129 1387; x_wconf 84' lang='grc' dir='ltr'>καιρὸν</span> <span class='ocrx_word' id='word_1_385' title='bbox 3151 1315 3398 1385; x_wconf 78' lang='grc' dir='ltr'>μηχανὰς</span> <span class='ocrx_word' id='word_1_386' title='bbox 3433 1314 3529 1366; x_wconf 67' lang='grc' dir='ltr'>καὶ</span> <span class='ocrx_word' id='word_1_387' title='bbox 3557 1313 3741 1380; x_wconf 76' lang='grc' dir='ltr'>πάγας</span> 
     </span>
    </p>
   </div>
   <div class='ocr_carea' id='block_1_58' title="bbox 2151 1405 3742 1480">
    <p class='ocr_par' dir='ltr' id='par_1_58' title="bbox 2151 1405 3742 1480">
     <span class='ocr_line' id='line_1_58' title="bbox 2151 1405 3742 1480; baseline -0.005 -15"><span class='ocrx_word' id='word_1_388' title='bbox 2151 1411 2296 1465; x_wconf 81' lang='grc' dir='ltr'>κατὰ</span> <span class='ocrx_word' id='word_1_389' title='bbox 2326 1410 2436 1464; x_wconf 84' lang='grc' dir='ltr'><strong>τῶν</strong></span> <span class='ocrx_word' id='word_1_390' title='bbox 2473 1409 2816 1480; x_wconf 82' lang='grc' dir='ltr'>Ἐκκλησιῶν</span> <span class='ocrx_word' id='word_1_391' title='bbox 2847 1406 2942 1461; x_wconf 83' lang='grc' dir='ltr'><strong>τοῦ</strong></span> <span class='ocrx_word' id='word_1_392' title='bbox 2975 1407 3112 1460; x_wconf 84' lang='grc' dir='ltr'>Θεοῦ</span> <span class='ocrx_word' id='word_1_393' title='bbox 3157 1405 3589 1477; x_wconf 83' lang='grc' dir='ltr'>συστησάμενοι.</span> <span class='ocrx_word' id='word_1_394' title='bbox 3631 1405 3742 1458; x_wconf 79' lang='grc' dir='ltr'>Καὶ</span> 
     </span>
    </p>
   </div>
   <div class='ocr_carea' id='block_1_59' title="bbox 2151 1503 2961 1578">
    <p class='ocr_par' dir='ltr' id='par_1_59' title="bbox 2151 1503 2961 1578">
     <span class='ocr_line' id='line_1_59' title="bbox 2151 1503 2961 1578; baseline -0.005 -18"><span class='ocrx_word' id='word_1_395' title='bbox 2151 1508 2256 1578; x_wconf 84' lang='grc' dir='ltr'>ὅρα</span> <span class='ocrx_word' id='word_1_396' title='bbox 2287 1507 2339 1559; x_wconf 88' lang='grc' dir='ltr'><strong>τί</strong></span> <span class='ocrx_word' id='word_1_397' title='bbox 2373 1522 2508 1576; x_wconf 83' lang='grc' dir='ltr'>φησι</span> <span class='ocrx_word' id='word_1_398' title='bbox 2541 1506 2630 1559; x_wconf 84' lang='grc' dir='ltr'>διὰ</span> <span class='ocrx_word' id='word_1_399' title='bbox 2656 1506 2762 1557; x_wconf 80' lang='grc' dir='ltr'><strong>τῶν</strong></span> <span class='ocrx_word' id='word_1_400' title='bbox 2787 1503 2961 1575; x_wconf 83' lang='grc' dir='ltr'>ἐξῆς.]</span> 
     </span>
    </p>
   </div>
   <div class='ocr_carea' id='block_1_60' title="bbox 2226 1591 3743 1668">
    <p class='ocr_par' dir='ltr' id='par_1_60' title="bbox 2226 1591 3743 1668">
     <span class='ocr_line' id='line_1_60' title="bbox 2226 1591 3743 1668; baseline -0.013 -6"><span class='ocrx_word' id='word_1_401' title='bbox 2226 1599 2290 1662; x_wconf 77' lang='grc' dir='ltr'><strong>ξ’·</strong></span> <span class='ocrx_word' id='word_1_402' title='bbox 2331 1617 2350 1650; x_wconf 71' lang='grc'><strong>1</strong></span> <span class='ocrx_word' id='word_1_403' title='bbox 2407 1596 2814 1668; x_wconf 76' lang='grc' dir='ltr'>Ἐξηρεύνησαν</span> <span class='ocrx_word' id='word_1_404' title='bbox 2867 1594 3100 1665; x_wconf 80' lang='grc' dir='ltr'>ἀνομίαν</span> <span class='ocrx_word' id='word_1_405' title='bbox 3131 1595 3217 1661; x_wconf 79' lang='grc'>’⁸,</span> <span class='ocrx_word' id='word_1_406' title='bbox 3272 1592 3522 1658; x_wconf 75' lang='grc' dir='ltr'>ἐξέλιπον</span> <span class='ocrx_word' id='word_1_407' title='bbox 3564 1593 3612 1624; x_wconf 74' lang='grc' dir='ltr'>ἠ</span> <span class='ocrx_word' id='word_1_408' title='bbox 3658 1591 3743 1657; x_wconf 78' lang='grc' dir='ltr'><strong>ἐξ·</strong></span> 
     </span>
    </p>
   </div>
   <div class='ocr_carea' id='block_1_61' title="bbox 2154 1682 3743 1759">
    <p class='ocr_par' dir='ltr' id='par_1_61' title="bbox 2154 1682 3743 1759">
     <span class='ocr_line' id='line_1_61' title="bbox 2154 1682 3743 1759; baseline -0.004 -18"><span class='ocrx_word' id='word_1_409' title='bbox 2154 1688 2484 1759; x_wconf 86' lang='grc' dir='ltr'>ερευνῶντες</span> <span class='ocrx_word' id='word_1_410' title='bbox 2509 1687 2891 1758; x_wconf 72' lang='grc' dir='ltr'>ἐξερευνήσεις</span> <span class='ocrx_word' id='word_1_411' title='bbox 2912 1687 2978 1738; x_wconf 81' lang='grc'><strong>⁷³.</strong></span> <span class='ocrx_word' id='word_1_412' title='bbox 3020 1704 3038 1737; x_wconf 79' lang='grc' dir='ltr'><strong>ι</strong></span> <span class='ocrx_word' id='word_1_413' title='bbox 3074 1684 3259 1737; x_wconf 84' lang='grc' dir='ltr'>Πάντα</span> <span class='ocrx_word' id='word_1_414' title='bbox 3277 1723 3290 1747; x_wconf 92' lang='grc'><strong>,</strong></span> <span class='ocrx_word' id='word_1_415' title='bbox 3325 1682 3494 1752; x_wconf 71' lang='grc' dir='ltr'>φησὶν</span> <span class='ocrx_word' id='word_1_416' title='bbox 3515 1723 3530 1746; x_wconf 90' lang='grc'><strong>,</strong></span> <span class='ocrx_word' id='word_1_417' title='bbox 3562 1683 3743 1750; x_wconf 79' lang='grc' dir='ltr'>ἐκίνη-</span> 
     </span>
    </p>
   </div>
   <div class='ocr_carea' id='block_1_62' title="bbox 2155 1771 3741 1844">
    <p class='ocr_par' dir='ltr' id='par_1_62' title="bbox 2155 1771 3741 1844">
     <span class='ocr_line' id='line_1_62' title="bbox 2155 1771 3741 1844; baseline -0.003 -17"><span class='ocrx_word' id='word_1_418' title='bbox 2155 1793 2256 1829; x_wconf 88' lang='grc' dir='ltr'><strong>σαν</strong></span> <span class='ocrx_word' id='word_1_419' title='bbox 2298 1775 2561 1844; x_wconf 86' lang='grc' dir='ltr'>λογισμόν</span> <span class='ocrx_word' id='word_1_420' title='bbox 2587 1793 2601 1807; x_wconf 90' lang='grc'><strong>·</strong></span> <span class='ocrx_word' id='word_1_421' title='bbox 2648 1776 2830 1827; x_wconf 83' lang='grc' dir='ltr'>πᾶσαν</span> <span class='ocrx_word' id='word_1_422' title='bbox 2877 1773 3181 1842; x_wconf 78' lang='grc' dir='ltr'>ἐπενόησαν</span> <span class='ocrx_word' id='word_1_423' title='bbox 3203 1771 3250 1804; x_wconf 66' lang='grc' dir='ltr'><strong>’δ</strong></span> <span class='ocrx_word' id='word_1_424' title='bbox 3291 1771 3409 1824; x_wconf 86' lang='grc' dir='ltr'>κατ’</span> <span class='ocrx_word' id='word_1_425' title='bbox 3451 1771 3585 1840; x_wconf 90' lang='grc' dir='ltr'>ἐμοῦ</span> <span class='ocrx_word' id='word_1_426' title='bbox 3638 1788 3741 1842; x_wconf 79' lang='grc' dir='ltr'>μη·</span> 
     </span>
    </p>
   </div>
   <div class='ocr_carea' id='block_1_63' title="bbox 2153 1858 3740 1940">
    <p class='ocr_par' dir='ltr' id='par_1_63' title="bbox 2153 1858 3740 1940">
     <span class='ocr_line' id='line_1_63' title="bbox 2153 1858 3740 1940; baseline -0.002 -20"><span class='ocrx_word' id='word_1_427' title='bbox 2153 1869 2324 1940; x_wconf 88' lang='grc' dir='ltr'>χανήν</span> <span class='ocrx_word' id='word_1_428' title='bbox 2353 1886 2368 1900; x_wconf 79' lang='grc' dir='ltr'><strong>ο</strong></span> <span class='ocrx_word' id='word_1_429' title='bbox 2431 1868 2583 1921; x_wconf 78' lang='grc' dir='ltr'>οὐδὲν</span> <span class='ocrx_word' id='word_1_430' title='bbox 2646 1866 2943 1935; x_wconf 83' lang='grc' dir='ltr'>ἐπιϐουλῆς</span> <span class='ocrx_word' id='word_1_431' title='bbox 3029 1865 3494 1918; x_wconf 81' lang='grc' dir='ltr'>καταλελοίπασιν</span> <span class='ocrx_word' id='word_1_432' title='bbox 3565 1858 3740 1929; x_wconf 71' lang='grc' dir='ltr'>εἶδος,</span> 
     </span>
    </p>
   </div>
   <div class='ocr_carea' id='block_1_64' title="bbox 2153 1956 3741 2032">
    <p class='ocr_par' dir='ltr' id='par_1_64' title="bbox 2153 1956 3741 2032">
     <span class='ocr_line' id='line_1_64' title="bbox 2153 1956 3741 2032; baseline -0.003 -19"><span class='ocrx_word' id='word_1_433' title='bbox 2153 1961 2452 2032; x_wconf 84' lang='grc' dir='ltr'>προφανῶς</span> <span class='ocrx_word' id='word_1_434' title='bbox 2487 1959 2768 2026; x_wconf 82' lang='grc' dir='ltr'>ἐπιόντες,</span> <span class='ocrx_word' id='word_1_435' title='bbox 2817 1959 3062 2030; x_wconf 86' lang='grc' dir='ltr'>κρύϐδην</span> <span class='ocrx_word' id='word_1_436' title='bbox 3105 1957 3410 2028; x_wconf 85' lang='grc' dir='ltr'>λοχῶντες,</span> <span class='ocrx_word' id='word_1_437' title='bbox 3462 1956 3741 2010; x_wconf 84' lang='grc' dir='ltr'>κατασκό-</span> 
     </span>
    </p>
   </div>
   <div class='ocr_carea' id='block_1_65' title="bbox 2153 2048 3742 2122">
    <p class='ocr_par' dir='ltr' id='par_1_65' title="bbox 2153 2048 3742 2122">
     <span class='ocr_line' id='line_1_65' title="bbox 2153 2048 3742 2122; baseline -0.003 -17"><span class='ocrx_word' id='word_1_438' title='bbox 2153 2068 2280 2114; x_wconf 85' lang='grc' dir='ltr'>ποις</span> <span class='ocrx_word' id='word_1_439' title='bbox 2338 2051 2651 2122; x_wconf 84' lang='grc' dir='ltr'>χρώμενοι,</span> <span class='ocrx_word' id='word_1_440' title='bbox 2700 2049 2802 2113; x_wconf 83' lang='grc' dir='ltr'>τὰς</span> <span class='ocrx_word' id='word_1_441' title='bbox 2843 2050 3090 2120; x_wconf 87' lang='grc' dir='ltr'>ἐρήμους</span> <span class='ocrx_word' id='word_1_442' title='bbox 3131 2048 3633 2118; x_wconf 82' lang='grc' dir='ltr'>περινοστοῦντες,</span> <span class='ocrx_word' id='word_1_443' title='bbox 3679 2048 3742 2101; x_wconf 71' lang='grc' dir='ltr'>τὰ</span> 
     </span>
    </p>
   </div>
   <div class='ocr_carea' id='block_1_66' title="bbox 2155 2139 3743 2214">
    <p class='ocr_par' dir='ltr' id='par_1_66' title="bbox 2155 2139 3743 2214">
     <span class='ocr_line' id='line_1_66' title="bbox 2155 2139 3743 2214; baseline -0.004 -18"><span class='ocrx_word' id='word_1_444' title='bbox 2155 2142 2405 2214; x_wconf 83' lang='grc' dir='ltr'>πετρώδη</span> <span class='ocrx_word' id='word_1_445' title='bbox 2455 2142 2634 2212; x_wconf 90' lang='grc' dir='ltr'>χωρία</span> <span class='ocrx_word' id='word_1_446' title='bbox 2672 2140 3093 2210; x_wconf 86' lang='grc' dir='ltr'>διερευνώμενοι</span> <span class='ocrx_word' id='word_1_447' title='bbox 3125 2142 3170 2173; x_wconf 81' lang='grc'><strong>⁷⁸</strong></span> <span class='ocrx_word' id='word_1_448' title='bbox 3225 2139 3246 2212; x_wconf 91' lang='grc'><strong>[</strong></span> <span class='ocrx_word' id='word_1_449' title='bbox 3287 2141 3334 2172; x_wconf 65' lang='grc' dir='ltr'><strong>τε</strong></span> <span class='ocrx_word' id='word_1_450' title='bbox 3364 2141 3422 2192; x_wconf 85' lang='grc' dir='ltr'><strong>ἐν</strong></span> <span class='ocrx_word' id='word_1_451' title='bbox 3453 2139 3614 2209; x_wconf 77' lang='grc' dir='ltr'>ὄρεσι</span> <span class='ocrx_word' id='word_1_452' title='bbox 3654 2140 3743 2192; x_wconf 71' lang='grc' dir='ltr'>καὶ</span> 
     </span>
    </p>
   </div>
   <div class='ocr_carea' id='block_1_67' title="bbox 2155 2229 3741 2302">
    <p class='ocr_par' dir='ltr' id='par_1_67' title="bbox 2155 2229 3741 2302">
     <span class='ocr_line' id='line_1_67' title="bbox 2155 2229 3741 2302; baseline -0.003 -16"><span class='ocrx_word' id='word_1_453' title='bbox 2155 2231 2444 2302; x_wconf 84' lang='grc' dir='ltr'>σπηλαίοις</span> <span class='ocrx_word' id='word_1_454' title='bbox 2476 2232 2572 2286; x_wconf 81' lang='grc' dir='ltr'><strong>καὶ</strong></span> <span class='ocrx_word' id='word_1_455' title='bbox 2594 2234 2717 2294; x_wconf 87' lang='grc' dir='ltr'>ταῖς</span> <span class='ocrx_word' id='word_1_456' title='bbox 2743 2233 2907 2294; x_wconf 80' lang='grc' dir='ltr'>ὀπαῖς</span> <span class='ocrx_word' id='word_1_457' title='bbox 2935 2231 3036 2300; x_wconf 86' lang='grc' dir='ltr'>τῆς</span> <span class='ocrx_word' id='word_1_458' title='bbox 3065 2231 3169 2301; x_wconf 79' lang='grc' dir='ltr'><strong>γῆς</strong></span> <span class='ocrx_word' id='word_1_459' title='bbox 3193 2229 3592 2300; x_wconf 80' lang='grc' dir='ltr'>ἀναζητοῦντες</span> <span class='ocrx_word' id='word_1_460' title='bbox 3619 2229 3741 2292; x_wconf 76' lang='grc' dir='ltr'>τοὺς</span> 
     </span>
    </p>
   </div>
   <div class='ocr_carea' id='block_1_68' title="bbox 2155 2316 3743 2394">
    <p class='ocr_par' dir='ltr' id='par_1_68' title="bbox 2155 2316 3743 2394">
     <span class='ocr_line' id='line_1_68' title="bbox 2155 2316 3743 2394; baseline -0.003 -16"><span class='ocrx_word' id='word_1_461' title='bbox 2155 2323 2394 2394; x_wconf 82' lang='grc' dir='ltr'>ἀθλητὰς</span> <span class='ocrx_word' id='word_1_462' title='bbox 2452 2324 2556 2393; x_wconf 83' lang='grc' dir='ltr'>τῆς</span> <span class='ocrx_word' id='word_1_463' title='bbox 2607 2322 2931 2386; x_wconf 79' lang='grc' dir='ltr'>εὐσεϐείας,</span> <span class='ocrx_word' id='word_1_464' title='bbox 2988 2323 3121 2394; x_wconf 78' lang='grc' dir='ltr'><strong>περὶ</strong></span> <span class='ocrx_word' id='word_1_465' title='bbox 3168 2316 3242 2376; x_wconf 80' lang='grc' dir='ltr'>ὧν</span> <span class='ocrx_word' id='word_1_466' title='bbox 3279 2323 3481 2390; x_wconf 76' lang='grc' dir='ltr'>φάσκει</span> <span class='ocrx_word' id='word_1_467' title='bbox 3519 2323 3548 2373; x_wconf 84' lang='grc' dir='ltr'>ὁ</span> <span class='ocrx_word' id='word_1_468' title='bbox 3601 2321 3743 2385; x_wconf 81' lang='grc' dir='ltr'>θεῖος</span> 
     </span>
    </p>
   </div>
   <div class='ocr_carea' id='block_1_69' title="bbox 2155 2409 3329 2485">
    <p class='ocr_par' dir='ltr' id='par_1_69' title="bbox 2155 2409 3329 2485">
     <span class='ocr_line' id='line_1_69' title="bbox 2155 2409 3329 2485; baseline 0 -17"><span class='ocrx_word' id='word_1_469' title='bbox 2155 2415 2369 2478; x_wconf 83' lang='grc' dir='ltr'>Παῦλος</span> <span class='ocrx_word' id='word_1_470' title='bbox 2387 2455 2402 2479; x_wconf 87' lang='grc'><strong>,</strong></span> <span class='ocrx_word' id='word_1_471' title='bbox 2435 2409 2522 2469; x_wconf 80' lang='grc' dir='ltr'><strong>ὧν</strong></span> <span class='ocrx_word' id='word_1_472' title='bbox 2555 2417 2667 2469; x_wconf 81' lang='grc' dir='ltr'>οὐκ</span> <span class='ocrx_word' id='word_1_473' title='bbox 2685 2411 2766 2485; x_wconf 81' lang='grc' dir='ltr'><strong>ἦν</strong></span> <span class='ocrx_word' id='word_1_474' title='bbox 2793 2413 2965 2481; x_wconf 75' lang='grc' dir='ltr'>ἄξιος</span> <span class='ocrx_word' id='word_1_475' title='bbox 2991 2417 3023 2469; x_wconf 85' lang='grc' dir='ltr'><em>ὀ</em></span> <span class='ocrx_word' id='word_1_476' title='bbox 3057 2415 3329 2485; x_wconf 77' lang='grc' dir='ltr'>κόσμος].</span> 
     </span>
    </p>
   </div>
   <div class='ocr_carea' id='block_1_70' title="bbox 2232 2505 3739 2578">
    <p class='ocr_par' dir='ltr' id='par_1_70' title="bbox 2232 2505 3739 2578">
     <span class='ocr_line' id='line_1_70' title="bbox 2232 2505 3739 2578; baseline 0.001 -20"><span class='ocrx_word' id='word_1_477' title='bbox 2232 2526 2250 2557; x_wconf 80' lang='grc' dir='ltr'><strong>ι</strong></span> <span class='ocrx_word' id='word_1_478' title='bbox 2293 2507 2730 2576; x_wconf 84' lang='grc' dir='ltr'>Προσελεύσεται</span> <span class='ocrx_word' id='word_1_479' title='bbox 2766 2506 3053 2578; x_wconf 80' lang='grc' dir='ltr'>ἄνθρωπος</span> <span class='ocrx_word' id='word_1_480' title='bbox 3069 2507 3146 2570; x_wconf 81' lang='grc'><strong>⁷⁷,</strong></span> <span class='ocrx_word' id='word_1_481' title='bbox 3176 2506 3270 2558; x_wconf 78' lang='grc' dir='ltr'>καὶ</span> <span class='ocrx_word' id='word_1_482' title='bbox 3295 2505 3492 2577; x_wconf 83' lang='grc' dir='ltr'>καρδία</span> <span class='ocrx_word' id='word_1_483' title='bbox 3523 2506 3739 2576; x_wconf 81' lang='grc' dir='ltr'>βαθεῖα.</span> 
     </span>
    </p>
   </div>
   <div class='ocr_carea' id='block_1_71' title="bbox 2156 2595 3741 2670">
    <p class='ocr_par' dir='ltr' id='par_1_71' title="bbox 2156 2595 3741 2670">
     <span class='ocr_line' id='line_1_71' title="bbox 2156 2595 3741 2670; baseline -0.003 -17"><span class='ocrx_word' id='word_1_484' title='bbox 2156 2597 2276 2670; x_wconf 81' lang='grc' dir='ltr'>[η’.]</span> <span class='ocrx_word' id='word_1_485' title='bbox 2301 2599 2411 2652; x_wconf 79' lang='grc' dir='ltr'><strong>Καὶ</strong></span> <span class='ocrx_word' id='word_1_486' title='bbox 2443 2597 2792 2668; x_wconf 77' lang='grc' dir='ltr'>ὑψωθήσεται</span> <span class='ocrx_word' id='word_1_487' title='bbox 2812 2595 2855 2628; x_wconf 83' lang='grc'><strong>⁷⁸</strong></span> <span class='ocrx_word' id='word_1_488' title='bbox 2889 2599 2917 2650; x_wconf 91' lang='grc' dir='ltr'><strong>ό</strong></span> <span class='ocrx_word' id='word_1_489' title='bbox 2942 2597 3096 2660; x_wconf 87' lang='grc' dir='ltr'>Θεός.</span> <span class='ocrx_word' id='word_1_490' title='bbox 3135 2615 3154 2649; x_wconf 75' lang='grc' dir='ltr'><strong>ι</strong></span> <span class='ocrx_word' id='word_1_491' title='bbox 3189 2595 3364 2650; x_wconf 89' lang='grc' dir='ltr'>Τοῦτο</span> <span class='ocrx_word' id='word_1_492' title='bbox 3381 2598 3427 2629; x_wconf 70' lang='grc'><strong>⁷9</strong></span> <span class='ocrx_word' id='word_1_493' title='bbox 3464 2597 3741 2666; x_wconf 77' lang='grc' dir='ltr'>σαφέστε-</span> 
     </span>
    </p>
   </div>
   <div class='ocr_carea' id='block_1_72' title="bbox 2159 2688 3744 2761">
    <p class='ocr_par' dir='ltr' id='par_1_72' title="bbox 2159 2688 3744 2761">
     <span class='ocr_line' id='line_1_72' title="bbox 2159 2688 3744 2761; baseline 0.001 -21"><span class='ocrx_word' id='word_1_494' title='bbox 2159 2707 2252 2761; x_wconf 85' lang='grc' dir='ltr'><strong>ρον</strong></span> <span class='ocrx_word' id='word_1_495' title='bbox 2289 2692 2319 2744; x_wconf 85' lang='grc' dir='ltr'><strong>ὁ</strong></span> <span class='ocrx_word' id='word_1_496' title='bbox 2354 2689 2654 2743; x_wconf 87' lang='grc' dir='ltr'>Θεοδοτίων</span> <span class='ocrx_word' id='word_1_497' title='bbox 2696 2691 3014 2761; x_wconf 77' lang='grc' dir='ltr'>ἡρμήνευσε</span> <span class='ocrx_word' id='word_1_498' title='bbox 3037 2707 3050 2721; x_wconf 88' lang='grc'><strong>·</strong></span> <span class='ocrx_word' id='word_1_499' title='bbox 3097 2690 3248 2758; x_wconf 84' lang='grc' dir='ltr'>λέγει</span> <span class='ocrx_word' id='word_1_500' title='bbox 3290 2690 3346 2743; x_wconf 85' lang='grc' dir='ltr'><strong>δέ</strong></span> <span class='ocrx_word' id='word_1_501' title='bbox 3381 2689 3559 2753; x_wconf 77' lang='grc' dir='ltr'>οὕτως</span> <span class='ocrx_word' id='word_1_502' title='bbox 3589 2707 3607 2721; x_wconf 82' lang='lat'><strong><em>°</em></strong></span> <span class='ocrx_word' id='word_1_503' title='bbox 3641 2688 3744 2744; x_wconf 73' lang='lat' dir='ltr'><strong>Kal</strong></span> 
     </span>
    </p>
   </div>
   <div class='ocr_carea' id='block_1_73' title="bbox 2154 2781 3744 2851">
    <p class='ocr_par' dir='ltr' id='par_1_73' title="bbox 2154 2781 3744 2851">
     <span class='ocr_line' id='line_1_73' title="bbox 2154 2781 3744 2851; baseline 0.001 -16"><span class='ocrx_word' id='word_1_504' title='bbox 2154 2782 2428 2839; x_wconf 60' lang='grc' dir='ltr'>διάνοιαν</span> <span class='ocrx_word' id='word_1_505' title='bbox 2451 2781 2690 2850; x_wconf 75' lang='grc' dir='ltr'>ἀνδρὸς,</span> <span class='ocrx_word' id='word_1_506' title='bbox 2745 2782 2845 2836; x_wconf 81' lang='grc' dir='ltr'>καὶ</span> <span class='ocrx_word' id='word_1_507' title='bbox 2899 2782 3155 2851; x_wconf 77' lang='grc' dir='ltr'>καρδίαν</span> <span class='ocrx_word' id='word_1_508' title='bbox 3182 2782 3443 2848; x_wconf 79' lang='grc' dir='ltr'>βαθεῖαν</span> <span class='ocrx_word' id='word_1_509' title='bbox 3491 2799 3744 2836; x_wconf 80' lang='grc' dir='ltr'>κατατο-</span> 
     </span>
    </p>
   </div>
   <div class='ocr_carea' id='block_1_74' title="bbox 2156 2871 3741 2944">
    <p class='ocr_par' dir='ltr' id='par_1_74' title="bbox 2156 2871 3741 2944">
     <span class='ocr_line' id='line_1_74' title="bbox 2156 2871 3741 2944; baseline -0.003 -15"><span class='ocrx_word' id='word_1_510' title='bbox 2156 2874 2361 2939; x_wconf 79' lang='grc' dir='ltr'>ξεύσει</span> <span class='ocrx_word' id='word_1_511' title='bbox 2385 2877 2418 2928; x_wconf 87' lang='grc' dir='ltr'><strong>ό</strong></span> <span class='ocrx_word' id='word_1_512' title='bbox 2445 2875 2609 2939; x_wconf 84' lang='grc' dir='ltr'>Θεός.</span> <span class='ocrx_word' id='word_1_513' title='bbox 2632 2873 2754 2927; x_wconf 84' lang='grc' dir='ltr'><strong>Κᾶν</strong></span> <span class='ocrx_word' id='word_1_514' title='bbox 2798 2872 2908 2943; x_wconf 83' lang='grc' dir='ltr'>γὰρ</span> <span class='ocrx_word' id='word_1_515' title='bbox 2935 2873 3196 2944; x_wconf 86' lang='grc' dir='ltr'>μυριάκις</span> <span class='ocrx_word' id='word_1_516' title='bbox 3224 2873 3407 2928; x_wconf 80' lang='grc' dir='ltr'>αὐτῶν</span> <span class='ocrx_word' id='word_1_517' title='bbox 3450 2871 3741 2943; x_wconf 79' lang='grc' dir='ltr'>κατακρύ-</span> 
     </span>
    </p>
   </div>
   <div class='ocr_carea' id='block_1_75' title="bbox 2153 2963 3740 3038">
    <p class='ocr_par' dir='ltr' id='par_1_75' title="bbox 2153 2963 3740 3038">
     <span class='ocr_line' id='line_1_75' title="bbox 2153 2963 3740 3038; baseline -0.002 -18"><span class='ocrx_word' id='word_1_518' title='bbox 2153 2966 2297 3038; x_wconf 78' lang='grc' dir='ltr'>ψωσι</span> <span class='ocrx_word' id='word_1_519' title='bbox 2336 2967 2404 3020; x_wconf 85' lang='grc' dir='ltr'>τὰ</span> <span class='ocrx_word' id='word_1_520' title='bbox 2432 2966 2864 3036; x_wconf 87' lang='grc' dir='ltr'>ἐπιτηδεύματα,</span> <span class='ocrx_word' id='word_1_521' title='bbox 2889 2966 3025 3036; x_wconf 83' lang='grc' dir='ltr'>δῆλα</span> <span class='ocrx_word' id='word_1_522' title='bbox 3055 2964 3232 3018; x_wconf 87' lang='grc' dir='ltr'>ταῦτά</span> <span class='ocrx_word' id='word_1_523' title='bbox 3251 2965 3296 2998; x_wconf 75' lang='grc' dir='ltr'><strong>⁸ο</strong></span> <span class='ocrx_word' id='word_1_524' title='bbox 3323 2966 3439 3018; x_wconf 87' lang='grc' dir='ltr'>ἐστι</span> <span class='ocrx_word' id='word_1_525' title='bbox 3463 2964 3541 3033; x_wconf 84' lang='grc' dir='ltr'>τῷ</span> <span class='ocrx_word' id='word_1_526' title='bbox 3575 2963 3740 3020; x_wconf 70' lang='grc' dir='ltr'>’πάντ’</span> 
     </span>
    </p>
   </div>
   <div class='ocr_carea' id='block_1_76' title="bbox 2077 3057 3743 3139">
    <p class='ocr_par' dir='ltr' id='par_1_76' title="bbox 2077 3057 3743 3139">
     <span class='ocr_line' id='line_1_76' title="bbox 2077 3057 3743 3139; baseline 0 -27"><span class='ocrx_word' id='word_1_527' title='bbox 2077 3079 2121 3139; x_wconf 73' lang='lat' dir='ltr'>c</span> <span class='ocrx_word' id='word_1_528' title='bbox 2157 3059 2426 3128; x_wconf 83' lang='grc' dir='ltr'>ἐφορῶντι</span> <span class='ocrx_word' id='word_1_529' title='bbox 2452 3058 2572 3128; x_wconf 85' lang='grc' dir='ltr'>Θεῷ</span> <span class='ocrx_word' id='word_1_530' title='bbox 2591 3074 2604 3088; x_wconf 76' lang='grc'><strong><em>⁸</em></strong></span> <span class='ocrx_word' id='word_1_531' title='bbox 2623 3057 2682 3121; x_wconf 86' lang='grc' dir='ltr'>ὃς</span> <span class='ocrx_word' id='word_1_532' title='bbox 2702 3059 2744 3089; x_wconf 75' lang='grc'>⁸⁸</span> <span class='ocrx_word' id='word_1_533' title='bbox 2767 3057 2828 3111; x_wconf 79' lang='grc' dir='ltr'>τὸ</span> <span class='ocrx_word' id='word_1_534' title='bbox 2848 3058 3050 3111; x_wconf 68' lang='grc' dir='ltr'>οἰκεῖον</span> <span class='ocrx_word' id='word_1_535' title='bbox 3076 3057 3455 3111; x_wconf 86' lang='grc' dir='ltr'>ὑποδείκνυσιν</span> <span class='ocrx_word' id='word_1_536' title='bbox 3485 3057 3650 3128; x_wconf 77' lang='grc' dir='ltr'>ὕψος,</span> <span class='ocrx_word' id='word_1_537' title='bbox 3665 3059 3743 3112; x_wconf 87' lang='grc' dir='ltr'>δί-</span> 
     </span>
    </p>
   </div>
   <div class='ocr_carea' id='block_1_77' title="bbox 2157 3148 3400 3220">
    <p class='ocr_par' dir='ltr' id='par_1_77' title="bbox 2157 3148 3400 3220">
     <span class='ocr_line' id='line_1_77' title="bbox 2157 3148 3400 3220; baseline 0 -16"><span class='ocrx_word' id='word_1_538' title='bbox 2157 3169 2260 3216; x_wconf 88' lang='grc' dir='ltr'><strong>κας</strong></span> <span class='ocrx_word' id='word_1_539' title='bbox 2286 3151 2332 3183; x_wconf 77' lang='grc'><strong>³³</strong></span> <span class='ocrx_word' id='word_1_540' title='bbox 2403 3151 2530 3212; x_wconf 82' lang='grc' dir='ltr'>τοὺς</span> <span class='ocrx_word' id='word_1_541' title='bbox 2585 3148 2862 3212; x_wconf 83' lang='grc' dir='ltr'>τοιούτους</span> <span class='ocrx_word' id='word_1_542' title='bbox 2915 3149 3400 3220; x_wconf 84' lang='grc' dir='ltr'>είσπραττόμενος.</span> 
     </span>
    </p>
   </div>
   <div class='ocr_carea' id='block_1_78' title="bbox 2232 3241 3737 3313">
    <p class='ocr_par' dir='ltr' id='par_1_78' title="bbox 2232 3241 3737 3313">
     <span class='ocr_line' id='line_1_78' title="bbox 2232 3241 3737 3313; baseline 0.003 -19"><span class='ocrx_word' id='word_1_543' title='bbox 2232 3263 2250 3294; x_wconf 75' lang='grc' dir='ltr'><strong>ι</strong></span> <span class='ocrx_word' id='word_1_544' title='bbox 2291 3243 2458 3306; x_wconf 80' lang='grc' dir='ltr'>Βὲλος</span> <span class='ocrx_word' id='word_1_545' title='bbox 2483 3242 2698 3313; x_wconf 86' lang='grc' dir='ltr'>νηπίων</span> <span class='ocrx_word' id='word_1_546' title='bbox 2724 3243 2770 3275; x_wconf 77' lang='grc'><strong>⁸³</strong></span> <span class='ocrx_word' id='word_1_547' title='bbox 2813 3241 3156 3312; x_wconf 87' lang='grc' dir='ltr'>ἐγενήθησαν</span> <span class='ocrx_word' id='word_1_548' title='bbox 3197 3244 3252 3294; x_wconf 81' lang='grc' dir='ltr'><strong>αἱ</strong></span> <span class='ocrx_word' id='word_1_549' title='bbox 3292 3241 3501 3312; x_wconf 75' lang='grc' dir='ltr'>πληγαὶ</span> <span class='ocrx_word' id='word_1_550' title='bbox 3539 3242 3737 3298; x_wconf 81' lang='grc' dir='ltr'>αὐτῶν.</span> 
     </span>
    </p>
   </div>
   <div class='ocr_carea' id='block_1_79' title="bbox 2159 3331 3740 3407">
    <p class='ocr_par' dir='ltr' id='par_1_79' title="bbox 2159 3331 3740 3407">
     <span class='ocr_line' id='line_1_79' title="bbox 2159 3331 3740 3407; baseline -0.001 -20"><span class='ocrx_word' id='word_1_551' title='bbox 2159 3333 2276 3407; x_wconf 68' lang='grc' dir='ltr'><strong>[οη]</strong></span> <span class='ocrx_word' id='word_1_552' title='bbox 2309 3335 2418 3388; x_wconf 73' lang='grc' dir='ltr'><strong>Καὶ</strong></span> <span class='ocrx_word' id='word_1_553' title='bbox 2447 3331 2820 3404; x_wconf 79' lang='grc' dir='ltr'>ἐξησθένησαν</span> <span class='ocrx_word' id='word_1_554' title='bbox 2854 3333 2942 3386; x_wconf 89' lang='grc' dir='ltr'>ἐπ’</span> <span class='ocrx_word' id='word_1_555' title='bbox 2970 3332 3171 3396; x_wconf 80' lang='grc' dir='ltr'>αὐτοὺς</span> <span class='ocrx_word' id='word_1_556' title='bbox 3191 3331 3240 3364; x_wconf 70' lang='grc'><strong>⁸⁸</strong></span> <span class='ocrx_word' id='word_1_557' title='bbox 3263 3333 3319 3385; x_wconf 75' lang='grc' dir='ltr'>αἱ</span> <span class='ocrx_word' id='word_1_558' title='bbox 3350 3332 3610 3401; x_wconf 81' lang='grc' dir='ltr'>γλῶσσαι</span> <span class='ocrx_word' id='word_1_559' title='bbox 3647 3333 3740 3386; x_wconf 80' lang='grc' dir='ltr'><strong>αὔ·</strong></span> 
     </span>
    </p>
   </div>
   <div class='ocr_carea' id='block_1_80' title="bbox 2156 3423 3741 3496">
    <p class='ocr_par' dir='ltr' id='par_1_80' title="bbox 2156 3423 3741 3496">
     <span class='ocr_line' id='line_1_80' title="bbox 2156 3423 3741 3496; baseline -0.001 -17"><span class='ocrx_word' id='word_1_560' title='bbox 2156 3426 2285 3479; x_wconf 85' lang='grc' dir='ltr'>τῶν.</span> <span class='ocrx_word' id='word_1_561' title='bbox 2317 3444 2335 3477; x_wconf 74' lang='grc' dir='ltr'><strong>ι</strong></span> <span class='ocrx_word' id='word_1_562' title='bbox 2385 3424 2528 3478; x_wconf 82' lang='grc' dir='ltr'>Ἀλλ’</span> <span class='ocrx_word' id='word_1_563' title='bbox 2550 3425 2700 3494; x_wconf 84' lang='grc' dir='ltr'>ὅμως</span> <span class='ocrx_word' id='word_1_564' title='bbox 2728 3423 2824 3478; x_wconf 69' lang='grc' dir='ltr'><strong>καὶ</strong></span> <span class='ocrx_word' id='word_1_565' title='bbox 2861 3423 3103 3495; x_wconf 81' lang='grc' dir='ltr'>τοσαύτῃ</span> <span class='ocrx_word' id='word_1_566' title='bbox 3139 3423 3408 3493; x_wconf 87' lang='grc' dir='ltr'>δεινότητι</span> <span class='ocrx_word' id='word_1_567' title='bbox 3436 3425 3741 3496; x_wconf 79' lang='grc' dir='ltr'>χρώμενοι,</span> 
     </span>
    </p>
   </div>
   <div class='ocr_carea' id='block_1_81' title="bbox 2157 3513 3742 3588">
    <p class='ocr_par' dir='ltr' id='par_1_81' title="bbox 2157 3513 3742 3588">
     <span class='ocr_line' id='line_1_81' title="bbox 2157 3513 3742 3588; baseline -0.001 -20"><span class='ocrx_word' id='word_1_568' title='bbox 2157 3516 2456 3588; x_wconf 87' lang='grc' dir='ltr'>διήμαρτον</span> <span class='ocrx_word' id='word_1_569' title='bbox 2487 3515 2582 3568; x_wconf 86' lang='grc' dir='ltr'><strong>τοῦ</strong></span> <span class='ocrx_word' id='word_1_570' title='bbox 2615 3514 2841 3568; x_wconf 88' lang='grc' dir='ltr'>σκοποῦ.</span> <span class='ocrx_word' id='word_1_571' title='bbox 2875 3513 3146 3583; x_wconf 82' lang='grc' dir='ltr'>Καθάπερ</span> <span class='ocrx_word' id='word_1_572' title='bbox 3178 3514 3290 3586; x_wconf 85' lang='grc' dir='ltr'>γὰρ</span> <span class='ocrx_word' id='word_1_573' title='bbox 3333 3515 3403 3566; x_wconf 84' lang='grc' dir='ltr'>τὰ</span> <span class='ocrx_word' id='word_1_574' title='bbox 3434 3517 3599 3584; x_wconf 84' lang='grc' dir='ltr'>παρὰ</span> <span class='ocrx_word' id='word_1_575' title='bbox 3641 3514 3742 3566; x_wconf 80' lang='grc' dir='ltr'>τῶν</span> 
     </span>
    </p>
   </div>
   <div class='ocr_carea' id='block_1_82' title="bbox 2159 3605 3743 3677">
    <p class='ocr_par' dir='ltr' id='par_1_82' title="bbox 2159 3605 3743 3677">
     <span class='ocr_line' id='line_1_82' title="bbox 2159 3605 3743 3677; baseline -0.002 -16"><span class='ocrx_word' id='word_1_576' title='bbox 2159 3607 2354 3677; x_wconf 84' lang='grc' dir='ltr'>κομιδῆ</span> <span class='ocrx_word' id='word_1_577' title='bbox 2384 3607 2519 3660; x_wconf 83' lang='grc' dir='ltr'>νέων</span> <span class='ocrx_word' id='word_1_578' title='bbox 2555 3605 2830 3675; x_wconf 78' lang='grc' dir='ltr'>ἀφιέμενα</span> <span class='ocrx_word' id='word_1_579' title='bbox 2850 3606 2898 3636; x_wconf 81' lang='grc'><strong>⁸⁵</strong></span> <span class='ocrx_word' id='word_1_580' title='bbox 2931 3605 3058 3676; x_wconf 84' lang='grc' dir='ltr'>βέλη</span> <span class='ocrx_word' id='word_1_581' title='bbox 3093 3605 3300 3675; x_wconf 81' lang='grc' dir='ltr'>βλάϐην</span> <span class='ocrx_word' id='word_1_582' title='bbox 3330 3605 3599 3676; x_wconf 81' lang='grc' dir='ltr'>οὐδεμίαν</span> <span class='ocrx_word' id='word_1_583' title='bbox 3629 3609 3743 3658; x_wconf 76' lang='grc' dir='ltr'>ἐπι-</span> 
     </span>
    </p>
   </div>
   <div class='ocr_carea' id='block_1_83' title="bbox 2158 3697 3741 3770">
    <p class='ocr_par' dir='ltr' id='par_1_83' title="bbox 2158 3697 3741 3770">
     <span class='ocr_line' id='line_1_83' title="bbox 2158 3697 3741 3770; baseline -0.001 -18"><span class='ocrx_word' id='word_1_584' title='bbox 2158 3701 2316 3770; x_wconf 79' lang='grc' dir='ltr'>φέρει</span> <span class='ocrx_word' id='word_1_585' title='bbox 2339 3702 2452 3762; x_wconf 89' lang='grc' dir='ltr'>τοῖς</span> <span class='ocrx_word' id='word_1_586' title='bbox 2479 3697 2794 3768; x_wconf 81' lang='grc' dir='ltr'>δεχομένοις</span> <span class='ocrx_word' id='word_1_587' title='bbox 2814 3738 2829 3763; x_wconf 93' lang='grc'><strong>,</strong></span> <span class='ocrx_word' id='word_1_588' title='bbox 2859 3697 3032 3762; x_wconf 74' lang='grc' dir='ltr'>οὕτως</span> <span class='ocrx_word' id='word_1_589' title='bbox 3062 3701 3118 3752; x_wconf 75' lang='grc' dir='ltr'><strong>αἱ</strong></span> <span class='ocrx_word' id='word_1_590' title='bbox 3137 3698 3184 3730; x_wconf 76' lang='grc'><strong>⁸⁸</strong></span> <span class='ocrx_word' id='word_1_591' title='bbox 3216 3697 3424 3751; x_wconf 84' lang='grc' dir='ltr'>τούτων</span> <span class='ocrx_word' id='word_1_592' title='bbox 3456 3698 3741 3765; x_wconf 84' lang='grc' dir='ltr'>γλῶσσαι,</span> 
     </span>
    </p>
   </div>
   <div class='ocr_carea' id='block_1_84' title="bbox 2157 3787 3746 3860">
    <p class='ocr_par' dir='ltr' id='par_1_84' title="bbox 2157 3787 3746 3860">
     <span class='ocr_line' id='line_1_84' title="bbox 2157 3787 3746 3860; baseline -0.001 -18"><span class='ocrx_word' id='word_1_593' title='bbox 2157 3790 2285 3853; x_wconf 76' lang='grc' dir='ltr'>τοὺς</span> <span class='ocrx_word' id='word_1_594' title='bbox 2311 3789 2407 3860; x_wconf 82' lang='grc' dir='ltr'>μὲν</span> <span class='ocrx_word' id='word_1_595' title='bbox 2436 3789 2734 3860; x_wconf 74' lang='grc' dir='ltr'>βληθέντας</span> <span class='ocrx_word' id='word_1_596' title='bbox 2760 3789 2860 3842; x_wconf 82' lang='grc' dir='ltr'>οὐκ</span> <span class='ocrx_word' id='word_1_597' title='bbox 2884 3787 3130 3858; x_wconf 74' lang='grc' dir='ltr'>ἔϐλαψαν</span> <span class='ocrx_word' id='word_1_598' title='bbox 3151 3806 3165 3820; x_wconf 77' lang='grc' dir='ltr'><strong>ο</strong></span> <span class='ocrx_word' id='word_1_599' title='bbox 3193 3787 3338 3842; x_wconf 81' lang='grc' dir='ltr'>κατὰ</span> <span class='ocrx_word' id='word_1_600' title='bbox 3372 3789 3430 3841; x_wconf 84' lang='grc' dir='ltr'>δὲ</span> <span class='ocrx_word' id='word_1_601' title='bbox 3453 3789 3575 3845; x_wconf 83' lang='grc' dir='ltr'><strong>τῶν</strong></span> <span class='ocrx_word' id='word_1_602' title='bbox 3603 3806 3746 3842; x_wconf 86' lang='grc' dir='ltr'>τινα-</span> 
     </span>
    </p>
   </div>
   <div class='ocr_carea' id='block_1_85' title="bbox 2159 3879 3743 3952">
    <p class='ocr_par' dir='ltr' id='par_1_85' title="bbox 2159 3879 3743 3952">
     <span class='ocr_line' id='line_1_85' title="bbox 2159 3879 3743 3952; baseline -0.004 -16"><span class='ocrx_word' id='word_1_603' title='bbox 2159 3881 2366 3949; x_wconf 83' lang='grc' dir='ltr'>ξάντων</span> <span class='ocrx_word' id='word_1_604' title='bbox 2391 3883 2426 3952; x_wconf 86' lang='grc' dir='ltr'><strong>ή</strong></span> <span class='ocrx_word' id='word_1_605' title='bbox 2452 3879 2600 3950; x_wconf 86' lang='grc' dir='ltr'>λώϐη</span> <span class='ocrx_word' id='word_1_606' title='bbox 2619 3879 2959 3952; x_wconf 85' lang='grc' dir='ltr'>κεχώρηκεν.</span> <span class='ocrx_word' id='word_1_607' title='bbox 2979 3899 2998 3932; x_wconf 79' lang='grc' dir='ltr'><strong>ι</strong></span> <span class='ocrx_word' id='word_1_608' title='bbox 3021 3879 3440 3950; x_wconf 84' lang='grc' dir='ltr'>Ἑταρόιχθησαν</span> <span class='ocrx_word' id='word_1_609' title='bbox 3471 3881 3680 3943; x_wconf 78' lang='grc' dir='ltr'>πάντες</span> <span class='ocrx_word' id='word_1_610' title='bbox 3698 3880 3743 3932; x_wconf 89' lang='grc' dir='ltr'><strong>οί</strong></span> 
     </span>
    </p>
   </div>
   <div class='ocr_carea' id='block_1_86' title="bbox 2160 3968 3744 4048">
    <p class='ocr_par' dir='ltr' id='par_1_86' title="bbox 2160 3968 3744 4048">
     <span class='ocr_line' id='line_1_86' title="bbox 2160 3968 3744 4048; baseline -0.006 -18"><span class='ocrx_word' id='word_1_611' title='bbox 2160 3974 2495 4048; x_wconf 82' lang='grc' dir='ltr'>θεωροῦντες</span> <span class='ocrx_word' id='word_1_612' title='bbox 2515 3972 2769 4036; x_wconf 78' lang='grc' dir='ltr'>αὐτούς.»</span> <span class='ocrx_word' id='word_1_613' title='bbox 2801 3974 2864 4026; x_wconf 85' lang='lat' dir='ltr'><strong>Ol</strong></span> <span class='ocrx_word' id='word_1_614' title='bbox 2892 3973 2950 4027; x_wconf 80' lang='grc' dir='ltr'>δὲ</span> <span class='ocrx_word' id='word_1_615' title='bbox 2969 3973 3012 4005; x_wconf 77' lang='grc'><strong>⁸⁷</strong></span> <span class='ocrx_word' id='word_1_616' title='bbox 3046 3972 3378 4042; x_wconf 85' lang='grc' dir='ltr'>θεασάμενοι</span> <span class='ocrx_word' id='word_1_617' title='bbox 3405 3971 3617 4035; x_wconf 75' lang='grc' dir='ltr'>αὐτοὺς</span> <span class='ocrx_word' id='word_1_618' title='bbox 3643 3968 3744 4022; x_wconf 83' lang='grc' dir='ltr'>τῶν</span> 
     </span>
    </p>
   </div>
   <div class='ocr_carea' id='block_1_87' title="bbox 2157 4061 3745 4137">
    <p class='ocr_par' dir='ltr' id='par_1_87' title="bbox 2157 4061 3745 4137">
     <span class='ocr_line' id='line_1_87' title="bbox 2157 4061 3745 4137; baseline -0.005 -17"><span class='ocrx_word' id='word_1_619' title='bbox 2157 4064 2581 4137; x_wconf 83' lang='grc' dir='ltr'>ἐγχειρημάτων</span> <span class='ocrx_word' id='word_1_620' title='bbox 2615 4063 3058 4135; x_wconf 84' lang='grc' dir='ltr'>διαμαρτόντας,</span> <span class='ocrx_word' id='word_1_621' title='bbox 3103 4062 3336 4132; x_wconf 86' lang='grc' dir='ltr'>θορύϐου</span> <span class='ocrx_word' id='word_1_622' title='bbox 3366 4061 3410 4093; x_wconf 78' lang='grc'>⁸⁸</span> <span class='ocrx_word' id='word_1_623' title='bbox 3455 4062 3563 4113; x_wconf 64' lang='grc' dir='ltr'>καὶ</span> <span class='ocrx_word' id='word_1_624' title='bbox 3600 4061 3745 4120; x_wconf 75' lang='grc' dir='ltr'>δέους</span> 
     </span>
    </p>
   </div>
   <div class='ocr_carea' id='block_1_88' title="bbox 2160 4148 3746 4229">
    <p class='ocr_par' dir='ltr' id='par_1_88' title="bbox 2160 4148 3746 4229">
     <span class='ocr_line' id='line_1_88' title="bbox 2160 4148 3746 4229; baseline -0.006 -18"><span class='ocrx_word' id='word_1_625' title='bbox 2160 4158 2590 4229; x_wconf 85' lang='grc' dir='ltr'>πλησθήσονται,</span> <span class='ocrx_word' id='word_1_626' title='bbox 2618 4155 2712 4226; x_wconf 72' lang='grc' dir='ltr'><strong>ἥθ’</strong></span> <span class='ocrx_word' id='word_1_627' title='bbox 2742 4154 3119 4225; x_wconf 86' lang='grc' dir='ltr'>ἐπλήσθησαν,</span> <span class='ocrx_word' id='word_1_628' title='bbox 3153 4155 3248 4206; x_wconf 74' lang='grc' dir='ltr'><strong>καὶ</strong></span> <span class='ocrx_word' id='word_1_629' title='bbox 3273 4153 3373 4220; x_wconf 81' lang='grc' dir='ltr'><strong>τὴν</strong></span> <span class='ocrx_word' id='word_1_630' title='bbox 3399 4151 3566 4204; x_wconf 85' lang='grc' dir='ltr'>θείαν</span> <span class='ocrx_word' id='word_1_631' title='bbox 3595 4148 3746 4204; x_wconf 84' lang='grc' dir='ltr'>ἐθαύ-</span> 
     </span>
    </p>
   </div>
   <div class='ocr_carea' id='block_1_89' title="bbox 2162 4239 3745 4320">
    <p class='ocr_par' dir='ltr' id='par_1_89' title="bbox 2162 4239 3745 4320">
     <span class='ocr_line' id='line_1_89' title="bbox 2162 4239 3745 4320; baseline -0.009 -18"><span class='ocrx_word' id='word_1_632' title='bbox 2162 4265 2344 4320; x_wconf 87' lang='grc' dir='ltr'>μασαν</span> <span class='ocrx_word' id='word_1_633' title='bbox 2372 4247 2654 4319; x_wconf 88' lang='grc' dir='ltr'>πρόνοιαν.</span> <span class='ocrx_word' id='word_1_634' title='bbox 2684 4244 2857 4298; x_wconf 85' lang='grc' dir='ltr'>Τοῦτο</span> <span class='ocrx_word' id='word_1_635' title='bbox 2878 4246 2924 4276; x_wconf 71' lang='grc' dir='ltr'><strong>³ο</strong></span> <span class='ocrx_word' id='word_1_636' title='bbox 2955 4243 3064 4313; x_wconf 85' lang='grc' dir='ltr'><strong>γὰρ</strong></span> <span class='ocrx_word' id='word_1_637' title='bbox 3099 4243 3168 4296; x_wconf 75' lang='grc' dir='ltr'>τὰ</span> <span class='ocrx_word' id='word_1_638' title='bbox 3207 4241 3346 4312; x_wconf 81' lang='grc' dir='ltr'>μετὰ</span> <span class='ocrx_word' id='word_1_639' title='bbox 3373 4239 3560 4294; x_wconf 86' lang='grc' dir='ltr'>ταῦτα</span> <span class='ocrx_word' id='word_1_640' title='bbox 3585 4239 3745 4311; x_wconf 85' lang='grc' dir='ltr'>δηλοῖ.</span> 
     </span>
    </p>
   </div>
   <div class='ocr_carea' id='block_1_90' title="bbox 2232 4331 3746 4406">
    <p class='ocr_par' dir='ltr' id='par_1_90' title="bbox 2232 4331 3746 4406">
     <span class='ocr_line' id='line_1_90' title="bbox 2232 4331 3746 4406; baseline -0.007 -14"><span class='ocrx_word' id='word_1_641' title='bbox 2232 4335 2285 4394; x_wconf 89' lang='grc' dir='ltr'><strong>ι’.</strong></span> <span class='ocrx_word' id='word_1_642' title='bbox 2338 4355 2360 4389; x_wconf 76' lang='grc' dir='ltr'><strong>ι</strong></span> <span class='ocrx_word' id='word_1_643' title='bbox 2395 4337 2508 4390; x_wconf 74' lang='grc' dir='ltr'><strong>Καὶ</strong></span> <span class='ocrx_word' id='word_1_644' title='bbox 2548 4334 2792 4406; x_wconf 86' lang='grc' dir='ltr'>ἐφοϐήθη</span> <span class='ocrx_word' id='word_1_645' title='bbox 2830 4336 2939 4397; x_wconf 78' lang='grc' dir='ltr'><strong>πᾶς</strong></span> <span class='ocrx_word' id='word_1_646' title='bbox 2978 4332 3307 4402; x_wconf 83' lang='grc' dir='ltr'>ἄνθρωπος,</span> <span class='ocrx_word' id='word_1_647' title='bbox 3351 4331 3451 4383; x_wconf 81' lang='grc' dir='ltr'>καὶ</span> <span class='ocrx_word' id='word_1_648' title='bbox 3488 4331 3746 4403; x_wconf 85' lang='grc' dir='ltr'>ἀνήγγει-</span> 
     </span>
    </p>
   </div>
   <div class='ocr_carea' id='block_1_91' title="bbox 479 4408 2064 4509">
    <p class='ocr_par' dir='ltr' id='par_1_91' title="bbox 479 4432 2058 4509">
     <span class='ocr_line' id='line_1_91' title="bbox 479 4432 2058 4509; baseline 0 -21"><span class='ocrx_word' id='word_1_649' title='bbox 479 4443 674 4490; x_wconf 83' lang='lat' dir='ltr'><strong>verunt</strong></span> <span class='ocrx_word' id='word_1_650' title='bbox 701 4449 868 4503; x_wconf 88' lang='lat' dir='ltr'><strong>opera</strong></span> <span class='ocrx_word' id='word_1_651' title='bbox 899 4433 1014 4500; x_wconf 87' lang='lat' dir='ltr'><strong>Dei,</strong></span> <span class='ocrx_word' id='word_1_652' title='bbox 1051 4444 1105 4490; x_wconf 89' lang='lat' dir='ltr'><strong>et</strong></span> <span class='ocrx_word' id='word_1_653' title='bbox 1132 4435 1274 4490; x_wconf 78' lang='lat' dir='ltr'><strong>facta</strong></span> <span class='ocrx_word' id='word_1_654' title='bbox 1299 4435 1419 4504; x_wconf 89' lang='lat' dir='ltr'><strong>ejus</strong></span> <span class='ocrx_word' id='word_1_655' title='bbox 1445 4433 1862 4509; x_wconf 79' lang='lat' dir='ltr'><strong>intellexerunt._</strong></span> <span class='ocrx_word' id='word_1_656' title='bbox 1891 4452 1910 4485; x_wconf 68' lang='grc' dir='ltr'><strong>ι</strong></span> <span class='ocrx_word' id='word_1_657' title='bbox 1950 4432 2058 4488; x_wconf 89' lang='lat' dir='ltr'><strong>Co-</strong></span> 
     </span>
    </p>
   </div>
   <div class='ocr_carea' id='block_1_92' title="bbox 2162 4408 3746 4509">
    <p class='ocr_par' dir='ltr' id='par_1_92' title="bbox 2162 4408 3746 4500">
     <span class='ocr_line' id='line_1_92' title="bbox 2162 4408 3746 4500; baseline -0.009 -14"><span class='ocrx_word' id='word_1_658' title='bbox 2162 4431 2259 4486; x_wconf 87' lang='grc' dir='ltr'><strong>λαν</strong></span> <span class='ocrx_word' id='word_1_659' title='bbox 2283 4431 2353 4484; x_wconf 82' lang='grc' dir='ltr'><strong>τὰ</strong></span> <span class='ocrx_word' id='word_1_660' title='bbox 2385 4429 2525 4500; x_wconf 77' lang='grc' dir='ltr'>ἔργα</span> <span class='ocrx_word' id='word_1_661' title='bbox 2551 4429 2650 4480; x_wconf 87' lang='grc' dir='ltr'><strong>τοῦ</strong></span> <span class='ocrx_word' id='word_1_662' title='bbox 2682 4426 2820 4480; x_wconf 87' lang='grc' dir='ltr'>Θεοῦ</span> <span class='ocrx_word' id='word_1_663' title='bbox 2841 4443 2856 4459; x_wconf 78' lang='grc'><strong><em>⁸</em></strong></span> <span class='ocrx_word' id='word_1_664' title='bbox 2882 4425 2978 4480; x_wconf 69' lang='grc' dir='ltr'>καὶ</span> <span class='ocrx_word' id='word_1_665' title='bbox 3009 4425 3081 4477; x_wconf 88' lang='grc' dir='ltr'><strong>τὰ</strong></span> <span class='ocrx_word' id='word_1_666' title='bbox 3105 4408 3388 4494; x_wconf 77' lang='grc' dir='ltr'>ποιήματα</span> <span class='ocrx_word' id='word_1_667' title='bbox 3415 4422 3593 4476; x_wconf 80' lang='grc' dir='ltr'>αὐτοῦ</span> <span class='ocrx_word' id='word_1_668' title='bbox 3631 4437 3746 4474; x_wconf 80' lang='grc' dir='ltr'>συν·</span> 
     </span>
    </p>
   </div>
   <div class='ocr_carea' id='block_1_93' title="bbox 477 4521 2054 4595">
    <p class='ocr_par' dir='ltr' id='par_1_93' title="bbox 477 4521 2054 4595">
     <span class='ocr_line' id='line_1_93' title="bbox 477 4521 2054 4595; baseline -0.001 -18"><span class='ocrx_word' id='word_1_669' title='bbox 477 4524 712 4595; x_wconf 72' lang='lat' dir='ltr'><strong>gitantes</strong></span> <span class='ocrx_word' id='word_1_670' title='bbox 739 4525 888 4579; x_wconf 77' lang='lat' dir='ltr'><strong>enirn</strong></span> <span class='ocrx_word' id='word_1_671' title='bbox 936 4532 992 4579; x_wconf 89' lang='lat' dir='ltr'><strong>et</strong></span> <span class='ocrx_word' id='word_1_672' title='bbox 1039 4524 1382 4578; x_wconf 88' lang='lat' dir='ltr'><strong>revolventes</strong></span> <span class='ocrx_word' id='word_1_673' title='bbox 1438 4522 1892 4593; x_wconf 76' lang='lat' dir='ltr'><strong>gubernationem</strong></span> <span class='ocrx_word' id='word_1_674' title='bbox 1934 4521 2054 4588; x_wconf 92' lang='lat' dir='ltr'><strong>Dei,</strong></span> 
     </span>
    </p>
   </div>
   <div class='ocr_carea' id='block_1_94' title="bbox 475 4615 1380 4688">
    <p class='ocr_par' dir='ltr' id='par_1_94' title="bbox 475 4615 1380 4688">
     <span class='ocr_line' id='line_1_94' title="bbox 475 4615 1380 4688; baseline -0.003 -16"><span class='ocrx_word' id='word_1_675' title='bbox 475 4617 722 4672; x_wconf 85' lang='lat' dir='ltr'><strong>divinum</strong></span> <span class='ocrx_word' id='word_1_676' title='bbox 749 4615 1018 4688; x_wconf 86' lang='lat' dir='ltr'><strong>judicium</strong></span> <span class='ocrx_word' id='word_1_677' title='bbox 1057 4616 1380 4670; x_wconf 89' lang='lat' dir='ltr'><strong>timuerunt.</strong></span> 
     </span>
    </p>
   </div>
   <div class='ocr_carea' id='block_1_95' title="bbox 2163 4512 3746 4594">
    <p class='ocr_par' dir='ltr' id='par_1_95' title="bbox 2163 4512 3746 4594">
     <span class='ocr_line' id='line_1_95' title="bbox 2163 4512 3746 4594; baseline -0.007 -20"><span class='ocrx_word' id='word_1_678' title='bbox 2163 4523 2325 4594; x_wconf 84' lang='grc' dir='ltr'>ἧκαν.</span> <span class='ocrx_word' id='word_1_679' title='bbox 2365 4539 2383 4572; x_wconf 78' lang='grc' dir='ltr'><strong>ι</strong></span> <span class='ocrx_word' id='word_1_680' title='bbox 2445 4519 2534 4572; x_wconf 88' lang='grc' dir='ltr'>Ἐν</span> <span class='ocrx_word' id='word_1_681' title='bbox 2578 4517 2829 4590; x_wconf 81' lang='grc' dir='ltr'>περινοίᾳ</span> <span class='ocrx_word' id='word_1_682' title='bbox 2873 4515 2983 4587; x_wconf 83' lang='grc' dir='ltr'>γὰρ</span> <span class='ocrx_word' id='word_1_683' title='bbox 3024 4517 3069 4547; x_wconf 70' lang='grc' dir='ltr'>’ί</span> <span class='ocrx_word' id='word_1_684' title='bbox 3113 4515 3214 4583; x_wconf 83' lang='grc' dir='ltr'><strong>τῆς</strong></span> <span class='ocrx_word' id='word_1_685' title='bbox 3261 4512 3358 4566; x_wconf 88' lang='grc' dir='ltr'><strong>τοῦ</strong></span> <span class='ocrx_word' id='word_1_686' title='bbox 3403 4512 3551 4566; x_wconf 89' lang='grc' dir='ltr'>Θεοῦ</span> <span class='ocrx_word' id='word_1_687' title='bbox 3600 4512 3746 4583; x_wconf 84' lang='grc' dir='ltr'>κηδε-</span> 
     </span>
    </p>
   </div>
   <div class='ocr_carea' id='block_1_96' title="bbox 2165 4605 3577 4686">
    <p class='ocr_par' dir='ltr' id='par_1_96' title="bbox 2165 4605 3577 4686">
     <span class='ocr_line' id='line_1_96' title="bbox 2165 4605 3577 4686; baseline -0.005 -20"><span class='ocrx_word' id='word_1_688' title='bbox 2165 4612 2358 4684; x_wconf 87' lang='grc' dir='ltr'>μονίας</span> <span class='ocrx_word' id='word_1_689' title='bbox 2387 4613 2714 4680; x_wconf 87' lang='grc' dir='ltr'>γενόμενοι,</span> <span class='ocrx_word' id='word_1_690' title='bbox 2745 4607 2808 4662; x_wconf 85' lang='grc' dir='ltr'><strong>τδ</strong></span> <span class='ocrx_word' id='word_1_691' title='bbox 2839 4607 2984 4686; x_wconf 84' lang='grc' dir='ltr'>θεῖον</span> <span class='ocrx_word' id='word_1_692' title='bbox 3014 4606 3300 4677; x_wconf 87' lang='grc' dir='ltr'>κριτήριον</span> <span class='ocrx_word' id='word_1_693' title='bbox 3329 4605 3577 4659; x_wconf 79' lang='grc' dir='ltr'>ἔδεισαν.</span> 
     </span>
    </p>
   </div>
   <div class='ocr_carea' id='block_1_97' title="bbox 1561 4785 2636 4846">
    <p class='ocr_par' dir='ltr' id='par_1_97' title="bbox 1561 4785 2636 4846">
     <span class='ocr_line' id='line_1_97' title="bbox 1561 4785 2636 4846; baseline -0.006 -1"><span class='ocrx_word' id='word_1_694' title='bbox 1561 4788 1798 4845; x_wconf 71' lang='grc' dir='ltr'><strong>νΑΒῐιιΕ</strong></span> <span class='ocrx_word' id='word_1_695' title='bbox 1839 4788 2227 4846; x_wconf 82' lang='lat' dir='ltr'><strong>LECTIONES</strong></span> <span class='ocrx_word' id='word_1_696' title='bbox 2262 4788 2353 4842; x_wconf 85' lang='lat' dir='ltr'><strong>ET</strong></span> <span class='ocrx_word' id='word_1_697' title='bbox 2403 4785 2636 4841; x_wconf 65' lang='lat' dir='ltr'><strong>NOTAE.</strong></span> 
     </span>
    </p>
   </div>
   <div class='ocr_carea' id='block_1_98' title="bbox 588 4906 1013 4975">
    <p class='ocr_par' dir='ltr' id='par_1_98' title="bbox 588 4906 1013 4975">
     <span class='ocr_line' id='line_1_98' title="bbox 588 4906 1013 4975; baseline 0 -15"><span class='ocrx_word' id='word_1_698' title='bbox 588 4907 636 4940; x_wconf 78' lang='grc'><strong>⁸⁸</strong></span> <span class='ocrx_word' id='word_1_699' title='bbox 679 4906 1013 4975; x_wconf 79' lang='grc' dir='ltr'>Μηχαναῒς.</span> 
     </span>
    </p>
   </div>
   <div class='ocr_carea' id='block_1_99' title="bbox 1057 4893 2648 4977">
    <p class='ocr_par' dir='ltr' id='par_1_99' title="bbox 1057 4893 2648 4977">
     <span class='ocr_line' id='line_1_99' title="bbox 1057 4893 2648 4977; baseline -0.003 -15"><span class='ocrx_word' id='word_1_700' title='bbox 1057 4907 1179 4962; x_wconf 90' lang='lat' dir='ltr'><strong>cod.</strong></span> <span class='ocrx_word' id='word_1_701' title='bbox 1213 4906 1259 4977; x_wconf 77' lang='grc'><strong>1</strong></span> <span class='ocrx_word' id='word_1_702' title='bbox 1300 4909 1630 4977; x_wconf 84' lang='grc' dir='ltr'>συμφοραῖς,</span> <span class='ocrx_word' id='word_1_703' title='bbox 1679 4907 1914 4973; x_wconf 85' lang='lat' dir='ltr'><strong>ascripta</strong></span> <span class='ocrx_word' id='word_1_704' title='bbox 1963 4893 2146 4977; x_wconf 86' lang='lat' dir='ltr'><strong>tamen</strong></span> <span class='ocrx_word' id='word_1_705' title='bbox 2202 4904 2433 4959; x_wconf 89' lang='lat' dir='ltr'><strong>lectione</strong></span> <span class='ocrx_word' id='word_1_706' title='bbox 2457 4903 2648 4957; x_wconf 87' lang='lat' dir='ltr'><strong>altera.</strong></span> 
     </span>
    </p>
   </div>
   <div class='ocr_carea' id='block_1_100' title="bbox 2761 4894 3742 4956">
    <p class='ocr_par' dir='ltr' id='par_1_100' title="bbox 2761 4894 3742 4956">
     <span class='ocr_line' id='line_1_100' title="bbox 2761 4894 3742 4956; baseline -0.006 0"><span class='ocrx_word' id='word_1_707' title='bbox 2761 4901 2804 4934; x_wconf 74' lang='grc'>⁸³</span> <span class='ocrx_word' id='word_1_708' title='bbox 2846 4900 2968 4956; x_wconf 87' lang='lat' dir='ltr'><strong>cod.</strong></span> <span class='ocrx_word' id='word_1_709' title='bbox 3010 4899 3045 4952; x_wconf 72' lang='lat'><strong>‘2</strong></span> <span class='ocrx_word' id='word_1_710' title='bbox 3086 4894 3260 4952; x_wconf 78' lang='grc' dir='ltr'>εἷπον.</span> <span class='ocrx_word' id='word_1_711' title='bbox 3365 4896 3411 4929; x_wconf 80' lang='grc'><strong>⁷⁸</strong></span> <span class='ocrx_word' id='word_1_712' title='bbox 3449 4897 3494 4950; x_wconf 88' lang='grc' dir='ltr'><strong>Ε</strong></span> <span class='ocrx_word' id='word_1_713' title='bbox 3538 4897 3663 4952; x_wconf 86' lang='lat' dir='ltr'><strong>end.</strong></span> <span class='ocrx_word' id='word_1_714' title='bbox 3698 4898 3742 4951; x_wconf 87' lang='grc'><strong>1.</strong></span> 
     </span>
    </p>
   </div>
   <div class='ocr_carea' id='block_1_101' title="bbox 482 4967 2064 5054">
    <p class='ocr_par' dir='ltr' id='par_1_101' title="bbox 482 4967 2064 5054">
     <span class='ocr_line' id='line_1_101' title="bbox 482 4967 2064 5054; baseline -0.003 -20"><span class='ocrx_word' id='word_1_715' title='bbox 482 4979 526 5012; x_wconf 81' lang='grc'><strong>¹¹</strong></span> <span class='ocrx_word' id='word_1_716' title='bbox 558 4977 679 5034; x_wconf 85' lang='lat' dir='ltr'><strong>cod.</strong></span> <span class='ocrx_word' id='word_1_717' title='bbox 716 4967 1026 5048; x_wconf 58' lang='grc' dir='ltr'>[δίνομίᾰς.</span> <span class='ocrx_word' id='word_1_718' title='bbox 1101 4979 1150 5010; x_wconf 83' lang='grc'><strong>⁷³</strong></span> <span class='ocrx_word' id='word_1_719' title='bbox 1186 4976 1350 5032; x_wconf 80' lang='lat' dir='ltr'><strong>Hebr.</strong></span> <span class='ocrx_word' id='word_1_720' title='bbox 1373 4967 1545 5054; x_wconf 48' lang='lat' dir='ltr'><strong>ﬁniat-1,</strong></span> <span class='ocrx_word' id='word_1_721' title='bbox 1580 4967 1875 5046; x_wconf 73' lang='lat' dir='ltr'><strong>consumpti</strong></span> <span class='ocrx_word' id='word_1_722' title='bbox 1895 4993 2064 5032; x_wconf 78' lang='lat' dir='ltr'><strong>sumtu</strong></span> 
     </span>
    </p>
   </div>
   <div class='ocr_carea' id='block_1_102' title="bbox 2162 4967 3743 5054">
    <p class='ocr_par' dir='ltr' id='par_1_102' title="bbox 2162 4967 3743 5041">
     <span class='ocr_line' id='line_1_102' title="bbox 2162 4967 3743 5041; baseline -0.006 -12"><span class='ocrx_word' id='word_1_723' title='bbox 2162 4977 2229 5029; x_wconf 87' lang='lat' dir='ltr'><strong>.lii</strong></span> <span class='ocrx_word' id='word_1_724' title='bbox 2254 4982 2588 5028; x_wconf 75' lang='lat' dir='ltr'><strong>consumunt.</strong></span> <span class='ocrx_word' id='word_1_725' title='bbox 2664 4971 2794 5027; x_wconf 82' lang='lat' dir='ltr'><strong>Rec.</strong></span> <span class='ocrx_word' id='word_1_726' title='bbox 2826 4971 2986 5026; x_wconf 89' lang='lat' dir='ltr'><strong>lectio</strong></span> <span class='ocrx_word' id='word_1_727' title='bbox 3008 4979 3091 5024; x_wconf 87' lang='lat' dir='ltr'><strong>est</strong></span> <span class='ocrx_word' id='word_1_728' title='bbox 3114 4968 3481 5041; x_wconf 76' lang='grc' dir='ltr'>ἐξερευνήσει.</span> <span class='ocrx_word' id='word_1_729' title='bbox 3563 4967 3608 4998; x_wconf 76' lang='grc'><strong>⁷⁸</strong></span> <span class='ocrx_word' id='word_1_730' title='bbox 3629 4969 3743 5021; x_wconf 89' lang='lat' dir='ltr'><strong>cod.</strong></span> 
     </span>
    </p>
   </div>
   <div class='ocr_carea' id='block_1_103' title="bbox 479 5073 2064 5156">
    <p class='ocr_par' dir='ltr' id='par_1_103' title="bbox 479 5081 2064 5156">
     <span class='ocr_line' id='line_1_103' title="bbox 479 5081 2064 5156; baseline -0.003 -17"><span class='ocrx_word' id='word_1_731' title='bbox 479 5084 519 5139; x_wconf 72' lang='grc'><strong>2</strong></span> <span class='ocrx_word' id='word_1_732' title='bbox 546 5083 883 5155; x_wconf 87' lang='grc' dir='ltr'>κατενόησαν</span> <span class='ocrx_word' id='word_1_733' title='bbox 907 5123 922 5149; x_wconf 95' lang='grc'><strong>,</strong></span> <span class='ocrx_word' id='word_1_734' title='bbox 964 5083 1110 5153; x_wconf 86' lang='lat' dir='ltr'><strong>quod</strong></span> <span class='ocrx_word' id='word_1_735' title='bbox 1139 5084 1342 5140; x_wconf 84' lang='lat' dir='ltr'><strong>ibidem</strong></span> <span class='ocrx_word' id='word_1_736' title='bbox 1376 5085 1599 5156; x_wconf 86' lang='lat' dir='ltr'><strong>ponitur</strong></span> <span class='ocrx_word' id='word_1_737' title='bbox 1629 5092 1750 5154; x_wconf 90' lang='lat' dir='ltr'><strong>post</strong></span> <span class='ocrx_word' id='word_1_738' title='bbox 1791 5083 1912 5137; x_wconf 84' lang='grc' dir='ltr'>κατ’</span> <span class='ocrx_word' id='word_1_739' title='bbox 1947 5081 2064 5153; x_wconf 80' lang='grc' dir='ltr'>ἐμοῐ</span> 
     </span>
    </p>
   </div>
   <div class='ocr_carea' id='block_1_104' title="bbox 2162 5073 3744 5156">
    <p class='ocr_par' dir='ltr' id='par_1_104' title="bbox 2183 5073 3744 5150">
     <span class='ocr_line' id='line_1_104' title="bbox 2183 5073 3744 5150; baseline -0.008 -14"><span class='ocrx_word' id='word_1_740' title='bbox 2183 5082 2229 5114; x_wconf 80' lang='grc'><strong>⁷⁵</strong></span> <span class='ocrx_word' id='word_1_741' title='bbox 2265 5080 2386 5136; x_wconf 88' lang='lat' dir='ltr'><strong>cod.</strong></span> <span class='ocrx_word' id='word_1_742' title='bbox 2426 5080 2452 5134; x_wconf 93' lang='grc'><strong>1</strong></span> <span class='ocrx_word' id='word_1_743' title='bbox 2487 5077 2889 5150; x_wconf 84' lang='grc' dir='ltr'>διερευνῶντες.</span> <span class='ocrx_word' id='word_1_744' title='bbox 2967 5076 3014 5108; x_wconf 82' lang='grc'><strong>⁷⁸</strong></span> <span class='ocrx_word' id='word_1_745' title='bbox 3045 5075 3088 5128; x_wconf 89' lang='grc' dir='ltr'><strong>Ε</strong></span> <span class='ocrx_word' id='word_1_746' title='bbox 3116 5075 3240 5131; x_wconf 87' lang='lat' dir='ltr'><strong>cod.</strong></span> <span class='ocrx_word' id='word_1_747' title='bbox 3273 5075 3324 5128; x_wconf 82' lang='grc'><strong>1.</strong></span> <span class='ocrx_word' id='word_1_748' title='bbox 3398 5073 3446 5107; x_wconf 71' lang='grc'>’⁷</span> <span class='ocrx_word' id='word_1_749' title='bbox 3484 5075 3744 5140; x_wconf 74' lang='grc' dir='ltr'>Προσελ.</span> 
     </span>
    </p>
   </div>
   <div class='ocr_carea' id='block_1_105' title="bbox 480 5174 2064 5280">
    <p class='ocr_par' dir='ltr' id='par_1_105' title="bbox 480 5189 2064 5280">
     <span class='ocr_line' id='line_1_105' title="bbox 480 5189 2064 5280; baseline -0.002 -36"><span class='ocrx_word' id='word_1_750' title='bbox 480 5191 650 5260; x_wconf 79' lang='grc' dir='ltr'>ἄνθρ.</span> <span class='ocrx_word' id='word_1_751' title='bbox 680 5189 842 5245; x_wconf 87' lang='lat' dir='ltr'><strong>Hebr.</strong></span> <span class='ocrx_word' id='word_1_752' title='bbox 889 5191 1006 5266; x_wconf 57' lang='lat' dir='ltr'><strong>uim</strong></span> <span class='ocrx_word' id='word_1_753' title='bbox 1225 5191 1456 5245; x_wconf 80' lang='lat' dir='ltr'><strong>medium</strong></span> <span class='ocrx_word' id='word_1_754' title='bbox 1497 5192 1634 5243; x_wconf 81' lang='lat' dir='ltr'><strong>enim</strong></span> <span class='ocrx_word' id='word_1_755' title='bbox 1690 5204 1738 5243; x_wconf 82' lang='grc' dir='ltr'><strong>ε.</strong></span> <span class='ocrx_word' id='word_1_756' title='bbox 1771 5189 2023 5244; x_wconf 88' lang='lat' dir='ltr'><strong>intimum</strong></span> <span class='ocrx_word' id='word_1_757' title='bbox 2055 5205 2064 5241; x_wconf 74' lang='grc' dir='ltr'><strong>ι</strong></span> 
     </span>
    </p>
   </div>
   <div class='ocr_carea' id='block_1_106' title="bbox 2162 5174 3743 5280">
    <p class='ocr_par' dir='ltr' id='par_1_106' title="bbox 2162 5174 3743 5261">
     <span class='ocr_line' id='line_1_106' title="bbox 2162 5174 3743 5261; baseline -0.009 -19"><span class='ocrx_word' id='word_1_758' title='bbox 2162 5227 2176 5242; x_wconf 93' lang='grc'><strong>.</strong></span> <span class='ocrx_word' id='word_1_759' title='bbox 2250 5187 2297 5220; x_wconf 75' lang='grc'><strong>’⁸</strong></span> <span class='ocrx_word' id='word_1_760' title='bbox 2319 5185 2431 5243; x_wconf 71' lang='grc' dir='ltr'><strong>Καὶ</strong></span> <span class='ocrx_word' id='word_1_761' title='bbox 2472 5189 2666 5254; x_wconf 75' lang='grc' dir='ltr'>ὑψωθ.</span> <span class='ocrx_word' id='word_1_762' title='bbox 2713 5183 2874 5238; x_wconf 83' lang='lat' dir='ltr'><strong>Hebr.</strong></span> <span class='ocrx_word' id='word_1_763' title='bbox 2925 5174 3062 5261; x_wconf 53' lang='lat' dir='ltr'><strong>D‘jﬁ</strong></span> <span class='ocrx_word' id='word_1_764' title='bbox 3087 5189 3137 5235; x_wconf 89' lang='lat' dir='ltr'><strong>et</strong></span> <span class='ocrx_word' id='word_1_765' title='bbox 3175 5179 3511 5250; x_wconf 78' lang='lat' dir='ltr'><strong>jaculabitur</strong></span> <span class='ocrx_word' id='word_1_766' title='bbox 3544 5181 3600 5232; x_wconf 81' lang='lat' dir='ltr'><strong>in</strong></span> <span class='ocrx_word' id='word_1_767' title='bbox 3641 5195 3743 5232; x_wconf 77' lang='lat' dir='ltr'><strong>eos.</strong></span> 
     </span>
    </p>
   </div>
   <div class='ocr_carea' id='block_1_107' title="bbox 481 5271 2064 5364">
    <p class='ocr_par' dir='ltr' id='par_1_107' title="bbox 481 5271 2064 5364">
     <span class='ocr_line' id='line_1_107' title="bbox 481 5271 2064 5364; baseline -0.004 -9"><span class='ocrx_word' id='word_1_768' title='bbox 481 5301 527 5336; x_wconf 69' lang='grc' dir='ltr'><strong>τ’</strong></span> <span class='ocrx_word' id='word_1_769' title='bbox 557 5298 760 5356; x_wconf 86' lang='grc' dir='ltr'>Τοῦτο.</span> <span class='ocrx_word' id='word_1_770' title='bbox 805 5295 926 5352; x_wconf 89' lang='lat' dir='ltr'><strong>cod.</strong></span> <span class='ocrx_word' id='word_1_771' title='bbox 962 5297 989 5350; x_wconf 89' lang='grc'><strong>1</strong></span> <span class='ocrx_word' id='word_1_772' title='bbox 1224 5296 1304 5352; x_wconf 81' lang='grc' dir='ltr'><strong>δε.</strong></span> <span class='ocrx_word' id='word_1_773' title='bbox 1378 5296 1426 5328; x_wconf 83' lang='grc'><strong>⁸⁰</strong></span> <span class='ocrx_word' id='word_1_774' title='bbox 1450 5294 1664 5349; x_wconf 86' lang='grc' dir='ltr'>Ταῦτα.</span> <span class='ocrx_word' id='word_1_775' title='bbox 1695 5294 1816 5364; x_wconf 81' lang='lat' dir='ltr'><strong>cod.</strong></span> <span class='ocrx_word' id='word_1_776' title='bbox 1850 5293 1884 5346; x_wconf 72' lang='grc'><strong>2</strong></span> <span class='ocrx_word' id='word_1_777' title='bbox 1939 5309 2064 5364; x_wconf 67' lang='lat' dir='ltr'><strong>praet</strong></span> 
     </span>
    </p>
   </div>
   <div class='ocr_carea' id='block_1_108' title="bbox 2162 5271 3744 5364">
    <p class='ocr_par' dir='ltr' id='par_1_108' title="bbox 2162 5284 3744 5364">
     <span class='ocr_line' id='line_1_108' title="bbox 2162 5284 3744 5364; baseline -0.006 -18"><span class='ocrx_word' id='word_1_778' title='bbox 2162 5292 2367 5364; x_wconf 23' lang='lat' dir='ltr'><strong>advectu</strong></span> <span class='ocrx_word' id='word_1_779' title='bbox 2388 5291 2451 5364; x_wconf 15' lang='lat'><strong>7&#39;“</strong></span> <span class='ocrx_word' id='word_1_780' title='bbox 2479 5292 2605 5364; x_wconf 70' lang='grc' dir='ltr'>Ὃς.</span> <span class='ocrx_word' id='word_1_781' title='bbox 2637 5289 2761 5364; x_wconf 89' lang='lat' dir='ltr'><strong>c_od._</strong></span> <span class='ocrx_word' id='word_1_782' title='bbox 2789 5288 2810 5340; x_wconf 93' lang='grc'><strong>1</strong></span> <span class='ocrx_word' id='word_1_783' title='bbox 2975 5289 3067 5364; x_wconf 35' lang='grc' dir='ltr'><strong>*δ’</strong></span> <span class='ocrx_word' id='word_1_784' title='bbox 3104 5287 3304 5364; x_wconf 57' lang='grc' dir='ltr'>Δίκας.</span> <span class='ocrx_word' id='word_1_785' title='bbox 3347 5285 3403 5338; x_wconf 85' lang='grc' dir='ltr'><strong>1η</strong></span> <span class='ocrx_word' id='word_1_786' title='bbox 3432 5285 3552 5364; x_wconf 70' lang='lat' dir='ltr'><strong>cod.</strong></span> <span class='ocrx_word' id='word_1_787' title='bbox 3595 5284 3744 5364; x_wconf 47' lang='lat' dir='ltr'><strong>Lpo-</strong></span> 
     </span>
    </p>
   </div>
   <div class='ocr_carea' id='block_1_109' title="bbox 483 5354 2064 5442">
    <p class='ocr_par' dir='ltr' id='par_1_109' title="bbox 483 5354 2064 5442">
     <span class='ocr_line' id='line_1_109' title="bbox 483 5354 2064 5442; baseline -0.006 -17"><span class='ocrx_word' id='word_1_788' title='bbox 483 5354 634 5426; x_wconf 83' lang='lat' dir='ltr'><strong>nitur</strong></span> <span class='ocrx_word' id='word_1_789' title='bbox 661 5377 787 5440; x_wconf 87' lang='lat' dir='ltr'><strong>post</strong></span> <span class='ocrx_word' id='word_1_790' title='bbox 807 5365 1102 5430; x_wconf 82' lang='grc' dir='ltr'>τοιούτους.</span> <span class='ocrx_word' id='word_1_791' title='bbox 1178 5365 1508 5434; x_wconf 65' lang='lat' dir='ltr'><strong>“Nimiam.</strong></span> <span class='ocrx_word' id='word_1_792' title='bbox 1534 5364 1695 5421; x_wconf 89' lang='lat' dir='ltr'><strong>Hebr.</strong></span> <span class='ocrx_word' id='word_1_793' title='bbox 1929 5354 2064 5433; x_wconf 62' lang='lat' dir='ltr'><strong>repet</strong></span> 
     </span>
    </p>
   </div>
   <div class='ocr_carea' id='block_1_110' title="bbox 2162 5354 3745 5442">
    <p class='ocr_par' dir='ltr' id='par_1_110' title="bbox 2232 5354 3745 5430">
     <span class='ocr_line' id='line_1_110' title="bbox 2232 5354 3745 5430; baseline -0.009 -14"><span class='ocrx_word' id='word_1_794' title='bbox 2232 5363 2281 5394; x_wconf 77' lang='lat'><strong>“</strong></span> <span class='ocrx_word' id='word_1_795' title='bbox 2313 5354 2668 5430; x_wconf 62' lang='lat' dir='ltr'><strong>&#39;E6n00.e:t&#39;</strong></span> <span class='ocrx_word' id='word_1_796' title='bbox 2696 5358 2937 5422; x_wconf 81' lang='grc' dir='ltr'>αὐτούς.</span> <span class='ocrx_word' id='word_1_797' title='bbox 2975 5356 3106 5412; x_wconf 82' lang='lat' dir='ltr'><strong>Rec.</strong></span> <span class='ocrx_word' id='word_1_798' title='bbox 3149 5357 3308 5410; x_wconf 87' lang='lat' dir='ltr'><strong>lectio</strong></span> <span class='ocrx_word' id='word_1_799' title='bbox 3341 5364 3426 5409; x_wconf 87' lang='lat' dir='ltr'><strong>est</strong></span> <span class='ocrx_word' id='word_1_800' title='bbox 3462 5354 3745 5421; x_wconf 81' lang='grc' dir='ltr'>ἐξουθένη-</span> 
     </span>
    </p>
   </div>
   <div class='ocr_carea' id='block_1_111' title="bbox 487 5446 2064 5539">
    <p class='ocr_par' dir='ltr' id='par_1_111' title="bbox 487 5446 2064 5539">
     <span class='ocr_line' id='line_1_111' title="bbox 487 5446 2064 5539; baseline -0.006 -11"><span class='ocrx_word' id='word_1_801' title='bbox 487 5492 586 5529; x_wconf 85' lang='grc' dir='ltr'><strong>σαν</strong></span> <span class='ocrx_word' id='word_1_802' title='bbox 619 5475 802 5530; x_wconf 83' lang='grc' dir='ltr'>αύτόν.</span> <span class='ocrx_word' id='word_1_803' title='bbox 853 5471 1014 5527; x_wconf 84' lang='lat' dir='ltr'><strong>Hebr.</strong></span> <span class='ocrx_word' id='word_1_804' title='bbox 1047 5455 1213 5535; x_wconf 52' lang='grc' dir='ltr'><strong>ἸὩἽἯ</strong></span> <span class='ocrx_word' id='word_1_805' title='bbox 1251 5456 1516 5533; x_wconf 55' lang='lat'><strong>115727571.</strong></span> <span class='ocrx_word' id='word_1_806' title='bbox 1561 5472 1703 5539; x_wconf 84' lang='lat' dir='ltr'><strong>Aqu.</strong></span> <span class='ocrx_word' id='word_1_807' title='bbox 1751 5446 2064 5539; x_wconf 66' lang='grc' dir='ltr'>ἐσκανδάλιε</span> 
     </span>
    </p>
   </div>
   <div class='ocr_carea' id='block_1_112' title="bbox 2162 5446 3741 5539">
    <p class='ocr_par' dir='ltr' id='par_1_112' title="bbox 2175 5446 3741 5539">
     <span class='ocr_line' id='line_1_112' title="bbox 2175 5446 3741 5539; baseline -0.011 -17"><span class='ocrx_word' id='word_1_808' title='bbox 2175 5467 2344 5538; x_wconf 78' lang='grc' dir='ltr'>αὐτὴν</span> <span class='ocrx_word' id='word_1_809' title='bbox 2396 5466 2482 5519; x_wconf 85' lang='grc' dir='ltr'>ἐπ’</span> <span class='ocrx_word' id='word_1_810' title='bbox 2527 5462 2744 5539; x_wconf 73' lang='grc' dir='ltr'>αὐτούς.</span> <span class='ocrx_word' id='word_1_811' title='bbox 2792 5460 3015 5539; x_wconf 61' lang='lat' dir='ltr'><strong>$_ymm._</strong></span> <span class='ocrx_word' id='word_1_812' title='bbox 3039 5459 3296 5539; x_wconf 59' lang='grc' dir='ltr'>πταίουσι</span> <span class='ocrx_word' id='word_1_813' title='bbox 3346 5459 3469 5539; x_wconf 65' lang='grc' dir='ltr'>καθ’</span> <span class='ocrx_word' id='word_1_814' title='bbox 3511 5446 3741 5539; x_wconf 59' lang='grc' dir='ltr'>ἑαυτῶν.</span> 
     </span>
    </p>
   </div>
   <div class='ocr_carea' id='block_1_113' title="bbox 487 5523 2064 5615">
    <p class='ocr_par' dir='ltr' id='par_1_113' title="bbox 487 5523 2064 5615">
     <span class='ocr_line' id='line_1_113' title="bbox 487 5523 2064 5615; baseline -0.004 -15"><span class='ocrx_word' id='word_1_815' title='bbox 487 5523 554 5578; x_wconf 52' lang='grc' dir='ltr'><strong>⁸ῖῖ</strong></span> <span class='ocrx_word' id='word_1_816' title='bbox 567 5523 1120 5615; x_wconf 42' lang='lat' dir='ltr'><strong>cowd&#39;.</strong></span> <span class='ocrx_word' id='word_1_817' title='bbox 1154 5523 1214 5615; x_wconf 54' lang='grc' dir='ltr'>ἐξ</span> <span class='ocrx_word' id='word_1_818' title='bbox 1241 5523 1812 5615; x_wconf 25' lang='grc' dir='ltr'>ῖδίιίλςῇιιιῃηί</span> <span class='ocrx_word' id='word_1_819' title='bbox 1845 5539 1960 5594; x_wconf 81' lang='grc' dir='ltr'>καί.</span> <span class='ocrx_word' id='word_1_820' title='bbox 2051 5538 2064 5571; x_wconf 74' lang='grc'><strong><em>⁸</em></strong></span> 
     </span>
    </p>
   </div>
   <div class='ocr_carea' id='block_1_114' title="bbox 2162 5523 3742 5615">
    <p class='ocr_par' dir='ltr' id='par_1_114' title="bbox 2162 5523 3742 5615">
     <span class='ocr_line' id='line_1_114' title="bbox 2162 5523 3742 5615; baseline -0.009 -24"><span class='ocrx_word' id='word_1_821' title='bbox 2162 5523 2424 5615; x_wconf 75' lang='lat' dir='ltr'><strong>.é._Abest</strong></span> <span class='ocrx_word' id='word_1_822' title='bbox 2456 5552 2481 5587; x_wconf 83' lang='lat' dir='ltr'><strong>a</strong></span> <span class='ocrx_word' id='word_1_823' title='bbox 2515 5536 2636 5614; x_wconf 54' lang='lat' dir='ltr'><strong>cod.</strong></span> <span class='ocrx_word' id='word_1_824' title='bbox 2667 5523 2722 5588; x_wconf 60' lang='lat'><strong>‘2.</strong></span> <span class='ocrx_word' id='word_1_825' title='bbox 2798 5523 3306 5615; x_wconf 38' lang='lat' dir='ltr'><strong>3‘.Q0pu6ov.nco&#39;d.</strong></span> <span class='ocrx_word' id='word_1_826' title='bbox 3330 5531 3378 5611; x_wconf 46' lang='lat'><strong>.2</strong></span> <span class='ocrx_word' id='word_1_827' title='bbox 3411 5543 3598 5615; x_wconf 49' lang='lat' dir='ltr'><strong>praem;</strong></span> <span class='ocrx_word' id='word_1_828' title='bbox 3637 5523 3742 5615; x_wconf 57' lang='grc' dir='ltr'>καί.</span> 
     </span>
    </p>
   </div>
   <div class='ocr_carea' id='block_1_115' title="bbox 485 5595 2064 5680">
    <p class='ocr_par' dir='ltr' id='par_1_115' title="bbox 485 5595 2064 5680">
     <span class='ocr_line' id='line_1_115' title="bbox 485 5595 2064 5680; baseline -0.004 -12"><span class='ocrx_word' id='word_1_829' title='bbox 485 5615 535 5646; x_wconf 74' lang='grc' dir='ltr'><strong>ον</strong></span> <span class='ocrx_word' id='word_1_830' title='bbox 569 5595 1128 5680; x_wconf 32' lang='grc' dir='ltr'><strong>ὴζιῆᾰθῆὶέοῖρέάινῆ.</strong></span> <span class='ocrx_word' id='word_1_831' title='bbox 1170 5595 1401 5668; x_wconf 68' lang='lat' dir='ltr'><strong>Haecin</strong></span> <span class='ocrx_word' id='word_1_832' title='bbox 1427 5611 1548 5666; x_wconf 91' lang='lat' dir='ltr'><strong>cod.</strong></span> <span class='ocrx_word' id='word_1_833' title='bbox 1577 5612 1598 5664; x_wconf 81' lang='grc' dir='ltr'><strong>ι</strong></span> <span class='ocrx_word' id='word_1_834' title='bbox 1628 5595 1695 5664; x_wconf 80' lang='grc' dir='ltr'><strong>ὀι</strong></span> <span class='ocrx_word' id='word_1_835' title='bbox 1720 5609 1995 5680; x_wconf 71' lang='lat' dir='ltr'><strong>2desunt,</strong></span> <span class='ocrx_word' id='word_1_836' title='bbox 2035 5626 2064 5662; x_wconf 84' lang='grc' dir='ltr'><strong>η</strong></span> 
     </span>
    </p>
   </div>
   <div class='ocr_carea' id='block_1_116' title="bbox 2162 5595 3740 5680">
    <p class='ocr_par' dir='ltr' id='par_1_116' title="bbox 2181 5595 3740 5680">
     <span class='ocr_line' id='line_1_116' title="bbox 2181 5595 3740 5680; baseline -0.01 -19"><span class='ocrx_word' id='word_1_837' title='bbox 2181 5608 2458 5680; x_wconf 62' lang='grc' dir='ltr'>ιιόιοιιῑυιη</span> <span class='ocrx_word' id='word_1_838' title='bbox 2504 5604 2774 5680; x_wconf 80' lang='lat' dir='ltr'><strong>pertinere</strong></span> <span class='ocrx_word' id='word_1_839' title='bbox 2813 5595 3084 5680; x_wconf 66' lang='lat' dir='ltr'><strong>videntur.</strong></span> <span class='ocrx_word' id='word_1_840' title='bbox 3154 5601 3209 5680; x_wconf 47' lang='lat'><strong>-’°</strong></span> <span class='ocrx_word' id='word_1_841' title='bbox 3243 5595 3528 5680; x_wconf 39' lang='lat' dir='ltr'><strong>Toirto.—</strong></span> <span class='ocrx_word' id='word_1_842' title='bbox 3552 5595 3740 5680; x_wconf 49' lang='grc' dir='ltr'><strong>δηέιοζς</strong></span> 
     </span>
    </p>
   </div>
   <div class='ocr_carea' id='block_1_117' title="bbox 489 5661 2064 5754">
    <p class='ocr_par' dir='ltr' id='par_1_117' title="bbox 489 5661 2064 5754">
     <span class='ocr_line' id='line_1_117' title="bbox 489 5661 2064 5754; baseline 0.002 -21"><span class='ocrx_word' id='word_1_843' title='bbox 489 5661 770 5754; x_wconf 47' lang='grc' dir='ltr'><strong>ςοᾷῗῖιτὺ⁷</strong></span> <span class='ocrx_word' id='word_1_844' title='bbox 784 5661 1318 5754; x_wconf 49' lang='grc' dir='ltr'><strong>ἓᾶῥξέῷδῆόηῖῖᾰς</strong></span> <span class='ocrx_word' id='word_1_845' title='bbox 1679 5661 1867 5754; x_wconf 31' lang='grc' dir='ltr'>τοῦτο*</span> 
     </span>
    </p>
   </div>
   <div class='ocr_carea' id='block_1_118' title="bbox 2162 5661 3745 5754">
    <p class='ocr_par' dir='ltr' id='par_1_118' title="bbox 2174 5661 3745 5744">
     <span class='ocr_line' id='line_1_118' title="bbox 2174 5661 3745 5744; baseline -0.009 -13"><span class='ocrx_word' id='word_1_846' title='bbox 2174 5679 2219 5710; x_wconf 64' lang='grc' dir='ltr'>θ’</span> <span class='ocrx_word' id='word_1_847' title='bbox 2268 5679 2364 5731; x_wconf 78' lang='grc' dir='ltr'><strong>Ἑν</strong></span> <span class='ocrx_word' id='word_1_848' title='bbox 2419 5661 2607 5744; x_wconf 52' lang='lat' dir='ltr'><strong>att-ritu“.</strong></span> <span class='ocrx_word' id='word_1_849' title='bbox 2645 5671 2774 5744; x_wconf 75' lang='grc' dir='ltr'>γάρ.</span> <span class='ocrx_word' id='word_1_850' title='bbox 2809 5671 2929 5728; x_wconf 86' lang='lat' dir='ltr'><strong>cod.</strong></span> <span class='ocrx_word' id='word_1_851' title='bbox 2977 5673 3000 5726; x_wconf 88' lang='grc'><strong>1</strong></span> <span class='ocrx_word' id='word_1_852' title='bbox 3031 5673 3111 5725; x_wconf 82' lang='grc' dir='ltr'><strong>ὄτι</strong></span> <span class='ocrx_word' id='word_1_853' title='bbox 3151 5671 3209 5723; x_wconf 87' lang='grc' dir='ltr'><strong>ἐν</strong></span> <span class='ocrx_word' id='word_1_854' title='bbox 3243 5669 3510 5742; x_wconf 76' lang='grc' dir='ltr'>περινοίᾳ.</span> <span class='ocrx_word' id='word_1_855' title='bbox 3545 5663 3670 5721; x_wconf 76' lang='lat' dir='ltr'><strong>cod.</strong></span> <span class='ocrx_word' id='word_1_856' title='bbox 3711 5661 3745 5712; x_wconf 72' lang='grc'>’2</span> 
     </span>
    </p>
   </div>
   <div class='ocr_carea' id='block_1_119' title="bbox 493 5749 1831 5823">
    <p class='ocr_par' dir='ltr' id='par_1_119' title="bbox 493 5749 1831 5823">
     <span class='ocr_line' id='line_1_119' title="bbox 493 5749 1831 5823; baseline -0.001 -20"><span class='ocrx_word' id='word_1_857' title='bbox 493 5751 654 5806; x_wconf 81' lang='lat' dir='ltr'><strong>habet</strong></span> <span class='ocrx_word' id='word_1_858' title='bbox 687 5749 1130 5823; x_wconf 53' lang='grc' dir='ltr'>παροινίᾳίαερὶ.</span> <span class='ocrx_word' id='word_1_859' title='bbox 1155 5749 1336 5810; x_wconf 77' lang='lat' dir='ltr'><strong>tamen</strong></span> <span class='ocrx_word' id='word_1_860' title='bbox 1363 5749 1595 5808; x_wconf 86' lang='lat' dir='ltr'><strong>lectione</strong></span> <span class='ocrx_word' id='word_1_861' title='bbox 1644 5749 1831 5806; x_wconf 84' lang='lat' dir='ltr'><strong>altera.</strong></span> 
     </span>
    </p>
   </div>
  </div>
