4028 6210
451 227 590 290 ιιῑι

1448 219 1936 280 TIlEODOIiETI
1981 222 2319 283 EPISCOPI
2362 220 2732 283 CYRENSIS

3570 220 3585 283 l
3598 222 3687 286 ΐδῖ

459 341 648 387 catur:
685 331 765 388 sic
810 346 839 386 a
870 339 962 385 tua
990 330 1162 401 gratia
1206 329 1541 401 gubernatus
1572 343 1771 399 sequar
1822 337 1873 383 et
1902 344 2024 400 ego,

2146 331 2559 402 νιεργαζόμενον
2606 324 2750 402 ᾗπερ
2794 328 2859 381 ἂν
2901 328 3109 398 «ἄγηται
3162 326 3227 394 ⁸⁸,
3259 328 3428 392 οὕτως
3472 331 3568 384 ὐπδ
3603 336 3689 403 τῆς

459 422 513 476 iu
547 419 946 491 providentiam
994 428 1140 474 luant
1171 436 1278 474 non
1307 419 1525 478 curiose
1555 418 1858 487 inquirens.

535 638 556 672 ι
586 619 840 674 Tenuistl
875 631 1094 673 manum
1127 617 1377 672 dextram
1440 630 1638 670 meam.
1700 614 1888 687 [νεεδ.
1919 613 2037 687 24.]

463 713 537 781 Et
567 714 622 767 in
656 713 935 767 voluntate
964 723 1056 765 tua
1088 711 1361 766 deduxisti
1401 726 1508 773 me,
1573 719 1628 763 et
1684 723 1809 763 cum
1863 708 2037 777 gloria

463 806 753 875 suscepisti
787 819 893 858 me.
942 822 960 855 ι
1014 802 1175 858 Hisce
1208 818 1270 857 ea
1304 802 1434 856 dicit
1461 816 1583 871 quae
1611 800 1756 855 circa
1803 799 2039 854 reditum

462 896 802 950 acciderunt.
839 892 911 950 Ut
936 896 1229 951 benevolus
1262 906 1414 965 pater
1445 904 1715 949 errantem
1748 892 1918 948 filium
1956 893 2041 947 in-

462 987 708 1051 veniens,
728 1002 873 1053 eum,
913 987 1133 1041 dextera
1169 986 1288 1056 ejus
1321 986 1681 1056 apprehensa,
1710 985 1932 1040 domum
1957 1000 2043 1040 re-

464 1078 651 1131 ίὶωίιε
697 1078 778 1131 sic
811 1086 864 1130 ιιι
898 1077 950 1130 in
991 1078 1223 1147 patrium
1298 1075 1506 1145 1121
1567 1076 1742 1131 solum
1779 1074 2041 1130 reduxisti

466 1186 574 1234 nte,
607 1184 728 1223 eum
766 1186 792 1222 a
826 1171 1082 1225 servitute
1126 1184 1214 1223 me
1252 1169 1561 1233 liberasses,
1595 1179 1649 1223 et
1693 1167 1905 1224 facilem
1946 1183 2042 1238 per

465 1270 653 1328 gentes
705 1260 991 1314 transitum
1019 1261 1249 1331 largitus
1290 1275 1465 1327 esses,
1524 1261 1939 1332 gloriosumque
1988 1268 2043 1316 et

466 1351 733 1405 illustrem
783 1365 868 1405 me
908 1351 1213 1406 reddidisti.

540 1461 703 1517 Vens.
736 1461 826 1516 25.
871 1482 888 1512 ι
919 1462 1060 1528 Quid
1090 1464 1233 1517 enim
1265 1463 1399 1517 mihi
1424 1472 1507 1520 est
1537 1463 1592 1518 in
1632 1465 1796 1532 caelo,
1821 1473 1876 1521 et
1925 1480 1955 1519 a
1992 1473 2043 1520 te

466 1553 597 1622 quid
650 1552 795 1606 volui
835 1567 999 1622 super
1039 1553 1285 1608 terrain?
1332 1572 1350 1604 ι
1389 1554 1586 1623 Aquila
1621 1554 1863 1610 clarius:
1910 1554 2042 1620 Qui:

468 1644 595 1696 mihi
625 1653 701 1697 est
726 1645 779 1697 in
807 1645 974 1698 cocto?
994 1657 1039 1698 et
1080 1656 1249 1699 tecum
1280 1646 1334 1699 in
1360 1656 1502 1699 terra
1535 1646 1702 1702 nolui.
1739 1646 2043 1717 Interroga-

469 1736 615 1790 tione
647 1753 781 1792 usus
811 1745 916 1801 est,
957 1740 1114 1806 quasi
1143 1739 1347 1794 diceret
1381 1757 1393 1793 :
1429 1738 1566 1809 Spes
1635 1739 1768 1793 mihi
1806 1738 2043 1808 suppetit

468 1825 520 1877 in
551 1825 704 1879 cmlo.
748 1823 1093 1895 Exspcctavi,
1134 1827 1331 1896 inquit,
1382 1837 1435 1881 et
1478 1836 1756 1896 exspecto,
1803 1837 1863 1881 ut
1910 1827 2042 1879 mihi

472 1914 770 1968 benevolus
801 1916 879 1968 sis
913 1915 965 1967 in
996 1916 1138 1970 caelo
1167 1916 1297 1969 etin
1346 1926 1512 1970 terra.
1576 1914 1760 1985 Neque
1789 1915 1932 1970 cnim
1989 1917 2040 1968 in

467 2004 607 2057 caelo
647 2015 981 2072 quemquam
1008 2002 1176 2056 alium
1211 2003 1383 2058 habeo
1410 2003 1577 2057 Deum
1601 2012 1654 2056 ct
1680 2011 2042 2073 protectorem

470 2102 664 2164 praeter
697 2101 782 2148 te:
810 2107 990 2162 neque
1040 2095 1091 2146 in
1121 2103 1262 2149 terra
1293 2093 1523 2149 alterunt
1557 2096 1575 2116 ¹
1608 2093 1705 2148 tibi
1735 2095 2040 2164 aequiparo.

470 2185 574 2240 Sed
611 2194 668 2240 et
707 2185 761 2239 in
798 2186 964 2251 ctelo,
994 2195 1049 2240 ct
1098 2186 1150 2239 in
1200 2194 1345 2240 terra
1388 2196 1439 2240 te
1474 2184 1645 2240 Deum
1686 2186 1834 2241 novi.
1888 2184 2045 2257 [Ila-c

471 2278 631 2332 etiam
664 2277 718 2331 in
750 2278 941 2347 primis
972 2279 1119 2333 dicta
1155 2288 1283 2333 sunt
1311 2295 1376 2333 ex
1410 2294 1642 2349 persona
1666 2294 1857 2334 eorum
1890 2278 1983 2348 qui
2015 2292 2045 2332 e

476 2368 775 2437 gentilibus
805 2368 1158 2424 crediderunt
1190 2369 1244 2423 in
1278 2367 1640 2424 Salvatorem.
1684 2370 1821 2426 Dicit
1856 2383 1983 2425 vero
2006 2367 2045 2441 τ’]

473 2455 654 2511 Tuum
692 2470 912 2528 quoque
935 2456 1226 2527 imperium
1263 2457 1581 2528 amplector.

540 2651 706 2708 Vens.
736 2650 828 2707 26.
883 2670 902 2704 ι
933 2650 1138 2708 Defecit
1189 2667 1285 2709 cor
1330 2668 1539 2719 meum,
1580 2662 1635 2708 et
1678 2668 1808 2710 caro
1851 2669 1991 2709 mea.
2023 2673 2042 2708 ›

473 2742 685 2798 idcirco
710 2750 762 2797 te
796 2742 1072 2808 desidero,
1106 2753 1159 2797 et
1190 2742 1340 2809 sitio,
1372 2753 1426 2800 et
1455 2744 1753 2801 secundum
1781 2747 2045 2815 animam,

472 2838 527 2885 et
556 2830 856 2886 secundum
886 2844 1108 2901 corpus,
1127 2840 1180 2886 et
1202 2839 1350 2887 tuam
1374 2847 1535 2902 opem
1553 2844 1828 2905 exspecto.
1860 2854 1878 2887 ι
1906 2836 2046 2892 Deus

475 2920 658 2977 cordis
694 2922 825 2988 mei,
854 2930 907 2978 et
937 2937 1063 2993 pars
1093 2937 1231 2990 mea,
1271 2922 1416 2980 Deus
1463 2926 1516 2979 in
1566 2935 1853 2982 aeternum.
1897 2946 1916 2980 ι
1971 2927 2046 2984 Te

474 3011 620 3065 enim
653 3019 709 3065 et
738 3020 946 3081 partem
979 3012 1179 3081 habeo,
1213 3022 1267 3069 et
1296 3013 1693 3083 haereditatem,
1752 3024 1807 3073 et
1870 3018 2048 3074 bono-

475 3118 596 3157 rum
624 3101 888 3161 fructum.

546 3215 712 3272 Vsus.
749 3216 839 3271 27.
870 3236 889 3269 ι
936 3216 1076 3284 Quia
1108 3234 1235 3275 ecce
1288 3219 1380 3290 qui
1412 3219 1672 3291 elongant
1694 3234 1755 3277 se
1785 3235 1817 3275 a
1850 3228 1900 3276 te
1921 3236 2048 3292 per-

477 3310 672 3365 ibunt:
711 3310 995 3381 perdidisti
1050 3326 1245 3368 omnes
1275 3313 1370 3383 qui
1401 3312 1752 3369 fornicamur
1786 3314 1885 3370 abs
1922 3323 1994 3370 te.
2023 3334 2042 3367 ι

475 3402 580 3470 Qui
605 3413 786 3459 autem
816 3419 874 3458 se
904 3405 1050 3474 ipsos
1080 3404 1241 3476 longe
1267 3413 1512 3461 remotos
1547 3420 1577 3459 a
1608 3414 1700 3459 tua
1740 3420 1869 3461 cura
1908 3404 2051 3461 fece-

478 3503 624 3556 runt,
658 3501 712 3548 et
744 3494 905 3548 idolis
936 3495 1143 3549 servire
1174 3494 1560 3558 decreverunt,
1594 3493 1832 3575 fructpm
1894 3494 2049 3550 defe-

474 3586 673 3641 ctionis
717 3586 997 3639 interitum
1054 3585 1354 3639 habebunt.
1423 3583 1859 3638 Form'cationem
1904 3586 2047 3639 enim

477 3677 569 3731 hic
599 3676 870 3730 idolorum
905 3676 1116 3729 cultum
1144 3682 1326 3729 vocat.
1364 3674 1456 3729 Sic
1486 3684 1539 3728 et
1567 3689 1662 3744 per
1696 3674 1908 3743 1122
1962 3672 2051 3729 Je-

480 3769 709 3823 remiam
755 3768 901 3823 Deus
960 3768 1128 3822 dicit:
1187 3787 1204 3820 ι
1234 3767 1384 3822 Abiit
1424 3769 1490 3822 ad
1534 3783 1750 3822 omnem
1808 3781 2049 3824 montem

480 3864 783 3925 excelsum,
814 3869 867 3914 et
903 3861 1004 3915 sub
1025 3861 1176 3915 omni
1210 3861 1355 3931 ligno
1390 3860 1673 3927 frondoso,
1708 3870 1762 3917 et
1783 3861 2052 3920 fornicata

479 3962 563 4008 est
596 3952 696 4017 ibi,
721 3961 775 4008 et
803 3952 936 4016 dixi,
960 3968 1086 4007 cum
1116 3951 1382 4009 fornicata
1404 3955 1616 4010 essetin
1642 3954 1726 4011 his
1758 3956 2049 4011 omnibus:

476 4045 560 4100 Ad
592 4061 679 4099 me
709 4053 1004 4109 revertere,
1042 4054 1097 4101 et
1135 4062 1242 4101 non
1292 4056 1376 4103 est
1424 4064 1643 4104 reversa
1680 4049 1723 4103 ί.
1769 4067 1788 4102 ›
1824 4047 1887 4103 Ει
1931 4065 2054 4103 ναι-ι

476 4154 571 4193 sus
599 4155 615 4193 :
652 4155 671 4189 ι
700 4137 969 4193 Μωοιιιιιιὶ
997 4148 1080 4194 est
1112 4153 1234 4193 cum
1266 4139 1442 4209 lapide
1474 4149 1526 4195 et
1561 4140 1706 4212 ligno
1738 4138 1753 4190 i
1786 4157 1801 4207 ;
1830 4158 1848 4191 ι
1894 4140 2052 4210 quasi

477 4229 682 4284 diceret
715 4248 728 4284 :
770 4229 908 4284 Cum
946 4245 1033 4284 me
1062 4245 1326 4301 sponsum
1353 4231 1756 4302 dereliquisset,
1803 4233 1935 4289 deos
1957 4234 2052 4303 qui

2140 424 2238 493 σῆς
2271 423 2686 494 κυϐερνώμενος
2727 420 2969 491 χάριτος,
3016 420 3370 493 ἀκολουθήσω
3419 423 3582 491 κάγὼ,
3625 428 3692 498 μὴ
3758 450 3763 460 ι

2138 514 2616 586 πολυπραγμονῶν
2651 530 2743 567 σου
2776 513 2872 584 τὴν
2910 513 3191 583 πρόνοιαν.

2214 647 2232 682 ι
2293 630 2633 700 Ἐκράτησας
2680 628 2780 698 τῆς
2821 627 3003 699 χειρὸς
3050 628 3150 698 τῆς
3196 625 3378 692 δεξιᾶς
3419 630 3692 704 μουεο[κδ¹]

2137 721 2247 774 Καὶ
2266 720 2311 753 ’⁵⁸
2334 722 2392 774 ἐν
2413 724 2476 792 τῇ
2497 717 2661 792 βουλῇ
2685 737 2778 773 σου
2799 719 3092 789 ώδήγησάς
3121 720 3317 790 με,καὶ
3341 721 3475 790 μετὰ
3491 720 3638 793 δόξης
3656 723 3696 755 ⁸⁸

2139 811 2475 882 προσελάὸου
2502 829 2591 882 με.
2624 830 2642 862 ι
2683 810 2963 865 Ἐντεῦθεν
2988 812 3057 866 τά
3087 811 3130 843 ⁸⁷
3162 811 3304 865 κατὰ
3336 813 3432 883 τὴν
3454 814 3695 868 ἐπάνοδον

2141 904 2285 973 λέγει
2315 904 2379 968 ⁸⁸,
2417 906 2497 957 ὅτι
2521 903 2773 974 καθάπερ
2804 903 2985 974 πατὴρ
3032 904 3193 973 ἡπιος
3230 904 3399 958 παῖδα
3445 906 3699 977 πεπλανη-

2145 993 2305 1062 μένον
2336 992 2532 1064 εὑρὼν,
2577 993 2676 1063 τῆς
2717 992 2907 1047 τούτου
2949 992 3248 1063 λαϐόμενος
3279 992 3476 1059 δεξιᾶς,
3510 996 3584 1059 εἰς
3613 999 3701 1065 τὴν

2141 1085 2319 1139 οἰκίαν
2367 1086 2668 1155 ἐπανάγει·
2711 1085 2856 1139 οὕτω
2887 1103 2954 1157 με
2988 1087 3068 1149 εἰς
3111 1087 3211 1155 τὴν
3258 1087 3515 1159 πατρῴαν
3554 1090 3701 1144 ἐπαν-

2143 1179 2349 1249 ήγαγες
2382 1178 2508 1248 γῆν,
2540 1178 2639 1248 τῆς
2675 1178 2776 1248 μὲν
2814 1178 3064 1243 δουλείας
3107 1178 3498 1251 ἐλευθερώσας,
3531 1181 3701 1252 ῥᾳδίαν

2141 1269 2198 1323 δέ
2230 1286 2320 1338 μοι
2352 1270 2450 1340 τὴν
2479 1269 2569 1323 διὰ
2594 1270 2703 1323 τῶν
2734 1269 2902 1324 ἐθνῶν
2936 1270 3188 1325 διάϐασιν
3219 1274 3601 1344 χαρισάμενος,
3625 1275 3701 1328 εὐο

2145 1361 2283 1413 κλεᾶ
2306 1360 2353 1392 δ’
2376 1378 2435 1413 τε
2463 1362 2555 1416 καὶ
2580 1361 2789 1427 ἔνδοξον
2818 1362 3121 1432 ἀπέφηνας.

2213 1473 2310 1528 κε’.
2359 1492 2380 1525 ι
2426 1473 2491 1526 Τί
2533 1472 2644 1543 γάρ
2676 1488 2767 1542 μοι
2811 1472 3046 1542 ὑπάρχει
3078 1472 3135 1523 ὲν
3159 1472 3238 1543 τῷ
3279 1473 3515 1544 οὐρανῷ,
3546 1476 3633 1529 καὶ
3662 1477 3703 1514 ⁸⁹

2142 1563 2296 1636 παρά
2331 1562 2426 1617 σοῦ
2464 1565 2517 1617 τί
2564 1564 2808 1635 ἠθέλησα
2851 1564 2946 1617 ἐπὶ
2994 1563 3095 1634 τῆς
3123 1567 3263 1634 γῆς;
3297 1583 3316 1616 ι
3379 1565 3438 1619 '0
3468 1567 3523 1620 δὲ
3566 1567 3703 1620 ’Δλύ-

2074 1694 2114 1749 Β
2145 1653 2262 1720 λας,
2303 1654 2671 1727 σαφέστερον
2725 1654 2821 1719 Τίς
2860 1655 2903 1686 ⁵⁸
2941 1671 3044 1724 μοι
3095 1655 3165 1708 ἐν
3202 1653 3284 1721 τῷ
3315 1656 3581 1725 οὐρανῷ;
3615 1661 3702 1711 καὶ

2138 1744 2291 1812 μετὰ
2325 1743 2440 1798 σοῦ
2481 1747 2592 1799 οὐκ
2620 1744 2973 1813 ἠϐουλήθην
2996 1745 3066 1798 ἐν
3095 1745 3170 1815 τῇ
3202 1746 3302 1815 τῇ.
3353 1748 3705 1821 Ἑρωτηματι-

2145 1833 2255 1896 κῶς
2286 1835 2333 1866 ⁸¹
2360 1835 2605 1888 τέθεικεν
2635 1836 2756 1889 ἀντὶ
2784 1833 2901 1900 τοῦ,
2944 1835 3215 1907 Ὑπάρχει
3253 1855 3348 1908 μοι
3381 1839 3533 1903 ἐλπὶς
3563 1840 3615 1892 ὲν
3639 1838 3704 1907 τῷ

2142 1925 2380 1995 οὐρανῷ.
2430 1927 2839 1998 Προσεδόκησα,
2877 1928 3034 1999 φησὶ,
3083 1931 3177 1983 καὶ
3210 1931 3494 2000 προσδοκῶ
3525 1931 3704 2001 εὐμενῆ

2145 2017 2205 2070 σέ
2239 2036 2329 2088 μοι
2358 2019 2613 2087 γενέσθαι
2642 2021 2702 2072 ἐν
2727 2020 2941 2090 οὐρανῷ
2975 2020 3022 2050 ⁵³
3053 2021 3147 2073 καὶ
3178 2022 3271 2074 ἐπὶ
3296 2022 3402 2093 τῆς
3435 2025 3553 2093 γῆς.
3588 2020 3707 2076 Οὔτε

2143 2108 2252 2178 γάρ
2279 2110 2337 2163 ἐν
2383 2110 2460 2180 τῷ
2502 2110 2715 2182 οὐρανῷ
2762 2110 2924 2165 ἄλλον
2964 2113 3085 2166 τινὰ
3118 2113 3228 2183 ἔχω
3268 2112 3407 2166 Θεὸν
3447 2113 3538 2167 καὶ
3569 2112 3708 2183 κηδε-

2148 2200 2288 2270 μόνα
2328 2202 2469 2272 πλήν
2513 2219 2629 2267 σου,
2663 2201 2785 2257 οὔτε
2839 2202 2948 2274 μὴν
2981 2205 3037 2257 ἐν
3072 2206 3138 2275 τῇ
3185 2206 3257 2276 γῇ
3304 2204 3499 2276 ἕτερόν
3543 2221 3620 2258 σοι
3668 2203 3707 2235 ⁸⁵

2147 2293 2449 2357 συντάττω,
2477 2293 2616 2346 ἀλλὰ
2645 2294 2741 2348 καὶ
2778 2297 2838 2348 ὲν
2868 2294 2945 2365 τῷ
2986 2294 3222 2366 οὐρανῷ,
3250 2297 3348 2349 καὶ
3380 2298 3438 2350 ὲν
3467 2298 3532 2367 τῇ
3566 2298 3629 2365 γῇ
3659 2311 3709 2349 σε

2146 2383 2265 2437 οἶδα
2293 2384 2444 2439 Θεόν.
2486 2385 2554 2459 [⁸⁵
2582 2385 2814 2458 Εἴρηται
2866 2387 3102 2457 μάλιστα
3134 2389 3225 2441 καὶ
3253 2388 3439 2442 ταῦτα
3468 2388 3532 2441 ὲκ
3560 2402 3709 2457 προσ-

2144 2474 2297 2527 ώπου
2328 2474 2434 2528 τῶν
2466 2474 2526 2542 ἐξ
2554 2476 2726 2530 ὲονῶν
2774 2479 3218 2532 πεπιστευκότων
3244 2478 3327 2548 τῷ
3361 2479 3569 2549 Σωτῆρι
3599 2493 3612 2507 ο
3638 2476 3711 2530 λέ-

2146 2578 2232 2630 γει
2258 2563 2336 2630 δὲ,
2365 2562 2471 2636 ὅτι]
2504 2565 2613 2619 Καὶ
2646 2568 2741 2635 τὴν
2774 2565 2871 2638 σὴν
2896 2568 3216 2638 ἀσπάζομαι
3255 2569 3591 2623 δεσποτείαν.

2217 2680 2330 2738 κς’.
2368 2693 2399 2725 ι·
2442 2659 2718 2740 Ἐξὲλιπεν
2744 2680 2777 2746 ἡ
2809 2678 3010 2748 καρδία
3038 2696 3162 2747 μου,
3187 2680 3282 2732 καὶ
3307 2680 3351 2751 ἡ
3383 2678 3519 2749 σάρξ
3543 2695 3653 2748 μου.
3693 2694 3710 2725 ι

2148 2765 2349 2819 Τούτου
2381 2766 2540 2837 χάριν
2573 2769 2631 2821 σὲ
2664 2768 2838 2833 ποθῶ,
2875 2771 2970 2824 καὶ
3001 2769 3141 2839 διψῶ
3169 2771 3238 2835 ⁸⁸,
3264 2773 3371 2824 καὶ
3404 2769 3539 2824 κατὰ
3562 2768 3716 2838 ψυχὴν

2150 2855 2244 2907 καὶ
2287 2856 2429 2909 κατά
2462 2856 2645 2927 σῶμα,
2679 2859 2772 2912 καὶ
2802 2859 2901 2930 τὴν
2950 2859 3049 2930 σὴν
3101 2861 3410 2930 προσμένω
3467 2860 3715 2930 βοήθειαν.

2163 2947 2220 2999 '0
2234 2947 2363 3010 Θεὸς
2381 2948 2425 2979 ⁸⁷
2448 2949 2546 3019 τῆς
2567 2951 2795 3020 καρδίας
2820 2968 2945 3020 μου,
2964 2952 3060 3005 καὶ¹
3089 2953 3120 3022 ἡ
3150 2952 3313 3023 μερίς
3343 2969 3443 3022 μου
3464 2950 3627 3012 ὁθεδς
3650 2947 3719 3008 εὶς

2074 3035 2117 3094 C
2147 3034 2238 3088 τὸν
2271 3036 2465 3089 αἰῶνα.
2504 3057 2522 3089 ›
2554 3037 2621 3091 Σὲ
2656 3038 2765 3109 γάρ
2807 3040 2851 3071 ⁸⁸
2882 3040 2989 3110 ἔχω
3020 3041 3113 3095 καὶ
3151 3041 3360 3111 μερίδα
3387 3042 3480 3096 καὶ
3518 3040 3719 3109 κλῆρον»

2150 3126 2242 3179 καὶ
2269 3127 2570 3179 ἀπόλαυσιν
2603 3127 2843 3197 ἀγαθῶν.

2188 3238 2323 3311 ,κζκ
2373 3259 2391 3292 ι
2440 3241 2563 3296 Ὅτι
2597 3243 2705 3297 ἰδοὺ
2737 3245 2786 3297 οἱ
2836 3243 3206 3315 μακρύνοντες
3234 3246 3467 3309 ἑαυτοὺς
3502 3244 3604 3297 ἀπὸ
3635 3237 3717 3293 σοῦ

2151 3331 2517 3399 ἀπολοῦνται,
2566 3334 2970 3407 ἐξωλόθρευσας
3018 3338 3197 3391 πάντα
3263 3339 3361 3391 τὸν
3410 3336 3717 3407 πορνεύοντα

2150 3423 2259 3477 ἀπὸ
2310 3424 2426 3478 σοῦ.
2480 3444 2499 3477 ι
2545 3428 2609 3479 0i
2670 3428 2727 3480 δὲ
2781 3428 2973 3499 πόρρω
3037 3430 3181 3498 σφᾶς
3230 3430 3437 3494 αὐτοὺς
3490 3430 3585 3497 τῆς
3633 3425 3719 3491 σῆς

2151 3516 2433 3580 ποιοῦντες
2480 3517 2831 3587 κηδεμονίας,
2887 3521 2983 3573 καὶ
3031 3519 3276 3584 εἰδώλοις
3342 3520 3621 3591 λατρεύειν
3648 3518 3718 3567 aio

2155 3605 2430 3676 ρούμενοι,
2479 3609 2689 3679 καρπὸν
2733 3609 2915 3673 ἕξουσι
2959 3610 3004 3642 δ’
3060 3612 3159 3681 τῆς
3210 3613 3569 3674 ἀποστάσεως
3617 3609 3719 3661 ὄλε-

2155 3696 2309 3768 θρον.
2367 3699 2662 3766 Πορνείαν
2710 3701 2819 3770 γὰρ
2867 3700 3103 3754 ἐνταῦθα
3147 3702 3248 3771 τὴν
3301 3697 3720 3767 εἰδωλολατρεὴν

2152 3786 2327 3840 καλεῖ.
2390 3786 2547 3841 Οὕτω
2594 3790 2688 3842 καὶ
2718 3789 2805 3842 διὰ
2847 3790 2942 3842 τοῦ
2982 3789 3247 3860 Ἱερεμίου
3300 3793 3470 3862 φησὶν
3516 3793 3542 3842 ὁ
3570 3788 3721 3847 Θεὸς·

2154 3896 2178 3929 ι
2226 3878 2532 3949 Ἐπορεύθη
2582 3880 2675 3932 ἐπὶ
2732 3882 2841 3934 πᾶν
2886 3880 3013 3952 ὅρος
3067 3882 3298 3952 ὑψηλὸν,
3344 3883 3442 3936 καὶ
3490 3878 3723 3934 ὑποκάτω

2153 3970 2352 4034 παντὸς
2377 3970 2532 4034 ξύλου
2567 3971 2863 4037 ἀλσώδους,
2896 3973 2990 4026 καὶ
3020 3973 3359 4044 ὲπόρνευσεν
3393 3974 3439 4006 ⁸⁸
3472 3974 3616 4027 ἐκεῖ·
3645 3967 3725 4022 καὶ

2153 4056 2305 4116 εἷπον
2346 4061 2486 4130 μετὰ
2518 4062 2578 4114 τὸ
2619 4062 2913 4133 πορνεῦσαι
2946 4064 3117 4133 αὐτὴν
3148 4064 3326 4118 ταῦτα
3368 4065 3565 4127 πάντα,
3600 4060 3724 4129 Πρός

2154 4148 2227 4218 με
2259 4152 2621 4225 ἀνάστρεψον,
2655 4156 2746 4207 καὶ
2793 4155 2893 4207 οὐκ
2941 4155 3266 4226 ἀνέστρεψε.
3330 4177 3349 4207 ι
3405 4157 3524 4210 Καὶ·
3546 4154 3722 4208 πάλιν·

2162 4262 2180 4295 ι
2222 4243 2332 4295 Καὶ
2362 4243 2405 4273 ⁵¹
2442 4243 2733 4314 ἐμοίχευσε
2763 4244 2824 4297 τὸ
2854 4243 3031 4308 ξύλον,
3065 4247 3161 4298 καὶ
3205 4246 3301 4298 τὸν
3337 4246 3520 4299 λίθον
3563 4264 3581 4295 ι
3623 4240 3731 4295 ἀντὶ

477 4337 584 4375 non
619 4331 748 4377 sunt
779 4322 968 4376 coluit.
1004 4320 1069 4375 Et
1108 4322 1198 4377 hic
1244 4322 1412 4392 igitur
1468 4324 1871 4391 fornicatione»:
1937 4324 2047 4379 ido-

2155 4333 2248 4386 τοῦ
2270 4352 2283 4366 ·
2330 4334 2463 4404 Ἐμὲ
2487 4335 2578 4388 τὸν
2607 4338 2841 4406 νυμφίον
2873 4336 3274 4404 καταλιποῦσα,
3308 4339 3602 4409 ἐλάτρευσε
3634 4332 3725 4390 τοῖς

481 4415 657 4469 lorum
693 4415 901 4469 cultum
931 4413 1290 4483 nuncupavit.
1323 4412 1437 4468 [Ioc
1465 4424 1644 4468 autem
1682 4430 1791 4467 non
1855 4416 1921 4469 de
1951 4414 2052 4469 Ba-

480 4506 717 4576 byloniis
749 4507 909 4574 dixit,
940 4506 1034 4561 sed
1074 4506 1141 4560 de
1202 4505 1288 4561 his
1318 4506 1408 4576 qui
1441 4516 1661 4576 propter
1719 4507 2051 4576 impietatem

480 4597 536 4649 in
569 4597 886 4652 servitutem
921 4598 1141 4653 abducti
1169 4605 1348 4652 erant.
1378 4597 1443 4651 Hi
1472 4599 1615 4652 enim
1665 4598 1830 4651 Deum
1887 4615 2055 4669 spon—

481 4701 603 4741 sum
636 4688 899 4745 habentes
929 4689 1184 4745 fornicati
1224 4698 1375 4753 sunt,
1409 4705 1533 4744 cum
1579 4690 1888 4745 daemonum
1937 4708 2056 4747 ser-

561 4795 805 4853 i.lercm.
832 4817 912 4863 Ill,
955 4800 1007 4857 6.
1035 4801 1088 4855 7.
1168 4799 1183 4849 i
1225 4800 1357 4855 ibid.
1388 4800 1441 4855 9.

2163 4425 2237 4496 μὴ
2278 4425 2400 4479 οῦσι
2440 4426 2599 4489 θεοῖς.
2653 4427 2764 4480 Καὶ
2805 4425 3039 4480 ἐνταῦθα
3083 4428 3265 4481 τοίνυν
3317 4428 3606 4496 πορνείαν
3645 4423 3730 4489 τὴν

2159 4515 2268 4567 τῶν
2297 4515 2531 4568 εἰδώλων
2566 4514 2822 4586 λατρείαν
2856 4518 2902 4548 ⁸⁸
2932 4517 3184 4571 ἐκάλεσε.
3231 4516 3411 4570 ἰὀῦτο
3466 4515 3641 4586 μέντοι
3676 4509 3727 4562 οὐ

2164 4606 2294 4679 περὶ
2340 4608 2698 4662 Βαϐυλωνίων
2729 4610 2970 4679 εἴρηκεν,
3006 4608 3142 4663 ἀλλὰ
3190 4610 3324 4678 περὶ
3368 4610 3479 4661 τῶν
3520 4606 3606 4659 διὰ
3646 4602 3729 4668 τὴν

2165 4698 2421 4752 ἀσέϐειαν
2468 4699 2828 4769 αἰχμαλώτων
2873 4703 3278 4772 γεγενημένων.
3321 4692 3487 4753 υῦτοι
3523 4697 3625 4765 γὰρ
3653 4691 3730 4743 τὸν

1620 4959 1849 5014 VARUE
1890 4961 2274 5020 LECTIONES
2314 4967 2401 5022 ΕΤ
2441 4967 2673 5024 NOTAE.

550 5098 601 5174 ξι
631 5094 825 5171 ’ῌπερ
849 5097 925 5153 ἂν
956 5099 1188 5168 ἄγηται.
1211 5099 1333 5174 cod.
1363 5091 1490 5174 20b
1513 5100 1862 5174 περιάηίηται.
1941 5102 1986 5135 ⁸³
2019 5108 2047 5157 ι

2146 5145 2150 5157 .
2177 5103 2231 5159 In
2259 5105 2387 5160 edit.
2415 5105 2535 5160 Ald.
2570 5117 2624 5163 et
2642 5106 3148 5174 Complinsertum.
3221 5103 3272 5136 η
3291 5102 3531 5174 arma
3545 5097 3729 5174 δόξης-

482 5169 646 5246 Ilebr.
668 5169 793 5230 τω
821 5177 965 5246 mm
982 5179 1210 5246 etpostea
1236 5169 1427 5246 gloria.
1459 5169 1666 5246 δὶτιιιιηΣ
1693 5169 1920 5246 ὕστερον
1952 5175 2107 5246 τιμή.

2174 5175 2216 5206 ⁸⁷
2247 5176 2341 5231 Τά.
2370 5178 2535 5231 Abest
2557 5193 2587 5231 a
2625 5179 2747 5231 cod.
2779 5171 2833 5230 Ξ.
2909 5177 2956 5208 ⁸⁸
2976 5174 3317 5244 Λέγει.εο‹1.
3354 5176 3375 5224 1
3401 5173 3528 5226 add.
3556 5171 3731 5244 όλαος·

480 5242 526 5273 δ’
550 5240 675 5312 ch.
701 5236 1173 5317 esseyidetur-vel‘
1198 5236 1415 5317 εὐκλέα,
1445 5236 1524 5294 vel
1553 5240 1773 5317 εὐκλεῆ.
1827 5236 1896 5317 ’ξο
1928 5236 2047 5298 Καὶ

2146 5243 2243 5311 ἧς.
2284 5247 2446 5301 Hebr.
2479 5247 2541 5300 Et
2577 5258 2768 5317 prwtcr
2796 5258 2842 5300 te
2886 5262 2991 5299 non
3028 5236 3260 5299 delector
3291 5243 3403 5296 alio
3440 5240 3659 5317 quodam
3685 5236 3731 5317 iit

483 5300 656 5386 terra:
701 5307 1101 5386 Plio-frtri.
1133 5308 1479 5386 Eodenrfere
1505 5314 1665 5363 modo
1699 5300 1810 5367 haec
1837 5300 2251 5386 ⁸ἰηιοιτιιὈίτιίιξε
2284 5300 2376 5386 est
2420 5300 2802 5386 Syntn'tachus,
2836 5317 2996 5386 cujus
3026 5385 3040 5386 ﬂ
3056 5316 3370 5386 versionem
3430 5300 3572 5386 title.”
3605 5300 3731 5386 apud

482 5380 671 5435 Moutf.
698 5382 751 5435 in
781 5377 1003 5435 Hesanl.
1038 5380 1103 5433 ad
1133 5380 1185 5433 ll.
1213 5380 1246 5435 Ι.

483 5450 607 5502 cod.
648 5452 697 5504 1.
774 5451 822 5484 ⁸⁸
845 5454 925 5504 Σο

1010 5450 1175 5503 Abest
1198 5464 1228 5502 a
1265 5450 1386 5503 cod.
1431 5449 1485 5504 2.
1591 5451 1638 5482 ⁵⁸
1667 5451 1707 5503 Ε
1731 5454 1856 5507 cod.
1890 5453 1941 5505 1.

1323 5380 1368 5454 ⁵ξ¹
1416 5379 1907 5454 ’βρωτληιίᾳτικῶς
1930 5379 2117 5437 --’ὲπὶ
2151 5383 2259 5452 τῆς
2290 5384 2419 5454 γῆς.

2497 5405 2575 5441 cs.
2612 5387 2665 5440 iu
2696 5373 2820 5441 cod.
2873 5373 2929 5440 Ξῖ
3021 5384 3069 5415 ⁵⁸
3113 5385 3216 5438 Ἐν
3238 5378 3500 5450 οὐρανῷ.
3542 5378 3655 5429 lies.
3685 5373 3731 5421 in

2047 5456 2093 5526 f‘
2122 5450 2307 5523 Διψῶξ
2333 5450 2454 5511 cdd.
2496 5458 2531 5509 2
2562 5472 2750 5526 prtem.
2787 5455 2870 5509 σέ.
2891 5524 2908 5526 ᾗ
2946 5454 2992 5526 P"
3030 5453 3099 5526 ΔὈ
3128 5454 3299 5519 Θεόςο
3330 5450 3733 5526 “ﬁmi-F33?

484 5526 588 5599 ιτα.
654 5519 816 5599 ’³⁸ΑΣὲ
850 5519 1197 5599 7-dp._cod._i_
1224 5518 1371 5599 λέγει
1394 5517 1451 5571 δὲ
1476 5521 1559 5599 ὅτι
1598 5522 1656 5599 σὲ
1683 5521 1811 5599 ἔχω..
1851 5593 1866 5599 _
1887 5522 1933 5554 ⁵⁸
1966 5540 2047 5599 (δυ-ι

2146 5514 2356 5597 iterque
2379 5514 2586 5599 ἐχουσιῖ
2664 5526 2708 5558 ⁶⁹
2740 5524 2919 5582 οοιΙ.2
2939 5514 3301 5599 ἐπόρνευσαν.
3382 5521 3426 5553 ⁸⁸
3456 5517 3585 5574 Καί.
3616 5514 3727 5566 Des.

490 5588 544 5640 itt
569 5589 689 5643 cod.
716 5590 770 5644 2.

879 5592 923 5623 "
957 5588 1078 5646 Τῶν
1109 5588 1217 5644 εὶὸ.
1241 5592 1408 5652 λατρ.
1445 5590 1566 5644 cod.
1600 5592 1623 5645 1
1661 5588 2122 5665 εἰδωλολατρείαν.
