4028 6210
345 284 482 350 Ῑίιίὶ3

1623 274 1702 336 IN
1739 277 1944 337 PSAL.
1979 276 2256 336 LXXIII.

3481 283 3622 350 1154

341 399 480 454 Θεὸν
515 395 812 467 ἐσχηκότες
850 391 1108 462 νυμφίον,
1143 389 1566 460 ἐξεπόρνευσαν,
1595 387 1705 440 τῶν
1749 389 1934 457 δαιμό-

2046 388 2270 443 vitutem
2309 389 2544 460 amplexi
2587 401 2790 446 essent.
2827 393 3032 450 terum
3081 409 3184 450 suo
3239 396 3486 466 periculo
3533 415 3622 456 sa-

342 509 451 546 νων
483 487 859 556 ἀσπασάμενοι
885 485 984 555 τὴν
1013 482 1260 536 δουλείαν
1285 498 1297 510 ·
1333 481 1470 534 ἀλλά
1495 481 1561 551 τῇ
1613 480 1781 551 πείρᾳ
1831 497 1935 532 σω-

341 585 561 656 φρονεῖν
587 577 928 648 διδαχθέντες
958 575 1182 646 βοῶσιν·

412 670 520 740 κη’.
570 688 588 720 ι
636 668 788 737 Ἐμοὶ
819 666 876 720 δέ
909 666 970 719 τὸ
993 665 1038 698 ⁸³
1069 662 1514 737 προσκολλᾶσθαι
1545 662 1622 727 τῷ
1647 661 1767 730 Θεῷ
1797 663 1934 728 ἀγα-

341 762 431 817 θόν
478 764 616 824 ἐστι,
661 759 906 813 τίθεσθαι
941 761 1000 812 ἐν
1032 757 1113 829 τῷ
1142 758 1333 828 Κυρίῳ
1366 757 1465 828 τὴν
1512 757 1702 808 ἐλπίδα
1738 773 1862 826 μου.
1907 774 1926 806 ι

337 855 420 908 Δι’
450 853 631 910 αὐτῶν
658 851 768 922 γὰρ
813 853 924 906 τῶν
957 852 1302 922 πραγμάτων
1349 850 1446 920 τὴν
1494 852 1692 920 πεῖραν
1726 848 1932 911 λαϐὼν,

335 944 640 1018 ἀχώριστος
675 944 873 1015 ἔσομαι
921 942 1017 997 τοῦ
1066 941 1379 1004 σεσωκότος
1415 941 1574 1003 Θεοῦ,
1612 941 1707 994 καὶ
1751 942 1817 1010 τῇ
1853 941 1934 1002 είς

336 1037 502 1094 αὐτὸν
537 1036 714 1090 ἐλπίδι
747 1033 1212 1107 βεϐαιωθήσομαι.
1248 1053 1266 1084 ι
1307 1031 1414 1086 Τοῦ
1447 1030 1766 1099 ἐξαγγεϊλαί
1795 1048 1864 1100 με
1888 1031 1934 1064 ⁸*

339 1130 522 1194 πάσας
569 1129 670 1193 τάς
705 1129 942 1190 αίνέσεις
997 1143 1089 1180 σου
1127 1127 1194 1191 ⁸³,
1232 1127 1290 1179 ἐν
1334 1125 1380 1157 ⁸⁸
1425 1127 1544 1187 ταῖς
1587 1123 1788 1186 πύλαις
1832 1124 1933 1193 τῆς

339 1219 611 1293 θυγατρὸς
659 1219 817 1274 Σιών.
856 1240 873 1272 ι
913 1218 1013 1272 Διά
1056 1217 1261 1288 ταύτης
1295 1217 1405 1287 γὰρ
1433 1216 1531 1285 τῆς
1577 1215 1791 1275 ἐλπίδος
1831 1216 1933 1286 τῆς

338 1311 598 1366 ἐπανόδου
630 1311 930 1382 τετύχηκα,
967 1307 1191 1372 καὶτὰς
1221 1307 1321 1370 σὰς
1363 1309 1421 1360 ἐν
1466 1308 1531 1376 τῇ
1574 1305 1934 1378 Ἰερουσαλὴμ

337 1404 644 1474 ἐξηγοῦμαι
704 1402 1180 1474 θαυματουργίας.
1246 1398 1463 1470 Ταύτην
1516 1398 1626 1469 γὰρ
1681 1399 1932 1469 ὠνόμασε

335 1495 635 1565 θυγατέρα
667 1492 839 1549 Σιών.
893 1495 1109 1565 Ὥσπερ
1140 1492 1248 1564 γὰρ
1287 1492 1436 1553 υἱοὺς
1467 1489 1772 1560 ἀνθρώπων
1805 1492 1932 1556 τοὺς

334 1587 660 1659 ἀνθρώπους
687 1587 863 1648 καλεῖ,
889 1586 1030 1640 οὕτω
1059 1583 1336 1654 θυγατέρα
1353 1581 1491 1636 Σιὼν
1521 1581 1620 1654 τὴν
1642 1581 1783 1635 Σιὼν
1811 1583 1929 1636 ὀνο-

341 1679 525 1748 μάζει.
559 1679 840 1744 Διώνυμος
873 1677 929 1730 δέ
957 1673 1027 1748 ἦν
1061 1679 1096 1748 ἡ
1129 1677 1284 1740 πόλις
1309 1691 1323 1706 ·
1355 1675 1388 1744 ή
1414 1674 1524 1745 γὰρ
1552 1673 1689 1744 αὐτὴ
1718 1672 1857 1728 Σιὼν
1884 1675 1927 1706 ⁴¹¹

338 1771 436 1824 καὶ
477 1768 838 1841 Ἰερουσαλὴμ
866 1768 970 1821 ὑπὸ
995 1759 1094 1840 τῆς
1121 1765 1272 1836 θείας
1301 1761 1547 1819 καλεῖται
1579 1765 1822 1835 Γραφῆς.

658 1859 926 1913 EPMHN.
970 1855 1112 1920 To!
1145 1851 1247 1928 οἳ*
1283 1855 1608 1911 ΨΑΛΜΟΥ.

403 1951 476 2006 α’.
521 1969 540 2003 ι
583 1949 866 2013 Συνέσεως
907 1946 986 2018 τῷ
1035 1945 1232 2017 Ἆσάφ.
1290 1965 1312 2000 ι
1361 1947 1477 2020 Τὴν
1518 1947 1784 2019 ἐσομένην
1829 1948 1932 2018 τῆς

363 2039 725 2114 Ἰερουσαλὴμ
758 2037 1138 2110 πανωλεθρίαν
1181 2041 1210 2094 ό
1258 2039 1597 2110 προφητικὸς
1640 2039 1934 2111 προθεσπί-

343 2133 456 2199 ζων
483 2133 660 2202 λόγος,
690 2132 977 2202 ἐπιστῆναι
1001 2131 1048 2164 ⁸⁸
1081 2131 1178 2185 καὶ
1203 2132 1446 2186 συνιέναι
1471 2131 1684 2186 κελεύει
1703 2135 1817 2196 τοῖς
1845 2133 1932 2184 ἐν-

341 2225 672 2296 τυγχάνουσι
701 2221 793 2276 τοῦ
819 2220 1036 2292 ψαλμοῦ
1063 2220 1165 2293 τὴν
1193 2221 1434 2276 διάνοιαν
1463 2222 1530 2276 ⁸⁸.
1563 2223 1716 2282 Τινὲς
1745 2222 1930 2292 μέντοι

345 2317 454 2378 τοῖς
473 2313 578 2368 ὑπὸ
601 2313 871 2385 Ἀντιόχου
891 2314 987 2367 τοῦ
1011 2312 1340 2382 Ἐπιφανοῦς
1351 2313 1744 2383 γεγενημένοις
1761 2330 1930 2384 προσ-

337 2409 594 2478 ήρμοσαν
627 2406 720 2461 τὸν
759 2405 997 2478 ψαλμὸν,
1029 2404 1154 2460 οὔτε
1186 2407 1252 2477 τῇ
1293 2405 1507 2477 ίστορίᾳ
1546 2405 1920 2475 προσεσχηκό-

337 2515 450 2566 τες,
487 2498 612 2553 οὔτε
645 2499 740 2553 τοῦ
783 2497 1003 2570 ψαλμοῦ
1049 2497 1150 2568 τὴν
1197 2498 1537 2568 προφητείαν
1565 2497 1813 2568 ἀκριϐῶς
1845 2515 1932 2550 νε-

335 2591 616 2663 νοηκότες.
662 2589 720 2643 '0
755 2590 857 2661 μέν
889 2591 999 2660 γάρ
1043 2587 1261 2659 ψαλμδς
1311 2589 1644 2660 ἐμπρησμὸν
1689 2589 1839 2658 λέγει
1881 2592 1928 2623 ⁷⁸

333 2680 430 2736 τοῦ
460 2679 608 2735 θείου
633 2679 764 2745 νεὼ,
793 2679 891 2733 καὶ
932 2678 1230 2732 κατάλυσιν
1273 2677 1482 2744 οίκιῶν,
1529 2679 1624 2732 καὶ
1660 2679 1928 2753 πόρθησιν

335 2774 438 2846 τῆς
477 2773 687 2834 πόλεως
717 2771 960 2840 παντελῆ
983 2787 998 2801 ·
1026 2769 1202 2824 ταῦτα
1233 2771 1290 2824 δέ
1317 2770 1422 2823 ὑπὸ
1464 2771 1736 2842 Ἀντιόχου
1769 2789 1926 2840 γεγε-

336 2865 533 2937 νῆσθαι
563 2864 716 2936 παρὰ
741 2864 841 2932 τῆς
867 2861 1111 2934 ἱστορίας
1141 2862 1202 2916 οὐ
1238 2863 1284 2895 τί
1319 2862 1742 2934 μεμαθήκαμεν.
1787 2863 1924 2918 Οὔτε

339 2957 448 3028 μὴν
473 2959 541 3028 τῇ
575 2955 935 3010 Βαϐυλωνίων
975 2954 1239 3026 ἁρμόττει
1279 2954 1570 3026 πολιορκίᾳ
1591 2969 1604 2982 ·
1639 2957 1927 3027 προφήτας

335 3049 446 3120 γὰρ
475 3046 621 3119 εἶχον
653 3046 958 3117 τηνικαῦτα
986 3047 1239 3110 πολλοὺς,
1267 3047 1359 3099 τὸν
1399 3046 1530 3118 Ἰερε
1541 3046 1692 3116 μίαν,
1722 3049 1926 3119 Οὐρίαν

2043 495 2168 549 perc
2202 482 2404 547 BtIOt'II,
2441 482 2750 538 exclamant
2780 501 2792 536 :

2119 657 2281 713 Vens.
2316 661 2406 715 23.
2452 681 2471 711 ι
2499 661 2628 717 Mihi
2671 676 2852 720 autem
2917 669 3199 726 adhmrere
3257 671 3368 726 Deo
3424 673 3624 730 bonum

2042 761 2146 812 est,
2174 767 2376 815 petiere
2404 756 2456 808 in
2491 757 2600 810 Dro
2635 773 2787 828 spem
2830 776 3033 816 meam.
3061 779 3080 811 ι
3120 762 3304 820 Rebus
3336 766 3484 820 enim
3539 769 3624 836 ip-

2041 842 2118 896 sis
2149 844 2396 909 cdoctus,
2422 861 2451 899 a
2485 846 2618 913 Deo,
2674 852 2766 918 qui
2809 853 3042 906 sah‘avil
3069 867 3176 918 me,
3204 869 3487 924 nunquam
3539 857 3622 911 di-

2040 932 2234 998 vellar,
2269 945 2324 989 et
2375 951 2471 1006 spe
2525 939 2579 992 in
2632 939 2810 1008 ipsum
2877 943 2984 996 ﬁxa
3031 945 3457 1001 corroborabor.
3497 967 3516 998 ι
3557 946 3622 1001 Ut

2041 1029 2360 1082 annuntiem
2387 1045 2580 1087 omnes
2611 1034 2800 1088 laudes
2833 1046 2954 1091 tuas
2987 1039 3040 1092 in
3066 1039 3239 1107 portis
3266 1039 3390 1094 ﬁliae
3421 1041 3572 1096 Sion.
3602 1062 3620 1093 ι

2042 1114 2146 1169 Per
2175 1123 2313 1172 hanc
2342 1120 2490 1174 enim
2524 1137 2676 1191 spem
2706 1124 3072 1180 reversionem
3098 1136 3430 1181 consecutus
3477 1143 3623 1189 sum,

2039 1218 2094 1262 et
2126 1218 2218 1264 tua
2267 1213 2540 1268 mirabilia
2614 1215 2667 1269 in
2723 1215 3099 1287 Hierosolyma
3148 1218 3405 1286 praedico.
3473 1217 3627 1272 Hanc

2040 1302 2186 1356 enim
2218 1304 2391 1371 ﬁliam
2433 1304 2562 1360 Sion
2591 1310 2950 1378 nuncupavit.
2981 1307 3117 1363 Nam
3165 1317 3227 1364 ut
3261 1310 3403 1365 ﬁlios
3442 1309 3626 1364 homi-

2041 1411 2171 1449 num
2215 1395 2466 1453 homines
2497 1409 2675 1467 vocat,
2705 1401 2788 1455 sic
2817 1400 2984 1455 ﬁliam
3015 1400 3148 1456 Sion
3192 1400 3416 1456 Sionem
3442 1402 3594 1455 nomi
3613 1429 3627 1441 -

2041 1497 2157 1542 nat.
2203 1488 2493 1546 Geminum
2545 1507 2676 1547 vero
2736 1508 2937 1549 nomen
2971 1494 3062 1548 illa
3099 1494 3293 1550 civitas
3344 1493 3620 1548 habebat:

2038 1581 2228 1636 eadem
2259 1583 2406 1638 enim
2437 1600 2468 1640 a
2501 1586 2673 1641 sacris
2711 1586 2932 1644 Litteris
2964 1585 3096 1642 Sion
3137 1595 3192 1643 et
3243 1587 3624 1657 Hierosolyma

2039 1685 2236 1729 νορειῑιι
2245 1693 2289 1730 1⁸.

2291 1853 2504 1924 1123
2529 1852 2804 1910 ΙΝΤΕΒΡ.
2841 1853 3096 1914 PSALMI
3131 1855 3370 1912 LXXIII.

2112 1941 2280 1996 Vens.
2315 1943 2366 1996 1.
2405 1963 2424 1994 ι
2462 1943 2772 2000 Intellectus
2795 1946 3039 2016 Asapho.
3074 1963 3092 1998 ι
3125 1945 3390 2002 Futuram
3425 1945 3621 2004 Hiero-

2039 2033 2263 2104 solyma:
2293 2035 2596 2103 perniciem
2653 2039 3010 2107 propheticus
3058 2053 3245 2096 sermo
3290 2040 3619 2104 vaticinans.

2037 2123 2235 2194 ‘jubet
2272 2132 2331 2178 ut
2365 2125 2458 2194 qui
2492 2124 2640 2182 hunc
2665 2128 2934 2196 psalmum
2959 2128 3212 2192 audiunt,
3238 2130 3550 2200 perdiscant
3565 2139 3622 2186 et

2038 2215 2348 2286 intelligant
2387 2220 2584 2288 psalmi
2637 2221 2990 2277 sententiam.
3040 2220 3302 2277 Nonnulli
3346 2221 3513 2292 igitur
3550 2221 3622 2279 iis

2037 2324 2158 2378 quae
2193 2319 2436 2380 tempore
2467 2312 2724 2368 Antiochi
2787 2312 3021 2369 lllustris
3074 2315 3414 2380 acciderunt,
3467 2315 3618 2385 psal-

2038 2413 2188 2452 mum
2219 2401 2725 2466 accommodaruut,
2749 2418 2928 2472 neque
2949 2405 3016 2456 ad
3031 2403 3316 2458 historiam
3335 2406 3620 2460 attenden-

2037 2499 2142 2557 tes,
2176 2506 2359 2562 ncque
2395 2493 2592 2562 psalmi
2621 2494 3066 2548 vaticinationem
3100 2503 3358 2550 accurate
3385 2510 3619 2566 perpen-

2037 2582 2252 2638 dentes.
2288 2583 2744 2654 Quandoquidem
2791 2586 3038 2653 psalmus
3091 2589 3157 2639 de
3200 2585 3373 2640 divini
3430 2589 3617 2658 templi

2035 2673 2314 2736 incendio,
2341 2675 2630 2729 domorum
2679 2677 2966 2732 eversione
3007 2678 3356 2747 civitatisque
3404 2679 3616 2752 integra

2035 2767 2344 2822 vastatione
2372 2767 2654 2837 loquitur:
2698 2769 2814 2822 haec
2857 2785 2988 2824 vero
3043 2771 3111 2824 ab
3142 2771 3418 2826 Antiocho
3467 2771 3616 2828 facta

2036 2858 2209 2914 fuisse
2239 2874 2306 2914 ex
2339 2859 2568 2914 historia
2619 2876 2966 2930 nequaquam
2998 2863 3313 2918 didicimus.
3355 2864 3468 2921 Nec
3509 2865 3616 2920 Ba-

2035 2952 2388 3024 byloniorum
2440 2951 2714 3006 obsidioni
2775 2954 3048 3022 congruit.
3108 2953 3411 3024 Pi-Opltetas
3463 2957 3614 3012 enim

2035 3055 2167 3101 tunc
2199 3045 2464 3115 temporis
2494 3045 2696 3100 multos
2731 3046 3030 3101 habebant:
3074 3045 3392 3111 Jeremiam,
3425 3047 3613 3104 Uriam

335 3109 431 3194 τὸν
459 3109 799 3207 Σαμαίου-⁷³,
829 3138 926 3191 τὸν
961 3137 1245 3208 Ἰεζεκι-ὴλ,
1274 3109 1494 3208 Δανιὴλ..
1541 3109 1604 3191 ιΟ
1631 3109 1689 3191 δέ
1717 3109 1928 3209 ψαλμός

2033 3135 2226 3192 δειωωὶ
2261 3137 2452 3199 ﬁlium.
2491 3136 2858 3201 Ezechielcm.
2894 3140 3197 3196 Danielem.
3229 3143 3487 3200 Psalmus
3511 3161 3614 3200 au-

339 3246 505 3300 φησιν
525 3245 539 3259 ο
574 3247 592 3280 ι
631 3229 747 3282 Οὐκ
771 3227 922 3281 ἐστιν
947 3226 1028 3280 ἔτι
1059 3228 1368 3298 προφήτης,
1402 3229 1498 3282 καὶ
1523 3230 1672 3300 ἡμᾶς
1697 3231 1758 3282 οὐ
1787 3231 1929 3298 γνιδ.

341 3338 495 3376 σεται
525 3320 625 3374 ἔτι.
669 3341 688 3374 ι
730 3321 794 3374 Et
823 3319 878 3373 δὲ
917 3321 1054 3390 μήτε
1091 3319 1478 3387 Βαϐυλωνίοις,
1515 3324 1650 3392 μήτε
1690 3324 1932 3376 Μακεδό-

339 3431 427 3468 σιν
456 3413 503 3444 ⁷³
547 3413 831 3484 ἁρμόττει,
859 3413 1020 3483 δῆλον
1063 3413 1146 3466 ὅτι
1190 3411 1288 3484 τὴν
1339 3412 1446 3466 ὑπὸ
1505 3413 1790 3484 Ῥωμαίων
1830 3416 1928 3468 ἐπ-

338 3504 655 3576 ενεχθεῖσαν
680 3505 862 3568 αὐτοῖς
903 3503 1284 3575 πανωλεθρίαν
1310 3504 1678 3575 προαγορεύει
1698 3506 1766 3572 ⁷⁵,
1807 3507 1928 3576 μεθ’

337 3598 406 3670 ἠν
442 3597 700 3668 οὐδεμιᾶς
748 3596 1107 3666 ἀνακλήσεως
1137 3596 1350 3666 ἔτυχον,
1380 3595 1483 3666 τῆς
1517 3601 1655 3650 κατὰ
1684 3597 1778 3651 τοῦ
1811 3601 1928 3652 Σω-

337 3691 504 3763 τῆρος
532 3692 578 3724 ⁷⁵
603 3690 859 3754 ἀσεϐείας
890 3691 1130 3754 τίνοντες
1155 3689 1332 3753 δίκας.
1365 3689 1656 3760 Θαυμάσαι
1683 3690 1740 3744 δὲ
1777 3690 1927 3756 ἄξιον

336 3784 440 3854 τὴν
480 3782 720 3855 ἄρρητον
765 3783 812 3814 ⁷⁸
857 3782 1172 3852 ἀγαθότητα
1211 3781 1306 3834 τοῦ
1349 3783 1656 3834 Δεσπότου’
1707 3783 1788 3834 ὅτι
1835 3779 1928 3834 καὶ

339 3873 612 3946 προειδὼς
654 3873 834 3928 αὐτῶν
863 3873 1106 3944 ἀκριϐῶς
1148 3873 1190 3904 ⁷⁷
1221 3873 1321 3944 τὴν
1358 3871 1662 3939 ἀπείθειαν,
1695 3875 1762 3942 τῇ
1793 3888 1928 3943 προ-

341 3966 544 4036 φητείᾳ
571 3965 678 4018 τῶν
725 3963 1000 4034 ἐσομένων
1033 3963 1223 4016 κακῶν
1276 3963 1612 4035 ἀποτρέπειν
1653 3963 1752 4034 τῆς
1797 3964 1928 4016 ἀσε-

343 4060 500 4122 ϐείας
533 4058 810 4125 πειρᾶται.
839 4055 1002 4124 Δηλοϊ
1027 4054 1082 4107 δὲ
1105 4054 1255 4124 ὅμως
1283 4055 1376 4108 καὶ
1405 4054 1536 4108 αὐτὸ
1569 4053 1664 4108 τοῦ
1691 4055 1926 4126 Ψαλμοῦ

337 4151 402 4204 τὸ
432 4153 740 4220 προοίμιον,
775 4147 850 4210 ὼς
884 4146 1088 4216 ταύτην
1121 4147 1156 4215 ἡ
1185 4145 1493 4217 πρόρρησις
1523 4145 1624 4218 τὴν
1666 4147 1929 4203 ὑπόθεσιν

339 4240 455 4310 ἔχει
485 4241 550 4292 ⁷⁸.
604 4259 620 4291 ι
680 4239 862 4303 Ὶνατί,
891 4237 1094 4300 ὁΘεδς,
1128 4237 1336 4289 ἀπώσω
1370 4239 1452 4301 είς
1491 4237 1675 4303 τέλοςς
1714 4257 1733 4290 ι
1790 4238 1928 4293 Οὔτε

339 4333 469 4401 γὰρ,
499 4331 574 4394 ὡς
604 4331 699 4382 ἐπὶ
727 4328 1105 4392 Βαϐυλωνίων,
1139 4330 1204 4400 τῇ
1227 4327 1444 4398 δουλείᾳ
1477 4327 1566 4382 τὸν
1601 4328 1928 4400 ἑϐδομηκον-

338 4421 539 4490 τούτην
575 4419 782 4492 ὥρισας
827 4420 1042 4491 χρόνον,
1091 4415 1214 4470 οὔτε
1251 4417 1326 4482 ὡς
1374 4419 1468 4470 ἐπὶ
1529 4417 1825 4489 Ἀντιόχου,
1858 4419 1928 4474 τὰ

341 4515 482 4569 ἐπτά
524 4515 696 4585 ἣμισυ
731 4514 778 4546 τ’
813 4511 930 4582 ἔτη,
983 4511 1128 4565 κατά
1161 4511 1262 4581 τὴν
1309 4509 1406 4564 τοῦ
1453 4510 1650 4582 Δανιὴλ
1701 4528 1914 4582 προφη-

340 4608 516 4670 τείαν,
556 4605 670 4660 ἀλλ’
700 4606 780 4668 εἰς
808 4605 961 4666 τέλος
991 4601 1219 4668 ἀπώσω,
1251 4601 1348 4656 καὶ
1377 4600 1760 4672 πανωλεθρίαν
1789 4618 1922 4654 κατ-

340 4699 615 4769 εψηφίσω.
679 4715 698 4748 ι
769 4693 1026 4764 Ὠργίσθη
1075 4691 1103 4743 ό
1156 4691 1328 4762 θυμός
1377 4707 1470 4744 σου
1531 4691 1626 4744 ἐπὶ
1677 4689 1923 4760 πρόϐατα

341 4791 514 4861 νομῆς
547 4807 660 4844 σου.
685 4807 703 4838 ι
734 4786 1022 4855 Ἐπίμονον
1044 4783 1200 4856 ἔσχες
1233 4783 1329 4855 τὴν
1353 4781 1494 4838 κατὰ
1513 4782 1620 4836 τῶν
1638 4781 1926 4852 προϐάτων

341 4879 452 4934 τῶν
486 4879 594 4934 σῶν
623 4878 996 4948 ἀγανάκτησιν
1027 4877 1096 4931 ⁸ο.

2031 3237 2139 3285 tem
2171 3231 2304 3285 dicit
2336 3251 2348 3284 :
2383 3249 2402 3282 ι
2429 3229 2547 3284 Jam
2581 3247 2686 3284 non
2716 3240 2799 3285 est
2825 3232 3112 3300 propheta,
3144 3242 3199 3288 et
3225 3249 3328 3290 nos
3359 3250 3468 3290 non
3519 3251 3615 3293 co-

2028 3319 2530 3388 gnoscetantplius.
2571 3339 2590 3370 ι
2616 3319 2768 3385 Quod
2803 3321 2848 3375 si
2873 3335 3048 3391 neque
3079 3321 3394 3394 Babyloniis
3432 3341 3616 3399 neque

2027 3409 2672 3480 Macedonibusquadrat,
2689 3410 3037 3467 manifestum
3055 3423 3140 3469 est
3177 3431 3302 3470 eum
3318 3421 3615 3490 perniciem

2027 3516 2058 3554 a
2100 3499 2363 3554 Romanis
2385 3501 2491 3556 illis
2527 3501 2784 3557 inﬁietam
2808 3505 3120 3574 praedicere,
3147 3518 3271 3576 post
3300 3527 3466 3581 quam
3491 3517 3616 3571 nul-

2031 3589 2136 3644 lam
2160 3591 2559 3647 revocationem
2593 3594 2935 3660 sortitisunt,
2959 3613 3149 3667 pmnas
3169 3601 3464 3673 impietatis
3481 3622 3612 3676 pen-

2031 3681 2243 3746 dentes,
2275 3700 2384 3752 qua
2419 3684 2474 3738 in
2507 3684 2848 3742 Salvatorem
2897 3690 2982 3744 usi
3013 3700 3168 3746 sunt.
3225 3694 3611 3756 Admiratione

2029 3783 2212 3827 autem
2253 3775 2414 3845 digna
2474 3785 2560 3834 est
2615 3779 3018 3850 inexplicabilis
3073 3783 3289 3842 Domini
3349 3789 3608 3848 bonitas:

2033 3864 2181 3932 quod
2211 3881 2336 3919 cum
2369 3881 2561 3922 eorum
2603 3871 3004 3927 contumaciam
3057 3875 3218 3944 plane
3267 3879 3609 3946 praevideret.

2026 3957 2422 4012 vaticinatione
2452 3958 2766 4015 futurorum
2799 3964 3070 4019 malorum
3103 3966 3172 4022 ab
3203 3967 3490 4039 impietate
3513 3988 3611 4028 eos

2029 4059 2280 4104 avertere
2311 4062 2564 4106 conatur.
2631 4052 2882 4108 Declarat
2939 4065 3121 4110 autem
3181 4059 3359 4126 ipsum
3412 4065 3610 4131 psalmi

2028 4141 2342 4207 exordium,
2402 4142 2507 4196 hoc
2587 4156 2711 4196 esse
2767 4155 3150 4214 argumentum
3219 4149 3609 4214 praedictionis.

2035 4252 2052 4286 ι
2093 4233 2223 4296 Cur,
2241 4249 2274 4288 ο
2295 4232 2462 4300 Deus,
2489 4233 2737 4302 repnlisti
2759 4235 2904 4304 (nos)
2929 4237 2982 4290 in
3017 4237 3217 4292 ﬁnem?
3242 4257 3260 4290 ι
3297 4239 3413 4294 Νοη
3439 4243 3609 4307 enim,

2029 4325 2493 4394 quemadmodum
2529 4325 2632 4380 sub
2667 4327 3004 4398 Babyloniis,
3035 4329 3352 4384 servitutem
3388 4341 3612 4402 septua-

1961 4448 2001 4502 ο
2033 4417 2180 4488 ginta
2217 4415 2434 4488 1124
2465 4432 2736 4472 annorum
2769 4419 2948 4487 spatio
2978 4419 3297 4486 deﬁnivisti,
3343 4436 3519 4492 neque
3555 4433 3614 4478 ut

2031 4506 2134 4560 sub
2163 4505 2458 4569 Antiocho,
2487 4515 2692 4576 septem
2726 4508 2887 4561 annis
2918 4519 2972 4562 et
3009 4507 3273 4574 dimidio,‘
3304 4512 3610 4567 secundum

2033 4597 2276 4653 Daniclis
2309 4598 2689 4668 prophetiam:
2723 4601 2816 4654 scd
2853 4600 2906 4654 in
2940 4599 3101 4656 ﬁnem
3131 4602 3403 4672 repnlisti,
3442 4614 3497 4658 et
3541 4607 3608 4661 ad

2031 4688 2256 4742 exitium
2291 4688 2693 4744 condemnasti.
2736 4709 2756 4741 ι
2789 4689 3008 4745 Exarsit
3041 4692 3122 4746 ira
3157 4699 3250 4748 tua
3284 4709 3450 4764 super
3480 4711 3610 4750 oves

2034 4780 2221 4848 pascui
2255 4781 2354 4834 tui.
2393 4799 2411 4831 ι
2447 4779 2864 4838 Permanentem
2927 4783 3360 4853 indignationem
3417 4799 3609 4845 contra

2035 4880 2157 4923 tuas
2182 4884 2310 4924 oves
2357 4869 2618 4925 habuisti.

1443 5031 1676 5087 \‘ARIZE
1720 5029 2104 5086 LECTIONES
2144 5029 2231 5084 ΕΤ
2271 5028 2508 5086 NOTIE.

445 5153 494 5188 ει
538 5153 610 5209 Τὸ
647 5181 720 5196 _.
762 5151 904 5218 Θεῷ,
949 5151 1117 5206 Hebr,
1165 5131 1348 5208 um’m
1373 5157 1556 5234 ria-1p,
1598 5147 2068 5234 pt'opinqnitatent_
2101 5145 2218 5234 Dei.
2295 5146 2340 5178 ⁸⁸
2363 5147 2472 5234 ίίΙέ.
2518 5149 2903 5234 _ln_sertumuin
2957 5149 3088 5234 edit.
3121 5151 3242 5206 Ald.
3295 5162 3350 5207 ct
3394 5153 3608 5226 Compl.

351 5240 398 5274 ”
422 5237 701 5306 Λίνέσεις
745 5251 884 5290 σου.
949 5233 1110 5306 Hebr.
1169 5233 1348 5286 ontnia
1392 5227 1564 5306 _ope'ra
1627 5239 1770 5306 tua.
1803 5229 1925 5283 Mon

2057 5229 2108 5282 in
2179 5228 2532 5306 Ilexa_p|.__ad
2588 5232 2642 5286 II.
2781 5232 2942 5306 aliam
3003 5232 3112 5306 τῶν
3181 5235 3237 5287 0'
3282 5236 3612 5306 interpreta-

347 5313 553 5365 tionem
609 5298 785 5370 aﬁ'crt,
853 5320 974 5372 quae
1025 5305 1137 5356 haec
1189 5310 1289 5363 est,
1347 5298 1481 5372 1&ng
1504 5298 1840 5372 ἐπαγγελίας
1895 5315 1934 5351 σε

2032 5371 2043 5372 7
2085 5310 2246 5372 etuex
2305 5300 2518 5372 Aquila:
2567 5302 2822 5372 versione
2876 5302 3136 5372 ἀγγελίας
3182 5321 3278 5356 σου
3319 5298 3444 5358 orta
3487 5322 3613 5361 esse

345 5381 584 5435 videtur.
655 5367 812 5430 COIII.
862 5367 1088 5427 Hieron.
1137 5372 1298 5440 epist.
1337 5372 1402 5425 ad
1451 5371 1586 5424 Sun.
1630 5367 1696 5423 et
1735 5367 1900 5440 iFrct.

349 5451 474 5505 cod.
523 5447 560 5500 2
598 5461 786 5517 prtem.
847 5443 962 5497 καί.
1032 5513 1044 5517 _
1069 5443 1112 5473 ⁸⁸
1141 5439 1262 5517 end.
1289 5442 1333 5517 1
1378 5450 1432 5494 ct
1471 5441 1518 5517 .2
1562 5439 1880 5517 ἐπιστῆναι.

351 5521 396 5551 ⁷¹
441 5519 546 5572 Οὐ.
599 5509 806 5570 Ἀὺεει
857 5530 886 5567 a
946 5513 1068 5566 cod.
1137 5513 1193 5565 2.
1289 5512 1335 5542 ⁷³
1385 5511 1506 5565 cod.
1559 5509 1595 5562 ‘2
1651 5509 1906 5578 Σεμαίου.

352 5589 398 5620 ⁷⁵
444 5584 737 5652 Σωτῆρος.
795 5584 918 5637 cod.
965 5583 1006 5652 ‘l_
1037 5581 1305 5652 adds-{cat
1345 5581 1480 5652 Θεοῦ
1543 5577 1722 5652 ἡμῶν.

355 5656 557 5718 cod.j.

1810 5579 1854 5608 ⁷⁸
1898 5577 2201 5644 Ἀῤῥητον.
2256 5579 2376 5633 Des.

634 5647 899 5720 ""Exsl.
931 5649 1052 5706 co'd.
1078 5651 1100 5702 1
1129 5650 1254 5703 add.
1283 5651 1377 5702 καὶ
1395 5652 1497 5720 ὅρα
1521 5647 1748 5718 τίίφησι.
1823 5647 1870 5678 ⁷⁸
1891 5651 2010 5720 cod.
2039 5649 2060 5699 1
2099 5648 2290 5718 ἡμίση.

2000 5371 2046 5445 ff
2101 5368 2203 5445 Ἐγ
2249 5399 2317 5445 ῖ-
2366 5370 2538 5445 23:ch
2607 5371 2729 5445 D_es.
2777 5371 2834 5445 in
2889 5368 3036 5428 testu
3093 5371 3256 5429 Hebr.
3348 5376 3394 5406 ⁸⁷
3432 5377 3608 5445 Σιῴν.

1992 5439 2036 5471 ⁶⁹
2085 5439 2210 5493 cod.
2258 5438 2293 5492 9.
2351 5441 2416 5507 τῇ

2393 5441 2431 5512 ᾗ,
2475 5441 2699 5512 διανοίᾳ.

2031 5509 2078 5539 ⁷⁸
2121 5507 2242 5562 cod.
2297 5509 2332 5562 2
2377 5507 2754 5574 Μακεδονίὸις.

2453 5581 2505 5632 in
2575 5583 2694 5635 cmi.
2758 5584 2800 5639 I.

2777 5441 2825 5473 '°
2863 5445 3016 5514 _cod._
3055 5453 3281 5514 uterque
3331 5441 3608 5514 προλέγει.

2836 5512 2881 5544 ⁷⁵
2919 5512 3042 5584 cod.
3095 5512 3130 5565 2
3185 5512 3608 5584 προσαγορεύει.

2913 5583 2955 5614 7"
2999 5581 3298 5649 Ἀκρίϐῶς.
3363 5581 3527 5638 Abest
3579 5604 3612 5641 a

2367 5651 2412 5725 ⁴ξ⁰
2446 5651 2892 5725 Ἀξανάκτησιν.
2917 5653 3036 5725 cod.
3060 5652 3080 5702 1
3107 5653 3482 5725 θίίιΙηῖΕπειδὴ
3505 5659 3613 5725 γὰρ

353 5729 444 5781 τὸν
477 5725 710 5792 ποιμένα
746 5717 836 5776 τις»
869 5723 1122 5790 οὐράνιον
1155 5721 1247 5774 τόν
1281 5717 1794 5790 ποτεποιμάναντα
1826 5717 1950 5778 τοὺς
1980 5717 2278 5786 προγόνους
2313 5721 2403 5772 ἐπὶ
2440 5721 2533 5774 τοῦ
2565 5725 2798 5793 σταυροῦ
2841 5723 3193 5791 κατέκριναν,
3239 5717 3498 5795 ἐξήνεγκε
3515 5717 3622 5798 ’διζῗ
