4028 6210
437 235 581 299 1475
1388 220 1887 287 THEODOBETI
1951 219 2311 281 EPISCOPI
2379 219 2750 279 CYRENSIS
3551 170 3670 280 1.5.6

434 366 561 407 cum
590 344 962 416 blasphemias
995 342 1262 406 audisses,
1307 341 1607 395 sceleratos
1646 338 1770 392 illos
1806 334 2017 389 allicere

2079 371 2087 395 ι
2118 335 2255 405 ὀργή
2290 351 2408 387 σου,
2464 353 2481 384 ,
2520 333 2691 397 εὐθὺς
2737 332 2837 402 τῆς
2871 331 3218 402 βλασφημίας
3255 331 3525 398 ἀκούσας,
3555 337 3670 395 ἱ,δὺ-

436 440 710 510 supplicio
760 438 1010 508 potuisti,
1051 435 1146 491 sed
1195 450 1351 505 azqun
1386 432 1571 487 animo
1610 430 1804 495 tulisti,
1841 436 2021 482 muta-

2103 442 2258 505 _va:ro
2284 426 2409 487 τοὺς
2438 424 2753 496 ἀλιτηρίους
2793 425 3055 487 κολάσαι,
3086 424 3200 478 ἀλλ’
3232 426 3674 496 ἑμακροθύμησλς

438 533 643 585 tionem
681 536 1027 599 exapectans.

2129 518 2457 589 προσμένων
2484 517 2585 587 τὴν
2621 516 2942 588 μεταϐολήν.

512 623 726 696 1142
778 622 942 677 Vens.
979 622 1032 677 9.
1100 640 1118 673 ι
1165 620 1237 674 lie
1271 620 1409 675 cmlo
1444 616 1625 671 audiri
1660 613 1833 669 fecisti
1877 612 2023 683 judi-

2199 609 2264 665 θ’.
2304 630 2322 662 ι
2356 609 2454 663 Ἐκ
2485 609 2579 663 τοῦ
2610 609 2841 680 ούρανοῦ
2873 609 3168 680 ὴκούτισας
3218 609 3416 680 κρίσιν.
3455 629 3474 662 ι
3516 612 3676 666 Ἀνω-

439 718 611 772 cium.
656 735 674 768 ι
712 715 753 768 Ε
784 716 944 781 ccelo,
974 714 1174 785 inquit,
1204 712 1506 768 sententias
1542 709 1866 780 pronuntias
1894 720 2027 760 con-

2135 704 2228 757 θεν
2250 744 2265 769 ,
2302 704 2467 775 φησὶν
2491 748 2506 769 ,
2540 704 2796 774 ἐκφέρεις
2835 703 2934 769 τὰς
2975 705 3188 775 ψήφους
3218 705 3339 758 καθ’
3370 698 3441 759 ὧν
3471 706 3679 771 ἐθέλεις.

442 818 524 863 tra
555 822 694 876 quos
730 807 990 861 volueris.
1044 805 1160 859 Hoc
1204 803 1447 873 quidem,
1482 820 1499 851 ι
1540 800 1718 853 audiri
1762 796 1962 860 fecisti,
2000 814 2019 847 ι

2131 797 2203 849 Τὸ
2234 797 2414 867 μέντοι
2457 818 2475 849 ι
2526 798 2822 867 ἡκούτισας
2845 800 2889 830 ⁷⁸
2913 838 2928 864 ,
2967 819 2986 851 ι
3013 798 3330 867 ἀκουστὴν
3360 799 3624 867 ποιήσεις
3643 804 3681 834 ³⁸

442 899 765 953 audiendum
797 897 1050 966 prwbebis
1085 895 1451 968 Symmachus
1486 891 1646 945 dixit.

1164 895 1451 949 mmachus
1486 891 1646 945 dixit.
2130 894 2158 946 ὁ
2187 892 2487 962 Σύμμαχος
2513 895 2752 963 εἴρηκεν.

522 1013 542 1047 ι
577 993 748 1048 Terra
773 992 974 1055 timuit,
995 998 1050 1044 et
1074 990 1297 1059 quievit,
1324 985 1512 1059 [Vens
1541 983 1629 1057 10]
1677 984 1802 1063 dum
1833 997 2028 1036 exsur-

2208 1003 2226 1034 ι
2269 983 2343 1052 Γῆ
2384 984 2656 1055 ἐφοϐήθη.
2703 983 2800 1038 καὶ
2826 984 3120 1054 ἡσύχασεν,
3153 983 3208 1057 [ι’
3235 983 3332 1057 ]ὲν
3361 984 3437 1056 τῷ
3469 986 3685 1057 ἀναστῆο

445 1092 597 1154 geret
640 1082 695 1135 in
726 1082 993 1150 judicium
1033 1078 1198 1142 Deus,
1259 1088 1319 1132 ut
1366 1077 1548 1131 salvos
1601 1077 1803 1129 faceret
1840 1086 2030 1128 omnes

2137 1092 2226 1130 vett
2266 1077 2346 1138 εἰς
2388 1075 2571 1144 κρίσιν
2613 1075 2704 1130 τὸν
2749 1076 2916 1142 Θεὸν,
2956 1075 3050 1131 τοῦ
3106 1076 3279 1131 σῶσαι
3326 1078 3531 1141 πάντας
3574 1081 3688 1144 τοὺς

446 1184 766 1229 mansuetos
821 1181 999 1227 terrae.
1059 1190 1078 1223 ι
1122 1167 1367 1236 Timore,
1415 1168 1612 1240 inquit,
1663 1165 1865 1236 impleti
1904 1171 2031 1218 sunt

2149 1171 2347 1240 πραεῖς
2399 1169 2498 1238 τῆς
2541 1169 2644 1239 γῆς
2667 1170 2734 1223 ⁸³.
2802 1190 2821 1223 ι
2875 1171 3071 1235 Δέους,
3107 1173 3308 1241 φησιν,
3354 1173 3688 1243 ἐπλήσθησαν

448 1282 662 1331 omnes,
715 1276 769 1320 et
820 1266 889 1319 ab
929 1267 1133 1334 impetu
1189 1272 1378 1318 contra
1417 1278 1518 1316 nos
1569 1267 1873 1324 cessarunt,
1906 1272 2028 1312 cum

2142 1260 2400 1322 ἅπαντες.
2437 1262 2531 1314 καὶ
2564 1262 2665 1332 τῆς
2699 1262 2821 1335 καθ’
2850 1266 2882 1333 ὴ
2893 1262 3007 1332 μῶν
3041 1266 3350 1317 ἐπαύσαντο
3377 1264 3687 1337 προσϐολῆς,

447 1358 702 1414 viderent
730 1365 804 1421 te,
833 1356 1002 1411 veluti
1035 1354 1331 1425 quemdam
1360 1354 1620 1423 judicent,
1652 1353 1706 1405 in
1746 1352 1866 1405 illos
1908 1351 2032 1419 qui-

2142 1352 2471 1422 θεασάμενοί
2508 1371 2567 1406 σε
2599 1355 2854 1425 καθάπερ
2882 1356 3003 1410 τινὰ
3024 1356 3307 1426 δικαστὴν,
3331 1360 3454 1411 κατ’
3487 1358 3690 1412 ἐκείνων

448 1451 570 1503 dem
602 1448 928 1503 sententiam
968 1447 1286 1515 protulisse,
1335 1454 1389 1500 et
1426 1460 1522 1500 eos
1552 1444 1648 1514 qui
1685 1442 1853 1498 rectis
1880 1441 2032 1512 cogi—

2141 1443 2241 1514 μὲν
2279 1444 2639 1513 ἐξενεγκόντα
2668 1446 2773 1517 τὴν
2814 1445 3027 1517 ψῆφον,
3070 1448 3199 1511 τοὺς
3243 1449 3301 1502 δὲ
3347 1449 3524 1521 ὀρθοῖς
3557 1450 3690 1518 λογι-

450 1543 753 1598 tationihus
786 1543 871 1596 usi
901 1551 1059 1607 sunt,
1089 1550 1142 1595 et
1171 1540 1267 1610 qui
1298 1548 1446 1595 tuam
1487 1554 1647 1608 opem
1681 1535 2035 1600 annuntiant,

2142 1538 2302 1604 σμοῖς
2328 1537 2736 1607 χρησαμένους,
2766 1538 2863 1591 καὶ
2891 1539 2991 1609 τὴν
3023 1539 3123 1609 σὴν
3160 1538 3417 1610 βοήθειαν
3444 1542 3691 1609 ἀπαγγεί-

457 1634 656 1689 salutis
679 1642 961 1703 compotes
993 1632 1168 1687 factos
1201 1632 1394 1687 fuisse.

2067 1697 2101 1703 _
2140 1626 2338 1691 λαντας
2355 1629 2399 1659 ⁸⁸
2421 1668 2436 1691 ,
2472 1629 2572 1699 τῆς
2602 1630 2877 1699 σωτηρίας
2908 1632 3328 1700 τετυχηκότας.“

524 1724 687 1780 Vens.
726 1697 824 1780 it:
851 1744 870 1776 ‹
922 1724 1203 1789 Quoniam
1252 1722 1511 1793 cogitatio
1540 1721 1778 1775 hominis
1811 1721 2036 1775 contite-
2067 1697 2110 1754 Β

2100 1702 2110 1752 ί
2212 1726 2300 1772 ια’.
2363 1738 2383 1771 ι
2427 1697 2550 1773 Ὅτι
2584 1697 2840 1791 ἐνθύμιον
2858 1722 2903 1754 ⁸³
2940 1697 3229 1794 ἀνθρώπου
3258 1724 3691 1794 ὲξομολογήσεταί

450 1816 599 1871 bitur
652 1816 771 1882 tibi,
817 1823 869 1870 et
916 1816 1162 1885 reliquiae
1215 1812 1567 1883 cegitationis
1631 1812 1772 1865 diem
1838 1810 2035 1865 festum

2143 1827 2223 1862 σοι
2254 1850 2268 1875 ,
2311 1811 2406 1864 καὶ
2435 1812 2482 1845 ⁸⁵
2517 1813 2941 1883 ἐγκατάλειμμα
2970 1814 3227 1885 ὲνθυμίου
3264 1817 3514 1887 ἑορτάσει
3544 1834 3636 1871 σοι.
3670 1835 3686 1868 ι

462 1917 625 1979 agent
659 1910 775 1963 tibi.
808 1928 826 1961 ι
853 1908 990 1963 Cum
1020 1909 1137 1961 haec
1171 1907 1308 1960 bona
1341 1903 1620 1959 consecuti
1652 1903 1846 1966 simus,
1886 1902 2041 1971 hym-

2143 1899 2365 1953 Τούτων
2409 1902 2821 1967 ἀπολαύσαντες
2861 1905 2971 1959 τῶν
3022 1906 3274 1975 ἀγαθῶν,
3313 1910 3395 1972 εἰς
3444 1909 3691 1980 ὑμνῳδίαν

460 2010 654 2050 norum
688 1996 873 2050 cantui
901 1995 1265 2064 cogitationes
1314 2007 1725 2055 consecremus,
1761 2006 1829 2044 ne
1876 1991 2041 2043 mini-

2146 1990 2488 2062 άφιεροῦμεν
2523 1995 2650 2056 τοὺς
2680 1994 2974 2065 λογισμοὺς
2995 2035 3008 2060 ,
3048 1997 3170 2049 οὐδὲ
3202 1998 3379 2068 βραχὺ
3410 1999 3579 2052 αὑτῶν
3604 1999 3689 2069 μό-

457 2103 602 2142 mam
636 2087 856 2156 quidem
887 2099 1082 2141 earum
1117 2091 1330 2154 partem
1355 2083 1408 2134 in
1434 2081 1595 2134 aliam
1643 2096 1829 2135 curam
1864 2089 2044 2135 trans-

1699 2096 1829 2134 tratn
1864 2089 2044 2135 traus-
2147 2097 2263 2151 ριον
2293 2083 2372 2145 εἰς
2402 2083 2598 2153 ἑτέραν
2632 2084 2986 2155 άσχολοῦντες
3018 2088 3290 2156 φροντίδα.

460 2178 723 2232 ferentes.

531 2268 696 2324 Vsus.
727 2268 813 2322 12.
852 2287 872 2319 ι
923 2267 1154 2328 Vovetc,
1203 2274 1257 2318 et
1302 2263 1518 2319 reddi:e
1551 2263 1779 2317 Domino
1811 2261 1921 2316 Deo
1946 2278 2044 2316 no-

2216 2260 2305 2331 ιβν.
2362 2280 2383 2312 ι
2447 2261 2730 2330 Εύξασθε,
2790 2265 2881 2319 καὶ
2945 2268 3172 2322 ἀπόδοτε
3231 2271 3427 2340 Κυρίῳ
3474 2271 3548 2341 τῷ
3591 2270 3691 2340 Θεῷ

459 2372 596 2418 stro.
639 2379 657 2412 ι
712 2361 845 2414 Sese
881 2360 1115 2413 invicem
1168 2357 1549 2420 cohortantur,
1608 2363 1668 2408 ut
1720 2353 2045 2424 promittant

2141 2351 2300 2422 ἡμῶν
2322 2350 2392 2406 ⁸⁸.
2452 2372 2471 2404 ι
2504 2353 2785 2423 Ἀλλήλοις
2833 2359 3211 2426 ἐγκελεύονται
3257 2362 3357 2415 καὶ
3391 2362 3689 2433 ὑποσχέσθαι

459 2453 623 2516 dona,
680 2460 731 2505 et
790 2450 1179 2520 promissiones
1225 2446 1526 2517 perﬁciant.
1581 2443 1764 2514 Turpe
1806 2444 1950 2498 enim
1990 2453 2045 2498 et

2142 2443 2308 2508 δῶρα.
2348 2445 2443 2499 καὶ
2493 2446 2783 2518 πληρῶσαι
2827 2449 2925 2509 τὰς
2957 2452 3303 2523 ὑποσχέσεις.
3349 2457 3573 2528 Αἰσχρδν
3598 2456 3690 2528 γὰρ

460 2542 656 2613 ingrati
691 2541 857 2595 animi
889 2541 1092 2595 crimen
1126 2548 1229 2603 est,
1260 2539 1306 2594 si
1359 2537 1575 2593 ﬁnitimi
1607 2536 1825 2607 quidem
1855 2536 1925 2590 ob
1971 2536 2044 2591 ti-

2143 2535 2237 2586 καὶ
2282 2535 2678 2607 ἀγνωμοσύνης
2715 2541 2909 2609 μεστὸν
2929 2583 2943 2606 ,
2976 2544 3104 2607 τοὺς
3139 2546 3238 2615 μὲν
3271 2547 3509 2618 ὁμόρους
3541 2549 3692 2601 ἅπαν·

460 2648 667 2687 merent
705 2633 807 2686 hoc
839 2631 1068 2695 faciunt,
1098 2630 1176 2683 illi
1207 2637 1390 2684 autem
1423 2629 1517 2697 qui
1553 2628 1878 2682 beneficium
1906 2641 2043 2682 con-

2142 2644 2241 2689 τας
2273 2627 2434 2681 τοῦτο
2463 2628 2660 2699 δράσαι
2690 2630 2775 2684 διὰ
2817 2632 2877 2685 τὸ
2921 2632 3039 2697 δέος
3063 2676 3078 2700 ,
3107 2637 3237 2699 τοὺς
3262 2637 3324 2690 δὲ
3357 2639 3455 2707 τῆς
3492 2641 3691 2709 εὐεργε-

462 2725 636 2781 secuti
690 2734 843 2790 sunt,
889 2723 1090 2793 ingrati
1151 2722 1318 2776 animi
1374 2721 1566 2775 morbo
1616 2720 1887 2809 laborant.
1931 2717 2047 2774 Hoc

2144 2716 2264 2809 σίας
2295 2720 2664 2789 τετυχηκότας
2703 2721 2999 2795 ἀχαριστίᾳ
3023 2725 3070 2758 ⁸⁸
3117 2726 3373 2797 νοσῆσαι.
3417 2728 3578 2782 Τοῦτο
3602 2729 3693 2798 γὰρ

460 2818 606 2872 enim
636 2831 730 2886 per
768 2831 830 2870 ea
871 2831 991 2884 quae
1018 2825 1323 2885 sequuntur
1352 2813 1609 2869 ostendit.
1650 2807 1654 2809 ’

1447 2813 1609 2869 endit.
1650 2807 1654 2809 ’
2142 2807 2230 2862 διὰ
2260 2808 2369 2863 τῶν
2400 2811 2754 2881 ἐπαγομένων
2783 2815 3038 2885 ἐδήλωσε.

548 2911 608 2960 ἰ
653 2907 856 2962 Omnes
898 2906 992 2977 qui
1045 2906 1099 2961 iu
1146 2907 1377 2961 circuitu
1429 2905 1551 2975 ejus
1613 2913 1772 2969 sunt,
1821 2903 2047 2958 afferent

2220 2917 2238 2949 ι
2280 2900 2488 2964 Πάντες
2538 2903 2588 2954 οἱ
2621 2902 2806 2975 κύκλῳ
2840 2907 3003 2959 αὐτοῦ
3050 2907 3258 2962 οἴσουσι
3306 2909 3460 2982 δῶρα
3504 2910 3574 2981 τῷ
3610 2926 3693 2978 φο-

465 3016 695 3056 munera
735 2998 988 3054 terribili.
1024 2998 1218 3070 [Vens
1260 2997 1374 3070 15.}
1405 2997 1471 3052 Et
1508 2998 1558 3052 ei
1588 2998 1681 3067 qui
1717 2995 1894 3051 aufert
1937 2998 2047 3066 spi-

2101 3035 2115 3091 Ξ
2149 2988 2463 3091 meti-iw]
2515 2995 2611 3091 καὶ
2642 2996 3032 3069 ἀφαιρουμένῳ
3080 3000 3377 3071 πνεύματα
3407 3002 3692 3074 ἀρχόντων,

466 3093 633 3147 ritum
674 3091 1005 3160 principum,
1044 3090 1273 3144 terribili
1306 3090 1447 3158 apud
1491 3104 1645 3159 reges
1670 3097 1845 3142 term.
1891 3106 1908 3138 ι
1945 3086 2042 3141 Af-

2105 3081 2115 3091 '
2150 3081 2366 3152 φοϐερῷ
2408 3085 2562 3156 παρὰ
2604 3089 2718 3150 τοῖς
2768 3087 3049 3158 βασιλεῦσι
3081 3091 3182 3162 τῆς
3210 3094 3346 3163 γῆς.
3391 3115 3410 3148 ι
3457 3094 3696 3166 Κομιοῦσι

466 3183 640 3239 ferent
705 3191 884 3235 autem
932 3180 1115 3247 dona,
1176 3196 1301 3235 cum
1339 3189 1561 3249 propter
1593 3179 1737 3234 edita
1783 3179 2044 3235 miracula

2146 3171 2202 3225 δὲ
2233 3174 2300 3226 τὰ
2329 3174 2511 3246 δῶρα,
2562 3177 2666 3231 ὑπὸ
2703 3180 2812 3233 τῶν
2852 3185 3240 3255 γεγενημένων
3279 3187 3698 3259 ὲκδειματωθέν-

466 3272 842 3344 perterrefacti
894 3270 1116 3338 fuerint,
1150 3286 1216 3326 ac
1264 3285 1448 3325 rerum
1509 3278 1707 3325 eventu
1756 3268 2048 3324 didicerint

2147 3279 2238 3326 τες
2258 3264 2303 3296 ⁸⁷
2331 3264 2627 3351 θαυμάτων
2646 3309 2663 3334 ,
2695 3272 2791 3324 καὶ
2819 3271 2908 3325 διὰ
2938 3275 3047 3328 τῶν
3082 3277 3437 3348 πραγμάτων
3478 3278 3699 3351 μεμαθη-

467 3368 645 3436 ipsum
690 3380 816 3418 vere
857 3363 1026 3417 Deum
1072 3378 1216 3428 esse,
1265 3363 1360 3432 qui
1409 3362 1743 3432 potentibus,
1786 3370 1841 3416 et
1893 3369 2050 3416 teme

2148 3353 2324 3418 κότες,
2359 3355 2436 3419 ὡς
2471 3350 2627 3423 οὗτος
2647 3360 2693 3393 ⁸⁸
2731 3362 2947 3431 άληθῶς
2980 3366 3215 3438 ὑπάρχει
3237 3369 3400 3436 Θεὸς,
3440 3350 3578 3425 ὁκαὶ
3604 3370 3700 3431 τοῖς

474 3457 684 3530 ιιω
718 3457 992 3527 imperare
1024 3470 1083 3513 se
1115 3455 1495 3526 opinantibus,
1525 3462 1759 3509 mortem
1792 3451 1975 3509 infert.

2145 3443 2542 3503 δυναστεύουσι
2562 3490 2578 3517 ,
2606 3453 2700 3506 καὶ
2734 3455 2835 3527 τῆς
2872 3458 2977 3529 γῆς
3021 3457 3337 3528 βασιλεύειν
3366 3462 3695 3532 ὑπειληφόσιν

2150 3536 2379 3595 θάνατον
2417 3541 2640 3612 ἐπάγων
2668 3544 2734 3601 ⁸⁵.

816 3692 1146 3747 tNTEnPa.
1189 3689 1444 3745 PSALMI
1483 3686 1714 3743 LXXVI.
1772 3656 1783 3665 ’

2454 3680 2724 3737 EPMHN.
2764 3684 2904 3739 ΤΟΥ
2940 3685 3058 3755 oc,"
3094 3688 3418 3746 ΨΑΛΜΟΥ.

544 3803 710 3860 Vsus.
749 3806 801 3859 l.
858 3822 877 3855 ι
928 3804 984 3857 ln
1045 3804 1240 3868 tinem,
1287 3818 1385 3872 pro
1448 3801 1742 3856 ldithumo.
1803 3786 2052 3856 Psalmns

2223 3808 2298 3847 α.
2346 3810 2364 3844 ι
2420 3793 2518 3857 Εἰς
2564 3794 2624 3847 τὸ
2655 3795 2837 3862 τέλος,
2892 3798 3034 3871 ὑπὲρ
3068 3800 3344 3873 Ἰδιθοὺμ,
3391 3801 3597 3873 ψαλμὸς
3633 3798 3699 3865 τῷ

472 3897 722 3966 Asaph.»
754 3894 1140 3965 Symmachus,
1178 3909 1269 3962 per
1321 3890 1677 3945 Idithumum.
1740 3888 1876 3945 Huic
1922 3905 2053 3945 vero

2152 3880 2322 3949 Ἀσάφ
2344 3883 2410 3937 ⁸⁸.
2457 3902 2475 3935 ι
2532 3885 2591 3938 '0
2631 3885 2687 3939 δὲ
2720 3887 3054 3960 Σύμμαχος,
3099 3891 3197 3947 διὰ
3244 3894 3511 3964 Ἰδίθούμ.
3549 3892 3698 3963 Χορδν

473 3992 642 4043 etiam
697 3987 905 4041 chorus
942 3984 1112 4039 Deum
1149 3985 1492 4039 laudantium
1527 3982 1865 4038 commissus
1914 3992 2051 4039 erat.

2154 3974 2212 4027 δὲ
2238 3975 2330 4028 καὶ
2365 3976 2527 4040 αὐτὸς
2556 3977 2923 4035 ἐπεπίστευτο
2953 3981 3044 4034 τὸν
3069 3985 3110 4016 ⁹¹
3144 3984 3277 4039 Θεὸν
3303 3986 3664 4056 άνυμνούντων
3690 4000 3699 4013 ·

476 4080 632 4135 llunc
664 4080 830 4150 igitur
865 4080 1132 4148 psalmum
1168 4078 1350 4147 Asaph
1392 4078 1474 4131 vel
1509 4077 1625 4146 ipse
1653 4076 1810 4139 dixit,
1838 4075 1922 4129 vel
1949 4075 2054 4127 Da-

2159 4066 2347 4121 τοῦτον
2382 4069 2564 4123 τοίνυν
2608 4072 2636 4124 ὁ
2686 4071 2892 4143 Ἀσάφ,
2925 4075 2958 4146 ἦ
2991 4075 3152 4139 αὐτὸς
3181 4077 3443 4148 εἰρηκὼς,
3474 4078 3506 4148 ἦ
3532 4080 3592 4147 τῇ
3622 4073 3699 4128 τοῦ

474 4170 617 4224 vidis
654 4168 1033 4223 vaticinationi
1065 4168 1382 4223 subserviit.
1423 4167 1677 4221 Decidere
1703 4167 1844 4219 enim
1875 4166 1939 4220 de
1967 4180 2054 4218 re-

2153 4159 2318 4214 Aa6‘t5
2349 4162 2642 4234 ὑπουργῶν
2670 4167 2997 4240 προφητείᾳ.
3029 4168 3445 4240 Ἀποφήνασθαι
3471 4171 3574 4241 γὰρ
3594 4168 3703 4236 περὶ

472 4262 576 4317 bus
613 4261 816 4327 dubiis,
867 4260 1112 4330 periculo
1162 4275 1268 4313 non
1307 4267 1482 4312 vacat.
1516 4257 1783 4312 Caeterum
1815 4256 2056 4326 praedicit

2154 4252 2264 4305 τῶν
2302 4256 2802 4327 ἁμφιδαλλομένων
2832 4260 2933 4313 οὐκ
2965 4262 3270 4318 ἀκίνδυνον.
3306 4264 3565 4334 Προλέγει
3591 4262 3642 4316 δὲ
3664 4260 3700 4290 ’⁸

472 4354 879 4417 lsraelitarunt,
929 4352 1022 4422 qui
1062 4352 1334 4423 Babylone
1393 4350 1600 4406 servire
1662 4349 1842 4403 coacti
1886 4357 2051 4410 sunt,

2111 4342 2267 4428 ’τῶν
2310 4345 2367 4397 ἐν
2406 4344 2687 4400 Βαϐυλῶνι
2721 4349 2996 4403 δουλεύειν
3025 4353 3468 4426 ἠναγκασμένων
3512 4356 3702 4424 Ἰσραη-

474 4446 740 4515 ancipites
770 4446 1161 4513 cogitationum
1211 4452 1411 4506 motus,
1444 4451 1497 4496 et
1530 4442 1745 4496 dolores
1782 4442 1872 4509 qui
1925 4438 2053 4493 hinc

2154 4433 2357 4503 λιτῶν,
2409 4437 2633 4501 καὶτὰς
2685 4440 2794 4496 τῶν
2826 4441 3102 4514 λογισμῶν
3153 4445 3455 4516 διχονοίας,
3502 4443 3704 4503 καὶτὰς

474 4538 824 4593 emanabant.
864 4537 1032 4592 Docet
1089 4546 1273 4591 autem
1303 4551 1443 4605 quas
1473 4551 1662 4605 preces
1711 4550 1810 4604 par
1841 4540 1958 4587 erat
1987 4531 2052 4584 il-

2160 4526 2412 4581 ὲντεῦθεν
2461 4531 2738 4597 φυομένας
2786 4534 2998 4599 ὀδύνας.
3056 4537 3314 4593 Διδάσκει
3345 4539 3402 4593 δὲ
3437 4541 3530 4593 καὶ
3567 4535 3704 4589 ποίαν

473 4626 558 4682 los
583 4626 695 4682 Deo
725 4612 943 4694 oﬂ‘errc,
974 4628 1244 4681 malorum
1280 4627 1654 4681 liberationem
1689 4622 2049 4692 postulantes.

2159 4616 2357 4680 αὐτοὺς
2395 4621 2665 4690 προσήκει
2700 4622 2777 4693 τῷ
2818 4622 2936 4689 Θεῷ
2975 4631 3367 4698 προσενεγκεῖν
3402 4625 3702 4699 προσευχὴν.

476 4716 760 4772 Formavit
790 4733 919 4773 vero
947 4717 1241 4788 psalmum,
1279 4727 1538 4787 tauquam
1574 4717 1620 4771 si
1649 4715 1725 4769 illi
1756 4723 1877 4784 post
1930 4714 2053 4768 red-

2158 4709 2257 4779 τὴν
2322 4710 2432 4766 τῶν
2478 4712 2666 4767 κακῶν
2724 4716 3013 4782 αίτοῦντας
3061 4720 3407 4792 ἀπαλλαγήν.
3463 4714 3707 4789 Ἐσχημά·

476 4808 614 4863 itum
651 4808 770 4865 haec
816 4819 1126 4874 narrarent,
1156 4817 1211 4865 et
1247 4806 1418 4863 Deum
1469 4806 1720 4862 laudibus
1753 4818 2051 4876 proseque-

2156 4821 2274 4857 τισε
2324 4804 2380 4858 δὲ
2427 4805 2517 4858 τὸν
2564 4806 2798 4875 ψαλμὸν,
2848 4809 2925 4871 ὡς
2954 4811 3093 4880 μετά
3120 4811 3219 4882 τὴν
3249 4812 3510 4866 ἐπάνοδον
3551 4806 3704 4862 ταῦτα

475 4909 683 4957 rentur.
2155 4895 2296 4950 αὐτὰ
2316 4897 2361 4930 ’⁸
2383 4897 2781 4968 διηγουμένων,
2812 4901 2912 4955 καὶ
2938 4901 3029 4956 τὸν
3054 4902 3189 4958 Θεὸν
3218 4905 3614 4976 ἀνυμνούντων.

1572 5133 1804 5189 VARLE
1841 5133 2227 5191 LECTIONES
2253 5132 2340 5189 ET
2378 5132 2606 5190 ΝΟΤΑΞ.

546 5285 595 5317 τ’
646 5282 1013 5367 Ἠκσύτισας.
1047 5286 1171 5341 cod.
1194 5288 1230 5343 2
1256 5287 1382 5346 add.
1403 5290 1608 5393 κρίσιν.
1686 5292 1733 5324 ⁸⁸
1773 5294 1894 5347 cod.
1923 5292 1958 5346 2
1981 5310 2069 5347 ποι

481 5352 609 5404 Ree.
666 5355 827 5404 lectio
877 5364 961 5404 est.
1008 5358 1072 5404 τῆ
1127 5359 1340 5404 καρδία-
1416 5362 1440 5393 ⁸
1502 5363 1624 5404 nml-
1657 5363 1693 5404 9.
1725 5361 2072 5404 ὲπαγνςίλαυι

2110 5311 2212 5347 σει.
2287 5292 2333 5325 ⁸⁸
2379 5293 2494 5359 Τῆς
2537 5289 2667 5361 γῆς.
2694 5289 2772 5344 ita
2830 5290 2934 5360 leg.
2970 5290 3022 5344 in
3055 5290 3186 5345 edit.
3241 5288 3365 5347 Ald.
3409 5297 3462 5343 et
3512 5280 3700 5353 Compl.

2109 5381 2176 5404 ut
2255 5362 2302 5394 ⁸³
2352 5363 2684 5404 ’Evﬂz'mmv-
2741 5361 2902 5404 Hohr-
2946 5372 3094 5404 nm,
3146 5363 3248 5404 ira-
3286 5358 3493 5404 Svmm-
3532 5355 3700 5404 θυμός.

528 5368 614 5431 ec:
660 5355 827 5431 lectio
877 5358 1073 5431 οειητῇ
1127 5359 1343 5431 καρδίᾳ.
1416 5355 1464 5393 ⁸³
1502 5363 1625 5417 cod.
1657 5363 1693 5416 2
1725 5355 2119 5429 ἐπαγγείλαντᾶ

2109 5381 2179 5426 ις.
2255 5362 2302 5394 ⁸³
2352 5355 2685 5431 Ἕκθύίιεον.
2734 5355 3096 5431 ﬂebrimzn,
3146 5363 3248 5431 ira,
3282 5355 3700 5431 Sytntuuﬂupéc.

482 5420 529 5504 ξε
567 5422 676 5504 Kal
706 5454 777 5465 -—-
800 5425 918 5479 σοι.
952 5420 1117 5480 Ποιῖιι.
1149 5420 1642 5485 :Residuoirarum
1676 5420 1919 5501 σεσίτιρἐ
1952 5442 2020 5497 te,
2060 5432 2073 5483 ξ

2112 5420 2269 5503 yinm.
2306 5420 2558 5504 λείψανον
2584 5429 2759 5500 θὐμοῦ
2783 5420 3103 5501 περιζωθέν.
3180 5430 3225 5462 ³⁸
3277 5420 3479 5499 Ἡμῶν.
3501 5420 3703 5479 Ρπιξςιιη

484 5499 662 5587 lectiq
684 5506 861 5575 ὑμῶν,
919 5510 1334 5587 qu_am__haht_2nt
1387 5514 1607 5587 quidam
1665 5515 1786 5570 libri
1832 5499 2073 5587 veteres.

2106 5499 2273 5587 ’chr.
2316 5499 2548 5575 Datn'm.
2608 5585 2615 5587 Α
2654 5499 2867 5587 ⁸⁶Αεοιίξ
2909 5513 2945 5567 2
2993 5514 3338 5587 ἀχαριστίαν.
3376 5508 3697 5587 -ἿΈκεςξψς

698 5569 1077 5653 ρτξιιιρτμκάίη
1101 5581 1147 5612 ³⁸
1189 5569 1420 5653 οὗτος.’
1450 5583 1617 5639 Abest
1663 5599 1692 5638 a
1721 5569 1963 5640 cod.72.
1997 5569 2075 5618 7"“

2112 5586 2235 5641 cod.
2266 5569 2561 5652 ἳῖἶτάγέιν
2599 5583 2918 5653 δυνάμενος.
3029 5569 3076 5625 ῗθ
3104 5569 3318 5651 ’Ἀσάφ
3376 5580 3526 5635 Prior
3553 5569 3700 5633 editio

488 5635 930 5701 habeba‘maets.
1040 5650 1084 5683 νι
1114 5635 1985 5725 com{ov."'5ic6di'é'p29.
2058 5657 2078 5688 θ

1040 5650 1084 5683 νι
1114 5635 1303 5708 θοάζω
1330 5635 1527 5709 {off
1543 5635 1616 5687 '5"
1639 5635 1838 5711 ρόιιῖἐ
1853 5635 1985 5725 μέν.
2058 5635 2550 5712 uetiti—2535269;
