4028 6210
341 300 480 370 1477

1632 295 1716 356 IN
1745 294 1957 357 PSAL.
1999 292 2254 354 LXXVI.

3475 286 3611 351 14⁵78

410 443 478 510 β..
521 471 540 492 .
591 437 746 508 Φωνῇ
787 451 888 504 μου
937 431 1075 502 πρὸς
1107 429 1314 500 Κύριον
1349 427 1650 499 ἐκέκραξα,
1695 427 1850 497 φωνῇ
1879 422 1926 456 os

2101 425 2264 480 Vens.
2300 423 2355 492 Ξ,
2403 441 2422 476 ι
2462 422 2612 480 Voce
2652 439 2770 480 mea
2804 423 2870 480 ad
2905 421 3191 477 Dominum
3229 420 3483 486 clamavi,
3515 432 3606 474 vo-

344 549 444 603 μου
478 533 614 602 πρὸς
637 530 730 582 τὸν
756 527 914 582 Θεὸν.
948 525 1044 577 καὶ
1069 521 1342 592 προσέσχε
1373 538 1485 590 μοι.
1523 541 1539 570 ι
1575 517 1917 580 Σπουδαίως,

341 622 508 692 φησι,
553 621 652 692 τὴν
699 615 1010 689 προσευχὴν
1049 613 1458 686 προσενήνοχα,
1499 611 1593 664 καὶ
1635 608 1922 676 συντόμως

339 715 440 784 τὴν
491 714 709 783 αἴτησιν
761 709 974 763 ἔλαόον.
1031 703 1164 758 Εἶτα
1215 705 1309 757 τὸν
1345 703 1552 757 τούτων
1585 702 1632 734 ’³
1681 699 1925 752 διδάσκει

342 805 553 875 καιρόν.

411 921 482 982 γ’.
512 934 530 966 ι
565 913 656 966 Ἐν
687 911 874 982 ἡμέρᾳ
900 908 1132 979 θλίψεως
1167 925 1267 978 μου
1289 907 1381 960 τὸν
1399 905 1532 960 Θεὸν
1563 902 1919 973 ἐξεζήτησα.»

341 1009 587 1069 Ὀδύναις
641 1005 752 1075 γὰρ
805 1001 1138 1073 βαλλόμενος
1179 998 1453 1068 ἐπιμελῶς
1483 997 1582 1067 τὴν
1612 995 1768 1049 θείαν
1807 997 1928 1046 ἐπι-

345 1095 570 1166 κουρίαν
605 1091 912 1162 ἐξεζήτησα
935 1107 950 1122 ·
987 1107 1049 1143 το
1105 1090 1212 1160 γὰρ
1262 1086 1595 1156 ἐξεῶξτησα
1632 1085 1728 1156 τὴν
1763 1101 1930 1137 σπουο

345 1186 503 1240 δαίαν
549 1185 851 1239 αἰνίττεται
906 1185 1236 1253 προσευχήν.
1283 1181 1516 1232 Ἔπειτα
1554 1177 1794 1232 δείκνυσι
1829 1178 1930 1248 τῆς

350 1277 590 1340 ἱκετείας
644 1276 736 1329 τὸν
785 1275 1008 1346 τρόπον.
1053 1294 1071 1324 ι
1125 1274 1256 1335 Ταῖς
1279 1273 1324 1303 ’⁸
1372 1271 1532 1344 χερσί
1581 1289 1686 1342 μου
1736 1268 1932 1330 νυκτὸς

348 1370 590 1424 ἐναντίον
637 1367 839 1431 αὐτοῦ,
875 1369 974 1421 καὶ
1013 1367 1115 1420 οὐκ
1159 1365 1476 1437 ἠπατήθην.
1520 1383 1539 1417 t
1598 1363 1658 1418 '0
1690 1364 1746 1415 δὲ
1789 1360 1936 1432 Σύμ-

353 1479 525 1532 μαχος
555 1459 728 1524 οὕτως
755 1476 770 1490 ·
814 1463 886 1514 Ἡ
933 1459 1062 1529 χειξρ
1101 1475 1222 1527 μου
1285 1456 1508 1521 νυκτὸς
1555 1455 1862 1508 ἐκτέταται
1883 1452 1927 1484 ⁸⁷

348 1555 663 1626 διηνεκῶς.
708 1555 948 1624 Νύκτωρ
1002 1553 1235 1625 ἡσυχίαν
1280 1551 1430 1620 ἄγων
1471 1551 1572 1613 τάς
1603 1551 1795 1620 χεῖρας
1847 1545 1936 1611 ἐξ·

361 1651 587 1712 ἑτεινον,
634 1651 820 1718 τυχεῖν
847 1639 1043 1715 φιλαῖοθ
1053 1644 1262 1717 ρωπίας
1297 1641 1616 1707 ἀντιϐολῶν,
1648 1641 1745 1695 καὶ
1772 1638 1832 1692 οὐ
1862 1637 1940 1690 δι-

2025 535 2088 574 ce
2136 534 2256 574 mea
2295 517 2362 572 ad
2399 517 2593 582 Deum,
2636 528 2690 572 et
2739 517 2969 572 attendit
3009 516 3078 571 ad
3117 531 3224 569 me.
3270 531 3289 565 ›
3331 513 3608 580 Studiose,

2027 612 2226 683 inquit,
2268 625 2458 681 preces
2505 610 2702 677 obtuli,
2739 620 2792 666 et
2827 611 3011 666 statim
3061 608 3341 680 petitionis
3387 620 3613 678 compos

2027 704 2205 760 factus
2238 719 2384 762 sum.
2420 702 2626 760 Deinde
2656 704 2852 759 horum
2883 714 3100 774 tempus
3135 702 3312 757 docet.

2103 898 2270 956 \‘sas.
2323 901 2377 957 3.
2438 919 2457 952 ι
2495 899 2592 956 Die
2636 901 3008 960 tribulationis
3048 916 3184 957 mete
3232 901 3399 956 Deum
3430 899 3617 971 exqui-

2031 993 2158 1048 sivi.
2197 1011 2217 1046 ι
2265 993 2557 1050 Doloribus
2585 995 2732 1050 enim
2763 994 3015 1051 conﬁxus
3053 994 3343 1066 diligenter
3370 993 3615 1048 divinam

2037 1101 2199 1158 opem
2233 1087 2496 1156 expetivi.
2545 1085 2831 1158 Siquidem
2873 1088 3005 1142 illud
3049 1088 3306 1158 exquisivi
3341 1086 3618 1143 studiosae

2034 1193 2227 1248 preces
2251 1178 2456 1233 innuit.
2477 1177 2680 1236 Deinde
2701 1180 2940 1236 ostendit
2955 1179 3352 1238 obsecrationis
3373 1179 3614 1234 modum.

2042 1289 2060 1324 ι
2100 1271 2360 1329 Manibus
2387 1273 2530 1329 meis
2567 1283 2728 1330 nocte
2763 1284 2956 1330 contra
2983 1289 3130 1340 eum,
3157 1281 3213 1328 et
3238 1289 3346 1328 non
3371 1288 3492 1330 sum
3519 1272 3619 1329 de-

2037 1374 2250 1436 ceptus.
2292 1383 2312 1418 s
2354 1365 2721 1436 Symmachus
2747 1377 2928 1424 autem
2953 1368 3052 1432 sic,
3087 1364 3282 1420 Manus
3318 1382 3436 1420 mea
3469 1373 3620 1420 nocte

2038 1459 2286 1514 continue
2336 1468 2556 1514 extensa
2605 1473 2702 1515 est.
2749 1460 2924 1516 Noctu
2957 1459 3198 1530 quietem
3231 1473 3398 1528 agens
3425 1471 3622 1513 manus

2039 1551 2257 1618 susmli,
2279 1552 2596 1622 supplicans
2629 1562 2688 1607 ut
2714 1552 3108 1623 benignitatem
3133 1565 3521 1621 consequerer,
3565 1556 3622 1604 et

2041 1657 2138 1712 Spe
2183 1644 2411 1698 minime
2460 1642 2663 1698 decidi.
2723 1643 2842 1699 Hoc
2891 1644 3039 1700 enim
3079 1644 3352 1715 signiﬁcat
3386 1661 3400 1698 :
3437 1659 3457 1694 ι
3495 1639 3622 1696 Νοη

351 1742 604 1812 ήμαρτον
631 1739 730 1810 τῆς
757 1738 995 1801 ἐλπίδος.
1035 1736 1206 1790 Τοῦτο
1234 1736 1342 1806 γὰρ
1384 1734 1644 1805 σημαίνει
1669 1732 1750 1796 τὸ,
1773 1749 1792 1782 ι
1826 1731 1941 1784 Οὐκ

2049 1748 2164 1788 sum
2192 1733 2408 1808 1144
2436 1736 2699 1806 deceptus
2725 1753 2741 1803 ;
2797 1755 2816 1787 ι
2855 1737 3013 1806 quasi
3043 1736 3192 1792 dicat
3221 1755 3236 1790 :
3264 1733 3384 1791 Non
3418 1733 3624 1792 frustra

349 1832 673 1904 ἠπατήθην,
715 1849 734 1882 ι
770 1830 895 1884 ἀντὶ
921 1829 1040 1892 τοῦ,
1083 1829 1158 1882 Οὐ
1190 1828 1370 1898 μάτην
1415 1827 1754 1898 ἠγρύπνησα
1775 1862 1791 1889 ,
1820 1821 1937 1877 ἀλλ’

2049 1828 2286 1900 vigila-ri,
2316 1830 2413 1883 sed
2452 1828 2858 1884 obsecrationis
2887 1827 3128 1885 fructum
3155 1828 3394 1899 percepi.

351 1922 665 1996 ἐδρεψάμην
693 1921 792 1990 τῆς
817 1920 986 1990 εὐχῆς
1013 1919 1104 1973 τὸν
1138 1918 1376 1990 καρπόν.

429 2055 448 2086 ι
501 2033 846 2104 Ἀπηνήνατο
897 2030 1328 2102 παρακληθῆναι
1384 2031 1596 2102 ἡψυχὴ
1639 2046 1767 2102 μου.

367 2127 678 2198 Ἐμνήσθην
724 2127 820 2180 τοῦ
851 2124 1028 2188 Θεοῦ,
1075 2126 1171 2178 καὶ
1217 2125 1536 2196 εὐφράνθην
1562 2125 1630 2178 ⁸⁸.
1675 2145 1694 2174 ι
1748 2124 1939 2178 Πᾶσαν

366 2215 464 2286 μὲν
493 2214 875 2284 ἀπεσεισάμην
895 2213 942 2246 ⁸⁸
976 2212 1308 2286 παραψυχῆς
1359 2213 1617 2284 ἀφορμὴν
1638 2253 1652 2278 ,
1687 2215 1941 2284 ψυχαγω-

362 2305 487 2373 γίαν
515 2306 572 2359 δὲ
608 2306 778 2375 μόνην
807 2300 952 2376 εἶχον
982 2305 1078 2359 τοῦ
1105 2305 1244 2358 Θεοῦ
1269 2306 1285 2336 ί
1309 2305 1410 2376 τήν
1441 2307 1686 2376 μνήμην.
1721 2325 1738 2358 ι
1783 2306 1941 2359 Ἠδο-

363 2396 604 2467 λέσχησα
621 2397 664 2463 ³,
704 2397 800 2450 καὶ
835 2397 1218 2468 ὠλιγοψύχησε
1247 2396 1309 2450 τὸ
1341 2395 1562 2468 πνεῦμά
1591 2413 1714 2468 μου.
1766 2417 1784 2449 ι
1837 2397 1896 2450 '0
1921 2397 1943 2430 ⁸

359 2489 416 2541 δὲ
449 2487 744 2560 Σύμμαχος
772 2487 945 2552 οὕτως
967 2506 981 2521 ·
1014 2487 1345 2544 Διελάλουν
1369 2488 1626 2558 ἐμαυτῷ,
1657 2490 1758 2545 καὶ
1791 2491 1945 2544 ἐλει-

359 2580 690 2649 ποθύμουν.
721 2579 972 2650 Συνεχῶς
1003 2579 1231 2651 ἐμαυτῷ
1263 2581 1816 2652 προσδιαλεγόμενος,
1848 2579 1944 2634 καὶ

359 2668 429 2720 τὰ
480 2668 776 2738 συνέχοντα
817 2685 886 2739 με
938 2669 1088 2722 κακὰ
1123 2669 1518 2740 λογιζόμενος¹⁵
1541 2710 1558 2736 ,
1597 2669 1944 2741 ἀπηγόρευον

360 2759 462 2827 τὴν
497 2757 702 2811 τούτων
739 2759 1103 2830 ἀπαλλαγὴν,
1147 2762 1242 2814 καὶ
1291 2761 1499 2833 πικρὰς
1543 2762 1814 2834 ἐδεχόμην
1843 2763 1945 2834 τῆς

361 2848 597 2916 ἀθυμίας
628 2849 726 2912 τὰς
753 2849 972 2914 ἀκίδας.

433 2958 495 3014 ε’.
548 2979 566 3011 ι
639 2961 1121 3030 Προκατελάϐοντο
1161 2964 1183 2994 ⁵
1249 2964 1498 3034 φυλακὰς
1561 2967 1610 3020 οἱ
1674 2965 1946 3038 ὀφθαλμοί

364 3069 468 3124 μου
490 3053 532 3106 ⁸.
571 3071 590 3103 ι
624 3055 907 3119 Φυλακὰς
940 3055 1096 3108 καλεῖ
1143 3057 1242 3120 τὰς
1271 3057 1374 3126 τῆς
1406 3057 1601 3121 νυκτὸς
1628 3059 1942 3132 διαιρέσεις,

363 3141 490 3196 καθ’
535 3142 602 3206 ἃς
645 3146 694 3196 οἱ
727 3143 968 3212 φύλακες
999 3144 1253 3216 ἀλλήλοις
1294 3149 1393 3216 τὴν
1421 3149 1672 3220 φυλακὴν
1707 3151 1946 3224 ἐγχειρί-

365 3236 519 3300 ζουσι
545 3253 559 3266 ο
583 3235 734 3307 δηλοί
757 3235 815 3289 δέ
833 3235 919 3289 διὰ
947 3235 1154 3290 τούτων
1177 3237 1276 3309 τὴν
1303 3238 1392 3292 διὰ
1425 3239 1605 3311 πάσης
1627 3245 1730 3313 τῆς
1755 3247 1948 3307 νυκτὸς

364 3325 696 3397 ἀγρυπνίαν.
727 3345 748 3378 ι
776 3326 1121 3400 Ἐταράχθην
1141 3369 1155 3395 ,
1185 3329 1280 3382 καὶ
1301 3329 1401 3384 οὐκ
1427 3330 1684 3402 ἐλάλησα.
1718 3353 1738 3386 s
1765 3335 1949 3389 Ταῦτα

365 3420 416 3472 οἱ
469 3419 622 3472 αὐτοὶ
656 3419 752 3472 καὶ
785 3421 843 3472 ἐν
889 3419 970 3489 τῷ
1007 3426 1097 3491 μα’
1143 3419 1384 3492 ψαλμῷτ
1421 3439 1436 3454 °
1463 3424 1609 3496 Πρὸς
1646 3427 1946 3500 ἐμαυτὸνὴ

366 3509 512 3582 ψυχή
545 3527 648 3582 μου
669 3509 969 3582 ἐταράχθη.
1000 3531 1018 3564 t
1056 3512 1131 3567 Οὐ
1153 3513 1261 3586 γὰρ
1283 3515 1597 3589 ἠνεσχόμην
1619 3518 1799 3584 ἄλλοις
1824 3522 1950 3585 τοὺς

369 3601 538 3671 ἐμοὺς
563 3599 863 3672 λογισμοὺς
893 3603 1153 3673 ἐκφῆναι.
1789 3657 1794 3662 .

442 3719 520 3779 ς’,
562 3713 628 3778 ζ’.
667 3733 686 3765 ι
721 3713 1126 3787 Διελογισάμην
1163 3716 1380 3788 ἡμέρας
1415 3720 1651 3792 ἀρχαίας
1675 3741 1689 3754 ·
1730 3725 1824 3777 καὶ
1852 3724 1948 3798 ἔτη

373 3803 565 3857 αἰώνια
607 3803 888 3876 ἐμνήσθην
915 3805 956 3861 ⁸.
993 3807 1103 3858 Καὶ
1148 3806 1457 3878 ἐμελέτησα
1481 3812 1525 3865 ⁹.
1564 3830 1584 3864 ι
1618 3813 1739 3868 Τῶν
1763 3815 1952 3888 προτέ-

373 3911 486 3968 ρων
517 3912 633 3960 σου,
685 3895 886 3966 φησὶν,
939 3897 1272 3968 εὐεργεσιῶν
1305 3901 1642 3976 ἀνενεούμην
1670 3905 1770 3977 τὴν
1812 3909 1950 3979 μνήο

374 4001 484 4056 μην
507 4025 522 4050 ,
571 3985 666 4038 καὶ
693 3986 1074 4058 ἐνεθυμούμην
1098 4028 1113 4053 ,
1149 3989 1293 4042 ὅσων
1335 3990 1492 4062 παρὰ
1527 3991 1620 4046 σοῦ
1655 3998 1951 4067 τετυχήκα-

373 4095 459 4131 σιν
513 4078 844 4150 εὐεργεσιῶν
891 4081 942 4132 oi
983 4081 1244 4152 ἡμέτεροι
1301 4083 1600 4154 πρόγονον
1646 4086 1794 4152 ὅπως
1849 4089 1952 4160 τῆς

371 4171 688 4238 Αἰγυπτίων
717 4170 962 4235 δουλείας
997 4172 1478 4246 ἠλευθερώθησαν,
1503 4177 1652 4240 ὅπως
1676 4181 1774 4249 τὴν
1794 4181 1952 4252 Ἐρυ-

373 4260 511 4330 θράν
542 4260 804 4330 διέϐησαν
848 4262 1146 4328 θάλασσαν,
1190 4265 1342 4329 ὅπως
1393 4265 1492 4338 τὴν
1529 4269 1950 4342 ἐπηγγελμένην

266 4370 278 4382 ·
371 4357 485 4420 τοῖς
525 4357 794 4428 πατράσιν
823 4358 1098 4412 ἀπέλαϐον
1125 4360 1167 4390 ὀ
1205 4360 1327 4431 γῆν.
1377 4379 1396 4414 ι
1434 4363 1647 4428 Νυκτὸς
1680 4365 1820 4435 μετά
1851 4365 1950 4436 τῆς

2117 2044 2136 2079 ι
2170 2025 2373 2082 [ienuit
2397 2027 2597 2084 solatio
2629 2027 2764 2097 erigi
2789 2027 2976 2082 anima
3005 2042 3146 2083 mea.
3181 2025 3370 2100 [νεεδ.
3403 2025 3486 2099 4.]
3513 2026 3628 2082 lle-

2042 2134 2165 2174 mor
2195 2117 2271 2174 fui
2306 2118 2424 2187 Dei,
2454 2129 2509 2175 et
2557 2121 2858 2176 delectatus
2889 2134 3034 2175 sum.
3077 2137 3098 2172 ι
3136 2118 3368 2174 Omnem
3399 2119 3624 2191 quidem

2041 2213 2440 2269 consolationis
2471 2229 2696 2269 causam
2721 2217 2738 2236 ί
2779 2213 2979 2284 abieci,
3006 2213 3183 2268 solam
3211 2221 3394 2268 autem
3425 2227 3628 2268 conso-

2042 2305 2302 2360 lationem
2329 2304 2424 2359 Dei
2456 2307 2780 2360 memoriam
2816 2305 3007 2360 habui.
3043 2323 3062 2356 ι
3103 2303 3437 2370 Exercebar,
3461 2314 3512 2362 et
3528 2305 3628 2360 de-

2045 2397 2176 2454 fecit
2215 2399 2444 2467 spiritus
2497 2413 2678 2452 meus.
2731 2415 2751 2449 s
2803 2395 3169 2467 Symmachus
3198 2413 3329 2452 vero
3367 2399 3468 2462 sic,
3509 2397 3628 2452 Με-

2045 2505 2164 2544 cum
2215 2491 2328 2560 ipse
2378 2487 2652 2559 loquebar,
2703 2497 2754 2542 et
2797 2489 2976 2542 animo
3027 2489 3356 2558 deﬁciebant.
3412 2488 3626 2544 Mecum

2045 2582 2316 2637 continuo
2346 2583 2598 2650 loquens,
2623 2589 2678 2635 et
2712 2579 2856 2634 mala
2901 2579 3104 2648 quibus
3148 2579 3449 2634 distinebar
3476 2581 3629 2648 cogi-

2047 2685 2190 2740 tans,
2215 2675 2572 2745 desperabam
2635 2687 2722 2727 me
2751 2687 2994 2742 unquam
3033 2671 3104 2726 ab
3133 2671 3242 2727 illis
3272 2671 3508 2728 liberum
3541 2671 3624 2728 fo-

2045 2783 2127 2834 re,
2162 2776 2218 2823 et
2255 2766 2509 2822 stimulos
2544 2765 2727 2822 acerbi
2759 2763 3018 2820 maeroris
3049 2764 3318 2834 patiebar.

2121 2963 2287 3020 Vens.
2321 2964 2372 3018 5.
2435 2985 2453 3016 ι
2486 2963 2937 3034 Anticipaverunt
2987 2963 3204 3034 vigilias
3241 2961 3385 3019 oculi
3431 2963 3557 3020 mei.
3601 2980 3622 3016 ι

2060 3055 2287 3128 Vigilias
2340 3066 2500 3112 vocat
2553 3057 2730 3112 noctis
2762 3056 3084 3123 divisiones,
3129 3057 3434 3112 secundum
3489 3068 3629 3126 quas

2051 3149 2305 3206 custodes
2338 3148 2442 3204 sibi
2496 3149 2728 3202 invicem
2771 3148 3035 3204 excubias
3083 3149 3320 3204 tradunt.
3379 3147 3631 3206 Declarat

2050 3253 2229 3296 autem
2275 3241 2362 3296 his
2406 3239 2585 3295 verbis
2630 3255 2690 3296 se
2740 3255 2836 3310 per
2882 3249 3048 3295 totam
3103 3248 3319 3296 noctem
3378 3239 3624 3312 vigilare.

2055 3355 2074 3388 ι
2109 3334 2386 3390 Turbatus
2407 3349 2554 3400 sum,
2588 3343 2642 3388 et
2673 3347 2784 3388 non
2815 3347 2937 3388 sum
2973 3333 3215 3390 locutus.
3245 3351 3264 3384 ι
3300 3332 3428 3389 ΙΙωο
3457 3333 3624 3388 iidem

2053 3429 2107 3482 in
2135 3425 2562 3498 quadragesimo
2596 3425 2776 3496 primo
2823 3425 3038 3496 psalmo
3068 3425 3328 3480 dixerunt
3361 3443 3375 3478 :
3420 3444 3440 3477 ‹
3468 3424 3628 3495 Apud

2051 3537 2139 3576 me
2175 3522 2352 3591 ipsum
2385 3519 2570 3573 anima
2617 3519 2840 3574 turbata
2879 3525 2966 3574 est
2997 3525 3056 3570 ’.ι
3092 3535 3112 3569 ι
3141 3514 3262 3571 Non
3293 3517 3438 3572 enim
3470 3517 3632 3571 susti-

2051 3614 2249 3669 nebam
2283 3627 2434 3668 ineas
2463 3610 2826 3682 cogitationes
2857 3611 2982 3667 aliis
3013 3608 3344 3681 patefacere.

2122 3722 2288 3778 Vens.
2323 3723 2378 3788 6,
2409 3721 2466 3778 7.
2517 3739 2537 3774 ι
2585 3721 2832 3792 Cogitaw
2882 3721 3001 3778 dies
3041 3721 3321 3792 antiquos,
3371 3728 3426 3776 et
3455 3733 3632 3776 annos

2052 3825 2286 3872 aeternos
2314 3816 2369 3871 in
2400 3823 2586 3872 mente
2620 3813 2894 3870 habui.Et
2919 3813 3210 3870 meditatus
3245 3828 3390 3870 sum.
3424 3833 3442 3866 ι
3472 3811 3631 3868 Prio-

2053 3925 2198 3973 rum,
2254 3909 2460 3978 inquit,
2496 3905 2885 3962 beneﬁciorum
2931 3916 3147 3962 tuorum
3178 3905 3500 3960 memoriam
3543 3919 3630 3959 re-

2051 4001 2274 4066 novavi,
2307 4008 2358 4054 et
2393 3998 2657 4069 perpendi
2688 4006 2824 4068 quot
2879 3998 3144 4053 benelicia
3182 3999 3420 4066 majores
3456 3997 3631 4052 nostri

2051 4108 2082 4147 a
2117 4103 2169 4149 te
2193 4091 2473 4148 consecuti
2501 4089 2612 4144 sint
2644 4107 2658 4143 :
2691 4088 2971 4158 quomodo
3000 4089 3069 4142 ab
3096 4087 3478 4158 Egyptiorum
3513 4101 3631 4142 ser-

2053 4183 2454 4243 vituteliberati
2478 4182 2994 4252 fuerint,quomodo
3018 4195 3167 4235 mare
3186 4179 3433 4234 Rubrum
3455 4189 3634 4233 trans-

2053 4280 2242 4348 ierint,
2275 4285 2331 4334 et
2361 4275 2640 4348 quomodo
2702 4274 2974 4344 promissa
3005 4272 3252 4344 patribus
3299 4279 3440 4326 terra
3473 4269 3632 4339 potiti

2053 4375 2184 4430 sint.
2219 4391 2238 4424 ι
2279 4371 2449 4427 Nocte
2479 4385 2603 4425 cum
2646 4366 2859 4440 1145
2893 4365 3060 4422 corde
3101 4379 3222 4418 meo
3265 4361 3630 4425 exercilabar,

376 4448 610 4519 καρδίας
663 4466 767 4520 μου
819 4449 1178 4520 ἠδολεσχουν,
1232 4452 1326 4505 καὶ
1364 4451 1594 4507 ἔσκαλλε
1627 4454 1687 4508 τὸ
1733 4455 1950 4527 πνεῦμά

2062 4476 2118 4524 et
2146 4463 2414 4523 sarriebat
2444 4461 2674 4532 spiritus
2707 4475 2881 4515 meus.
2921 4478 2941 4510 ι
2977 4457 3084 4512 Pro
3131 4454 3421 4520 sarriebat,
3449 4451 3632 4506 Theo-

377 4555 501 4608 μου.
543 4557 563 4591 t
616 4540 692 4592 Τὸ
728 4540 784 4593 δὲ
839 4540 1249 4609 Errata/Mer“,
1290 4545 1318 4596 ὀ
1350 4545 1449 4614 μέν
1499 4546 1827 4613 Θεοδοτίων,
1862 4548 1950 4613 ἐξ·

2059 4557 2212 4613 dotio
2237 4554 2376 4609 dixit
2407 4561 2680 4608 scrutatus
2709 4561 2810 4616 est,
2837 4547 3036 4618 Aquila
3066 4561 3220 4611 vero,
3262 4543 3418 4614 quasi
3448 4542 3636 4612 effodit

373 4630 794 4698 ηρεύνησενη,
829 4634 858 4686 ὁ
887 4633 944 4687 δὲ
966 4633 1223 4700 Ἀκύλας,
1261 4635 1644 4692 ἐσκάλευσεν
1669 4639 1714 4672 ¹³
1748 4639 1958 4710 εἴρηκε.

2057 4654 2109 4700 et
2157 4644 2399 4713 scalpsit.
2428 4640 2585 4698 ‘Cum
2623 4641 2759 4707 hac,
2802 4639 3004 4710 inquit,
3050 4646 3212 4692 noctu
3255 4634 3468 4690 mecum
3517 4634 3634 4707 ipse

379 4720 572 4776 Ταῦτα
597 4721 676 4788 δὲ,
709 4723 866 4794 φησὶ,
899 4724 1118 4796 νύκτωρ
1155 4727 1294 4797 πρὸς
1327 4728 1568 4797 ἐμαυτὸν
1591 4729 1635 4760 ⁸⁵
1657 4729 1950 4800 διαλογιζό·

2061 4745 2245 4791 meute
2275 4733 2636 4800 revolverem,
2669 4740 2946 4789 scrutatus
3011 4743 3132 4787 sum
3171 4743 3272 4785 cur
3312 4727 3380 4782 de
3429 4725 3634 4781 nostris

441 4841 470 4871 τ
499 4833 646 4890 Psal.
687 4851 794 4900 xu,
829 4837 883 4889 7.

1474 4960 1708 5018 VARUE
1747 4961 2128 5021 LECTIONES
2157 4961 2246 5018 ET
2277 4960 2508 5018 NOTAE.

481 5074 530 5107 ”
556 5072 752 5141 Φωνῇ.
801 5073 930 5130 Rec.
981 5074 1142 5131 lectio
1183 5085 1264 5132 est
1327 5077 1422 5130 καὶ
1469 5079 1502 5148 ἡ
1557 5079 1732 5149 φωνή.
1808 5080 1855 5112 ⁸⁵
1896 5095 1950 5136 cc

2068 5080 2104 5134 2
2149 5078 2362 5132 τούτου.
2441 5079 2488 5113 ⁸⁸
2525 5075 2658 5149 Ταῖς
2702 5104 2773 5149 -τ-
2815 5071 3163 5149 ἠπατήθην.
3191 5069 3405 5149 Hebr.__:
3441 5069 3636 5149 Manus

379 5159 496 5198 mea
550 5153 709 5197 noctu
759 5154 973 5198 extensa
1023 5156 1121 5212 est,
1169 5163 1265 5201 nec
1319 5149 1637 5202 remittitur.

1737 5149 1783 5180 ⁵⁷
1819 5151 1940 5204 cod.
1975 5149 2010 5203 2
2053 5151 2332 5214 ἐκτέτατο,
2394 5163 2557 5220 quam
2612 5141 2898 5220 lectionem
2929 5143 3105 5220 etiam
3150 5143 3312 5220 habet
3343 5141 3536 5220 Monii.
3579 5141 3636 5220 i~n

381 5213 610 5284 llexapl.
636 5213 700 5268 ad
730 5215 784 5268 h.
823 5215 840 5268 ι
914 5215 961 5248 ⁸⁸
988 5209 1304 5286 Καέεὺφρ.
1337 5217 1500 5272 Hebr.
1537 5229 1774 5283 nim-tm,
1809 5231 1855 5274 et
1881 5236 1950 5289 pe;

2049 5237 2170 5290 'epo,
2205 5236 2250 5276 s.
2289 5209 2613 5290 ingeittisco.
2688 5217 2734 5248 ⁹⁹
2766 5215 2888 5269 cod.
2927 5213 3342 5284 Ξάπεσειόμην.
3423 5214 3438 5244 ¹
3464 5209 3636 5265 Θεοῦ.

379 5299 567 5368 00th“;
593 5297 718 5352 add.
757 5314 878 5368 μου.

381 5367 750 5436 λογιζόμενος.

993 5301 1012 5330 ¹
1059 5300 1366 5368 Ἡδολέσχ.
1408 5300 1571 5355 Hebr.
1593 5295 1810 5368 nnt'wn,
1843 5302 2158 5358 meditabor.

847 5368 873 5440 ξ
900 5369 1506 5440 Προκατελὰϐοντο-
1529 5371 1664 5440 ὀφθ.
1691 5390 1830 5440 μου.
1856 5371 2030 5440 Hebr.
2073 5373 2231 5428 Tenes
2279 5373 2574 5435 custodias,
2607 5383 2652 5422 s.

2271 5303 2371 5356 "0
2399 5333 2464 5344 --
2485 5301 2692 5365 οὕτως.
2719 5297 2844 5353 Des.
2883 5297 2936 5350 in
2977 5297 3096 5352 cod.
3133 5297 3189 5352 2.
3267 5295 3290 5328 δ
3315 5295 3434 5350 cod.
3464 5293 3638 5347 Ξδια-

2689 5367 2998 5439 palpebras,
3041 5367 3314 5439 oculorum
3377 5379 3637 5439 meorun}.

384 5437 403 5468 ‘
431 5429 1076 5512 ῡίόέρᾷερουτιιδίυε.
1113 5441 1164 5494 in
1193 5441 1491 5512 edit.uAlrl.
1528 5429 1811 5510 eiCofupl.
1851 5439 1950 5497 Ret

2049 5445 2168 5498 actio
2195 5453 2277 5499 est
2305 5447 2354 5495 oi
2385 5429 2572 5512 ἐχθροί
2603 5429 2730 5512 μού.
2780 5429 2820 5470 ’⁷
2849 5429 3090 5512 fustati).
3119 5437 3241 5490 eod.
3341 5450 3527 5504 praem.
3557 5429 3640 5512 εἶτ

383 5524 500 5560 πον.

617 5507 639 5538 ⁸
663 5507 1104 5582 Ἐμνῇσθηνξξιῃ
1139 5517 1287 5582 textu
1323 5508 1484 5582 Hebr.
1521 5511 1589 5582 lt.
1611 5512 1646 5564 l.
1680 5507 1869 5582 incipit
1893 5513 2088 5582 versic.
2118 5515 2168 5566 '7.

2280 5505 2814 5578 ⁰Καῖἐξιιελέτησω
2855 5505 3018 5578 Hebr.
3058 5505 3641 5578 imultjustrumenti

383 5577 484 5630 mei
507 5568 776 5645 pulsatiiis
795 5568 1119 5650 (recordor).
1146 5580 1355 5650 Symm.
1378 5581 1626 5650 ψαλμούς
1665 5568 1808 5650 μου.⁸
1869 5581 1912 5612 ¹⁰
1935 5595 1950 5635 ‹

2049 5621 2057 5636 .
2089 5583 2123 5637 2
2154 5584 2364 5636 ἔλαϐον.
2443 5568 2632 5636 ¹¹Ἰὶρρο
2661 5568 2824 5636 lectio
2843 5587 2927 5650 est
2953 5576 3234 5650 ἐσχαλλον.
3256 5571 3417 5629 Hebr.
3439 5568 3640 5650 ipsum.

386 5656 431 5724 ςι
459 5642 915 5724 persci'utapatttr.
999 5649 1040 5724 ’ξ
1288 5642 1638 5724 Sic'quoque
1665 5642 1900 5724 Syrum,
1931 5666 1950 5724 ς

2059 5653 2218 5710 habet
2243 5651 2578 5724 ἀνηρεύνων.
2657 5651 2703 5684 ¹³
2729 5650 2850 5708 cod.
2883 5649 2918 5703 2
2955 5647 3232 5712 ἐκάλεσεν,
3265 5659 3333 5701 ex
3358 5659 3544 5700 errore
3571 5642 3644 5701 li-

386 5715 574 5784 brarii,
607 5727 667 5773 ut
699 5719 928 5774 videtur.
1011 5719 1051 5750 ‘i
1081 5715 1235 5787 Πρὸς
1275 5715 1561 5784 suavior.
1592 5715 1724 5779 Des.
1765 5721 1818 5776 in
1848 5715 1970 5776 ουδ’.
2001 5721 2054 5776 2.
