4028 6210
375 281 512 348 1485

1648 281 1733 343 IN
1777 262 1984 342 PSAL.
2027 278 2318 341 LXXVII.

3496 281 3630 345 1486

373 398 759 471 παρέπεμψαν.
803 395 972 451 Τοῦτο
1020 396 1172 462 se",
1216 396 1404 468 φησὶν,
1454 394 1673 449 ἐποίουν
1717 395 1794 465 τῷ
1830 393 1946 464 θείις.

2063 394 2264 464 inquit,
2304 390 2577 458 fecerunt,
2623 392 2823 449 divinae
2865 393 2969 465 legi
3019 395 3485 467 obtemperantes.
3518 399 3633 456 Hoc

374 487 689 560 πειθόμενοι
725 487 893 558 νόμῳ.
931 487 1105 541 Τοῦτο
1136 488 1247 559 γὰρ
1272 488 1525 558 ἐπήγαγε
1548 502 1563 517 ·

444 605 505 653 ε’.
555 619 573 651 ι
604 600 712 653 Καὶ
747 600 1015 666 ἀνέστησε
1056 598 1363 669 μαρτύριον
1400 599 1458 650 ἐν
1489 596 1706 656 Ἰακὼϐ,
1740 595 1835 648 καὶ
1868 594 1954 648 νό-

377 707 478 760 μον
504 690 654 744 ἕθετο
683 691 739 741 ἐν
773 689 1011 761 Ἰσραήλ.
1047 709 1065 741 ι
1102 691 1442 758 Μαρτύριον
1472 688 1629 741 καλεῖ
1663 687 1761 757 τήν
1798 688 1855 739 ἐν
1883 689 1950 758 τῇ

372 780 564 850 ἐρήμῳ
585 782 853 848 παγεῐσαν
885 780 1113 852 σκηνὴν,
1142 782 1217 844 ὼς
1238 779 1468 850 ἔχουσαν
1494 779 1594 843 τὰς
1619 778 1835 842 πλάκας
1856 778 1950 832 τοῦ

374 871 700 940 μαρτυρίου.
732 872 837 926 Τὸν
872 871 981 943 γὰρ
1011 875 1218 942 νόμον,
1259 873 1334 936 ὡς
1374 873 1477 943 ήδη
1515 870 1950 943 προειρήκαμεν,

369 961 465 1013 καὶ
492 961 714 1024 ἐντολὰς
744 961 922 1025 καλεῖ,
964 964 1060 1016 καὶ
1092 962 1391 1033 μαρτύρια,
1434 961 1531 1016 καὶ
1557 960 1825 1032 κρίματα,
1859 961 1952 1015 καὶ

372 1049 719 1120 δικαιώματα
740 1069 756 1083 ·
793 1054 888 1106 καὶ
916 1053 1076 1107 τοῦτο
1115 1053 1449 1126 σαφέστερον
1483 1054 1614 1124 ἡμῖν
1647 1052 1863 1125 εῐρηται
1892 1053 1950 1106 ἐν

370 1141 448 1211 τῷ
475 1140 542 1211 ιη’
564 1143 780 1213 ψαλμῷ.
811 1162 830 1194 ι
854 1143 994 1198 Ὅσα
1016 1144 1323 1198 ἐνετείλατο
1343 1148 1457 1208 τοῖς
1481 1145 1752 1215 πατράσιν
1771 1144 1946 1215 ήμῶν,

369 1234 464 1287 τοῦ
490 1234 757 1306 γνωρίσαι
792 1235 934 1289 αὐτὰ
956 1239 1069 1301 τοῖς
1099 1237 1236 1299 υἱοῖς
1266 1236 1470 1291 αὐτῶν.
1506 1254 1526 1288 ι
1570 1235 1763 1301 Τοῦτο,
1791 1236 1946 1304 φησὶ,

368 1326 456 1380 διὰ
504 1327 606 1394 τῆς
654 1326 976 1396 νομοθεσίας
1024 1327 1242 1396 ἐκείνης
1285 1324 1752 1397 παρεκελεύσατο,
1804 1324 1947 1378 ὥστε

367 1417 621 1489 καθάπερ
675 1418 797 1471 τινὰ
845 1419 1047 1491 κλῆρον
1066 1420 1143 1482 ⁸³,
1187 1421 1288 1492 τὴν
1339 1419 1445 1473 τῶν
1510 1418 1804 1490 θαυμάτων
1866 1418 1947 1471 δι-

366 1511 570 1581 ήγησιν
635 1512 1017 1584 παραπέμψαι
1066 1513 1196 1576 τοὺς
1248 1512 1492 1583 πατέρας
1535 1512 1611 1574 εἰς
1675 1511 1801 1573 τοὺς
1859 1512 1949 1564 ἐκ-

365 1599 580 1666 γόνους.

436 1699 512 1758 ς’.
556 1711 575 1745 ι
606 1693 799 1758 Ὅπως
827 1693 894 1749 ἂν
915 1694 1028 1765 γνῷ
1058 1693 1224 1763 γενεὰ
1252 1695 1436 1766 ἑτέρα,
1464 1693 1570 1747 υἱοὶ
1599 1694 1648 1747 oi
1682 1694 1948 1765 τεχθησό-

367 1801 521 1854 μενοι
550 1787 643 1838 καὶ
674 1786 1097 1856 ἀναστήσονται,
1122 1789 1217 1841 καὶ
1240 1786 1646 1857 ἀπαγγελοῦσιν
1671 1786 1810 1840 αὐτὰ
1831 1790 1947 1852 τοῖς

363 1876 500 1938 υἱοῖς
530 1878 731 1933 αὐτῶν.
765 1898 785 1931 ι
843 1876 1002 1933 Οὕτω
1037 1879 1147 1951 γὰρ
1172 1872 1322 1933 οὗτοι
1355 1880 1507 1951 παρὰ
1546 1879 1654 1933 τῶν
1693 1880 1946 1951 πατέρων

363 1967 537 2020 ταῦτα
573 1969 980 2039 μεμαθηκότες,
1009 1969 1174 2026 πάλιν
1204 1972 1322 2036 τοῖς
1345 1969 1404 2038 ἐξ
1433 1970 1616 2025 αὐτῶν
1643 1973 1743 2042 τὴν
1778 1974 1945 2043 αὐτὴν

364 2057 712 2112 διδασκαλίαν
769 2060 1143 2131 προσέφερον,
1204 2061 1300 2115 καὶ¹
1365 2061 1598 2133 ἄληστος
1649 2064 1682 2132 ἡ
1739 2062 1945 2117 τούτων

366 2149 743 2218 διεφυλάττετο
803 2152 994 2222 μνήμη
1026 2168 1040 2181 ·
1098 2153 1194 2207 καὶ
1238 2152 1324 2217 τίς
1372 2154 1402 2205 ό
1449 2154 1548 2223 τῆς
1595 2153 1947 2218 διδασκαλίας

367 2243 575 2313 καρπός
598 2260 613 2308 ;

434 2334 498 2399 ζ’.
543 2353 562 2386 ι
592 2332 706 2387 Ἵνα
739 2333 946 2388 θῶνται
979 2335 1071 2387 ἐπὶ
1093 2334 1186 2387 τὸν
1214 2334 1350 2389 Θεὸν
1383 2334 1482 2406 τὴν
1510 2335 1703 2391 ἐλπίδα
1725 2335 1908 2390 αὐτῶν
1928 2353 1941 2367 ·

365 2427 458 2482 καὶ
484 2426 560 2498 μὴ
583 2425 953 2481 ἐπιλάθωνται
980 2425 1090 2479 τῶν
1124 2425 1301 2498 ἔργων
1325 2425 1489 2481 αὐτοῦ
1509 2425 1574 2487 ⁸⁵,
1608 2427 1702 2480 καὶ
1731 2426 1829 2491 τὰς
1861 2430 1946 2482 ἐν-

366 2520 524 2583 τολὰς
548 2518 714 2574 αὑτοῦ
752 2519 1117 2588 ἐκζητήσωσι.
1150 2538 1170 2571 ›
1215 2519 1600 2582 Μανθάνοντες
1618 2520 1664 2551 ⁵⁸
1700 2519 1809 2591 γὰρ
1846 2520 1945 2589 τὴν

364 2611 457 2666 τοῦ
492 2609 628 2663 Θεοῦ
664 2608 919 2680 δύναμιν,
961 2610 1054 2663 καὶ
1082 2610 1229 2672 ὅπως
1262 2609 1411 2679 αὑτῷ
1444 2609 1516 2663 τὰ
1541 2609 1722 2679 ἀγαθὰ
1768 2611 1945 2664 ποιεῖν

362 2702 578 2757 ἅπαντα
635 2701 847 2774 ῥᾴδιον,
882 2700 1107 2771 βεϐαίαν
1156 2701 1450 2773 κτήσονται
1496 2699 1596 2772 τὴν
1648 2700 1729 2764 είς
1782 2698 1945 2752 αὐτὸν

363 2792 586 2846 ἐλπίδα·
637 2793 735 2845 καὶ
760 2792 874 2852 τοῖς
913 2791 1004 2844 ὑπ’
1042 2791 1208 2845 αὐτοῦ
1247 2790 1485 2845 τεθεῖσιν
1514 2788 1943 2861 ἀκολουθήσουσι

364 2884 568 2955 νόμοις.

433 2981 504 3044 η’.
536 2994 556 3028 ι
582 2974 802 3045 Ἰναμὴ
825 2973 1088 3043 γένωνται
1111 2972 1186 3036 ὡς
1217 2971 1267 3025 oi
1291 2970 1529 3042 πατέρες
1554 2971 1756 3038 αὐτῶν,
1781 2971 1945 3040 γενεὰ

2056 488 2202 543 enim
2235 486 2484 544 subdidit
2514 505 2527 541 :

2126 601 2294 656 Vens.
2340 602 2396 656 5.
2443 620 2462 654 ι
2502 600 2566 657 Et
2596 602 2885 658 suscitavit
2910 605 3283 661 testimonium
3316 607 3371 662 in
3401 607 3628 673 Jacobo,

2053 698 2109 747 et
2142 690 2318 760 legem
2348 691 2534 761 posuit
2562 691 2617 746 in
2653 691 2915 747 Israelc.»
2942 691 3324 748 Testimonium
3359 706 3519 751 vocat
3548 708 3619 752 ta-

2054 787 2410 843 bernaculum
2459 788 2513 843 in
2553 788 2850 844 solitudine
2875 799 3141 857 erectum,
3181 800 3438 861 tanquam
3474 793 3629 849 tabu-

2053 880 2136 935 las
2188 880 2492 936 testimonii
2539 880 2770 938 habens.
2811 872 2949 936 Nam
3001 869 3183 954 legent,
3234 892 3295 939 ut
3344 887 3457 955 jam
3504 896 3629 942 ante

2052 971 2316 1038 diximus,
2344 981 2397 1027 et
2423 982 2691 1043 praecepta
2731 983 2908 1040 vocat,
2946 983 3000 1030 et
3039 977 3377 1046 testimonia,
3404 980 3621 1050 etjudi-

2053 1062 2160 1128 cia,
2187 1071 2242 1117 et
2271 1062 2696 1134 justilicationes
2730 1082 2743 1119 :
2796 1067 2940 1136 quod
2985 1067 3226 1138 apertius
3269 1084 3299 1123 a
3342 1069 3502 1124 nobis
3544 1071 3629 1125 di-

2051 1164 2199 1208 ctum
2231 1163 2316 1210 est
2346 1155 2401 1209 in
2446 1156 2658 1226 psalmo
2693 1174 2850 1213 xvm.
2899 1177 2919 1210 ι
2958 1157 3311 1231 Quaecunque
3352 1162 3630 1218 mandavit

2052 1245 2302 1314 patribus
2346 1249 2556 1304 nostris
2593 1258 2723 1304 nota
2760 1248 2938 1306 facere
2978 1267 3042 1306 ea
3085 1253 3209 1309 ﬁliis
3246 1255 3385 1310 suis.
3427 1273 3447 1307 ›
3488 1254 3626 1323 lloc,

2052 1336 2253 1404 inquit,
2296 1352 2392 1406 per
2424 1337 2571 1392 illam
2615 1339 3012 1410 legislationem
3044 1343 3230 1413 jussit,
3278 1354 3337 1399 ut
3372 1356 3628 1415 parentes

2052 1426 2199 1482 hanc
2247 1429 2640 1486 miraculorum
2683 1432 3080 1497 narrationem,
3113 1436 3281 1492 voluti
3331 1439 3625 1508 quamdam

2053 1516 2449 1588 haereditatem,
2484 1522 2718 1591 posteris
2750 1526 3205 1581 transmitterent.

2123 1697 2313 1755 ‘Vnns.
2389 1701 2443 1755 6.
2490 1720 2508 1753 ι
2551 1701 2618 1757 Ut
2647 1712 2942 1773 cognoscat
2979 1708 3262 1776 generatio
3301 1707 3495 1771 altera,
3530 1708 3625 1764 ﬁlii

2051 1788 2145 1858 qui
2178 1800 2477 1846 nascentur
2508 1801 2563 1848 et
2591 1803 2911 1865 exsurgent,
2945 1805 2999 1851 et
3032 1799 3339 1853 narrabunt
3376 1799 3466 1854 illa
3497 1799 3624 1853 ﬁliis

2047 1882 2184 1937 suis.
2226 1902 2245 1935 ι
2309 1882 2400 1938 Sic
2447 1885 2593 1938 enim
2646 1885 2725 1940 illi
2778 1902 2809 1941 a
2877 1888 3196 1957 parentibus
3248 1890 3364 1945 haec
3423 1891 3622 1955 edocti,

2047 1988 2244 2029 rursus
2285 1975 2532 2030 eamdem
2580 1977 2884 2032 doctrinam
2915 1980 3031 2034 suis
3073 1980 3201 2036 tiliis
3233 1983 3538 2049 tradebant,
3570 1994 3626 2040 et

2049 2063 2244 2119 horum
2296 2067 2559 2122 memoria
2607 2079 2871 2139 perpetrm
2916 2071 3352 2127 custodiebatur.
3400 2073 3466 2128 Et
3497 2074 3624 2145 quis

2046 2163 2130 2208 est
2163 2153 2427 2211 doctrinae
2457 2154 2712 2212 fructus?

2119 2324 2285 2383 Vsus.
2328 2330 2381 2384 7.
2430 2349 2449 2382 ι
2497 2331 2568 2387 Ut
2617 2342 2824 2402 ponant
2878 2335 2934 2388 in
2983 2336 3095 2393 Deo
3143 2354 3293 2409 spem
3340 2356 3522 2409 suam,
3572 2355 3627 2400 et

2048 2431 2155 2470 nun
2186 2419 2587 2476 obliviscantur
2607 2437 2835 2492 operum
2869 2424 3107 2494 Domini,
3138 2439 3192 2484 et
3216 2433 3470 2488 mandata
3501 2434 3623 2505 ejus

2047 2508 2356 2577 exquirant.
2384 2528 2403 2561 ι
2436 2510 2573 2565 Nam
2601 2510 2694 2567 Dei
2728 2515 3027 2584 potentiam
3060 2518 3355 2585 discentes,
3391 2530 3447 2576 et
3486 2539 3625 2593 quo-

2047 2598 2212 2654 modo
2264 2601 2339 2656 illi
2394 2602 2537 2658 bona
2592 2606 2778 2661 omnia
2826 2606 3010 2664 facere
3064 2610 3273 2682 1151
3321 2612 3481 2669 facile
3531 2615 3624 2683 sit,

2049 2693 2262 2749 tlrmam
2291 2710 2441 2766 spem
2471 2697 2526 2751 in
2559 2697 2737 2768 ipsum
2772 2700 3098 2771 concipient,
3131 2704 3386 2775 legesque
3412 2706 3482 2761 ab
3505 2705 3628 2777 ipso

2048 2786 2187 2851 latas
2213 2801 2531 2859 sequentur.

2121 2964 2286 3024 Vens.
2317 2967 2371 3023 8.
2412 2985 2431 3019 ι
2469 2967 2545 3023 Ne
2574 2968 2733 3035 ﬁant,
2767 2970 2908 3026 sicut
2938 2985 3121 3042 patres
3151 2988 3375 3042 eorum,
3403 2989 3630 3046 genera-

364 3067 555 3121 σκολιὰ
602 3069 695 3122 καὶ
751 3064 1289 3138 παραπικραίνουσα.
1332 3082 1352 3117 ι
1415 3063 1797 3128 Μανθάνοντες
1834 3063 1944 3134 γὰρ

2049 3056 2125 3113 tio
2153 3073 2319 3128 prava
2352 3068 2407 3114 et
2440 3074 2792 3131 exasperans.
2822 3081 2841 3114 ι
2879 3061 3013 3118 Nam
3039 3076 3327 3135 parentum
3352 3069 3625 3141 ingratum

364 3161 469 3215 τῶν
508 3161 759 3230 πατέρων
796 3161 895 3229 τὴν
942 3160 1235 3230 ἀχάριστον
1272 3158 1521 3229 γνώμην,
1568 3157 1662 3211 καὶ
1698 3158 1847 3221 ὅπως
1878 3160 1946 3230 τῇ

364 3253 675 3323 παραϐάσει
726 3252 821 3305 τοῦ
859 3252 1026 3322 νόμου
1077 3249 1169 3304 τὸν
1211 3249 1343 3302 Θεὸν
1378 3249 1642 3313 πολλάκις
1687 3249 1949 3317 ἐκίνησαν

364 3348 447 3408 εἰς
469 3345 659 3415 ὀργὴν,
689 3345 788 3412 τὴν
819 3342 1043 3396 ἐκείνων
1075 3339 1405 3410 φυλάξονται
1437 3341 1689 3411 μίμησιν.
1736 3359 1755 3392 ι
1782 3339 1948 3394 Γενεὰ

363 3438 484 3509 ἥτις
512 3437 574 3490 οὐ
608 3435 907 3490 κατεύθυνε
937 3433 1036 3504 τὴν
1075 3431 1305 3503 καρδίαν
1329 3430 1374 3463 ³⁷
1425 3431 1594 3500 αὐτῆς
1610 3431 1679 3495 ι’,
1717 3432 1811 3484 καὶ
1846 3431 1947 3483 οὐκ

364 3530 642 3597 ἐπιστώθη
671 3529 807 3600 μετὰ
835 3527 929 3581 τοῦ
956 3524 1091 3579 Θεοῦ
1116 3525 1175 3578 τὸ
1195 3523 1415 3594 πνεῦμα
1438 3524 1629 3594 αὐτῆς.
1659 3543 1678 3576 ι
1717 3523 1946 3576 Ἐκεῖνοι

363 3624 474 3695 γὰρ
493 3623 715 3695 βεϐαίαν
732 3622 777 3654 ⁸³
800 3622 898 3693 τὴν
920 3621 998 3683 είς
1018 3619 1109 3673 τὸν
1133 3617 1265 3671 Θεὸν
1284 3616 1387 3670 οὐκ
1408 3616 1706 3686 ἐκτήσαντο
1728 3615 1914 3669 πίστιν
1928 3657 1944 3682 ,

363 3716 460 3788 τὴν
498 3716 712 3769 εὐθεῖαν
748 3715 847 3768 οὐκ
874 3713 1230 3783 ἐθελήσαντες
1269 3708 1495 3780 πορείαν
1531 3707 1769 3773 ὁδεῦσαι,
1811 3709 1946 3761 ἀλλὰ

363 3809 589 3880 γνώμην
648 3807 941 3878 ἐσχηκότες
989 3807 1100 3867 τοῖς
1154 3803 1320 3865 θείοις
1376 3801 1796 3871 ἐναντιουμένην
1856 3801 1945 3854 θε-

365 3901 546 3956 σμοῖς.

404 3917 570 4046 “ac;
620 3990 741 4043 Υίοὶ
780 3984 1020 4059 Ἐφραῒμ
1071 3984 1399 4047 ἐντείνοντες
1416 3984 1461 4015 ³⁸
1506 3981 1601 4036 καὶ
1661 3981 1945 4052 βάλλοντες

365 4084 558 4150 τόξοις,
611 4079 961 4150 ἐστράφησαν
995 4078 1052 4130 ἐν
1101 4076 1284 4147 ἡμέρᾳ.
1330 4074 1588 4144 πολέμου.
1637 4093 1655 4126 ι
1710 4074 1822 4144 Τῆς
1850 4072 1942 4126 τοῦ

379 4173 619 4246 Ἐφραῖμ
642 4172 812 4243 φυλῆς
837 4170 1198 4240 διαφερόντως
1220 4168 1536 4235 κατηγορεῖ,
1566 4165 1642 4229 ὡς
1669 4167 1795 4236 περὶ
1816 4164 1946 4219 πολ-

2051 3148 2297 3204 animum
2332 3150 2628 3219 discentes,
2658 3163 2711 3209 et
2748 3157 3028 3223 quomodo
3050 3158 3121 3213 ob
3150 3159 3285 3230 legis
3320 3169 3627 3235 transgres-

2049 3240 2265 3297 sionem
2297 3241 2468 3298 Deum
2501 3245 2699 3313 saepius
2742 3246 3099 3315 irritaverint,
3139 3251 3209 3306 ab
3250 3252 3468 3308 illorum
3501 3256 3627 3310 imi-

2048 3335 2260 3391 tatione
2291 3335 2395 3392 sibi
2429 3337 2716 3393 cavebunt.
2764 3357 2784 3389 ι
2820 3339 3114 3398 Generatio
3142 3359 3264 3415 quae
3293 3361 3399 3402 non
3430 3346 3631 3405 direxit

2048 3440 2145 3481 cor
2198 3441 2391 3491 suum,
2439 3436 2493 3481 et
2538 3444 2649 3483 non
2705 3428 2879 3486 ﬁdelis
2934 3432 3034 3493 fuit
3081 3450 3206 3490 cum
3246 3437 3355 3493 Deo
3403 3440 3630 3509 spiritus

2047 3517 2186 3588 ejus.
2226 3537 2244 3569 ι
2283 3518 2363 3572 llli
2393 3520 2542 3574 enim
2584 3522 2796 3576 ﬁrmam
2838 3524 2997 3580 tidem
3059 3543 3166 3582 non
3216 3529 3531 3586 habuerunt
3572 3533 3628 3587 in

2048 3605 2243 3673 Deum,
2267 3615 2419 3662 recto
2444 3611 2664 3666 tramite
2690 3611 2944 3669 incedere
2972 3615 3242 3686 nolentes,
3272 3621 3367 3675 sed
3391 3629 3627 3677 mentem

2046 3697 2245 3754 divinis
2260 3699 2509 3771 decretis
2534 3708 2873 3762 contrariam
2904 3706 3191 3765 habentes.

2117 3968 2281 4024 Vens.
2313 3970 2368 4024 9.
2416 3988 2433 4021 ι
2474 3970 2593 4026 Filii
2652 3973 2908 4043 Ephraim
2954 3976 3307 4035 intendentes
3334 4017 3350 4043 ,
3400 3989 3457 4036 et
3503 3982 3632 4036 mit-

2047 4070 2221 4117 tentes
2258 4065 2498 4119 arcubus
2524 4106 2539 4126 ,
2576 4067 2826 4121 conversi
2866 4076 2996 4123 sunt
3032 4069 3120 4124 die
3158 4071 3304 4126 belli.
3336 4091 3356 4123 ι
3402 4071 3631 4130 Tribum

2044 4153 2303 4224 Ephraim
2361 4156 2708 4227 potissimum
2756 4168 3022 4226 accusat,
3074 4171 3134 4217 nt
3180 4179 3303 4233 qua:
3356 4165 3627 4221 idolorum

365 4265 461 4319 λοῦ
497 4264 871 4336 ποιησαμένης
895 4261 1005 4314 τῶν
1029 4258 1262 4313 εἰδώλων
1289 4257 1387 4328 τὴν
1422 4256 1719 4328 θεραπείαν
1740 4271 1754 4287 ⁶
1787 4255 1944 4309 τοῦτο

2044 4247 2215 4302 cultui
2243 4247 2296 4301 in
2316 4248 2510 4317 primis
2523 4248 2706 4304 dedita
2724 4248 2844 4304 fuit.
2873 4248 2990 4306 Hoc
3006 4252 3155 4307 enim
3176 4252 3430 4308 Judicum
3462 4256 3627 4310 etiam

368 4359 477 4430 γὰρ
510 4360 604 4412 καὶ
634 4360 668 4427 ή
700 4357 807 4409 τῶν
855 4353 1070 4424 Κριτῶν
1098 4354 1246 4422 ἡμᾶς
1285 4351 1494 4423 ἱστορία
1540 4351 1802 4414 διδάσκει,
1848 4350 1942 4403 καὶ

2046 4341 2270 4397 historia
2299 4358 2401 4398 nos
2435 4341 2634 4407 docet,
2672 4352 2726 4397 et
2760 4343 2955 4400 tertius
2988 4343 3301 4416 Regnorum
3340 4347 3494 4401 liber.
3525 4347 3629 4417 Ipsi

369 4414 407 4519 ή
437 4414 592 4521 τρίτη
619 4414 726 4501 τών
755 4414 1069 4499 Βασιλειῶν.
1109 4414 1279 4500 λῦτοὶ
1314 4414 1423 4513 γὰρ
1453 4443 1687 4512 ἐστησαν
1715 4443 1812 4504 τὰς
1841 4443 1939 4496 δαι-

2045 4434 2196 4489 enim
2243 4433 2509 4505 juvencas
2550 4434 2991 4502 constituerunt,
3039 4444 3092 4491 et
3133 4452 3328 4494 novem
3379 4439 3552 4493 tribus
3598 4456 3628 4494 a

370 4539 586 4611 μάλειςσ
618 4537 833 4606 καὶτῆς
862 4535 1004 4589 κατὰ
1025 4535 1188 4605 νόμον
1217 4533 1472 4604 λατρείας
1499 4534 1816 4604 ἀπέστησαν
1844 4533 1943 4596 τὰς

2051 4527 2198 4583 cultu
2230 4527 2530 4582 secundum
2560 4528 2736 4599 legem
2768 4528 3076 4585 desciscere
3121 4529 3368 4585 fecerunt
3392 4569 3407 4593 ,
3456 4539 3511 4585 et
3551 4533 3632 4587 sic

366 4629 525 4684 ἐννέα
553 4628 763 4699 φυλάςτ
815 4628 909 4681 καὶ
935 4626 1078 4680 οὕτω
1094 4627 1137 4658 ⁶⁰
1174 4626 1271 4696 τῆς
1306 4626 1662 4687 ἀποστάσεως
1695 4625 1944 4693 ἐγένοντο

2049 4619 2371 4676 defectionis
2400 4630 2652 4676 auctores
2682 4620 2920 4677 fuerunt.
2970 4620 3086 4679 Hoc
3116 4623 3169 4676 in
3199 4623 3392 4693 primis
3436 4626 3627 4692 pra‘vi-

368 4719 637 4791 πρόξενοι.
666 4717 835 4771 Τοῦτο
861 4716 1098 4788 μάλιστα
1128 4716 1420 4788 προορῶσα
1444 4715 1539 4769 τοῦ
1570 4715 1884 4786 Πνεὺματος
1910 4718 1944 4788 ή

2052 4713 2188 4769 dens
2218 4712 2457 4783 Spiritus
2489 4714 2686 4784 gratia,
2720 4724 2963 4785 peccata,
2987 4731 3110 4786 quae
3141 4717 3381 4771 nondum
3414 4725 3629 4786 patrata

367 4812 565 4884 χάρις,
618 4812 717 4881 τῆς
771 4810 997 4880 μηδέπω
1045 4810 1420 4881 γεγενημένης
1470 4808 1746 4879 ἁμαρτίας
1811 4826 1945 4862 κατ-

2046 4814 2223 4871 erant,
2257 4806 2456 4877 arguit,
2488 4806 2962 4861 accommodatum
2999 4807 3134 4876 ipsis
3172 4808 3464 4862 consilium
3503 4825 3631 4879 sug-

365 4908 591 4976 ηγορεῖ’
624 4904 724 4974 τὴν
748 4903 1129 4973 ἁρμόττουσαν
1160 4903 1344 4966 αὐτοῖς
1375 4902 1761 4972 προσφέρουσα
1806 4919 1945 4971 συμ-

2049 4913 2241 4970 gerens
2296 4917 2310 4954 :
2370 4899 2550 4954 sciens
2599 4899 2818 4967 quidem
2877 4897 3022 4968 ipsos
3060 4898 3483 4956 admonitionem
3519 4916 3629 4955 non

369 4994 568 5065 ϐουλήν
588 5010 601 5023 ·
645 4993 816 5046 εἰδυῖα
845 4993 963 5063 μὲν,
1004 4993 1079 5057 ὡς
1104 4993 1166 5046 οὐ
1202 4993 1445 5059 δέξονται
1477 4994 1576 5064 τὴν
1600 4994 1946 5064 παραίνεσιν,

2052 5002 2414 5062 accepturos,
2468 5001 2860 5063 congruentem
2924 5001 3104 5047 tamen
3154 4993 3443 5048 utilitatem
3497 4993 3630 5047 all'e-

368 5086 466 5157 τὴν
505 5086 893 5158 προσήκουσαν
939 5078 1183 5156 δὲ’ὄμως
1236 5085 1501 5154 ὠφέλειαν
1539 5086 1946 5158 προσφέρουσα.

2053 5100 2203 5139 rens.
2239 5084 2373 5139 Cum
2412 5096 2595 5139 autem
2624 5085 2842 5139 illorum
2876 5084 3046 5138 robur
3066 5084 3364 5152 docuisset,
3396 5093 3449 5140 et
3474 5084 3632 5153 jacn-

369 5154 639 5246 Διδάξασα
663 5154 718 5232 δὲ
757 5178 934 5233 αὐτῶν
963 5154 1297 5251 τὴν-ῥώμην,
1326 5179 1420 5232 καὶ
1453 5179 1549 5249 τήν
1577 5154 1796 5248 τοξικὴν
1825 5179 1946 5231 ἐπι-

2053 5177 2201 5232 landi
2237 5177 2505 5246 peritiam,
2538 5176 2883 5231 timiditatem
2908 5191 3127 5248 quoque
3157 5176 3454 5246 redarguit.
3486 5173 3633 5227 Con-

1436 5352 1672 5409 VARIA‘J
1706 5353 2093 5411 LECTIONES
2137 5353 2223 5408 ET
2266 5354 2500 5408 NOTAE.

433 5563 477 5593 ¹¹¹
523 5562 616 5617 Δέ.
663 5561 842 5617 cod.‘2
874 5562 1003 5629 γάρ.

374 5631 421 5665 ⁵⁵
451 5632 868 5695 Μανθάνοντες
912 5632 1227 5699 -νόμοις.
1281 5630 1404 5684 ch.
1437 5631 1489 5682 in
1522 5630 1643 5683 cod.
1693 5629 1748 5683 2.

374 5705 573 5773 ἑαυτῆς
675 5700 720 5734 ⁸⁸
758 5702 1030 5756 Βεϐαίαν.
1076 5701 1194 5755 cod.
1230 5700 1264 5751 2
1303 5715 1487 5766 praem.
1521 5699 1674 5769 φησί.

1113 5561 1157 5592 ’⁸³
1195 5559 1453 5631 κλῆρον.
1497 5559 1619 5631 cod.
1657 5559 1716 5631 2A
1743 5559 1866 5631 add.
1904 5576 1945 5610 π

2041 5558 2179 5628 uim.
2206 5629 2251 5631 Ἡ
2287 5559 2332 5589 δ”
2358 5559 2576 5631 Αὑτοῦ.
2635 5557 2764 5615 Ree.
2820 5558 2980 5613 lectio
3029 5558 3083 5612 h.
3136 5558 3291 5631 Inest
3327 5554 3422 5631 τοῦ
3472 5555 3630 5631 Θεοῦἐ

1855 5630 1899 5660 ³⁸
1933 5625 2350 5696 Τὴᾶίκαρδίαν.
2398 5630 2529 5685 Rec.
2557 5630 2714 5683 lectio
2746 5639 2830 5683 est
2866 5630 2922 5681 ἐν
2953 5631 3019 5697 τῇ
3065 5625 3282 5697 καρδίᾳ.
3354 5626 3397 5658 ⁸⁷
3436 5628 3556 5684 cod.
3595 5626 3632 5680 3

1769 5700 1813 5732 '°
1838 5692 2089 5754 Ἐντέίν.
2115 5692 2277 5755 Hebr.
2314 5702 2474 5783 lpum
2502 5703 2720 5755 armati.
2804 5700 2848 5731 ⁸⁰
2885 5692 3072 5754 ροιΙΪΞ
3134 5692 3300 5752 οὗτοι.
