4028 6210
470 247 614 312 118³1

1496 232 1993 298 THEODORETI
2040 233 2381 295 EPISCOPI
2422 234 2790 297 CYRENSIS

3596 240 3713 306 H83

472 361 618 420 versi
652 365 782 415 sunt
824 354 970 412 enim
1012 352 1100 407 die
1136 349 1288 407 beili.
1338 347 1474 404 Nam
1524 348 1595 404 ob
1648 346 1932 403 scientiam
1984 344 2061 401 rei

2168 344 2407 415 στήμην,
2434 345 2649 416 ἐλέγχει
2673 347 2765 400 καὶ
2785 347 2883 418 τήν
2911 347 3132 407 δειλίαν.
3169 347 3542 422 Ἐστράφησαν
3567 353 3717 424 γάριι

475 452 733 510 militaris
769 464 828 504 se
858 447 1146 502 elIerentes
1171 483 1186 507 ,
1236 442 1524 512 ingruente
1565 439 1710 495 bello
1759 438 1814 493 in
1870 435 2054 508 fugam

475 547 618 601 versi
653 551 802 600 sunt.

546 726 716 782 Vens.
753 697 841 780 i0.
881 742 899 775 ι
929 720 1047 777 Νοη
1080 718 1464 776 custodierunt
1507 713 1721 786 1152
1755 722 2055 769 testamen-

477 831 588 875 tum
632 818 761 883 Dei,
816 827 869 871 et
920 815 974 869 in
1015 814 1133 884 lege
1174 810 1295 881 ejus
1338 809 1631 863 noluerunt
1684 804 1992 859 ambulare.
2037 820 2055 852 ι

476 912 674 966 Mentis
704 910 936 963 liberum
984 904 1272 959 arbitrium
1317 910 1466 955 recte
1504 895 1919 953 demonstravit.
1954 892 2062 947 No-

477 1008 699 1075 luerunt
725 1003 871 1056 enim
896 1040 909 1065 ,
943 998 1157 1069 inquit,
1193 995 1495 1049 secundum
1537 993 1705 1061 legem
1734 990 1936 1053 vivere,
1967 1002 2062 1042 ne-

477 1114 583 1169 que
607 1096 835 1167 legalem
869 1094 991 1147 vitae
1024 1092 1295 1145 rationem
1324 1084 1600 1158 amplecti.

552 1193 568 1210 '
596 1186 765 1241 Vens.
804 1187 893 1240 Η.
942 1203 960 1237 ι
996 1183 1061 1238 Ει
1100 1181 1252 1237 obliti
1298 1188 1427 1235 sunt
1467 1180 1606 1233 bene
1652 1177 1963 1239 factorum,
2009 1181 2064 1228 et

480 1279 812 1333 mirabilium
846 1278 1000 1346 ejus,
1047 1290 1168 1346 quae
1196 1272 1439 1328 ostendit
1470 1272 1569 1328 eis.
1605 1290 1625 1324 ι
1661 1269 1728 1325 Ει
1765 1268 2063 1325 ostendens

475 1370 695 1442 quando
721 1369 836 1423 lia‘c
864 1366 1055 1422 fecerit
1074 1406 1089 1431 ,
1124 1364 1408 1434 subjuuxit
1434 1381 1447 1417 :

551 1461 714 1516 Vens.
742 1459 832 1512 12.
873 1478 890 1509 ι
926 1458 1126 1512 Coram
1158 1456 1403 1527 patribus
1436 1468 1625 1508 eorum
1657 1450 1785 1507 fecit
1837 1447 2065 1504 mirabi-

477 1552 571 1607 lia.
609 1572 628 1604 ι
684 1550 891 1605 Deinde
948 1558 1163 1617 tempus
1212 1557 1266 1601 et
1308 1548 1488 1601 locum
1525 1544 1890 1600 demonstrat.
1945 1559 1965 1594 ι
2005 1539 2065 1594 1η

476 1654 621 1699 terra
659 1639 904 1712 IEgypti,
937 1640 990 1693 in
1025 1654 1221 1708 campo
1253 1636 1490 1692 Taneos.
1530 1656 1549 1689 ι
1583 1635 1786 1691 Omnes
1818 1634 1934 1687 haec
1967 1632 2066 1687 Dei

464 1732 739 1788 "miracula
769 1731 823 1785 in
856 1729 1094 1802 Egypto
1123 1729 1291 1795 edita,
1327 1744 1562 1799 quorum
1590 1735 1844 1798 parentes
1867 1740 2058 1780 eorum

476 1833 813 1897 spectatores
840 1822 1061 1880 fuerant
1087 1862 1102 1889 ,
1138 1838 1168 1877 e
1197 1823 1463 1877 memoria
1498 1821 1829 1876 deleverant.

547 2000 716 2055 Vitas.
748 2000 833 2053 15.
873 2017 891 2050 ι
923 1997 1175 2069 Perrupit
1206 2013 1355 2052 mare
1379 2040 1394 2065 ,
1422 2006 1476 2051 et
1500 1997 1757 2066 perduxit
1784 2010 1879 2051 eos
1903 2014 1917 2050 :
1946 2006 2060 2051 sta-

481 2092 585 2146 tuit
630 2106 802 2161 aquas
854 2091 1013 2160 quasi
1064 2099 1263 2144 utrem.
1297 2109 1315 2141 ι
1378 2088 1620 2143 Breviter
1668 2088 2059 2142 miraculorum

480 2184 851 2237 narratione-zu
888 2182 1165 2244 instituit,
1217 2189 1271 2235 et
1315 2197 1345 2234 a
1393 2179 1636 2234 maximo
1676 2194 1907 2234 exorsus
1954 2188 2058 2234 est.

479 2272 742 2327 Naturam
769 2273 912 2326 enim
940 2272 1155 2326 excedit
1178 2271 1345 2326 maris
1367 2270 1691 2326 miraculum
1712 2311 1726 2335 ,
1759 2280 1812 2326 et
1838 2270 1942 2325 iter
1969 2285 2062 2340 per

470 2363 614 2419 illud
644 2379 988 2419 concessum.
1026 2360 1163 2416 Nam
1210 2378 1383 2433 aquas
1411 2402 1426 2426 ,
1465 2378 1588 2432 qua:
1622 2370 1816 2417 natura
1858 2377 1959 2418 sua
2006 2362 2059 2417 in

478 2470 651 2527 prona
711 2456 1005 2523 deﬂuunt,
1048 2455 1309 2526 utrinque
1384 2453 1621 2508 tirmavit
1675 2454 2061 2510 universorum

477 2548 643 2616 Deus,
670 2550 836 2603 verbo
864 2549 986 2603 illas
1005 2556 1262 2619 tanquam
1289 2547 1341 2600 in
1372 2557 1493 2602 utre
1513 2548 1750 2616 quodam
1777 2563 2058 2604 coercens.

476 2640 750 2708 Quoniam
801 2643 945 2695 enim
991 2642 1192 2696 utrium
1242 2648 1458 2694 textura
1496 2639 1756 2710 liquidam
1808 2651 2059 2697 naturam

478 2732 582 2786 rite
609 2740 788 2802 potest
814 2731 1117 2795 continere,
1152 2731 1345 2786 merito
1379 2732 1520 2786 hanc
1552 2732 1966 2786 similitudinem
2005 2732 2061 2787 in

480 2824 621 2878 mari
647 2822 823 2878 diviso
854 2823 1074 2892 posuit,
1107 2823 1406 2878 ostendens
1442 2822 1740 2892 potentiam
1783 2824 1938 2878 verbi
1977 2824 2061 2878 di-

480 2931 613 2970 νιιιι.

551 3113 720 3169 Vens.
767 3114 854 3169 id.
896 3134 915 3168 ι
945 3113 1013 3168 Et
1042 3114 1231 3170 eduxit
1266 3128 1364 3170 eos
1410 3113 1466 3168 in
1508 3113 1654 3168 nube
1700 3112 1934 3170 interdiu
1960 3155 1975 3180 ,
2009 3123 2064 3171 et

482 3217 593 3264 tota
646 3217 805 3265 nocte
856 3209 911 3263 in
963 3208 1365 3269 illuminatione
1423 3207 1585 3277 ignis.
1621 3225 1640 3257 ι
1693 3204 1830 3265 Nam
1888 3207 2063 3263 nubes

481 3303 673 3358 eadem
721 3302 959 3357 interdiu
997 3302 1131 3356 Solis
1175 3300 1482 3358 molestiam
1518 3298 1851 3369 repellebat,
1907 3309 2063 3355 nocte

480 3410 609 3451 vero
638 3395 781 3467 ignis
809 3409 966 3451 usum
993 3394 1289 3464 praebebat.

550 3578 718 3633 Vsus.
751 3578 838 3633 i5.
872 3595 890 3629 ι
914 3576 1126 3646 Dirupit
1160 3576 1373 3647 1153
1399 3585 1606 3646 petram
1641 3575 1696 3630 in
1731 3573 1978 3639 deserto,
2009 3584 2064 3630 et

478 3687 622 3742 aqua
663 3670 870 3740 putavit
899 3686 995 3725 eos
1026 3670 1175 3725 velut
1221 3670 1420 3741 abysso
1459 3668 1651 3723 multa.
1684 3687 1704 3720 ι
1750 3667 1868 3723 Non
1915 3670 2062 3725 enim

480 3780 675 3833 parum
738 3763 975 3832 liquoris
1018 3763 1243 3825 eduxit,
1300 3763 1392 3817 sed
1446 3762 1689 3829 fontem,
1733 3764 1825 3832 qui
1876 3763 2063 3818 multis

481 3858 590 3913 illis
625 3857 866 3911 millibus
895 3857 1034 3912 satis
1065 3855 1189 3913 fuit.
1212 3856 1278 3911 Et
1309 3859 1412 3913 hoc
1443 3859 1687 3927 apertius
1715 3874 1809 3929 per
1831 3875 1916 3926 ea,
1941 3876 2063 3930 qua":

482 3957 806 4019 sequuntur,
836 3949 1041 4004 docuit.

553 4039 717 4096 Vsus.
752 4040 838 4094 16.
878 4058 898 4091 ι
927 4038 995 4094 Et
1032 4039 1217 4095 eduxit
1245 4055 1449 4110 aquam
1481 4056 1513 4097 e
1547 4049 1700 4111 petra
1727 4082 1741 4108 ,
1784 4057 1839 4099 et
1874 4045 2063 4100 eduxit

480 4141 741 4202 tanquam
768 4131 995 4187 ﬂumina
1030 4147 1223 4202 aquas.
1261 4152 1281 4187 ι
1312 4134 1467 4204 Aqua
1502 4137 1681 4201 enim,
1709 4151 1834 4207 quae
1873 4149 2061 4193 scatu-

481 4224 589 4286 riit,
618 4224 672 4278 in
705 4224 906 4281 multos
940 4224 1148 4279 rivulos
1172 4225 1346 4280 divisa
1373 4225 1496 4293 fuit,
1530 4226 1745 4283 facilem
1771 4239 1826 4285 et
1854 4231 2062 4301 magni-

479 4318 635 4370 ticam
668 4315 902 4385 gratiam
928 4312 1239 4373 sitientibus
1273 4319 1542 4386 praebens.

547 4406 710 4461 Vens.
751 4407 816 4459 t7
840 4448 856 4471 ,
888 4407 975 4462 18.
1019 4433 1037 4460 ι
1075 4407 1136 4463 Et
1170 4411 1526 4477 perstiterunt
1559 4410 1740 4467 adhuc
1772 4414 1824 4466 in
1857 4429 2055 4484 pecca-
2091 4407 2133 4462 Ι)

476 4499 567 4563 tis,
600 4500 666 4554 ad
702 4501 840 4554 iram
872 4501 1239 4556 incitaverunt
1282 4503 1571 4558 Excelsum
1619 4505 1675 4559 in
1712 4514 1858 4561 terra
1889 4508 2053 4563 sicca.

474 4587 543 4642 Et
571 4597 919 4646 tentaverunt
947 4592 1113 4647 Deum
1147 4594 1201 4647 in
1237 4596 1496 4652 cordibus
1526 4597 1642 4652 suis
1670 4637 1686 4662 ,
1723 4609 1781 4654 ut
1813 4611 2058 4670 peterent

475 4695 630 4735 escas
659 4683 949 4740 animabus
976 4686 1114 4739 suis.
1151 4705 1169 4736 ι
1206 4684 1595 4744 Verumtamen
1631 4706 1810 4761 neque
1848 4695 1954 4751 hoc
1986 4698 2057 4753 ab

475 4787 665 4827 eorum
701 4785 881 4831 mente
904 4779 1224 4846 praiitatcm
1254 4781 1480 4850 expulit,
1506 4782 1599 4837 sed
1633 4799 2057 4853 perseverarunt

477 4864 671 4935 ingrati
702 4866 870 4921 animi
901 4869 1034 4923 vitio
1064 4870 1352 4927 laborare:
1400 4886 1454 4930 et
1499 4886 1623 4946 post
1672 4885 1749 4933 tot
1787 4881 2054 4939 miracula

475 4956 778 5025 periculum
819 4958 886 5013 de
923 4962 1109 5016 divina
1149 4966 1390 5033 potentia
1424 4967 1604 5024 facere
1640 4972 1965 5041 voluerunt,
2004 4984 2060 5031 et

2162 436 2220 489 ἐν
2256 436 2439 508 ἡμέρα
2481 437 2717 508 πολέμου
2739 455 2754 469 ·
2797 441 3012 511 μεγάλα
3041 440 3208 512 γὰρ⁶²
3240 442 3334 495 ἐπὶ
3374 444 3439 513 τῇ
3475 443 3719 515 πολεμικῇ

2161 531 2421 601 ἐμπειρίᾳ
2463 530 2810 603 φρονοῦντες,
2852 533 3093 605 πολέμου
3146 536 3405 604 φανέντος
3453 538 3719 608 ἐτρέποντο

2158 623 2242 685 είς
2279 623 2483 691 φυγήν.

2235 721 2289 767 ι’.
2338 734 2355 765 ι
2389 716 2504 769 Ούκ
2535 716 2807 787 ἐφύλαξαν
2835 720 2933 791 τὴν
2958 718 3228 791 διαθήκην
3257 719 3351 773 τοῦ
3383 720 3535 786 Θεοῦ,
3571 722 3657 776 καὶ
3676 724 3726 776 ἐν

2160 807 2237 877 τῷ
2275 808 2424 879 νόμῳ
2496 810 2663 864 αὑτοῦ
2729 811 2830 865 οὐκ
2869 812 3244 885 ἐϐουλήθησαν
3260 813 3307 844 ⁸³
3340 814 3671 885 πορεύεεθαι.
3702 834 3719 867 ι

2162 899 2360 963 Καλῶς
2386 901 2611 973 ἐνέφηνε
2638 902 2695 956 τὸ
2718 902 2817 973 τῆς
2843 904 3064 975 γνώμης
3094 904 3439 974 αὐθαίρετον.
3469 907 3576 958 Οὐκ
3598 907 3725 959 ἐϐου·

2162 991 2403 1062 λήθησαν
2432 994 2559 1063 γὰρ,
2594 996 2748 1066 φησὶ,
2786 997 2929 1051 κατὰ
2955 996 3116 1067 νόμον
3154 996 3367 1068 βιῶναι,
3395 998 3512 1051 ούδέ
3538 999 3628 1069 τὴν
3655 1000 3725 1052 ἔνθ

2164 1100 2325 1154 νομον
2346 1085 2701 1140 ἀσπάσασθαι
2733 1087 3030 1142 πολιτείαν.

2238 1184 2323 1232 ια’.
2374 1198 2392 1230 ι
2424 1181 2533 1233 Καὶ
2572 1182 2900 1235 ἐπελάϐοντο
2948 1182 3060 1235 τῶν
3102 1182 3437 1253 εὐεργεσιῶν
3472 1183 3683 1237 αὐτοῦσδ
3708 1224 3722 1249 ,

2164 1270 2258 1324 καὶ
2285 1271 2395 1325 τῶν
2423 1272 2743 1344 θαυμασίων
2772 1275 2959 1340 αὑτοῦ,
2992 1269 3069 1329 ὧν
3111 1274 3313 1340 ἔδειξεν
3343 1277 3544 1340 αὐτοῖς.
3574 1295 3591 1327 ι
3633 1280 3725 1333 Καὶ

2162 1362 2378 1426 δεικνὺς
2412 1366 2543 1417 πότε
2572 1364 2748 1419 ταῦτα
2777 1365 3097 1438 εἰργάσατο,
3129 1367 3414 1437 ἐπήγαγεν
3435 1382 3449 1396 ⁸

2241 1453 2329 1524 ιβ’.
2387 1475 2404 1506 ι
2436 1456 2712 1512 Ἐναντίον
2756 1458 2864 1511 τῶν
2916 1459 3171 1530 πατέρων
3217 1459 3400 1513 αὐτῶν
3448 1458 3483 1512 ἃ
3528 1457 3721 1528 ἐποίησε

2169 1546 2469 1617 θαυμάσια.
2525 1568 2543 1600 ›
2606 1546 2742 1605 Εἶτα
2779 1551 2869 1603 τὸν
2912 1552 3105 1621 χρόνον
3155 1550 3373 1604 καὶτὸν
3416 1552 3572 1605 τόπον
3600 1551 3723 1605 διδά-

2172 1654 2290 1691 σκει
2316 1656 2331 1671 ο
2359 1657 2377 1690 ι
2409 1639 2499 1692 Ἐν
2522 1642 2591 1711 γῇ
2624 1640 2907 1710 Αἰγύπτῳ,
2934 1643 2991 1693 ἐν
3023 1641 3191 1712 πεδίῳ
3222 1641 3519 1705 Τάνεωςθεί.
3551 1661 3567 1693 ι
3605 1640 3723 1694 Ταύ-

2169 1748 2267 1793 τας
2300 1732 2540 1796 ἅπαντες
2558 1734 2604 1764 ⁸³
2635 1734 2731 1787 τοῦ
2764 1734 2898 1787 Θεοῦ
2930 1734 3027 1799 τὰς
3061 1734 3527 1806 θαυματουργίας,
3565 1735 3651 1797 τὰς
3676 1737 3722 1787 ἐν

2167 1823 2431 1894 Αἰγύπτῳ
2468 1826 2861 1897 γεγενημένας,
2904 1814 2981 1880 ὧν
3011 1829 3060 1882 ci
3107 1828 3348 1899 πατέρες
3382 1829 3553 1882 αὐτῶν
3582 1828 3723 1888 αὐτό-

2169 1930 2300 1967 πται
2331 1916 2673 1986 γεγένηνται,
2706 1919 2807 1988 τῆς
2840 1920 3063 1990 μνήμης
3098 1918 3378 1984 ἐξέϐαλον.

2243 2004 2333 2073 ιγ’.
2398 2025 2416 2057 ι
2464 2006 2727 2079 Διέῤῥηξε
2767 2008 3065 2073 θάλασσαν,
3110 2013 3203 2064 καὶ
3233 2011 3496 2081 διήγαγεν
3532 2010 3721 2074 αὐτοὺς,

2170 2095 2518 2167 παρέστησεν
2534 2099 2574 2127 ⁵⁷
2603 2096 2774 2151 ὕδατα
2801 2099 2932 2151 ὡσεὶ
2960 2101 3126 2153 ἀσκόν
3146 2102 3211 2155 ⁶⁸.
3239 2120 3257 2151 ι
3287 2102 3568 2172 Συντόμως
3590 2103 3724 2154 ποιείο

2168 2205 2259 2241 ται
2305 2187 2404 2257 τὴν
2432 2188 2543 2241 τῶν
2575 2188 2870 2258 θαυμάτων
2914 2191 3192 2260 διήγησιν,
3246 2194 3345 2245 καὶ
3390 2192 3450 2244 τὸ
3496 2195 3721 2262 μέγιστον

2166 2278 2277 2332 τῶν
2305 2279 2481 2334 ἄλλων
2516 2281 2834 2352 προέταξεν.
2877 2283 3186 2354 ’Υπερφυὲς
3219 2286 3335 2355 γάρ
3372 2289 3483 2339 ἐστι
3527 2290 3614 2356 τῆς
3652 2285 3722 2336 θα-

2168 2371 2374 2441 λάσσης
2419 2372 2479 2424 τὸ
2526 2372 2731 2444 θαῦμα,
2772 2376 2867 2428 καὶ
2901 2378 2934 2447 ή
2981 2377 3069 2430 διὰ
3104 2377 3318 2447 ταύτης
3351 2377 3723 2448 παρασχεθείςα

2171 2466 2388 2535 πορεία.
2430 2466 2541 2537 Τὴν
2573 2467 2683 2537 γὰρ
2729 2469 2824 2521 ἐπὶ
2867 2470 2928 2522 τὸ
2959 2471 3167 2542 πρανὲς
3211 2477 3419 2543 χωρεῖν
3456 2473 3723 2540 πεφυκυῖαν

2167 2560 2276 2615 τῶν
2295 2561 2337 2592 ⁶⁹
2371 2561 2580 2615 ὑδάτων
2609 2562 2773 2631 φύσιν
2796 2561 3025 2632 ἔστησεν
3061 2565 3410 2635 ἑκατέρωθεν
3440 2568 3466 2619 ὁ
3491 2565 3589 2618 τῶν
3608 2565 3723 2616 ὅλων

2167 2651 2322 2718 Θεὸς,
2373 2653 2624 2725 καθάπερ
2667 2656 2724 2709 ἐν
2770 2654 2924 2726 ἀσκῷ
2980 2673 3086 2709 τινι
3123 2657 3428 2729 καθείρξας
3471 2655 3544 2727 τῷ
3584 2655 3720 2725 λόγῳ.

2181 2745 2403 2816 Ἐπειδὴ
2435 2747 2544 2815 γὰρ
2570 2749 2603 2817 ή
2631 2747 2738 2802 τῶν
2764 2749 2950 2802 ἀσκῶν
2979 2750 3304 2822 κατασκευὴ
3333 2751 3566 2822 συνέχειν
3588 2750 3723 2819 ἀκρι-

2169 2836 2281 2900 ϐῶς
2316 2836 2413 2907 τὴν
2450 2838 2625 2908 ὑγρὰν
2662 2838 2887 2892 δύναται
2934 2839 3116 2907 φύσιν,
3165 2843 3402 2907 εξκότως
3436 2842 3621 2911 ταύτην
3648 2840 3724 2892 ἐπὶ

2167 2928 2268 2998 τῆς
2298 2928 2667 3000 διαιρεθείσης
2684 2930 2731 2962 το
2762 2931 2973 2985 τέθεικε
3023 2932 3122 3003 τὴν
3166 2935 3387 2999 είκὸνα,
3425 2934 3620 2995 δεικνὺς
3646 2929 3727 2983 τοῦ

2091 3058 2131 3114 C
2171 3021 2318 3076 θείου
2344 3022 2502 3092 λόγου
2531 3024 2632 3093 τὴν
2660 3024 2908 3094 δύναμιν.

2241 3113 2320 3170 ιδ’.
2368 3135 2387 3168 ι
2424 3116 2530 3170 Καὶ
2552 3116 2835 3186 ὡδήγησεν
2856 3119 3055 3182 αὐτοὺς
3077 3119 3134 3171 ἐν
3163 3121 3370 3192 νεφέλῃ
3398 3122 3617 3191 ἡμέρας,
3643 3115 3721 3171 καὶ

2163 3206 2292 3278 ὅλην
2321 3207 2419 3278 τὴν
2446 3207 2614 3259 νύκτα
2637 3209 2695 3261 ἐν
2716 3209 2986 3279 φωτισμῷ
3011 3210 3202 3278 πυρός.
3246 3232 3266 3263 ι
3329 3214 3392 3267 Ἢ
3420 3213 3518 3282 γὰρ
3544 3208 3715 3279 auri)"

2165 3300 2365 3368 νεφέλη
2426 3299 2548 3370 μεθ’
2588 3301 2803 3371 ἡμέραν
2871 3301 2969 3372 μὲν
3009 3302 3071 3357 τὸ
3100 3303 3202 3371 τῆς
3245 3305 3463 3368 ἀκτῖνος
3508 3304 3719 3372 λυπηρὸν

2166 3390 2541 3463 ἀπεκρούετο,
2585 3391 2802 3464 νύκτωρ
2859 3392 2917 3447 δὲ
2982 3393 3074 3449 τοῦ
3140 3396 3322 3466 πυρὸς
3367 3398 3589 3468 παρεῖχε
3636 3394 3719 3465 τὴν

2164 3485 2378 3557 χρείαν.

2235 3584 2316 3631 ιε’.
2366 3597 2384 3629 ι
2420 3576 2681 3648 Διέρῤηξε
2704 3578 2910 3648 πέτραν
2938 3579 2995 3632 ἐν
3019 3580 3233 3651 ἐρήμῳ,
3263 3584 3358 3637 καὶ
3388 3584 3620 3651 ἐπόςισεν
3641 3581 3719 3634 αὖ·

2163 3671 2289 3733 τοὺς
2336 3670 2410 3734 ὡς
2463 3674 2521 3724 ἐν
2597 3670 2820 3742 ἀϐύσσῳ
2872 3673 3061 3744 πολλῇ.
3116 3694 3135 3728 ι
3193 3678 3274 3730 0‘3
3328 3679 3434 3750 γὰρ
3490 3678 3717 3750 βραχεῖαν

2164 3763 2468 3833 ἀνεξήγαγε
2487 3763 2530 3794 ⁷³
2561 3763 2776 3829 λιῦἀδα,
2812 3764 2948 3818 ἀλλᾶ
2980 3768 3100 3829 ταῖς
3126 3767 3356 3834 πολλαῖς
3381 3772 3604 3833 ἐκείναις
3631 3785 3717 3838 μυ·

2168 3853 2353 3922 ριάσιν
2384 3853 2663 3921 ἀρκοῦσαν
2690 3856 2893 3924 πηγήν.
2941 3855 3049 3908 Καὶ
3080 3856 3242 3911 τοῦτο
3277 3860 3621 3930 σαφέστερον,
3645 3858 3717 3911 δια

2162 3943 2270 3996 τῶν
2301 3945 2661 4012 ἐπαγομένων
2695 3946 2983 4009 ὲδίδαξε⁷³.

2237 4042 2331 4099 ις’.
2379 4056 2397 4088 ι
2429 4036 2541 4091 Καὶ
2587 4036 2857 4106 ἐξήγαγεν
2900 4038 3044 4109 ὕδωρ
3082 4041 3145 4093 ἐκ
3196 4042 3429 4112 πέτρας,
3479 4043 3567 4096 καὶ
3610 4057 3716 4094 κατ·

2163 4129 2370 4198 ήγαγεν
2394 4127 2471 4192 ὼς
2506 4131 2786 4199 ποταμοὺς
2823 4128 3011 4186 ῦδατα.
3050 4151 3068 4181 ι
3095 4132 3168 4185 Τὸ
3206 4133 3318 4203 γὰρ
3359 4128 3715 4189 ἀναϐλυσθὲν¹⁶

2163 4218 2307 4289 ὕδωρ
2332 4221 2408 4281 είς
2440 4221 2665 4283 πολλοὺς
2695 4224 2916 4293 ὀχετοὺς
2945 4224 3195 4295 διῃρέθη,
3222 4227 3441 4297 εὐμαρῆ
3473 4228 3563 4281 καὶ
3590 4225 3714 4294 etla-

2160 4328 2319 4382 τιμον
2356 4313 2596 4383 παρέχον
2628 4318 2739 4377 τοῖς
2778 4315 2974 4384 διψῶσι
3005 4319 3103 4387 τὴν
3139 4318 3321 4391 χάριν.

2236 4404 2322 4468 ιζ’,
2350 4405 2436 4475 ιη’.
2469 4424 2488 4457 ι
2507 4406 2617 4459 Καὶ
2639 4407 2967 4479 προσέθεντο
2989 4408 3069 4462 ἔτι
3089 4410 3183 4463 τοῦ
3205 4412 3540 4483 ἁμαρτάνειν
3562 4408 3710 4476 αὐτῷ·

2164 4496 2581 4567 παρεπίκραναν
2603 4498 2694 4550 τὸν
2725 4499 2991 4569 ’Ὕψιστον
3029 4503 3086 4554 ἐν
3121 4504 3361 4572 ἀνύδρῳ.
3401 4505 3504 4557 Καὶ
3536 4500 3714 4567 ἐξεπεί-

2166 4604 2338 4658 ρασαν
2369 4589 2459 4642 τὸν
2484 4589 2616 4643 Θεὸν
2647 4593 2705 4643 ἐν
2732 4593 2853 4654 ταῖς
2884 4593 3131 4663 καρδίαις
3159 4596 3343 4649 αὐτῶν
3362 4638 3376 4661 ,
3407 4596 3498 4650 τοῦ
3522 4596 3714 4663 αἰτῆσαι

2167 4678 2432 4751 βρώματα
2457 4684 2577 4745 ταῖς
2599 4682 2795 4752 ψυχαῖς
2826 4685 3027 4739 αὐτῶν.
3060 4706 3079 4739 ι
3111 4687 3255 4739 ’Λλλ’
3276 4688 3426 4757 ὅμως
3446 4688 3560 4742 οὐδὲ
3582 4685 3715 4738 τοῦτο

2160 4774 2260 4840 τῆς
2286 4775 2510 4844 γνώμης
2535 4775 2711 4828 αὐτῶν
2741 4775 2839 4846 τὴν
2870 4778 3134 4848 πονηρίαν
3190 4779 3468 4845 ἐξέϐαλεν.
3502 4778 3606 4832 ἀλλ’
3634 4779 3716 4828 ἐπ·

2166 4866 2391 4935 έμειναν
2419 4868 2517 4935 τὴν
2545 4868 2642 4936 τῆς
2676 4869 2999 4939 ἀχαριστίας
3029 4872 3406 4941 περικείμενοι
3436 4873 3580 4925 νόσον
3606 4865 3714 4919 ·καὶ

2161 4960 2299 5029 μετὰ
2328 4961 2597 5024 τοσαύτας
2650 4961 2972 5032 εὐεργεσίας
3009 4965 3203 5036 πεῖραν
3236 4964 3424 5019 λαϐεῖν
3454 4963 3714 5034 ήίῖούλοντο

473 5050 597 5105 cibo
630 5051 940 5121 indigentes
963 5092 978 5117 ,
1030 5071 1137 5109 non
1184 5060 1514 5116 studuerunt
1544 5064 1796 5133 accipere
1826 5066 1878 5121 id
1910 5068 2054 5137 quod

2165 5052 2251 5119 τῆς
2274 5050 2421 5115 θείας
2452 5052 2754 5122 δυνάμεως,
2787 5054 2883 5106 καὶ
2909 5047 3116 5125 τροφῆς
3142 5057 3448 5126 δεηθέντες,
3472 5057 3531 5108 οὐ
3550 5051 3712 5107 λαϐεῖν

472 5158 699 5200 necesse
729 5154 868 5209 erat,
895 5145 987 5199 sed
1026 5146 1120 5203 Dei
1149 5151 1521 5221 impotentiam
1555 5172 1908 5217 accusarunt.

2155 5144 2252 5211 τὴν
2283 5144 2471 5212 χρείαν
2510 5146 2805 5217 ἐζήτησαν,
2860 5147 2977 5200 ἀλλ’
3027 5147 3105 5211 ὡς
3160 5148 3430 5203 ἀδυνάτου
3461 5147 3551 5201 τοῦ
3592 5139 3709 5196 Θεοῦ

2164 5252 2304 5303 κατη
2314 5237 2568 5305 γὸρησαν.

1609 5336 1845 5392 VARHE
1889 5341 2271 5400 [.ICCTIONES
2312 5346 2400 5399 ET
2439 5346 2671 5404 NOTAE.

552 5408 594 5440 “
626 5410 773 5481 Γάρ.
823 5415 944 5467 cod.
994 5415 1030 5468 '2
1081 5417 1203 5471 add.
1270 5426 1454 5494 φησίν.

474 5487 682 5553 ἤθελον.

486 5561 682 5608 Απὰςαε

486 5574 711 5615 manu;

502 5598 711 5623 ...ωηεν
890 5598 1017 5623 ut'c.
1080 5598 1240 5627 tt'l‘ttt)
1283 5598 1366 5631 ρει
1424 5598 1503 5635 εστ

501 5625 519 5714 ξ’
548 5632 797 5714 Atque/1.
829 5641 949 5714 eoid.
987 5641 1021 5692 ‘2
1053 5642 1177 5700 add.
1210 5646 1503 5714 θαλάττης.

502 5702 511 5716 ⁸
550 5702 668 5750 cod.
713 5702 745 5750 2
776 5706 1095 5778 ἀναϐληθέν.
1437 5702 1446 5722 ⁸

1563 5428 1607 5459 ⁸⁸
1636 5429 1783 5498 Γάρ.
1830 5432 1996 5487 Abest
2048 5451 2076 5490 a
2124 5438 2244 5490 cod.
2280 5438 2335 5492 2.

782 5498 1234 5596 63.11;?f-8qur:
1278 5511 1486 5596 αύτορ.
1541 5513 1707 5569 Hebr.
1752 5501 1998 5596 131135153;
2042 5537 2257 5596 operum
2301 5522 2434 5593 ejus.

825 5569 1017 5623 "Hoc.
1080 5569 1240 5627 lectio
1283 5588 1366 5631 cst
1424 5581 1672 5654 ἔστησεν.
1751 5569 2072 5644 εδ-Ἇσξώῖ,

829 5641 949 5711 θθῖἶ·
1053 5642 1177 5700 “‘M-
1210 5646 1503 5711 θαλάττης.
1619 5657 1659 5686 ⁷¹
1700 5657 1819 5711 cod.
1851 5658 1884 5711 ‘2
1924 5660 2060 5711 αῦτη

2303 5569 2323 5576 ν
2355 5569 2434 5579 η.
2641 5569 2888 5590 -.ην-η..
3162 5569 3334 5583 μνη...
3678 5569 3699 5573 _

2171 5569 2402 5653 iebrf't:
2440 5596 2731 5655 cumulum.
2813 5598 2856 5630 ⁵ο
2909 5599 3048 5653 Τῶν.
3112 5602 3236 5653 cod.
3291 5601 3325 5652 Ξ
3360 5615 3537 5668 ρτςῐιιιι.
3594 5596 3699 5659 τήν.

2167 5664 2207 5694 “
2234 5666 2353 5711 t‘mL
2393 5665 2426 5711 9.
2450 5668 2709 5711 Ξξῆντινε-
2806 5669 2851 5699 ⁷³
2886 5668 3179 5711 Ῥιῗίδηέο-
3215 5671 3315 5711 ιπηιι
3376 5673 3410 5711 εξ
3438 5667 3699 5711 Eri-ﬁlum“.

1700 5673 1819 5711 cod.
1851 5673 1884 5711 2
1924 5673 2085 5732 αυτη.

2441 5440 2486 5470 ⁵³
2522 5440 3001 5508 Ἐϐουλήθησαν.
3062 5444 3189 5500 Rec.
3246 5446 3408 5501 lectio
3454 5442 3510 5498 h.
3561 5440 3593 5494 l.
3632 5438 3706 5492 est

2554 5526 2599 5559 ⁸⁸
2641 5526 2888 5590 Τάνεως.
2949 5528 3113 5584 llubr.
3162 5529 3334 5583 Zoan.
3448 5532 3491 5563 ⁶⁶
3534 5525 3645 5579 cod.
3676 5523 3703 5573 '3-

2167 5664 2207 5694 “
2234 5666 2354 5721 cod.
2393 5665 2426 5718 9.
2449 5668 2709 5738 ἐξήγαγε.
2806 5669 2851 5699 ⁷³
2886 5668 3181 5733 Ἐδίδαξε.
3215 5671 3339 5724 (-od.
3362 5664 3410 5721 "3
3438 5667 3701 5738 ἐδήλωσεν.
