4028 6210
449 324 578 389 ιιίξι

1455 330 1947 393 THEODORETI
1987 333 2328 396 EPISCOPI
2369 336 2738 398 CYRENSIS

3549 335 3664 404 1492

526 438 804 506 \‘ns.26,
851 438 941 493 27.
999 458 1016 491 ι
1055 440 1297 496 Abstulit
1340 452 1592 498 austrum
1643 445 1709 499 de
1758 445 1937 507 coelo,
1985 457 2025 500 cl

2214 456 2323 515 κς⁹,
2359 448 2461 512 κζ’.
2497 468 2516 500 ι
2568 448 2831 519 ’Δπῆρε⁸³
2871 447 3022 504 νότον
3063 446 3123 515 ἐξ
3154 444 3384 519 οὐρανοῦ
3409 464 3421 478 ·
3455 447 3537 501 καὶ
3583 451 3667 502 ἐπ-

446 531 664 586 induxit
695 530 748 585 in
781 532 981 586 virtute
1014 547 1113 587 sua
1145 532 1403 588 africum.
1449 533 1514 588 Et
1548 535 1685 604 pluit
1724 550 1890 606 super
1930 551 2025 591 eos

445 625 588 679 sicut
615 623 896 693 pulverem
921 639 1134 688 carnes,
1166 635 1221 679 et
1260 629 1400 680 sicut
1425 641 1649 681 arenam
1681 628 1851 683 maris
1873 628 2027 682 vola-

448 716 561 771 tilia
592 724 849 787 pennata.
878 733 898 766 ι
936 714 1075 769 Nam
1114 730 1212 785 per
1245 726 1437 771 ventos
1467 716 1648 771 avium
1682 718 1898 771 illarum
1930 733 2024 787 ge-

447 821 553 862 nus
605 806 849 876 undique
895 808 1181 862 collectum
1231 807 1488 862 devolare
1523 809 1694 879 jussit
1733 812 1786 864 in
1834 825 2023 864 eorum

449 899 822 965 tabernacula,
854 900 1196 956 venationem
1240 901 1545 954 ultroneam
1590 901 1722 970 ipsis
1765 903 2023 972 largiens.

522 1075 685 1134 Vens.
724 1076 914 1133 28-50.
955 1096 973 1128 ι
1008 1077 1072 1132 Et
1100 1077 1413 1133 ceciderunt
1436 1078 1490 1131 in
1513 1077 1694 1132 medio
1716 1086 2025 1134 castrorum

447 1185 658 1234 eorum,
688 1179 742 1226 et
781 1172 928 1227 circa
959 1171 1310 1226 tabernacula
1348 1186 1561 1227 eorum.
1609 1171 1675 1225 Et
1722 1172 2025 1228 manduca-

449 1273 664 1330 verunt,
693 1271 747 1319 et
768 1263 995 1319 saturati
1028 1272 1158 1319 sunt
1182 1264 1367 1330 nimis,
1403 1264 1803 1320 etdesiderium
1833 1280 2025 1320 eorum

450 1358 631 1412 attulit
659 1356 757 1411 eis.
784 1353 907 1410 Non
938 1365 1069 1412 sunt
1107 1354 1345 1412 fraudati
1375 1357 1645 1412 desiderio
1668 1372 1789 1411 suo.
1830 1376 1847 1408 ι
1878 1356 2024 1412 Con-

451 1450 622 1505 secuti
677 1458 832 1513 sunt,
870 1449 1072 1518 inquit,
1114 1448 1262 1519 quod
1313 1449 1724 1516 desiderarunt,
1764 1457 1818 1503 et
1851 1449 2027 1520 inglu-

452 1542 593 1597 viem
628 1540 1032 1611 impleverunt:
1067 1549 1306 1597 attamen
1332 1541 1677 1611 inexplebilis
1711 1525 2026 1611 cupiditatis

450 1648 641 1704 ptenas
666 1631 1059 1703 pependerunt.

525 1747 545 1778 ι
589 1727 783 1782 Adhuc
832 1741 972 1780 escae
1019 1741 1210 1780 eorum
1269 1735 1426 1781 erant
1479 1725 1532 1779 in
1594 1740 1691 1780 ore
1737 1725 2021 1795 ipsorum,

448 1819 639 1891 IVsns.
670 1818 762 1890 51]
810 1817 878 1872 Et
904 1818 984 1872 ira
1014 1817 1108 1872 Dci
1135 1818 1382 1872 ascendit
1438 1833 1602 1888 super
1641 1832 1758 1884 eos,
1802 1817 2020 1872 etocci-
2056 1802 2096 1855 Β

446 1910 529 1966 dit
567 1912 793 1982 pingues
850 1924 1065 1972 eorum,
1107 1919 1160 1962 et
1195 1910 1399 1964 electos
1446 1907 1614 1962 Israel
1652 1908 1950 1978 impedivit.
2000 1927 2018 1960 ι

446 2002 717 2069 Quoniam
749 2001 921 2062 enim,
968 2008 1092 2069 post
1120 1999 1477 2069 multiplicem
1508 2000 1901 2068 experientiam
1944 1999 2025 2054 di-

445 2093 586 2147 vium
606 2092 882 2161 potentiae,
906 2105 1014 2145 non
1057 2090 1411 2145 crediderunt
1433 2088 1603 2143 Deum
1632 2089 1847 2161 1156
1867 2105 2026 2160 posse

445 2183 631 2238 cibum
676 2182 1044 2252 suppeditare,
1086 2181 1501 2252 castigationem
1564 2182 1772 2246 intulit,
1824 2184 2025 2238 docens

446 2289 571 2330 eum
604 2284 836 2344 utraque
868 2289 1029 2344 posse
1064 2272 1267 2340 facere,
1299 2281 1355 2328 et
1390 2273 1535 2328 bona
1574 2273 1781 2344 largiri,
1818 2282 1875 2329 et
1904 2290 2020 2345 poe-

446 2382 549 2424 nas
591 2366 858 2438 inﬂigere.
920 2367 1182 2420 Attamen’
1225 2348 1596 2422 nihilominus
1634 2381 1860 2436 peccare
1902 2382 2025 2438 per-

447 2468 728 2515 rexerunt.
768 2457 882 2513 Hoc
908 2458 1055 2513 enim
1081 2458 1368 2528 subjnnxit
1407 2476 1421 2512 :

516 2634 684 2693 Vens.
721 2637 812 2703 52,
835 2636 924 2693 53.
962 2656 980 2689 ι
1016 2636 1074 2691 In
1114 2636 1372 2692 omnibus
1406 2636 1491 2692 his
1533 2645 1895 2706 peccaverunt
1925 2637 2024 2691 ad-

446 2731 575 2797 huc,
598 2738 652 2785 et
676 2744 783 2784 non
815 2728 1171 2785 crediderunt
1207 2728 1260 2782 in
1293 2727 1641 2783 mirabilibus
1662 2727 1806 2798 ejus.
1836 2728 1906 2783 Et
1932 2727 2027 2782 de-

405 2888 413 2896 .
445 2823 696 2878 fecerunt
719 2823 773 2876 in
800 2823 1041 2877 vanitate
1061 2822 1178 2876 dies
1203 2836 1417 2886 eorum,
1445 2828 1500 2876 et
1527 2820 1656 2875 anni
1681 2835 1871 2876 eorum
1898 2836 2024 2876 cum

445 2915 817 2972 festinatione.
857 2934 877 2968 ι
926 2915 1243 2981 Peccantes,
1276 2915 1474 2986 inquit,
1521 2924 1577 2969 et
1619 2915 2021 2986 delinquentes,

443 3017 501 3065 et
549 3009 749 3063 nullam
789 3023 976 3064 curam
1032 3019 1282 3078 gerentes
1332 3009 1402 3065 de
1448 3009 1534 3065 his
1595 3024 1717 3079 qua:
1764 3009 2026 3079 prodesse

445 3101 581 3170 ipsis
642 3108 925 3171 poterant,
964 3101 1059 3156 sed
1111 3101 1368 3157 inanibus
1422 3101 1822 3171 inutilibusquc
1871 3102 2019 3156 curis

446 3192 612 3259 allixi,
642 3201 697 3248 et
732 3194 832 3250 has
868 3210 992 3250 cum
1025 3195 1173 3250 omni
1208 3196 1390 3251 studio
1410 3204 1815 3266 persequentes,
1853 3211 1884 3249 e
1913 3196 2019 3249 vita

444 3296 821 3342 excesserunt.

514 3465 679 3522 Vens.
719 3468 807 3533 54,
843 3468 932 3523 55.
979 3486 996 3519 ι
1047 3470 1184 3525 Cum
1223 3470 1497 3526 occideret
1535 3486 1651 3536 eos,
1691 3480 1821 3525 tunc
1876 3487 2024 3541 quae-

440 3559 633 3615 rebant
660 3576 808 3620 eum.
850 3569 906 3615 et
940 3562 1375 3627 revertebantur,
1405 3572 1459 3616 et
1500 3566 1604 3617 sub
1647 3562 1892 3617 diluculo
1932 3579 2025 3618 ve-

442 3649 666 3704 niebant
719 3650 786 3704 ad
841 3666 990 3705 eum.
1041 3659 1058 3674 ‘
1095 3650 1162 3705 Et
1204 3654 1471 3708 recordati
1515 3663 1644 3709 sunt
1691 3654 1859 3709 Deum
1903 3670 2025 3712 esse

442 3740 746 3810 adjutorem
779 3756 992 3806 eorum,
1025 3751 1079 3796 et
1109 3743 1278 3798 Deum
1323 3745 1604 3800 excelsum
1642 3761 1764 3802 esse
1809 3748 2023 3804 redem-

444 3842 657 3902 ptorem
690 3848 900 3888 eorum.
932 3853 951 3885 ›
979 3832 1100 3889 Non
1130 3835 1333 3893 frustra
1360 3836 1493 3906 ipsis
1533 3837 1847 3894 misericors
1879 3838 2022 3897 Deus

442 3927 734 3994 compedes
762 3926 950 3996 injecit
980 3950 992 3983 :
1025 3928 1153 3997 quia
1204 3929 1333 3985 hinc
1370 3945 1476 3986 non
1526 3946 1716 4001 parum
1769 3934 2021 3990 utilitatis

441 4014 831 4084 percipiebant.
866 4014 1000 4070 Nam
1060 4017 1220 4073 bonis
1273 4002 1514 4075 fruentes
1572 4038 1683 4078 non
1740 4024 2021 4081 intellexe-

440 4114 571 4161 runt
604 4121 618 4158 :
654 4106 938 4176 suppliciis
972 4123 1100 4164 vero
1128 4109 1329 4176 allecti,
1361 4111 1602 4168 divinam
1629 4113 2017 4187 benignitatem

438 4195 732 4267 implorare
763 4207 1070 4268 cmperunt.

508 4284 673 4343 Vens.
706 4289 795 4353 56,
831 4290 920 4345 57.
963 4309 982 4342 ι
1021 4292 1088 4345 Et
1125 4290 1436 4348 dilexerunt
1482 4310 1606 4350 eum
1656 4311 1751 4352 ore
1795 4312 1917 4362 suo,
1965 4307 2019 4351 et

440 4376 624 4448 lingua
656 4392 754 4433 sua
785 4379 997 4434 mentiti
1031 4389 1183 4436 sunt.
1205 4366 1276 4437 ei.
1320 4383 1429 4439 Cor
1462 4396 1643 4441 autem
1675 4403 1866 4443 eorum
1906 4402 2014 4444 non

2126 543 2336 611 ήγαγεν
2379 541 2440 592 ἐν
2477 540 2545 610 τῇ
2586 539 2814 608 δυνάμει
2847 537 3016 592 αὑτοῦ
3072 536 3201 590 λίϐα
3217 536 3284 591 ⁸⁸.
3315 537 3427 590 Kal
3471 535 3669 609 ἔϐρεξεν

2124 636 2215 689 ἐπ’
2245 635 2444 698 αὐτοὺς
2481 634 2614 687 ὡσεὶ
2645 632 2807 705 χνοῦν
2822 635 2869 666 ⁸⁷
2904 633 3115 704 σάρκας
3140 649 3156 667 ν
3199 632 3294 686 καὶ
3337 632 3466 685 ὡσεὶ
3509 633 3671 703 ἄμμον

2126 726 2436 791 θαλασσῶν,
2460 725 2686 780 πετεινὰ
2713 726 2988 797 πτερωτά.
3022 745 3041 779 ι
3068 725 3168 779 Διὰ
3199 724 3310 794 γὰρ
3335 725 3442 778 τῶν
3476 725 3671 794 ἀνέμων

2128 819 2432 881 συνελάσας
2461 818 2797 889 πανταχόθεν
2820 820 2931 872 τῶν
2952 817 3183 887 ὀρνίθων
3201 816 3425 870 ἐκείνων
3439 816 3497 869 τὸ
3516 817 3671 885 γένος,

2126 909 2468 978 καταπτῆναι
2523 908 2825 980 προσέταξε
2879 909 3029 979 παρὰ
3086 909 3185 971 τὰς
3217 906 3422 962 τούτων
3468 908 3671 979 σκηνὰς,

2128 1002 2432 1070 αὐτόματον
2459 1002 2645 1064 αὐτοῖς
2678 1002 3050 1072 χαρισάμενος
3085 1001 3278 1071 θήραν.

2200 1090 2381 1161 κη’-λ’.
2431 1093 2541 1145 Kal
2580 1091 2774 1145 ἔπεσεν
2812 1092 2858 1124 ⁸⁸
2897 1094 2978 1155 εἰς
3012 1092 3176 1162 μέσον
3205 1090 3307 1160 τῆς
3349 1091 3674 1163 παρεμϐολῆς

2127 1181 2329 1248 αὐτῶν,
2366 1181 2552 1253 κύκλῳ
2602 1182 2712 1235 τῶν
2748 1184 3128 1252 σκηνωμάτων
3178 1182 3380 1235 αὐτῶν.
3419 1182 3523 1236 Kal
3560 1182 3677 1251 ἐφα-

2126 1290 2221 1342 γον
2253 1274 2348 1327 καὶ
2377 1273 2793 1345 ἐνεπλήσθησαν
2819 1273 3027 1342 σφόδρα
3051 1289 3066 1303 ο
3124 1272 3220 1326 καὶ
3245 1272 3347 1342 τὴν
3400 1270 3675 1342 ἐπιθυμίαν

2127 1363 2307 1418 αὐτῶν
2338 1365 2568 1435 ἤνεγκεν
2596 1364 2799 1425 αὐτοῖς.
2837 1361 2956 1417 Οὐκ
2983 1362 3364 1432 ἐστερήθησαν
3384 1362 3426 1394 ⁸⁹
3451 1361 3553 1416 ἀπὸ
3591 1363 3677 1433 τῆς

2126 1454 2420 1525 ἐπιθυμίας
2468 1453 2670 1506 αὐτῶν.
2716 1473 2735 1506 ι
2776 1455 3152 1523 Ἀπήλαυσαν,
3192 1453 3382 1523 φησὶν,
3445 1447 3514 1507 ὧν
3553 1453 3672 1522 ὡρέ-

2127 1546 2359 1617 χθησαν,
2394 1548 2486 1600 καὶ
2544 1547 2641 1615 τὴν
2694 1545 3138 1616 γαστριμαργίαν
3192 1545 3524 1615 ἐνέπλησανο
3578 1545 3677 1600 ἀλλ’

2126 1639 2275 1708 ὅμως
2303 1639 2404 1709 τῆς
2430 1636 2739 1708 ἀπληστίας
2774 1637 3215 1707 εἰσεπράχθησαν
3246 1636 3426 1701 δίκας.

2206 1751 2225 1782 ι
2261 1731 2384 1783 Ἔτι
2408 1731 2507 1800 τῆς
2541 1729 2798 1801 βρώσεως
2818 1731 2864 1761 ⁹⁰
2881 1728 3049 1800 οὔσης
3071 1732 3128 1783 ἐν
3153 1729 3229 1800 τῷ
3248 1732 3478 1799 στόματι
3500 1727 3677 1791 αὐτῶν,

2126 1820 2252 1893 [λα’]
2306 1822 2416 1873 Kal
2464 1819 2605 1890 ὀργὴ
2653 1818 2749 1871 τοῦ
2789 1818 2921 1870 Θεοῦ
2956 1817 3125 1888 ἀνέϐη
3186 1817 3273 1869 ἐπ’
3326 1817 3551 1880 αὐτοὺς,
3597 1820 3678 1869 καὶ

2124 1913 2446 1968 ἀπέκτεινεν
2475 1915 2530 1966 ἐν
2557 1915 2668 1975 τοῖς
2702 1911 3006 1963 πλείοσινΜ
3044 1911 3245 1977 αὐτῶν,
3281 1912 3379 1964 καὶ
3403 1911 3523 1972 τοὺς
3547 1909 3680 1962 ἐκλε-

2125 2007 2287 2068 κτοὺς
2312 2006 2357 2037 θ’
2396 2003 2493 2058 τοῦ
2537 2004 2757 2075 Ἰσραὴλ
2784 2002 3135 2056 συνεπόδισεν
3158 2003 3226 2056 ⁸³.
3264 2021 3284 2053 ι
3347 2001 3559 2070 Ἐπειδὴ
3588 2000 3680 2068 γὰρ

2124 2100 2322 2169 πεῖραν
2369 2096 2572 2165 πολλὴν
2614 2095 2875 2157 λαόόντες
2915 2096 3012 2163 τῆς
3063 2093 3214 2156 θείας
3275 2093 3572 2163 δυνάμεως,
3596 2090 3681 2142 οὐκ

2125 2188 2452 2241 ἐπίστευσαν
2510 2184 2772 2239 δύνασθαι
2816 2184 2908 2238 τὸν
2990 2181 3184 2236 Θεὺν⁹⁵
3250 2183 3555 2254 χορηγῆσαι
3596 2179 3680 2249 τὴν

2123 2278 2350 2351 τροφὴν,
2387 2278 2479 2332 καὶ
2534 2277 2633 2349 τὴν
2663 2276 2916 2330 παιδείαν
2969 2278 3220 2347 ἐπήγαγε
3250 2276 3322 2340 ⁸³,
3376 2274 3626 2328 διδάσκων
3642 2271 3681 2303 ⁸⁸

2123 2369 2198 2431 ὼς
2219 2367 2507 2439 ἀμφότερα
2531 2370 2706 2420 ποιεῖν
2738 2366 2942 2431 ἱκανὸς,
2975 2366 3070 2419 καὶ
3108 2366 3176 2419 τὰ
3201 2365 3389 2434 ἀγαθὰ
3419 2365 3677 2434 παρέχειν,

2126 2459 2222 2512 καὶ
2254 2458 2353 2522 τὰς
2374 2457 2648 2529 τιμωρίας
2680 2458 2928 2527 ἐπάγειν.
2976 2456 3115 2512 Ἀλλ’
3156 2457 3333 2527 ὅμως,
3364 2456 3509 2510 οὐδὲν
3544 2449 3683 2529 ἧττον

2125 2549 2421 2619 ἐπέμειναν
2436 2524 2923 2620 πλημμελοῦντες.
2966 2547 3136 2600 Τοῦτο
3160 2524 3269 2618 γὰρ
3308 2524 3577 2616 ἐπήγαγεν
3600 2559 3613 2572 °
3636 2524 3687 2549 -

2194 2641 2297 2712 λβ¹,
2329 2640 2432 2710 λγ’.
2471 2659 2489 2692 ι
2550 2641 2639 2694 Ἐν
2668 2641 2803 2693 πᾶσι
2826 2638 3036 2703 τούτοις
3069 2639 3327 2709 ἥμαρτον
3358 2638 3456 2701 ἔτι,
3488 2635 3576 2688 καὶ
3599 2634 3685 2686 οὐκ

2125 2734 2457 2789 ἐπίστευσαν
2482 2737 2540 2788 ἐν
2560 2737 2677 2798 τοῖς
2704 2732 3035 2803 θαυμασίοις
3066 2732 3255 2786 αὐτοῦ.
3315 2731 3423 2783 Kal
3449 2730 3492 2762 9"
3532 2726 3685 2790 ἐξέλι-

2128 2845 2227 2882 πον
2266 2828 2326 2880 ἐν
2356 2825 2685 2898 ματαιότητι
2741 2826 2795 2878 αἱ
2843 2824 3050 2896 ἡμέραι
3090 2822 3268 2876 αὐτῶν
3292 2838 3312 2852 ο
3370 2819 3465 2874 καὶ
3506 2818 3571 2872 τὰ
3605 2816 3686 2885 ἐτη

2127 2919 2310 2974 αὐτῶν
2344 2919 2483 2990 μετὰ
2507 2918 2745 2988 σπουδῆς
2759 2918 2825 2973 ⁸⁸.
2861 2937 2878 2970 ι
2930 2917 3396 2989 Ἀμαρτάνοντες,
3433 2914 3577 2987 φησὶ,
3607 2911 3689 2965 καὶ

2125 3011 2602 3081 πλημμελοῦντες,
2653 3011 2752 3065 καὶ
2802 3010 2910 3063 τῶν
2971 3009 3071 3080 μὲν
3120 3008 3364 3079 ὠφελεῖν
3403 3004 3688 3077 δυναμένων

2125 3101 2384 3172 οὐδεμίαν
2415 3100 2731 3172 ποιούμενοι
2750 3102 2795 3133 ’9
2850 3099 3133 3171 πρόνοιαν,
3180 3102 3305 3166 τοῖς
3356 3100 3413 3154 δέ
3461 3096 3687 3167 ματαίοις

2126 3192 2220 3246 καὶ
2248 3193 2501 3264 ἁκερδέσι
2534 3193 2967 3264 προστετηκότες
2995 3192 3423 3264 ἐπιτηδεύμασι⁹
3453 3193 3542 3244 καὶ
3564 3185 3683 3257 μετὰ

2125 3286 2308 3356 πάσης
2353 3284 2526 3339 ταῦτα
2578 3283 2857 3354 μετιόντες
2903 3284 3159 3356 σπουδῆς,
3220 3285 3320 3339 τὸν
3383 3284 3496 3355 βίον
3538 3276 3682 3341 ὑπεξ·

2123 3376 2311 3447 ἦλθον.

2193 3468 2288 3533 λδν,
2330 3469 2423 3523 λε’.
2457 3488 2474 3520 ι
2514 3468 2715 3523 Ὄτ’ἃν
2741 3468 3063 3524 ἀπέκτεινεν
3092 3468 3331 3534 αὐτοὺς,
3368 3468 3489 3521 τότε
3518 3463 3683 3533 ἐξεζή-

2123 3578 2249 3615 τουν
2268 3561 2284 3592 ¹
2317 3560 2502 3625 αὐτὸν,
2533 3561 2629 3613 καὶ
2655 3560 3015 3632 ἐπέστρεφον,
3040 3562 3135 3614 καὶ
3155 3559 3435 3633 ὢρθριζον
3462 3558 3589 3629 πρὸς
3608 3556 3683 3608 τὸν

2122 3652 2274 3707 Θεόν.
2328 3654 2438 3707 Kal
2494 3653 2848 3725 ἐμνήσθησαν
2886 3654 2968 3707 ὅτι
3016 3655 3044 3707 ὁ
3076 3653 3210 3718 Θεὸς
3248 3653 3447 3726 βοηθὸς
3490 3646 3686 3705 αὐτῶν⁹

2120 3747 2256 3810 ἐστι,
2288 3745 2384 3800 καὶ
2413 3748 2441 3799 ό
2468 3742 2601 3809 Θεὸς
2632 3747 2660 3798 ὁ
2692 3745 2918 3816 ὕψιστος
2955 3746 3245 3818 λυτρωτὴς
3287 3747 3472 3800 αὐτῶν
3501 3744 3630 3796 ἐστι.
3665 3755 3680 3787 ι

2122 3839 2196 3891 Οὐ
2231 3838 2407 3909 μάτην
2437 3838 2494 3891 δέ
2537 3840 2720 3902 αὐτοῖς
2769 3842 2797 3895 ὁ
2848 3840 3238 3913 φιλάνθρωπος
3285 3837 3566 3907 Δεσπότης
3604 3831 3687 3893 τὰς

2121 3931 2326 3996 πέδας³
2358 3933 2675 4003 ἐπήγαγεν·
2717 3933 2989 4002 ὠφέλειαν
3032 3932 3142 4003 γὰρ
3194 3931 3455 3985 ἐντεῦθεν
3491 3927 3551 3981 οὐ
3582 3939 3686 3995 σμιν

2119 4023 2260 4094 κράν
2279 4024 2644 4094 ἐκαρποῦντο.
2676 4024 3071 4085 ’Δπολαύοντες
3092 4024 3189 4093 μέν
3211 4026 3326 4095 γὰρ
3343 4023 3452 4074 τῶν
3467 4015 3688 4088 ἀγαθῶν,

2118 4115 2220 4170 οὐκ
2240 4115 2541 4187 ᾐσθάνοντο
2563 4134 2577 4149 ’
2598 4116 2953 4188 κολαζόμενοι
2972 4117 3053 4181 δὲ,
3075 4117 3176 4188 τὴν
3208 4114 3368 4169 θείαν
3394 4110 3687 4184 προσῄεσαν

2120 4208 2400 4273 αἰτοῦντες
2415 4208 2438 4240 ⁸
2470 4208 2908 4282 φιλανθρωπίαν.

2189 4301 2298 4365 λς’,
2331 4301 2427 4365 λζ’.
2464 4319 2482 4352 ι
2526 4301 2636 4355 Kal
2676 4301 3008 4372 ἡγάπησαν⁸
3056 4298 3221 4355 αὑτὸν
3258 4300 3321 4352 ἐν
3365 4295 3445 4368 τῷ
3482 4292 3690 4363 στόματι

2118 4393 2297 4447 αὐτῶν
2339 4410 2351 4423 °
2394 4395 2488 4448 καὶ
2548 4395 2612 4463 τῇ
2666 4393 2887 4466 γλώσσῃ
2936 4392 3116 4446 αὐτῶν
3170 4390 3481 4461 ἐψεύσαντο
3536 4381 3689 4452 αὐτῷ·

438 4477 558 4524 erat
594 4480 804 4526 rectum
860 4487 984 4528 cum
1025 4488 1113 4538 eo,
1149 4490 1251 4530 nec
1274 4474 1461 4533 ﬁdeles
1486 4478 1657 4533 habiti
1694 4488 1823 4534 sunt
1851 4480 1904 4534 in
1934 4489 2013 4535 tc-

2132 4486 2197 4539 'H
2244 4486 2297 4540 δέ
2349 4486 2546 4558 καρδία
2570 4486 2750 4540 αὐτῶν
2798 4487 2898 4540 οὐκ
2936 4486 3120 4539 εὐθεῖα
3170 4491 3291 4554 μετ’
3331 4480 3536 4539 αὑτοῦ·
3582 4472 3691 4529 οὐδὲ

439 4569 708 4618 stamento
754 4564 897 4634 ejus.
943 4584 962 4616 ι
1021 4567 1196 4621 Porro
1249 4566 1428 4636 ipsum
1486 4569 1713 4641 diligere
1775 4574 2011 4642 sponde-

439 4650 588 4717 bant,
620 4652 768 4710 falsis
809 4657 1157 4714 sermonibus
1193 4665 1427 4715 utentes.
1471 4658 1607 4716 Nam
1649 4678 1806 4720 mens
1837 4665 2018 4722 verbis

2120 4578 2506 4648 ἐπιστώθησαν
2561 4581 2620 4632 ἐν
2692 4582 2760 4651 τῇ
2807 4578 3041 4650 διαθήκῃ
3101 4575 3293 4632 αὐτοῦ.
3372 4594 3391 4628 ι
3465 4567 3692 4640 ’Λγαπᾷν

2117 4670 2175 4723 δὲ
2215 4670 2375 4723 αὑτὸν
2420 4669 2783 4741 ὑπισχνοῦντο
2823 4669 3051 4740 ψευδέσι
3121 4666 3452 4740 χρώμενοι⁶
3503 4662 3687 4729 λόγοις-

1566 4893 1801 4950 VAHUE
1845 4896 2228 4954 LECTIONES
2268 4898 2355 4952 ET
2396 4898 2628 4953 NOTAE.

502 5059 553 5095 ⁸⁸
589 5058 817 5129 Ἆπῆρε.
858 5061 1021 5119 Hebr.
1053 5075 1151 5130 yol
1184 5068 1483 5122 concitavit.

1576 5069 1621 5101 ⁸⁸
1653 5071 1773 5124 cod.
1806 5072 1842 5124 2
1869 5071 2024 5125 λίσαν

2124 5074 2150 5103 ’⁷
2188 5072 2315 5129 Rec.
2350 5073 2507 5128 lectio
2554 5083 2638 5128 est
2690 5072 2838 5144 χοῦν.
2916 5074 2963 5107 ⁸⁸
3004 5077 3288 5135 Ἔπεσεν.
3348 5077 3482 5132 Hec.
3547 5072 3694 5144 lectio

433 5143 543 5201 lt.l.
570 5153 657 5199 est
689 5145 978 5228 ἐπέπεσον.
1017 5147 1179 5228 Hebr.
1212 5137 1327 5211 Sen
1355 5152 1625 5228 et‘gadere
1655 5154 2025 5228 fecit,_s.dejec

2128 5154 2335 5228 Symm.
2360 5156 2456 5228 καὶ
2486 5136 2771 5228 ἐπέϐαλεν.
2849 5155 2895 5189 ε’
2934 5159 3055 5228 Οὐκ
3083 5158 3287 5228 ἐστερ.
3316 5159 3484 5214 Hebr.
3510 5136 3695 5228 “me

428 5230 555 5294 §_or_t_
570 5224 916 5294 recesserunt,
949 5233 995 5294 ε.
1042 5220 1385 5294 destiterunt.
1411 5222 1630 5294 ASymm.
1655 5220 1772 5276 οὐκ
1802 5220 2139 5294 ἀπεσὲησαν.

1936 5294 2161 5350 Prtestat
2211 5305 2392 5349 autem
2455 5312 2564 5349 rec.
2626 5296 2786 5350 lectio
2838 5295 3041 5350 πίοσιν.
3092 5296 3259 5353 Hebr.
3329 5296 3689 5358 unum.

500 5286 814 5363 Ελείοσιν.
852 5287 946 5363 lt:_t_
983 5289 1085 5363 leg.
1131 5291 1182 5342 in
1220 5292 1352 5363 edit.
1394 5284 1514 5347 Ald.
1562 5302 1615 5347 et
1667 5294 1880 5363 Compl-

2235 5227 2280 5258 ⁹⁰
2301 5225 2606 5292 Βρώσεως.
2628 5226 2708 5304 _ln
2735 5236 2901 5304 _texttt_
2926 5226 3036 5279 τῶν
3064 5225 3277 5304 0_’.a_ddi
3327 5230 3471 5283 solet
3504 5225 3692 5304 αὐτῶν.

436 5355 475 5437 ἒ·
501 5353 873 5437 ’βξλεκτούᾳ
901 5353 1066 5437 Hebr:
1098 5368 1303 5422 ων-ππηει
1323 5361 1558 5437 jurcn‘es.
1582 5432 1594 5437 _
1636 5364 1682 5395 ”
1707 5353 2025 5437 Συίοεπόδιε

2124 5408 2135 5419 .
2163 5365 2326 5419 Hebr.
2351 5375 2522 5437 νηοῦ
2545 5366 2851 5437 prostravit.
2883 5364 3090 5437 Symm.
3118 5353 3414 5422 dinam-:7;
3436 5353 3443 5358 ’
3469 5353 3691 5437 ῖῖῷεόν.

431 5424 552 5477 cod.
634 5428 1251 5506 prgin:_pt).avgpmnov.

1381 5434 1426 5506 ⁸-³
1454 5432 1763 5506 Early-are.
1801 5435 1925 5506 cod.
1954 5435 1988 5487 2
2025 5435 2317 5506 ἐπήνεγκε.

2420 5429 2829 5511 ⁹⁶.⁴ἓίδιί()’κιι)ντ⁸
2850 5429 2969 5491 cod.
3066 5453 3265 5511 praem.
3295 5438 3413 5511 atat.
3507 5435 3561 5511 _"’
3586 5429 3693 5511 _Kal

429 5518 500 5578 -ς
543 5496 760 5578 αὐτῶν.
796 5496 959 5552 Hebr.
1017 5497 1080 5551 Et
1106 5503 1432 5569 consumpsit
1461 5504 1515 5556 in
1560 5496 1791 5578 patritam
1815 5505 1927 5558 dies
1974 5521 2025 5558 ea

2124 5496 2176 5558 it.
2207 5496 2427 5575 'Aquila.
2472 5507 2582 5558 Kal
2627 5504 2972 5560 συνετέλεσεν
3018 5496 3093 5570 Co}
3124 5507 3306 5578 ἁτμδν
3350 5508 3450 5570 τὰς
3496 5506 3695 5577 ἡμέρας

431 5573 631 5629 αὐτῶν.

428 5709 453 5740 ⁸
481 5709 828 5793 Alt/afﬁne.
849 5709 978 5774 cod.
1000 5723 1035 5776 2
1059 5723 1372 5793 ζητοῦντες.

432 5794 619 5849 prann.
643 5780 720 5834 δέ.

431 5577 631 5653 abit-Tw.
733 5580 780 5612 ⁸⁸
806 5583 965 5636 Μετὰ
1002 5582 1298 5651 σπουδῆς.
1331 5585 1496 5640 Hebr.
1539 5577 1721 5648 {15.133
1748 5589 1802 5641 in
1839 5597 2057 5643 terrore.

431 5640 594 5711 lectto
622 5654 702 5699 est
734 5649 980 5711 ἐζήτουν,
1016 5654 1225 5709 omisso
1259 5655 1401 5711 τότε.
1483 5659 1501 5687 ²
1531 5658 1758 5711 Βοηθὸς·
1790 5656 2009 5711 αὐτῶν.
2048 5658 2057 5711 l

796 5652 980 5718 ήτουν,
1016 5654 1225 5709 omisso
1259 5655 1401 5711 τότε.
1483 5659 1501 5687 ²
1531 5658 1758 5727 Βοηᾷὸς
1790 5656 2009 5712 αὐτῶν.
2048 5657 2211 5714 Hebr.
2242 5669 2415 5718 mw
2444 5667 2594 5728 petra
2620 5674 2821 5712 eorum.
2916 5659 2936 5690 ³
2962 5663 2989 5713 l

796 5736 823 5769 ι.
849 5720 967 5774 cod.
1000 5723 1035 5776 2
1059 5723 1372 5793 ζητοῦντες.
1506 5727 1526 5758 ⁸
1560 5725 1934 5796 Ἠγάπησαν.
1964 5728 2124 5785 Hebr.
2160 5738 2370 5789 1.1mm
2411 5740 2459 5784 et
2500 5729 2824 5798 pellexerunt
2851 5744 2989 5784 eum.

2154 5588 2201 5621 θ’
2242 5588 2361 5643 cod.
2404 5589 2439 5642 2
2489 5587 2792 5643 ἐποιοῦντο.
2905 5590 2921 5621 ί
2978 5590 3115 5643 Τότε
3176 5589 3526 5659 ὲξεζήτουν.
3572 5587 3691 5659 Hec.

2916 5659 2936 5690 ³
2962 5659 3172 5725 Πέδας.
3225 5655 3353 5716 cod.
3404 5661 3441 5715 2
3468 5655 3689 5727 πληγάς;

3102 5722 3139 5761 ⁶’
3151 5729 3477 5801 Χρώμενοι.
3512 5722 3626 5785 cod-
3658 5722 3692 5788 2.
