4028 6210
345 363 483 432 1501

1634 365 1714 426 1N
1755 340 1963 427 PsAL.
2003 336 2292 430 Lxxvﬁ.

3462 367 3600 434 1502

347 485 482 548 λίην,
520 482 625 552 τὴν
662 479 1060 550 ἀγανάκτησιν.
1103 478 1375 548 Καθάπερ
1427 478 1536 550 γὰρ
1591 479 1920 532 ἐπείσικτόν

2033 481 2170 535 enim
2220 481 2626 551 quodammodo
2680 482 2900 554 crapula
2950 483 3243 540 adventitia
3270 482 3404 552 Deo,
3437 497 3600 555 plena

342 577 460 628 ἐστι
493 573 651 639 Θεοῦ,
696 573 938 646 τιμωρία
951 575 995 606 ⁶⁶
1025 572 1249 636 δικαίως
1267 573 1310 604 ⁸⁷
1338 572 1456 634 τοῖς
1499 569 1921 642 πλημμελοῦσιν

343 666 683 737 ἐπαγομένη.

413 755 510 822 ξζν.
547 775 566 808 ι
607 757 711 810 Καὶ
734 757 998 811 ἀπώσατο
1048 756 1110 810 τὸ
1135 757 1402 828 σκήνωμα
1441 754 1666 826 Ἰωσὴφ,
1699 755 1794 808 καὶ
1822 755 1922 826 τὴν

343 847 519 916 φυλὴν
561 847 806 919 Ἐφραῖμ
861 850 965 903 οὐκ
1013 847 1323 914 ἐξελέξατο.
1351 867 1369 901 ι
1409 847 1582 901 Πάλιν
1630 847 1726 910 τὰς
1755 847 1923 912 ἄλλας

342 938 663 992 καταλιπὼν
726 941 922 1009 φυλὰς,
965 941 1136 1011 μόνης
1187 941 1465 1011 μέμνηται
1515 939 1618 1007 τῆς
1659 936 1920 1009 Ἑφραῒμ,

344 1029 442 1098 τὴν
477 1030 748 1100 ἐσομένην
780 1031 1032 1102 προορῶν
1085 1030 1401 1102 τυραννίδα.
1445 1031 1542 1082 Ἐκ
1584 1029 1792 1100 ταύτης
1814 1030 1923 1100 γὰρ

356 1121 644 1192 Ἰεροϐοὰμ
673 1122 1016 1192 ὁρμώμενος,
1047 1123 1146 1186 τὰς
1177 1123 1310 1176 δέκα
1339 1120 1512 1188 φυλὰς
1543 1124 1606 1175 ἐκ
1632 1121 1734 1188 τῆς
1759 1121 1922 1174 Δαϐι-

345 1213 506 1282 τικῆς
535 1213 816 1284 ἀπέρρηξε
841 1213 1126 1281 βασιλείας
1155 1230 1170 1246 ο
1213 1213 1412 1284 Ἰωσὴφ
1443 1214 1501 1267 δὲ
1546 1215 1642 1266 καὶ
1684 1211 1925 1284 Ἐφραῒμ

347 1303 446 1372 τὴν
495 1303 666 1372 αὐτὴν
722 1304 871 1370 λέγει
904 1304 1119 1374 φυλήν·
1172 1304 1288 1367 υἱὸς
1345 1307 1455 1374 γὰρ
1500 1303 1598 1357 τοῦ
1654 1303 1853 1374 Ἰωσὴφ
1895 1303 1924 1356 6

359 1395 621 1464 ’Etppa'ttt.
669 1394 1022 1464 Ἀπωσθῆναι
1056 1395 1112 1448 δὲ
1170 1395 1344 1466 αὐτὴν
1381 1395 1552 1464 λέγει,
1579 1393 1658 1464 τῷ
1693 1394 1768 1464 μὴ
1807 1395 1926 1447 δια-

349 1490 529 1556 μεῖναι
569 1487 626 1538 ἐν
650 1489 714 1556 τῇ
740 1485 944 1557 Σηλὼμ
971 1488 1071 1558 τὴν
1115 1487 1344 1558 σκηνὴν,
1394 1487 1513 1542 ἀλλ’
1541 1489 1598 1539 ὲν
1620 1489 1686 1556 τῇ
1727 1485 1925 1556 Ἰερου-

345 1577 532 1646 σαλὴμ
565 1581 666 1648 τῆς
694 1578 850 1642 θείας
895 1579 1133 1632 κιϐωτοῦ
1169 1579 1475 1648 μεταϐῆναι
1515 1579 1618 1649 τὴν
1647 1579 1832 1648 χάριν.
1865 1579 1925 1630 ἐν

344 1662 379 1742 ᾖ
415 1669 508 1719 καὶ
539 1669 568 1720 6
594 1667 848 1738 Σολομὼν
899 1669 1040 1738 μετὰ
1069 1668 1244 1722 ταῦτα
1283 1668 1373 1722 τὸν
1409 1667 1551 1721 θεῖον
1597 1665 1734 1721 νεὼν
1789 1665 1924 1720 ἐδεί-

347 1775 507 1830 ματο.

2023 591 2145 646 quae
2165 577 2314 648 juste
2345 577 2727 649 peccatoribus
2757 577 3044 650 inﬂigitur.

2092 756 2258 813 Vens.
2291 756 2380 815 67.
2427 778 2446 811 ι
2489 758 2556 815 Et
2595 759 2794 831 repulit
2834 758 3245 815 tabernaculum
3290 757 3513 828 Joseph,
3545 765 3602 813 et

2022 849 2223 904 tribum
2279 849 2536 920 Ephraim
2568 866 2676 905 non
2707 850 2888 919 elegit.
2931 869 2950 902 ι
2993 848 3226 911 Rursus,
3264 850 3386 905 aliis
3427 849 3602 904 tribu-

2023 941 2129 996 bus
2150 942 2447 1007 derelictis,
2477 941 2649 997 solius
2674 941 2930 1012 Epliraim
2953 941 3224 1007 meminit,
3242 941 3484 998 futuram
3519 948 3600 1011 ty-

2025 1035 2310 1088 rannidem
2345 1034 2668 1102 praevidens.
2689 1033 2767 1088 Ex
2799 1033 2900 1113 hac
2928 1033 3073 1087 enim
3105 1041 3260 1086 ortus
3288 1030 3600 1096 Jeroboam,

2025 1141 2056 1178 a
2117 1125 2375 1180 Davidico
2424 1141 2588 1196 regno
2625 1127 2811 1182 decem
2863 1127 3038 1181 tribus
3095 1125 3344 1180 abduxit.
3395 1123 3602 1192 Joseph

2024 1231 2190 1288 porro
2213 1227 2268 1272 et
2323 1217 2584 1288 Ephraim
2645 1219 2890 1274 eamdem
2944 1218 3148 1272 tribum
3199 1214 3412 1287 ιιϐῶ1
3447 1215 3598 1277 dicit.

2025 1309 2156 1379 quia
2213 1310 2359 1365 illius
2413 1308 2636 1381 Josepbi
2691 1310 2793 1366 fuit
2850 1309 3130 1380 Epliraim.
3175 1309 3450 1378 Reiectani
3498 1322 3600 1362 au-

2049 1419 2134 1460 em
2170 1407 2312 1460 hanc
2358 1403 2529 1460 fuisse
2571 1404 2721 1470 dicit,
2791 1404 2936 1474 quod
2961 1402 3372 1458 tabernaculum
3403 1401 3458 1455 in
3483 1399 3602 1455 Silo

2026 1515 2136 1554 non
2183 1499 2567 1569 permanserit,
2602 1497 2696 1554 sed
2741 1496 2944 1551 divinae
2991 1511 3133 1551 areae
3164 1495 3339 1565 gratia
3368 1495 3388 1516 ’
3425 1503 3607 1548 trans-

2029 1592 2138 1646 lata
2194 1591 2362 1646 fuerit
2405 1589 2861 1660 Hierosolymam,
2896 1589 2950 1643 in
3009 1605 3118 1659 qua
3149 1587 3411 1644 Salomon
3440 1587 3602 1643 etiam

2026 1693 2217 1754 postea
2246 1685 2493 1740 divinum
2529 1685 2790 1754 templum
2821 1683 3014 1738 erexit.

417 1849 518 1920 ξη’.
556 1869 575 1902 ι
619 1851 730 1904 Καὶ
774 1849 1064 1917 ἐξελέξατο
1108 1851 1208 1922 τὴν
1240 1851 1414 1920 φυλὴν
1456 1849 1627 1906 Ἰούδα
1654 1869 1669 1884 ο
1705 1850 1767 1905 τὸ
1795 1851 1922 1922 ὅρος

2102 1867 2268 1924 Vens.
2301 1869 2389 1923 68.
2435 1889 2453 1921 ι
2484 1867 2550 1922 Ει
2574 1869 2737 1938 elegit
2763 1869 2964 1922 tribum
2990 1866 3154 1932 Inda,
3186 1875 3426 1922 montem
3446 1865 3604 1934 Sion,

342 1942 405 1994 τὸ
431 1941 591 2007 Σιὼν,
622 1942 650 1994 ὃ
677 1943 988 2011 ἠγάπησεν.
1017 1963 1034 1994 ι
1068 1942 1386 2010 Ἐξελέξατο
1408 1945 1592 2015 μέντοι
1622 1945 1720 2014 τὴν
1750 1945 1924 2014 φυλὴν

356 2033 548 2097 Ἰούδα,
582 2033 673 2087 διὰ
698 2035 796 2105 τὴν
829 2036 886 2102 ἐξ
933 2036 1132 2089 Ἰεσσαὶ
1165 2037 1364 2106 ῥάϐδον
1394 2038 1655 2108 ἀνθήσειν
1684 2036 1728 2069 ⁸⁸
1756 2054 1927 2108 προσ-

345 2126 686 2195 δοκωμένην.
720 2125 940 2196 Ταύτην
978 2127 1037 2179 δὲ
1064 2129 1165 2198 τὴν
1198 2126 1435 2198 βλάστην
1467 2129 1563 2180 καὶ
1585 2129 1614 2181 6
1650 2130 1926 2198 πατριάρο

348 2235 451 2288 χης
507 2217 706 2270 Ἰακὼϐ
784 2218 1183 2290 προεθέσπισεν
1239 2219 1480 2283 εὐλογῶν
1528 2219 1622 2271 τὸν
1689 2221 1924 2272 Ἰούδαν·

353 2311 629 2380 μέμνηται
651 2311 706 2364 δὲ
733 2311 906 2379 αὐτῆς
925 2312 1018 2364 καὶ
1037 2312 1064 2363 ὁ
1093 2310 1383 2373 Θεσπέσιος
1403 2311 1641 2376 Παῦλος,
1666 2313 1868 2365 οὑτωσὶ
1883 2314 1927 2346 ⁸⁸

347 2401 521 2469 λέγων
543 2419 557 2433 ο
597 2423 613 2453 ι
657 2402 932 2473 Πρόδηλον
967 2401 1024 2454 δὲ
1060 2402 1142 2454 ὅτι
1185 2402 1244 2466 ἐξ
1294 2401 1468 2454 Ἰούδα
1505 2403 1873 2456 ἀνατέταλκεν
1901 2405 1930 2456 6

351 2495 557 2566 Κύριος
587 2496 746 2564 ἡμῶν
781 2494 994 2563 Ἰησοῦς
1027 2495 1284 2564 Χριστός.
1323 2513 1342 2545 ι
1375 2494 1596 2564 Ταύτης
1627 2491 1720 2548 οὖν
1765 2495 1930 2549 ἕνεκα

348 2587 448 2656 τὴν
489 2587 658 2640 Ἰούδα
694 2587 870 2656 φυλὴν
920 2587 1030 2639 τῶν
1059 2587 1236 2639 ἄλλων
1291 2586 1613 2655 προείλετοο
1654 2587 1844 2657 ἐπειδὴ
1874 2586 1931 2640 δὲ

347 2679 505 2732 τοῦτό
537 2697 652 2742 πως
680 2681 930 2746 ἠγνοεῖτο
956 2681 1072 2740 τοῖς
1100 2679 1320 2742 πολλοῖς
1342 2680 1402 2732 τὸ
1431 2680 1750 2749 μυστήριον,
1786 2679 1932 2748 μάλα

353 2769 538 2839 σαφῶς
557 2771 603 2802 ’⁷ο
628 2771 878 2838 ἐπήγαγε
899 2786 912 2798 ·
943 2789 960 2820 ι
990 2771 1064 2842 T6
1081 2771 1208 2839 ὅρος
1237 2770 1299 2822 τὸ
1325 2769 1484 2836 Σιὼν,
1511 2771 1539 2824 ὃ
1569 2771 1880 2840 ἠγάπησεν,
1906 2789 1925 2822 ι

353 2861 439 2914 ἵνα
491 2860 598 2912 τῶν
635 2860 811 2914 ἄλλων
847 2861 1032 2930 φυλῶν
1084 2861 1400 2931 κατασϐέσῃ
1425 2861 1518 2914 τὸν
1563 2861 1782 2929 φθόνον,
1837 2878 1934 2932 μο-

352 2953 566 3021 νονουχὶ⁸
619 2951 830 3020 λέγων’
885 2953 1179 3022 Μηδεμίαν
1252 2953 1510 3023 ἀφορμὴν
1593 2951 1932 3023 ζηλοτυπίας

353 3043 663 3113 εἰσδέξησθε
697 3045 766 3097 τ’.
804 3043 906 3096 Διὰ
937 3045 1046 3114 γὰρ
1094 3045 1157 3097 τδ
1193 3043 1332 3096 Σιὼν
1361 3045 1486 3115 ὅρος
1524 3045 1810 3112 ἐξελέξατο
1835 3045 1934 3117 τὴν

366 3131 542 3186 Ἰούδα
589 3134 787 3202 φυλήν.
841 3134 1054 3196 Ἀλλως
1098 3150 1160 3185 τε
1213 3134 1309 3186 καὶ
1356 3135 1654 3204 σεϐάσμιον
1681 3134 1934 3206 βούλεται

2029 1978 2191 2032 quem
2227 1961 2439 2016 dilexit.
2476 1981 2494 2013 ι
2536 1960 2711 2030 Elegit
2741 1961 2883 2014 hanc
2903 1961 3104 2015 tribum
3127 1959 3282 2016 Iudae
3303 1960 3372 2014 ob
3390 1959 3605 2030 virgam

2026 2051 2201 2119 Iesse,
2227 2068 2350 2122 quae
2381 2053 2803 2122 exspectabatur
2831 2061 2890 2105 ut
2919 2050 3250 2106 ﬂoresceret.
3279 2049 3390 2104 lloc
3423 2059 3606 2104 autem

2029 2159 2249 2214 germen
2304 2152 2358 2196 et
2395 2143 2706 2212 patriarcha
2738 2139 2907 2196 Jacol)
2939 2141 3272 2196 vaticinatus
3299 2147 3405 2205 est,
3437 2139 3609 2192 liene-

2029 2237 2218 2292 dicens
2245 2236 2418 2291 Judae.
2444 2233 2800 2306 Meminitqne
2828 2234 2996 2304 hujus
3012 2237 3180 2305 virgae
3201 2233 3364 2288 etiam
3390 2231 3610 2286 divinus

2029 2329 2234 2383 Paulus
2289 2328 2369 2380 sic
2415 2326 2651 2382 dicens:
2717 2345 2736 2378 ι
2779 2326 3125 2380 Manifestum
3181 2337 3362 2380 autem
3411 2332 3495 2378 est
3540 2337 3610 2377 ex

2029 2416 2166 2471 Jnda
2226 2416 2520 2470 Dominum
2567 2427 2818 2471 nostrum
2869 2417 3058 2472 Jesum
3107 2417 3384 2472 Christum
3425 2424 3610 2469 ortum

2032 2531 2156 2571 esse
2187 2517 2230 2569 ε.
2272 2533 2291 2566 ι
2336 2514 2564 2582 Propter
2615 2513 2755 2566 hanc
2786 2512 2954 2582 igitur
2987 2511 3198 2580 virgam
3231 2511 3432 2565 tribum
3455 2507 3611 2564 Iuda:

2033 2607 2155 2662 aliis
2213 2605 2470 2676 prtetulit.
2518 2604 2788 2671 Quoniam
2821 2612 3002 2657 autem
3058 2603 3162 2657 hoc
3207 2602 3524 2672 mysterium
3575 2616 3606 2656 a

2035 2701 2225 2756 multis
2275 2699 2680 2770 quodammodo
2738 2695 3115 2766 ignorabatur,
3168 2695 3304 2750 satis
3352 2695 3612 2749 distincte

2035 2793 2242 2848 addidit
2270 2811 2283 2846 :
2325 2811 2344 2844 ι
2384 2790 2622 2846 Montem
2650 2790 2783 2846 Sion
2814 2805 2976 2860 quem
3009 2789 3219 2854 dilexit,
3247 2807 3266 2840 ι
3296 2797 3355 2842 ιιι
3377 2789 3609 2844 aliarum

2035 2883 2278 2938 tribuum
2345 2883 2606 2936 invidiam
2665 2881 3074 2949 restingueret:
3135 2879 3294 2948 quasi
3357 2879 3610 2932 diceret:

2037 2975 2252 3030 Nullam
2301 2975 2522 3030 invidiae
2562 2989 2752 3029 ansam
2785 2971 3029 3040 arripite,
3066 2969 3513 3040 quandoquidem
3541 2970 3614 3024 ob

2040 3069 2261 3122 Sionem
2319 3076 2557 3122 montem
2608 3064 2762 3120 Jndae
2811 3065 3016 3118 tribum
3049 3063 3231 3132 elegit.
3263 3062 3528 3116 Praeterea
3559 3069 3614 3116 et

2037 3159 2406 3213 venerandum
2465 3163 2703 3211 montem
2755 3155 3046 3210 ostendere
3095 3153 3231 3218 vult,
3267 3169 3333 3210 eo
3379 3153 3526 3224 quod
3555 3151 3613 3208 in

355 3225 524 3324 δεῖξαι
554 3227 613 3280 τὸ
647 3227 792 3296 ὅρος,
837 3227 924 3280 διὰ
968 3227 1059 3280 τὸν
1094 3226 1664 3298 οίκυδομηθησόμενον
1705 3227 1840 3282 νεὼν
1874 3229 1932 3284 ἐν
1960 3247 2004 3304 c
2037 3253 2158 3324 ipso
2190 3252 2452 3321 mmpmm
2485 3249 2864 3304 mdilicandum
2897 3256 3035 3303 erat.

357 3320 529 3390 αὐτῷ.

429 3434 524 3496 Εθ’.
586 3453 603 3486 ι
659 3435 772 3488 Καὶ
831 3435 1184 3506 ᾠκοδόμησεν
1235 3437 1310 3499 ὡς
1363 3435 1756 3508 μονοκερώτων
1777 3437 1822 3468 τ’
1877 3437 1939 3490 τὸ

359 3527 608 3596 ἀγίασμα
643 3525 834 3581 αὐτοῦ.
877 3547 894 3578 ι
929 3529 1142 3597 Κέρατι
1175 3528 1265 3580 τὸν
1301 3529 1616 3598 μονόκερων
1647 3530 1728 3582 ἐνὶ
1757 3528 1938 3581 καθω-

359 3617 586 3670 πλίσθαι
613 3619 779 3686 φασίν
805 3634 820 3649 ο
847 3617 944 3672 ἕνα
973 3618 1029 3670 δὲ
1057 3623 1386 3688 προσκυνεῖν
1411 3621 1547 3673 Θεὸν
1589 3621 1682 3673 καὶ
1711 3622 1740 3672 6
1776 3620 1939 3689 νόμος

359 3703 597 3766 ἐδίδαξεν
624 3704 688 3756 ⁷³.
745 3705 988 3768 Εἰκότως
1039 3707 1218 3759 τοίνυν
1261 3708 1531 3762 ἀπείκασε
1599 3709 1938 3780 μονοκέρωτι

356 3795 446 3850 τὸν
477 3797 574 3850 ἕνα
606 3795 770 3862 νεὼν,
803 3797 896 3849 τὸν
919 3797 996 3866 τῷ
1029 3799 1109 3850 ἐνί
1145 3800 1527 3868 ἀφιερωμένον
1553 3800 1672 3869 θεῷ
1697 3801 1764 3852 ⁷⁵.
1804 3818 1824 3850 ι
1848 3800 1938 3853 Ἑν

357 3891 424 3958 τῇ
466 3893 535 3958 γῇ
559 3888 605 3920 ⁷⁸
647 3889 1014 3957 ἐθεμελίωσεν
1046 3890 1215 3959 αὐτὴν
1253 3892 1333 3953 είς
1378 3891 1466 3944 τὸν
1501 3890 1694 3944 αίῶνα.
1735 3909 1754 3941 ι
1788 3893 1855 3943 Ὀ
1881 3891 1937 3942 δὲ

360 3981 660 4051 Σύμμαχος
711 3981 924 4044 οὕτως·
981 3981 1134 4048 Ὡς⁷⁶
1179 3983 1296 4050 τὴν
1329 3982 1466 4052 γῆν,
1511 3981 1590 4048 ἢν
1623 3983 1935 4050 ἐθεμελίω-

359 4088 476 4138 σας
495 4074 541 4104 ⁷⁷
566 4077 654 4140 εἰς
683 4075 788 4127 τὸν
825 4073 1031 4128 αἰῶνα.
1095 4075 1202 4127 Καὶ
1237 4076 1286 4128 οἱ
1337 4075 1486 4128 ἄλλοι
1529 4075 1585 4128 δὲ
1623 4075 1720 4145 τὴν
1769 4075 1940 4144 αὐτὴν

359 4163 597 4217 διάνοιαν
624 4165 1034 4234 ἡρμηνεύκασι.
1085 4165 1250 4232 Λέγει
1290 4166 1492 4228 τοίνυν,
1527 4167 1609 4219 ὅτι
1684 4165 1940 4236 καθάπερ

365 4254 494 4320 μίαν
551 4253 952 4326 ἐδημιούργησε
995 4257 1120 4326 γῆν,
1178 4255 1321 4308 οὕτω
1350 4255 1487 4310 νεὼν
1533 4257 1810 4320 Ἰουδαίοις
1842 4257 1942 4312 ἕνα

361 4345 668 4416 δημιουργῆ
678 4365 767 4399 σαι
807 4349 1137 4418 προσέταξε.

430 4444 496 4490 0'.
549 4457 568 4489 ι
610 4441 718 4492 Καὶ
766 4441 1046 4505 ἐξελέξατο
1093 4441 1259 4494 Δαϐὶδ
1289 4441 1380 4493 τὸν
1404 4441 1592 4494 δοῦλον
1623 4441 1813 4507 αὑτοῦ,
1847 4441 1942 4495 καὶ

2120 3450 2281 3504 Vens.
2322 3448 2409 3502 69.
2448 3464 2470 3498 ι
2508 3447 2574 3502 Et
2611 3447 2898 3503 aediﬁcavit
2927 3446 3067 3502 sicut
3106 3445 3455 3500 unicornium
3488 3459 3617 3500 san-

2041 3541 2308 3597 ctuarium
2339 3554 2522 3592 suum.
2556 3557 2574 3590 ι
2614 3537 2736 3592 Uno
2763 3553 2938 3593 cornu
2963 3538 3116 3592 aiunt
3143 3537 3465 3592 unicornem
3493 3553 3616 3591 mu—

2042 3635 2214 3689 nitum
2261 3647 2404 3686 esse.
2457 3631 2638 3687 Unum
2689 3639 2870 3684 autem
2919 3628 3090 3684 Deum
3135 3629 3318 3684 colere
3344 3627 3618 3682 etiamlex

2041 3725 2248 3778 docuit.
2279 3723 2412 3778 Jure
2443 3725 2611 3794 igitur
2639 3723 2861 3777 unicum
2896 3723 3181 3793 templum,
3214 3724 3308 3778 uni
3341 3721 3454 3778 Deo
3485 3738 3618 3778 con-

2042 3829 2338 3882 secratum,
2388 3817 2642 3871 nnicorni
2683 3815 3044 3885 comparavit.
3089 3834 3107 3868 ι
3147 3813 3204 3868 In
3237 3823 3382 3868 terra
3419 3813 3618 3868 funda-

2043 3913 2119 3965 vit
2159 3928 2279 3965 eam
2337 3913 2390 3964 in
2438 3912 2658 3965 saecula.
2699 3929 2716 3960 ι
2751 3909 3115 3980 Symmachus
3167 3917 3351 3962 autem
3411 3909 3512 3970 sic,
3549 3904 3618 3960 Ut

2044 4011 2264 4065 terram,
2322 4017 2479 4069 quam
2536 4000 2780 4067 fundasti
2836 4001 2890 4052 in
2947 3999 3168 4054 alecula.
3209 3997 3399 4051 Caneri
3452 3997 3618 4050 etiam

2049 4091 2258 4163 1165
2285 4091 2541 4157 eumdem
2569 4107 2802 4146 sensum
2829 4097 3234 4160 expresserunt.
3257 4088 3392 4143 Dicit
3429 4089 3616 4158 igitur,

2043 4183 2188 4252 quod
2222 4183 2366 4236 sicut
2407 4197 2568 4234 unam
2602 4192 2802 4235 terram
2839 4180 3105 4242 condidit,
3146 4180 3228 4234 sic
3255 4179 3458 4233 Judaeis
3483 4194 3618 4248 prae-

2042 4274 2246 4341 ceperit
2279 4284 2336 4328 ut
2362 4289 2529 4326 unum
2565 4273 2823 4342 templum
2848 4272 3140 4341 erigerent.

2114 4453 2281 4507 Vens.
2336 4451 2422 4506 70.
2474 4470 2492 4503 ι
2530 4449 2596 4505 Et
2624 4449 2784 4520 elegit
2813 4448 3072 4503 Dat-idem
3101 4461 3318 4501 servum
3351 4459 3534 4508 suum,
3566 4451 3620 4498 et

360 4529 624 4584 ἀνέλαϐεν
663 4533 826 4586 αὑτὸν
862 4536 925 4586 ἐκ
948 4534 1058 4586 τῶν
1099 4535 1370 4604 ποιμνίων
1409 4534 1518 4586 τῶν
1564 4535 1876 4605 προϐάτων.
1915 4553 1930 4586 ι

2045 4547 2286 4616 suscepit
2332 4561 2457 4598 cum
2493 4547 2560 4599 de
2596 4543 2853 4615 gregibus
2905 4540 3109 4596 ovium.
3149 4558 3168 4590 ι
3207 4537 3404 4591 Eadem
3453 4551 3618 4606 opera

363 4623 522 4676 Κατὰ
552 4625 756 4677 ταυτὸν
783 4625 872 4678 διὰ
924 4628 1132 4679 τούτων
1189 4593 1450 4698 ἐδήλωσε,
1501 4593 1618 4680 καὶ.
1646 4627 1742 4680 τοῦ
1775 4627 1930 4680 Δαϐὶξ

2045 4593 2286 4616 """""I"'
2336 4593 2457 4598 “’”“““
2498 4593 2557 4599 “'
2600 4593 2849 4615 D"O'""'
2913 4593 2928 4596 '
2978 4593 2987 4594 ί
3098 4593 3106 4594 ί
3491 4593 3504 4606 Ι

2051 4638 2136 4692 liis
2181 4637 2361 4691 verbis
2393 4637 2648 4702 ostendit,
2675 4645 2726 4688 et
2757 4634 2976 4688 Dav-illis
3013 4633 3292 4696 virtutem,
3329 4629 3620 4683 nominans

361 4715 462 4784 τὴν
492 4717 712 4787 ἀρετὴν,
767 4717 954 4771 δοῦλον
988 4719 1152 4772 αὑτὸν
1198 4719 1472 4790 ὀνομάσας
1503 4719 1663 4785 Θεοῦ,
1719 4721 1814 4773 καὶ
1847 4719 1930 4772 τοῐ

2051 4729 2228 4799 ipsum
2280 4742 2495 4782 servum
2541 4725 2657 4790 Dei,
2695 4733 2750 4780 et
2786 4724 3041 4779 eximiam
3092 4722 3186 4778 Dei
3218 4722 3620 4786 liberalitatem,

363 4805 500 4859 Θεοῦ
547 4807 646 4878 τὴν
698 4809 1032 4881 φιλοτιμίαν,
1106 4811 1187 4865 ὅτι
1234 4811 1326 4865 τὸν
1384 4812 1660 4882 προϐατέα
1715 4809 1930 4882 βασιλέα

2051 4819 2313 4892 quoniam
2348 4827 2622 4890 pastorem
2658 4833 2838 4888 regem
2875 4815 3022 4872 fecit.

364 4897 686 4968 πεποίηκεν.

441 5096 468 5138 ε
495 5093 656 5150 Hebr.
702 5111 796 5160 vn,
836 5097 920 5150 14.

1455 5281 1689 5336 VARIAS
1731 5278 2115 5336 LECTIONES
2156 5281 2241 5336 ET
2279 5281 2506 5337 ΝΟΤᾸΞ.

441 5423 488 5454 ⁸⁸
530 5425 772 5493 τιμωρία
799 5423 922 5478 cod.
952 5425 986 5478 2
1010 5442 1196 5491 praem.
1229 5427 1384 5482 ἀλλά.
1464 5427 1508 5458 ⁸⁷
1542 5427 1666 5482 εοιΙ.
1699 5428 1735 5480 2
1771 5427 1930 5482 δικαίέ

2057 5431 2102 5462 ⁸⁸
2144 5430 2484 5488 Ἀνθήσειν.
2511 5428 2633 5481 cod.
2667 5425 2700 5479 2
2729 5425 2826 5492 τὴν
2858 5425 3108 5493 ἀνθῆσαι.
3188 5425 3232 5455 θ’
3259 5422 3380 5493 cod.
3409 5422 3440 5474 Ξ
3462 5419 3627 5477 οὓτω.

370 5493 419 5527 ⁷⁸
451 5496 568 5568 cod.
599 5496 860 5568 2303965.
905 5564 917 5568 Δ
967 5496 1017 5568 ξι
1059 5498 1180 5568 qod.
1226 5499 1260 5550 2
1305 5497 1634 5560 εἰσδέξασθε.
1747 5500 1792 5529 ⁷³
1825 5502 1924 5553 cod

2069 5501 2462 5568 μονοκέρωτος,
2514 5499 2678 5552 Hebr.
2719 5492 3046 5568 allow-13:3
3084 5497 3260 5568 instar:
3279 5492 3624 5568 palgtjorum:

375 5565 744 5636 Aqu.i6p.o:'w;
794 5564 1036 5634 ὑψηλοῖς.
1071 5565 1278 5636 Symm.
1319 5569 1394 5628 th;
1437 5569 1503 5620 τὰ
1553 5567 1754 5636 ὑψηλά.
1833 5570 1876 5600 ⁷³
1909 5587 1930 5624 (Ἰ

2069 5560 2116 5622 '2
2169 5560 2473 5622 ἐδίδασκεν.
2550 5568 2596 5600 τι
2630 5567 2751 5630 Θεῷ
2801 5570 3028 5636 Alwsta
3075 5565 3196 5617 cod.
3233 5564 3285 5617 ‘2.
3338 5563 3526 5636 ""Er
3554 5560 3630 5630 τῇ

375 5635 471 5704 γῇ.
505 5635 666 5689 Hebr.
696 5643 856 5720 V'lND
893 5633 1033 5688 sicut
1077 5633 1292 5692 terram.
1371 5639 1416 5667 ⁷⁸
1444 5639 1560 5703 Ὧς.
1596 5633 1720 5692 'co'u.
1759 5639 1794 5692 2
1823 5637 1902 5702 ὅς,

2053 5641 2234 5694 minus
2265 5646 2434 5694 recte.
2511 5639 2554 5672 ⁷⁷
2591 5638 2714 5694 cod.
2751 5637 2786 5690 2
2809 5635 3190 5706 ἐθεμελίωσεν,
3225 5643 3278 5688 ει
3304 5633 3385 5689 sic
3412 5649 3630 5705 quoque

378 5727 482 5793 leg.
518 5727 659 5795 apud
714 5725 902 5782 Montf.
947 5727 1001 5782 in
1039 5727 1270 5799 llexapl.
1328 5731 1392 5785 ad
1459 5731 1515 5784 l1.
1555 5731 1588 5784 Ι.
