4028 6210
348 261 494 324 1505

335 498 602 556 πετεινοῖς
620 494 714 546 τοῦ
735 491 992 564 οὐρανοῦ,
1011 491 1110 553 τὰς
1134 490 1346 558 σάρκας
1368 489 1482 542 τῶν
1503 490 1667 543 ὁσίων
1691 507 1784 543 σου
1799 492 1912 551 τοῖς

337 585 548 654 θηρίοις
565 586 662 653 τῆς
690 585 816 652 γῆς.
855 602 872 634 ι
897 581 1150 652 Τοσαύτη
1171 579 1438 650 θηριωδία
1456 579 1553 632 καὶ
1583 579 1751 650 μανίᾳ
1771 578 1914 633 κατὰ

335 675 443 728 τῶν
466 675 576 727 σῶν
599 674 948 745 θεραπόντων
977 673 1302 743 ἐχρήσαντο,
1329 669 1404 734 ὡς
1431 673 1542 732 τοῖς
1563 669 1774 740 θηρίοις
1819 671 1915 724 καὶ

335 771 448 829 τοῖς
481 767 588 820 τῶν
619 767 888 820 πετεινῶν
923 765 1282 836 σαρκοϐόροις
1318 763 1387 818 τὰ
1425 762 1634 816 τούτων
1684 761 1916 834 σώματα

339 860 620 930 προθεῖναι
658 859 862 926 Θοίνην.

408 959 476 1017 γ’.
526 971 544 1002 ι
595 951 849 1019 Ἐξέχεαν
866 949 927 1002 τὸ
957 943 1097 1017 αἷμα
1123 947 1304 1001 αὐτῶν
1329 946 1463 1000 ὡσεὶ
1489 946 1635 1016 ὕδωρ
1658 946 1846 1017 κύκλῳ
1867 947 1914 978 ³³

353 1043 734 1112 Ἰερουσαλὴμ,
775 1043 867 1094 καὶ
903 1041 1006 1094 οὐκ
1040 1036 1108 1109 ἢν
1137 1042 1164 1092 ὁ
1209 1039 1450 1092 ϐάπτων.
1490 1059 1508 1091 ι
1545 1041 1844 1108 Μιαιφόνον
1868 1039 1916 1072 ⁸⁸

343 1132 400 1184 δὲ
460 1132 788 1199 κεκτημένοι
849 1129 944 1199 τὴν
1000 1128 1248 1198 γνώμην,
1299 1127 1585 1198 ἀναιροῦσι
1641 1129 1738 1198 μὲν
1789 1129 1916 1191 τοὺς

348 1219 597 1290 εὐσεϐείᾳ
631 1218 907 1282 συζῶντας
936 1235 949 1249 ·
1003 1218 1253 1286 αἱμάτων
1280 1217 1338 1270 δὲ
1369 1217 1592 1286 ὀχετοὺς
1631 1219 1773 1270 κατὰ
1819 1217 1916 1286 τῆς

347 1311 448 1380 γῆς
479 1309 957 1381 παρασκευάζουσι
1001 1309 1287 1379 φέρεσθαι,
1325 1311 1504 1377 τάφου
1532 1310 1577 1340 ³⁸
1639 1308 1694 1362 δὲ
1732 1308 1917 1373 ἀξιοῦ-

347 1403 470 1454 σοαι
492 1404 618 1462 τοὺς
653 1400 1066 1470 σφαττομένους
1091 1400 1152 1452 οὺ
1192 1399 1592 1470 συγχωροῦσιν.

411 1491 472 1543 δ’.
515 1508 533 1541 ι
576 1489 946 1561 Ἐγενήθημεν
1001 1488 1203 1549 ὖνειδος
1227 1489 1272 1520 ’⁸
1328 1491 1439 1551 τοῖς
1469 1488 1702 1556 γείτοσιν
1739 1487 1913 1558 ἡμῶν,

345 1581 726 1652 μυκτηρισμὸς
776 1581 872 1634 καὶ
921 1579 1231 1650 χλευασμὸς
1281 1583 1396 1644 τοῖς
1440 1580 1626 1649 κύκλῳ
1682 1580 1859 1650 ἡμῶν.
1893 1600 1912 1633 ι

343 1670 528 1723 Ταῦτα
558 1672 706 1740 ἡμᾶς
736 1669 1138 1732 ὲπονειδίστους
1169 1672 1280 1732 τοῖς
1304 1669 1524 1740 ὁμόροις
1556 1671 1912 1740 εἰργάσαντο·

1585 285 1670 345 ΙΝ
1700 285 1907 346 PSAL.
1949 285 2274 348 LXXVIII.

337 423 358 456 ι
383 400 618 457 Ἐθεντο
633 401 702 456 τὰ
717 401 813 472 θνη
823 417 874 454 σι
882 402 1017 471 μαῖα
1039 398 1146 453 τῶν
1163 398 1366 453 δούλοιν
1393 415 1486 452 σου
1511 399 1778 471 βρώματα
1791 401 1905 462 τοῖς
1937 405 1979 457 Α

3456 295 3590 358 Ῑξέΰϐ

2081 417 2101 452 ι
2125 399 2662 476 Posuerunt1167
2691 407 2980 462 morticina
3020 423 3304 464 servorum
3377 422 3592 465 tuorum

2020 505 2176 546 escas
2209 493 2522 550 volatilibus
2577 498 2721 560 coeli.
2765 515 2961 555 carnes
3007 511 3322 555 sanctorum
3374 513 3594 556 tuorum

2020 580 2209 636 bestiis
2245 591 2424 639 terrae.
2467 603 2484 636 ι
2537 585 2710 641 Tanta
2745 589 3142 646 inhumanitate
3202 601 3254 646 et
3306 593 3492 648 furore
3539 593 3594 646 in

2024 678 2148 724 tuos
2189 673 2426 728 cultores
2457 677 2768 744 saevierunt,
2830 687 2889 732 ut
2936 679 3133 735 borum
3187 697 3416 753 corpora
3467 681 3596 738 feris

2021 761 2323 833 avibusque
2353 767 2655 823 carnivoris
2697 784 2878 824 escam
2901 783 3252 840 exponerent.

2093 934 2256 991 Vens.
2297 938 2350 996 5.
2421 959 2438 991 ι
2475 939 2794 998 Effuderunt
2837 946 3156 1016 sanguinem
3192 947 3434 1018 ipsorum
3476 940 3596 1005 tané

2021 1041 2186 1096 quam
2241 1045 2437 1098 aquam
2480 1031 2532 1084 in
2559 1033 2785 1088 circuitu
2815 1032 3224 1108 Hierosolyma,
3252 1047 3306 1092 et
3341 1054 3446 1093 non
3481 1049 3598 1095 erat

2023 1121 2115 1188 qui
2157 1123 2431 1189 sepeliret.
2472 1143 2490 1175 ι
2530 1123 2701 1180 Porro
2734 1127 2896 1180 credis
2936 1130 3185 1198 cupidam
3223 1138 3460 1186 mentem
3497 1132 3598 1186 ha-

2021 1210 2236 1275 bentes,
2271 1214 2288 1234 ’
2321 1215 2440 1282 pios
2483 1215 2730 1272 homines
2773 1230 2990 1284 necant,
3027 1221 3346 1292 faciuntque
3375 1231 3432 1276 ut
3473 1239 3600 1278 san-

2023 1305 2204 1372 guinis
2255 1305 2355 1360 rivi
2404 1322 2498 1376 per
2543 1318 2739 1364 terram
2776 1311 2964 1376 lluant,
3025 1329 3124 1366 nec
3154 1315 3475 1383 permittunt
3504 1331 3599 1373 eos

2023 1397 2115 1466 qui
2149 1398 2472 1454 occiduntur
2509 1403 2788 1470 sepultura
2820 1403 3034 1459 donari.

2100 1485 2261 1542 Vnus.
2301 1488 2358 1542 4.
2410 1509 2430 1542 ‹
2470 1489 2618 1544 Facti
2659 1507 2850 1548 sumus
2888 1495 3240 1564 opprobrium
3278 1495 3468 1552 vicinis
3499 1511 3599 1552 no-

2025 1581 2174 1646 stris,
2234 1583 2596 1639 subsannatio
2619 1597 2671 1641 et
2699 1588 2885 1642 illusio
2911 1589 2996 1644 his
3023 1589 3118 1659 qui
3150 1589 3203 1644 in
3236 1591 3469 1646 circuitu
3499 1607 3599 1646 no-

2024 1679 2141 1726 stro
2197 1683 2345 1728 sunt.
2382 1693 2402 1725 ι
2453 1673 2582 1729 Haec
2610 1676 2751 1746 apud
2785 1677 3046 1732 ﬁnitimos
3077 1693 3176 1732 nos
3211 1677 3442 1736 infames
3476 1681 3598 1734 red-

341 1763 430 1815 διὰ
456 1763 633 1815 ταῦτα
667 1762 951 1832 ἐπίχαρτοι
1002 1763 1114 1824 τοῖς
1146 1759 1542 1831 πλησιοχώροις
1587 1762 1912 1832 γεγόναμεν.

2019 1761 2296 1824 diderunt,
2357 1773 2645 1834 prOptcrea
2685 1767 2928 1821 ludibrio
2975 1769 3170 1824 vicinis
3209 1769 3340 1823 facti
3379 1785 3594 1823 sumus.

342 1854 594 1915 Γείτονας
650 1853 706 1906 δὲ
755 1852 912 1906 καλεῖ
964 1854 1090 1915 τοὺς
1151 1853 1533 1922 Ἀλλοφύλους,
1572 1855 1700 1919 τοὺς
1755 1855 1918 1908 Ἰδου-

348 1943 560 2014 μαίους,
603 1945 728 2006 τοὺς
761 1944 1119 2013 Ἀμμανίτας,
1166 1945 1294 2007 τοὺς
1344 1947 1664 2011 Μωαὸίτας,
1716 1950 1810 2002 καὶ
1851 1946 1920 2001 τὰ

343 2037 478 2090 ἄλλα
524 2035 652 2106 ἕΟνη
706 2034 773 2088 τὰ
807 2037 1006 2106 ὅμορα,
1051 2039 1193 2106 άπερ
1247 2040 1430 2102 αὐτοῖς
1487 2039 1764 2093 ἀντίπαλα
1823 2040 1920 2093 καὶ

345 2127 582 2196 πολέμια
611 2123 678 2198 ἦν
709 2127 817 2180 ἀεί.

413 2225 474 2273 ε’.
514 2237 533 2268 ι
586 2220 732 2282 Ἕως
789 2217 944 2282 πότε,
976 2217 1172 2288 Κύριε,
1209 2219 1512 2292 ὀργισθήσῃ
1571 2223 1651 2285 είς
1718 2223 1873 2284 τέλος
1901 2237 1914 2251 °

344 2311 742 2380 ἐκκαυθήσεται
776 2311 850 2373 ὡς
883 2310 1003 2380 πῦρ
1051 2313 1076 2362 ὁ
1109 2312 1270 2381 ζῆλός
1313 2329 1435 2377 σου;
1486 2333 1504 2364 ι
1542 2313 1920 2382 Νομοθετῶνὸ

344 2404 473 2467 Θεὸς
502 2403 650 2474 αὐτῷ
695 2403 840 2474 μόνῳ
887 2405 1174 2475 λατρεύειν
1215 2405 1540 2474 προσέταξε,
1583 2407 1676 2458 καὶ
1733 2408 1918 2476 ἕτερον

349 2495 547 2563 μηδένα
579 2494 912 2564 καλούμενον
975 2498 1346 2566 προσκυνῆσαι
1389 2495 1540 2557 (dsint,
1583 2513 1599 2546 ι
1641 2496 1763 2550 Ὅτι
1785 2495 1918 2564 ἐγὼ,

345 2586 502 2653 φησι,
538 2585 742 2655 Κύριος
771 2587 797 2638 ό
829 2585 958 2647 Θεός
983 2603 1098 2649 σου,
1124 2586 1254 2648 Θεὸς
1281 2588 1321 2617 9⁷
1359 2585 1622 2655 ζηλωτὴς,
1653 2586 1764 2656 πῦρ
1792 2603 1922 2640 κατ-

344 2677 653 2730 αναλίσκον.
695 2695 712 2725 ι
770 2675 859 2747 [³³⁸
893 2677 1038 2730 Ἀλλ’
1061 2677 1131 2740 ὡς
1189 2676 1446 2739 πολλάκις
1495 2679 1628 2746 ἡμῖν
1679 2678 1916 2746 εἴρηται,

349 2766 538 2838 μηδεὶς
588 2765 802 2820 ἀκούων
840 2767 938 2820 ἕνα
973 2768 1106 2821 Θεὸν
1139 2768 1440 2838 μοναρχίαν
1466 2769 1727 2821 ὑπολάϐοι
1760 2786 1774 2799 ⁸
1823 2769 1922 2837 τὴν

346 2858 454 2928 γὰρ
485 2859 848 2930 ἀπερινόητον
881 2860 973 2912 καὶ
1011 2860 1099 2912 ἀεὶ
1149 2859 1315 2912 οὖσαν
1355 2860 1544 2912 οὐσίαν
1587 2860 1686 2930 τὴν
1719 2862 1775 2912 ὲν
1807 2861 1921 2913 Πα-

346 2951 437 3019 τρὶ
467 2949 562 3001 καὶ
600 2948 714 3018 Υίῷ
745 2951 834 3002 καὶ
879 2950 1021 3019 ἁγίῳ
1068 2951 1351 3019 Πνεύματι
1411 2953 1919 3021 προσκυνουμένην,

347 3040 479 3094 Θεὸν
506 3041 802 3111 ὀνομάζει⁶
865 3042 947 3094 ὅτι
997 3042 1054 3093 δὲ
1095 3043 1380 3110 νομοθετεῖ
1409 3045 1436 3095 ὁ
1473 3042 1604 3106 Θεὸς
1632 3043 1822 3108 Λόγος,
1864 3043 1921 3102 ὃς

347 3134 494 3187 ἐστιν
533 3133 734 3204 Ἰησοῦς
760 3134 1000 3204 Χριστὸς
1024 3135 1050 3185 ὁ
1083 3135 1273 3204 Σωτὴρ
1299 3134 1479 3204 ἡμῶν,
1508 3137 1608 3187 οὐκ
1645 3134 1710 3187 ἂν
1744 3137 1918 3205 ἀμφι-

354 3226 505 3279 εὰλοι
551 3226 784 3290 ἕκαστος
835 3226 944 3278 τῶν
1000 3225 1551 3299 φιλομαοεστέρων.]
1614 3227 1784 3280 Τοῦτο
1829 3229 1923 3280 καὶ

349 3315 584 3368 ἐνταῦθα
616 3319 644 3368 ὀ
669 3316 1004 3387 προφητικδς
1029 3317 1303 3387 ἀνέμνησε
1323 3317 1480 3384 λόγος
1507 3333 1522 3348 ⁸
1556 3333 1576 3368 ι
1629 3319 1924 3388 Ἐκκαυοήο

349 3422 501 3458 σεται
533 3407 606 3469 ὡς
649 3405 761 3474 πῦρ
805 3409 832 3458 ὁ
888 3405 1047 3474 ζῆλός
1097 3425 1211 3462 σου.
1250 3427 1268 3458 ι
1321 3409 1410 3478 Μὴ
1447 3409 1796 3460 ἐπιπλεῑστον
1829 3409 1922 3462 Δέ-

349 3513 541 3559 σποτα,
569 3498 730 3566 φησιν
753 3499 820 3562 99,
851 3499 1134 3568 ὀργισθῇς,
1168 3500 1302 3570 μηδὲ
1337 3501 1506 3570 πυρὸς
1527 3499 1683 3566 δίκην
1713 3499 1798 3552 διὰ
1825 3501 1924 3563 τὰς

347 3591 619 3661 ἡμετέρας
693 3591 1076 3661 πλημμελείας
1155 3591 1246 3644 τὸν
1330 3593 1454 3644 καθ’
1529 3592 1686 3662 ἡμῶν
1761 3592 1922 3664 ζῆλον

345 3668 570 3750 iiii/F.5-

418 3769 491 3836 ς’.
529 3791 546 3822 ι
590 3773 819 3842 Ἕκχεον
858 3773 956 3842 τὴν
979 3774 1149 3845 ὀργήν
1183 3791 1275 3826 σου
1313 3775 1408 3826 ἐπὶ
1447 3775 1513 3828 τὰ
1546 3774 1702 3845 ἔθνη,
1741 3776 1808 3830 τὰ
1845 3779 1920 3849 μὴ

345 3863 728 3931 γινώσκοντὰ¹
789 3881 870 3927 σε,
910 3865 1002 3918 καλ⁸
1035 3867 1128 3917 ἐπὶ
1185 3865 1484 3945 βασιλείας,
1548 3867 1604 3919 αἳ
1658 3867 1718 3920 τὸ
1749 3868 1923 3939 ὄνομά

347 3965 442 4002 σου
479 3951 579 4002 οὐκ
620 3951 1044 4006 ἐπεκαλέσαντο.
1084 3972 1100 4002 ι
1149 3953 1368 4024 Ἐπειδὴ
1395 3955 1550 4018 δίκας
1580 3957 1918 4029 ἁμαρτημά-

342 4057 446 4093 των
477 4041 600 4103 τοὺς
645 4041 965 4112 ἀνθρώπους
1023 4044 1348 4114 εἰσπράττῃ,
1407 4044 1526 4096 κατ’
1555 4049 1780 4103 ἐκείνων
1820 4051 1922 4102 ἰκε-

341 4137 486 4182 τεύω
511 4148 566 4182 σε
600 4130 698 4200 τὴν
727 4132 895 4202 ὀργὴν
933 4132 1266 4202 μεταθεῖν-αι,
1311 4131 1358 4183 οἳ
1383 4135 1702 4188 παντάπασι
1736 4137 1795 4190 τὸ
1831 4139 1919 4190 σὺν

347 4219 540 4290 μαθεῖν
563 4222 660 4273 οὐκ
691 4221 968 4274 ἐθέλουσιν
999 4222 1190 4292 ὄνομα,
1225 4222 1360 4274 ἀλλὰ
1385 4227 1450 4292 τῇ
1483 4225 1761 4298 ἀκροτάτῃ
1791 4229 1918 4282 δυσ-

347 4312 532 4383 σεϐεία
574 4302 951 4366 δουλεύουσινί

2024 1852 2244 1908 Vicinos
2276 1865 2459 1911 autem
2496 1867 2656 1910 vocat
2686 1858 3030 1930 Allophylos,
3064 1859 3349 1928 Idumaeos,
3378 1861 3598 1914 Ammo-

2021 1947 2186 2011 nilas,
2245 1947 2533 2012 Moabitas,
2591 1962 2645 2004 et
2682 1951 2818 2005 alias
2869 1951 3133 2006 ﬁnitimas
3205 1961 3415 2022 gentes,
3475 1965 3598 2022 qua:

2022 2054 2238 2109 semper
2267 2041 2556 2094 contraria:
2585 2049 2640 2094 et
2667 2041 2906 2097 inimicae
2941 2042 3074 2112 ipsis
3105 2042 3348 2098 fuerunt.

2093 2213 2260 2270 Vens.
2291 2217 2344 2270 5.
2379 2235 2398 2266 ι
2431 2215 2749 2288 Quousque,
2783 2217 3032 2284 Domine,
3055 2220 3379 2275 irascerisin
3411 2219 3597 2288 ﬁnem,

2022 2308 2346 2360 aceendetur
2398 2311 2546 2362 velut
2592 2311 2730 2379 ignis
2779 2313 2930 2366 zelus
2970 2313 3140 2366 tuus?
3179 2332 3196 2363 ι
3239 2313 3380 2369 Deus
3426 2315 3595 2384 legem

2022 2395 2224 2459 ferens,
2267 2413 2324 2451 se
2359 2399 2535 2452 solum
2592 2401 2695 2453 coli
2748 2403 3024 2470 praecepit,
3060 2411 3114 2456 et
3165 2406 3372 2458 nullum
3404 2407 3594 2469 alium,

2020 2487 2115 2556 qui
2150 2487 2284 2540 deus
2330 2497 2572 2552 vocetur,
2611 2491 2852 2545 adorari.
2885 2511 2907 2541 α
2944 2491 3211 2557 Quoniam
3243 2510 3364 2562 ego,
3397 2495 3593 2566 inquit,

2023 2579 2289 2632 Dominus
2347 2579 2488 2634 Deus
2537 2589 2685 2643 tuus,
2739 2581 2878 2636 Deus
2933 2583 3156 2648 zelotes,
3205 2586 3343 2654 ignis
3380 2602 3598 2642 consu—

2023 2685 2177 2724 mens
2229 2671 2272 2722 ί.
2309 2662 2502 2736 i[Sed,
2541 2680 2600 2725 ut
2646 2672 2758 2742 jam
2791 2675 2988 2742 saepius
3019 2689 3046 2728 a
3072 2675 3231 2730 nobis
3253 2677 3462 2731 dictum
3490 2687 3593 2745 est,

2023 2775 2185 2815 nemo
2221 2761 2315 2830 qui
2347 2761 2620 2816 audiverit
2651 2778 2819 2818 unum
2847 2779 2969 2820 esse
2998 2763 3190 2832 Deum,
3219 2770 3593 2824 monarchiam

2023 2855 2349 2918 suspicetur.
2414 2853 2792 2908 Substantiam
2836 2857 2980 2910 enim
3033 2857 3178 2910 illam
3207 2861 3596 2930 sempiternam

2023 2953 2078 2998 et
2107 2953 2290 2998 mente.
2345 2951 2534 2997 nostra
2585 2945 2672 2998 vix
2730 2946 3322 3014 comprehendendam,
3353 2965 3514 3018 quam
3539 2951 3596 3004 in

2023 3032 2204 3100 Patre,
2242 3033 2399 3100 Filio,
2429 3034 2704 3104 etSpiritu
2743 3045 2935 3091 sancto
2965 3039 3276 3106 adoramus,
3307 3041 3474 3095 Deum
3504 3057 3600 3098 vo-

2024 3135 2128 3180 cat.
2188 3124 2582 3195 Legislatorcm
2647 3135 2827 3180 autem
2891 3142 3014 3183 esse
3082 3128 3251 3184 Deum
3316 3129 3594 3197 Verbum,

2023 3214 2208 3270 Jesum
2227 3218 2506 3270 Christum
2545 3218 2880 3272 Salvatorem
2901 3235 3169 3286 nosmtm,
3193 3223 3334 3276 haud
3384 3225 3598 3280 dubita-

2025 3309 2179 3376 vetit,
2226 3308 2478 3378 quisquis
2506 3308 2749 3362 discendi
2780 3311 3010 3378 cupidus
3040 3311 3250 3382 fuerit.]
3286 3313 3502 3384 1168
3525 3315 3597 3370 De

2026 3402 2129 3453 hoc
2159 3410 2340 3453 autem
2387 3409 2440 3454 ct
2462 3415 2645 3453 sermo
2671 3403 3023 3470 propheticus
3069 3404 3172 3458 hoc
3199 3407 3320 3460 loco
3368 3409 3590 3462 mentio-

2025 3506 2146 3544 nem
2181 3491 2309 3544 fecit
2341 3509 2354 3544 :
2402 3509 2420 3542 ι
2466 3492 2810 3547 Accendetur
2847 3497 2992 3548 velut
3036 3497 3178 3566 ignis
3201 3499 3352 3553 zelus
3382 3511 3529 3554 tuus.
3571 3517 3589 3550 ι

2023 3580 2098 3635 Ne
2143 3584 2400 3651 amplius,
2437 3583 2683 3649 Domine,
2741 3585 2941 3655 inquit,
2981 3589 3259 3655 irascaris,
3297 3605 3430 3645 neve
3453 3591 3596 3662 ignis

2023 3673 2196 3727 instar
2225 3675 2295 3728 ob
2315 3685 2537 3744 peccata
2559 3686 2743 3729 nostra
2775 3677 2914 3731 iram
2945 3687 3136 3734 contra
3170 3696 3271 3736 nos
3305 3684 3592 3738 accendas.

2099 3763 2258 3819 Vens.
2287 3765 2340 3819 6.
2375 3785 2393 3817 ι
2430 3767 2656 3824 Ellunde
2688 3771 2822 3823 iram
2869 3779 3015 3824 luam
3051 3771 3106 3824 in
3146 3782 3336 3841 gentes
3382 3790 3504 3844 qua:
3541 3783 3595 3833 te

2021 3873 2131 3911 non
2182 3869 2470 3925 noverunt,
2508 3862 2643 3915 etin
2702 3879 2863 3931 regna
2914 3879 3036 3932 qua:
3079 3879 3274 3918 nomen
3307 3873 3592 3923 tuumnon

2020 3951 2430 4005 invocaverunt.
2469 3969 2488 4003 ι
2517 3951 2782 4018 Quoniam
2817 3965 3164 4023 peccatorum
3185 3971 3376 4026 poenas
3399 3959 3469 4013 ab
3497 3959 3594 4016 ho-

2019 4040 2260 4094 minibus
2299 4041 2490 4110 exigis,
2525 4043 2752 4098 obsecro
2778 4054 2828 4098 te
2858 4056 2915 4098 ut
2947 4047 3002 4099 in
3034 4047 3156 4102 illos
3187 4049 3324 4102 iram
3360 4052 3593 4106 transfe-

2021 4149 2131 4198 ras,
2190 4133 2282 4201 (tui
2337 4135 2554 4202 penitus
2612 4144 2764 4188 tuum
2795 4153 2992 4191 nomen
3020 4139 3232 4194 discere
3271 4141 3590 4210 noluerunt,

2019 4223 2112 4278 sed
2165 4237 2433 4292 suprema:
2473 4225 2739 4294 impietati
2768 4227 3032 4282 serviunt.

415 4402 477 4466 ζ’.
515 4423 535 4456 ε
575 4406 700 4458 Ὅτι
743 4409 1056 4474 κατέφαγον
1089 4406 1178 4460 τὸν
1243 4407 1460 4473 Ἰακὼϐ,
1505 4413 1600 4462 καὶ
1632 4409 1724 4464 τὸν
1754 4413 1916 4466 τόπον

2089 4404 2251 4459 Vens.
2287 4405 2336 4460 7.
2393 4424 2411 4456 ι
2446 4404 2586 4471 Quia
2634 4407 2990 4460 comederunt
3013 4404 3300 4468 Jacohum,
3333 4419 3384 4460 et
3410 4408 3588 4487 locum

343 4493 506 4548 αὑτοῦ
539 4497 866 4566 ἠρήμωσαν.
907 4517 924 4547 ι
957 4498 1134 4566 Σαφὲς
1168 4497 1225 4548 δὲ
1252 4497 1528 4550 καὶτοῦτο
1561 4503 1658 4570 τῆς
1685 4501 1909 4554 ἐκείνων

343 4589 692 4658 παρανομίας
723 4591 1026 4660 τεκμήριον
1051 4607 1064 4620 °
1095 4589 1248 4642 οὐδὲν
1271 4589 1381 4658 γὰρ
1405 4591 1534 4658 παρ’
1557 4591 1714 4660 ἡμῶν
1743 4593 1912 4645 κακὸν

343 4679 757 4750 ὑπομείναντες,
795 4684 941 4750 ἡμᾶς
973 4681 1070 4750 μὲν
1097 4684 1333 4750 σφαγαῖς
1373 4681 1787 4748 κατανάλωσαν,
1817 4683 1914 4754 τὴν

341 4771 396 4824 δὲ
428 4777 610 4844 χώραν
648 4775 910 4844 ἐδῄωσαν,
959 4775 1053 4826 καὶ
1087 4775 1184 4838 τὰς
1216 4775 1402 4838 πόλεις
1453 4775 1785 4845 ἐπόρθησαν.
1813 4778 1916 4830 Τὸν

341 4861 396 4912 δὲ
449 4865 638 4916 τόπον
675 4863 881 4928 αὑτοῦ,
952 4862 1184 4926 Ἀκύλας
1241 4865 1359 4934 μὲν,
1423 4864 1642 4932 ὡραῖον·
1704 4865 1910 4931 αὑτοῦ,

343 4951 644 5023 Σύμμαχος
667 4955 723 5006 δὲ
756 4955 1069 5022 meliori}?
1100 4955 1309 5020 αὐτοῦ,
1336 4957 1363 5007 ὁ
1385 4956 1439 5008 δὲ
1470 4955 1786 5017 Θεοδοτίων,
1815 4959 1912 5011 εὐ·
1945 4957 1956 4968 “

343 5042 630 5110 πρέπειίιν
661 5046 848 5100 αὐτοῦ
879 5047 1230 5118 ἡρμήνευσαν
1251 5063 1264 5075 ·
1297 5045 1364 5097 δι’
1394 5039 1468 5096 ὧν
1493 5045 1694 5114 μᾶλλον
1719 5047 1747 5097 ὁ
1773 5045 1914 5106 θεῖος

385 5243 406 5286 ³
437 5245 608 5302 Exod.
649 5265 838 5316 xxxw,
873 5250 977 5315 M;
1012 5249 1135 5304 coll.
1167 5249 1323 5304 Deut.
1352 5265 1422 5313 tv,
1461 5251 1550 5302 24.

2019 4493 2137 4562 ejus
2167 4493 2569 4548 desolaverunt.
2610 4513 2628 4545 ι
2671 4493 3016 4550 Manife~luni
3049 4508 3228 4550 autent
3265 4508 3346 4551 cst
3375 4477 3476 4553 hoc
3513 4500 3588 4553 si-

2020 4603 2186 4656 gnum
2230 4587 2444 4639 illorum
2489 4587 2782 4654 impietatis
2813 4606 2825 4640 :
2859 4588 3003 4656 quod
3039 4588 3170 4640 nihil
3204 4589 3329 4642 mali
3362 4607 3390 4642 a
3434 4591 3588 4646 nobis

2025 4679 2192 4745 passi,
2241 4694 2339 4731 nos
2373 4687 2552 4731 tamen
2611 4679 2969 4732 internecioni
3002 4681 3283 4738 dederunt.
3318 4684 3588 4750 regionem

2027 4786 2154 4822 vero
2175 4770 2484 4839 depopulati
2512 4780 2660 4834 sunt,
2680 4779 2733 4824 et
2765 4771 3008 4824 civitates
3035 4783 3366 4825 everterunt.
3389 4773 3490 4828 l’ro
3515 4775 3584 4830 [ος

2025 4878 2140 4914 cum
2160 4863 2294 4930 ejus,
2321 4861 2512 4931 Aquila
2543 4865 2761 4930 speciem
2787 4865 2920 4929 ejus,
2945 4862 3302 4934 Symmachus
3319 4879 3445 4918 vero
3475 4867 3600 4936 pui-

2021 4955 2374 5025 cliritudineni
2409 4954 2542 5024 ejus,
2576 4953 2880 5008 Theodotiu
2906 4957 3140 5009 decorem
3173 4957 3288 5023 eius
3325 4959 3597 5027 interpre-

2025 5045 2117 5099 tati
2169 5055 2317 5110 sunt,
2354 5061 2449 5116 per
2474 5062 2595 5116 quae
2625 5047 2794 5115 magis
2823 5047 3008 5102 divina
3042 5049 3238 5104 domus
3267 5049 3590 5105 ostenditur.
3652 5109 3654 5111 _

1441 5384 1674 5440 VARIAS
1716 5387 2096 5446 LECTIONES
2135 5390 2221 5443 ET
2260 5388 2492 5443 NOTAE}.
3367 5389 3393 5396 “

403 5481 447 5512 ⁵³³
491 5493 708 5559 nam.)

348 5559 382 5613 2
407 5563 608 5628 ταφῆς.

346 5631 399 5688 1,
424 5631 584 5684 Cunl'.
629 5647 679 5698 p.
724 5630 876 5694 1075,
907 5649 961 5683 ιι.
992 5634 1042 5684 8.

341 5708 430 5755 est
460 5702 616 5768 ὲπεγκ
629 5702 830 5753 ωκότι..

743 5522 815 5530 —
855 5491 1113 5546 θάπτων.
1148 5492 1267 5547 Des.
1332 5497 1386 5549 in
1429 5501 1552 5550 cod.
1595 5495 1646 5550 1.

1723 5495 1767 5528 ⁸⁵
1793 5499 2144 5567 Μιαιφόνον.
2193 5499 2314 5553 cod.
2352 5499 2374 5550 ι
2411 5513 2597 5565 prtem.
2647 5497 2794 5563 λέγει
2839 5499 2944 5560 ὅτι,
2997 5500 3201 5552 omisso
3232 5495 3312 5552 δέ.

713 5561 1080 5634 υίθμξρνειδος.
1117 5564 1172 5634 In
1205 5573 1350 5617 textu
1380 5567 1488 5618 τῶν
1547 5569 1600 5618 0'
1637 5568 1890 5634 prtemitti
1923 5561 2059 5622 solet
2083 5571 2183 5630 εἰς.

1122 5633 1166 5663 '9
1200 5637 1412 5699 Φησίν.
1473 5637 1592 5690 cod.
1621 5633 1654 5687 τι
1684 5637 1808 5690 add.
1840 5642 2008 5707 ἡμᾶς,
2065 5655 2160 5707 pro
2202 5641 2354 5708 ἡμῖν,
2391 5649 2448 5692 ut
2495 5641 2724 5694 videtur.

3390 5498 3434 5528 ³⁵
3466 5499 3587 5554 rod.

2272 5570 2318 5608 ⁸⁷
2360 5571 2500 5626 Σοιι,
2529 5569 2694 5632 Θεός,
2732 5569 2853 5623 Des.
2889 5571 2940 5622 in
2995 5571 3114 5622 (-ml.
3158 5570 3208 5620 ἐ.
3315 5567 3358 5599 9³
3397 5567 3433 5619 Ε
3464 5572 3586 5625 cod.

2839 5643 2853 5671 ³
2886 5644 3016 5693 Γιν.
3069 5639 3197 5692 lico.
3259 5639 3416 5692 lectio
3456 5639 3512 5692 Il.
3552 5641 3590 5695 Ι.
