4028 6210
454 244 597 311 1507

1449 245 1940 307 TIIEODORETI
1981 248 2323 310 EPISCOPI
2354 251 2721 314 CYRENSIS

3577 259 3597 322 l
3609 264 3712 326 568

461 354 610 410 Scite
674 361 855 408 autem
915 351 1178 423 populum
1208 351 1382 408 Jacob
1409 355 1719 425 appellavit,
1760 357 2037 412 mentione

2147 354 2288 423 οἶκος
2320 360 2639 431 δεδήλωται.
2681 361 2878 426 Καλῶς
2910 363 2968 418 δὲ
2997 365 3091 419 τὸν
3117 365 3249 423 λαὶν
3298 368 3494 423 Ἰακὼϐ
3543 386 3720 441 προσ-

459 444 646 515 proavi
683 443 851 499 Deum
887 445 954 499 ad
980 445 1409 501 misericordiam
1445 446 1715 504 excitans.

533 618 699 675 Vens.
729 620 781 675 8.
828 639 847 672 ι
887 619 964 676 Ne
997 623 1308 678 memineris
1340 622 1691 693 iniquitatem
1723 632 2033 679 nostrarum

460 716 829 782 antiquarum.
873 734 892 766 ι
961 715 1222 786 Religiosi
1278 722 1457 780 erant,
1490 716 1581 785 qui
1615 716 1755 770 hanc
1780 716 2037 787 depreca-

462 809 663 863 tionem
712 808 1085 872 instituerunt,
1137 816 1191 863 et
1244 808 1473 861 multum
1506 808 1749 863 studium
1787 824 1886 879 pro
1919 810 2037 879 pie-

460 908 570 954 tate
610 909 987 965 susceperunt.
1027 900 1270 955 Celebris
1310 899 1453 953 enim
1494 909 1577 955 est
1602 900 2033 955 Macbabaeorum

461 992 658 1046 virtus.
705 991 897 1045 Merito
951 991 1114 1062 igitur
1169 990 1500 1059 supplicant,
1554 1005 1621 1044 ne
1679 992 2035 1059 pristinorum

464 1094 806 1151 peccatorum
834 1098 1019 1152 pcenas
1044 1098 1071 1133 a
1102 1082 1299 1150 populo
1328 1082 1529 1148 exigat.
1562 1082 1666 1135 Sed
1694 1084 1795 1135 hoe
1816 1082 2034 1150 quidem

461 1178 739 1242 dixerunt,
781 1192 877 1228 nec
904 1176 1131 1228 alterum
1190 1183 1589 1242 apposuerunt,
1640 1183 1697 1227 ut
1728 1173 1871 1225 Deus
1901 1188 2038 1242 pm:-

461 1279 669 1324 sentem
701 1284 890 1323 eorum
920 1267 1175 1334 pietatem
1214 1265 1536 1318 intueretur.
1574 1265 1687 1319 lloc
1727 1266 1871 1317 enim
1921 1278 2036 1316 ma-

462 1363 607 1416 xime
663 1360 920 1417 eximiam
956 1374 1145 1412 eorum
1199 1357 1454 1411 virtutem
1489 1358 1851 1418 demonstrat,
1886 1355 2036 1409 vide-

461 1454 611 1516 licet,
667 1452 1020 1521 pristinorum
1070 1449 1288 1519 quidem
1323 1458 1670 1518 peccatorum
1710 1447 2037 1516 1169m-

461 1544 697 1605 minisci,
731 1549 1052 1611 praesentem
1092 1556 1222 1595 vero
1249 1540 1508 1609 pietatem
1545 1539 1819 1593 occulere.

536 1654 553 1686 ι
602 1635 724 1688 Cito
766 1633 1065 1702 anticipent
1115 1647 1215 1685 nos
1270 1628 1665 1685 misericordiae
1733 1637 1857 1693 tuae,
1908 1629 2038 1698 quia

2137 451 2429 522 ηγόρευσε›
2465 456 2533 525 τῇ
2578 456 2671 507 τοῦ
2704 456 3053 528 προπάτορος
3105 460 3295 531 μνήμῃ
3322 460 3415 514 τδν
3472 461 3607 516 Θεὸν
3638 466 3722 528 εἰς

2137 543 2288 597 ἔλεον
2320 543 2630 616 διεγείρων.

2208 634 2280 707 η’.
2318 654 2337 688 ι
2365 636 2450 706 Μὴ
2480 641 2731 710 μνησθῇς
2749 638 2907 710 ἡμῶν
2937 640 3179 712 ἀνομιῶν
3205 643 3467 714 ἀρχαίων.
3502 664 3523 698 ι
3552 647 3723 700 Εὐσε-
3743 666 3757 684 ι

2137 726 2253 789 ὅείς
2283 722 2423 799 ἦσαν
2476 730 2526 782 οἰ
2561 729 2767 800 ταύτην
2799 733 3204 804 προσφέροντες
3249 735 3350 807 τήν
3382 736 3574 807 εὐχὴν,
3626 739 3724 791 καὶ

2141 818 2309 873 πολὺν
2339 820 2481 892 ὑπὲρ
2521 821 2811 886 εὐσεϐείας
2837 823 3233 894 ἀναδεξάμενοι
3264 824 3428 897 ζῆλον
3447 828 3491 879 ².
3533 827 3724 882 Ἀοίδι-

2142 929 2241 982 μος
2268 912 2379 983 γὰρ
2409 915 2443 982 ή
2472 913 2579 966 τῶν
2629 914 3013 968 Μακκαϐαἰων
3045 918 3240 986 ἀρετή.
3272 916 3513 981 Εἰκότως
3540 919 3723 973 τοίνυν

2139 1004 2502 1070 ἁντιϐολοῦσι,
2539 1005 2612 1076 μὴ
2660 1006 2769 1058 τῶν
2795 1008 3081 1078 προτέρων
3112 1008 3531 1079 ἁμαρτημάτων
3564 1011 3723 1065 εὐθύ-

2138 1114 2234 1160 νας
2258 1099 2346 1150 τὸν
2384 1096 2512 1151 λαὸν
2547 1099 2972 1169 εἰσπραχθῆναι.
3042 1100 3205 1154 Ἀλλὰ
3231 1102 3390 1155 τοῦτο
3425 1102 3525 1171 μὲν
3546 1102 3724 1157 τεθεί-

2139 1204 2322 1253 κασιν,
2367 1191 2429 1242 οὐ
2472 1190 2579 1260 μὴν
2633 1192 2765 1244 καὶ³
2794 1192 2857 1244 τὸ
2881 1192 3138 1263 δεύτερον
3184 1195 3647 1263 προστεθείκασιν
3675 1195 3718 1261 ⁸,

2140 1280 2283 1334 ὥστε
2304 1282 2396 1334 τὸν
2430 1282 2567 1336 Θεὸν
2593 1282 2691 1354 τὴν
2728 1284 3014 1355 παροῦσαν
3041 1286 3224 1338 αὐτῶν
3256 1285 3543 1341 ε’ὐσέόειαν
3587 1305 3722 1342 κατ-

2144 1373 2295 1428 ιδεῖν.
2328 1374 2501 1427 Τοῦτο
2534 1374 2642 1446 γὰρ
2678 1376 2916 1445 μάλιστα
2936 1377 3037 1446 τὴν
3068 1377 3269 1448 πολλὴν
3311 1378 3494 1431 αὐτῶν
3510 1379 3723 1435 δείκνυ-

2142 1481 2227 1518 σιν
2259 1467 2500 1535 ἀρετήν’
2552 1468 2613 1519 τὸ
2664 1468 2771 1521 τῶν
2837 1468 2936 1538 μὲν
2975 1471 3256 1541 προτέρων
3305 1471 3723 1542 ἁμαρτημάτων

2144 1558 2474 1629 μνησθῆναι,
2503 1559 2709 1629 κρύψαι
2740 1561 2797 1613 δὲ
2825 1561 2926 1632 τὴν
2959 1563 3245 1633 παροῦσαν
3272 1564 3579 1620 εὐσέϐειαν.

2218 1672 2238 1703 ι
2264 1652 2413 1721 Ταχὺ
2449 1652 3023 1723 προκαταλαϐέτωσαν
3048 1655 3197 1725 ἡμᾶς
3227 1656 3275 1708 οἰ
3300 1656 3580 1727 οἰκτιρμοί
3605 1674 3722 1724 σου,

461 1730 615 1784 valde
649 1743 912 1799 pauperes
945 1727 1070 1781 t'acti
1100 1741 1313 1780 sumus.
1346 1722 1536 1795 [νειις.
1574 1720 1630 1794 9]
1657 1722 1864 1791 Adjuva
1914 1738 2033 1787 nos,

2147 1740 2316 1812 Κύριε
2348 1709 2389 1806 ἶ,
2426 1709 2509 1795 δτὶ
2551 1743 2984 1814 ἐπτωχεύσαμεν
3032 1709 3257 1820 σξρόδρα.
3310 1747 3403 1820 [θ’]
3445 1709 3724 1820 ίόοήθησον

461 1837 495 1877 o
554 1821 697 1875 Deus
751 1819 1005 1874 Salvator
1042 1827 1250 1873 noster.
1286 1837 1304 1869 ι
1356 1815 1583 1884 Porrige
1631 1814 2038 1884 quamprimum

463 1924 610 1969 tuam
664 1911 1144 1981 inexpugnabilem
1197 1924 1351 1977 opem
1390 1925 1403 1961 :
1440 1922 1563 1960 nam
1597 1906 1745 1959 omni
1784 1904 2041 1975 praesidio

461 2005 709 2059 destituti
739 2018 956 2064 sumus,
986 2013 1037 2055 te
1074 2008 1259 2054 autem
1292 1999 1472 2054 solum
1509 1996 1812 2067 adjutorem
1840 2007 1891 2051 et
1934 1997 2043 2051 sal-

461 2106 710 2150 vatorem
742 2095 1031 2148 habemus.
1078 2112 1096 2144 ι
1140 2091 1202 2145 Et
1260 2100 1481 2162 propter
1528 2091 1757 2161 gloriam
1801 2089 2041 2144 nominis

462 2186 565 2247 tui.
607 2184 863 2248 Domine,
899 2184 1069 2239 libera
1108 2198 1228 2247 nos,
1253 2191 1307 2236 et
1339 2181 1609 2252 propitius
1638 2189 1759 2236 esto
1804 2178 2041 2250 peccatis

463 2277 671 2332 nostris
716 2285 935 2345 propter
971 2289 1167 2329 nomen
1236 2283 1412 2328 tuum.
1451 2292 1471 2325 ι
1523 2271 1801 2342 Nusquam
1833 2272 1900 2327 de
1943 2288 2043 2328 sua

463 2369 663 2424 virtute
709 2367 1044 2422 mentionem
1092 2365 1318 2431 iaciunt,
1359 2364 1453 2419 sed
1493 2373 1675 2431 orant,
1708 2373 1768 2418 ut
1806 2365 1875 2418 ob
1905 2365 2044 2418 divi-

462 2475 594 2516 num
624 2474 820 2513 nomen
847 2458 1091 2512 divinum
1123 2457 1390 2511 auxilium
1416 2464 1839 2527 consequantur.
1876 2454 2045 2509 Nobis

461 2554 629 2618 enim,
684 2552 956 2621 inquiunt,
1006 2551 1150 2604 male
1195 2550 1540 2613 habentibus,
1569 2549 1622 2603 in
1659 2558 1812 2602 tuum
1847 2562 2043 2602 nomen

463 2644 813 2714 opprobrimn
877 2642 1090 2697 recidit.
1161 2639 1455 2695 Precamur
1509 2639 1675 2708 igitur
1748 2647 1807 2692 ut
1860 2647 2043 2692 errata

459 2737 756 2807 despicias,
798 2734 1250 2802 calamitatesque
1297 2739 1612 2797 convertas,
1659 2739 1713 2785 et
1745 2730 2041 2800 potentiam

465 2840 614 2886 tuam
646 2828 835 2884 insciis
861 2826 1140 2882 ostendas.

2141 1835 2274 1903 ήμίν
2295 1836 2322 1887 ὁ
2344 1834 2475 1899 Θεὸς
2507 1837 2535 1888 ό
2566 1837 2751 1908 σωτὴρ
2779 1837 2958 1908 ήμῶν,
2988 1859 3006 1891 ι
3038 1841 3266 1911 Ὀρεξον
3289 1844 3310 1872 ⁸⁵
3343 1845 3424 1897 ὅτι
3446 1843 3677 1915 τάχιστα
3704 1843 3726 1874 ⁷

2141 1927 2241 1997 τὴν
2273 1927 2487 1997 ἄμαχόν
2517 1946 2611 1981 σου
2645 1930 2847 2000 ῥοπήν·
2889 1930 3071 2002 πάσης
3101 1932 3211 2004 γάρ
3240 1932 3438 2003 ἔρημοι
3465 1934 3726 2005 προνοίας

2142 2018 2455 2089 γεγόναμεν
2482 2037 2497 2051 ·
2532 2020 2591 2073 σὲ
2630 2019 2688 2073 δὲ
2727 2022 2890 2092 μόνον
2924 2022 3218 2094 ἐπίκουρον
3270 2025 3468 2095 ἔχομεν
3499 2027 3593 2080 καὶ
3621 2042 3729 2079 σω-

2141 2109 2303 2180 τῆρα,
2330 2129 2347 2161 ι
2374 2111 2603 2164 Ἕνεκεν
2626 2111 2725 2183 τῆς
2745 2112 2907 2182 δόξης
2934 2112 3032 2167 τοῦ
3074 2115 3338 2185 ὀνόματός
3368 2133 3485 2181 σου,
3524 2117 3723 2186 Κύριε,

2147 2199 2312 2271 ῥῦσαι
2370 2202 2548 2273 ἡμᾶς’
2599 2205 2693 2256 καὶ
2741 2205 2987 2277 ἰλάσθητι
3041 2208 3163 2269 ταῖς
3219 2207 3519 2277 ἁμαρτίαις
3568 2208 3727 2279 ήμῶν

2143 2292 2330 2347 ἕνεκεν
2378 2293 2472 2347 τοῦ
2523 2294 2787 2366 ὀνόματός
2834 2314 2951 2353 σου.
2986 2318 3005 2350 ι
3067 2298 3321 2369 Οὺδαμοῦ
3379 2299 3479 2369 τῆς
3532 2299 3728 2368 σφετέ-

2146 2402 2247 2456 ρας
2312 2386 2749 2457 μνημονεύουσιν
2800 2389 3034 2460 άρετῆς,
3086 2389 3221 2444 ἀλλὰ
3279 2390 3410 2444 διά³
3458 2391 3521 2444 τὸ
3579 2392 3728 2446 θεῖον

2144 2477 2317 2553 δγομα
2372 2480 2471 2550 τῆς
2510 2480 2662 2541 θείας
2722 2482 3048 2554 ἐπικουρίας
3098 2483 3444 2537 άντιϐολοῦσι
3496 2487 3725 2555 τυχείνο

2144 2570 2304 2640 ήμῶν
2341 2571 2474 2642 γάρ,
2516 2574 2671 2641 φησὶ,
2707 2574 3230 2645 κακοπραγούντων,
3285 2578 3429 2630 κατά
3489 2576 3586 2629 τοῦ
3627 2575 3727 2630 σοῦ

2144 2660 2414 2730 ὀνόματος
2490 2664 2525 2733 ή
2605 2663 2930 2735 βλασφημία
3010 2668 3202 2736 χωρεῖ.
3304 2666 3729 2738 Ἀντισολοῦμεν

2145 2752 2347 2817 τοίνυν,
2396 2754 2644 2825 παριδεῖν
2678 2756 2779 2825 μὲν
2812 2756 2871 2810 at
2898 2755 2970 2810 τά
3010 2757 3467 2828 πλημμελήματα
3495 2775 3509 2788 ·
3553 2776 3730 2829 μετα-

2146 2844 2331 2900 ϐαλεῖν
2354 2845 2411 2899 δὲ
2437 2847 2535 2910 τάς
2568 2849 2876 2920 συμφοράς,
2938 2850 3035 2903 καὶ
3067 2851 3167 2922 τὴν
3203 2850 3303 2923 σὴν
3325 2850 3558 2923 δύναμιν
3588 2851 3731 2909 61:0-

2145 2936 2316 3005 δεῖξαι
2354 2942 2466 3001 τοῖς
2501 2941 2777 3008 ἀγνοοῦσι.
3276 2962 3281 2968 '

535 3030 704 3087 Vens.
743 3032 861 3085 10.:
904 3028 981 3083 Ne
1011 3027 1152 3083 forte
1174 3027 1351 3083 dicant
1389 3032 1618 3095 gentes:
1651 3023 1751 3079 Ubi
1790 3030 1876 3079 est
1901 3023 2041 3079 Deus

2218 3036 2270 3084 ι’.
2321 3049 2340 3082 ι
2390 3032 2659 3102 Μήποτε⁹
2700 3032 2899 3087 εἴπωσι
2944 3034 3013 3087 τά
3069 3035 3197 3104 ἔθνη
3226 3037 3291 3101 ¹⁰,
3336 3036 3447 3092 Ποῦ
3510 3040 3669 3093 ἐστιν
3704 3039 3733 3093 δ

464 3126 701 3183 eorum?
737 3143 754 3174 ι
797 3122 1124 3192 lnterpretes
1171 3120 1265 3175 alii
1297 3121 1400 3173 hoc
1453 3117 1600 3172 velut
1647 3116 1849 3171 factum
1882 3116 2038 3171 dixe-

467 3227 629 3272 runt:
662 3214 774 3271 Cur
796 3215 980 3268 dicunt
1003 3222 1211 3283 gentes:
1243 3210 1342 3264 Ubi
1371 3218 1446 3264 est
1480 3208 1618 3262 Dem
1645 3224 1824 3263 eorum
1845 3209 1871 3262 ?
1904 3208 2035 3272 Hoc,

2138 3119 2272 3184 Θεὸς
2299 3120 2516 3189 αὑτῶνς
2559 3141 2577 3173 ι
2614 3125 2676 3176 Οἰ
2714 3123 2772 3177 δὲ
2811 3125 2961 3180 ἄλλοι
2996 3127 3334 3197 ὲρμηνευταὶ
3374 3128 3449 3193 ὡς
3489 3146 3729 3203 γεγενη-

2143 3214 2305 3283 μένον
2337 3213 2493 3269 τοῦτο
2522 3217 2809 3286 εἰρήκασιν
2840 3234 2853 3248 ’
2889 3222 2996 3284 Εἰς
3024 3222 3082 3273 τί
3103 3220 3267 3290 λέγει
3297 3223 3370 3275 τὰ
3395 3223 3567 3291 ἔθνη.
3602 3225 3730 3278 Ποῦ

474 3310 675 3379 inquit,
702 3323 789 3361 me
824 3306 1030 3376 allligit,
1066 3305 1170 3357 hoc
1207 3319 1291 3358 me
1320 3301 1505 3373 pungit
1540 3300 1784 3371 qualibet
1816 3300 2041 3369 cuspide

2147 3305 2313 3360 ἐστιν
2334 3308 2367 3360 ό
2394 3308 2541 3374 Θεὸς
2566 3308 2795 3376 αὐτῶν;
2829 3311 3002 3364 Τοῦτό
3036 3329 3127 3382 με,
3158 3313 3345 3383 φησὶν,
3371 3315 3521 3386 ἀνιᾷ,
3564 3313 3732 3369 τοῦτό

465 3402 702 3466 acutius,
734 3399 882 3469 quod
921 3405 1107 3466 gentes
1141 3404 1330 3450 contra
1388 3406 1439 3447 te
1475 3393 1769 3463 opprobria
1815 3391 2041 3460 impune

462 3494 762 3566 jactentur,
798 3498 852 3545 et
884 3490 1215 3543 insultantes
1242 3486 1467 3540 dicant:
1506 3483 1607 3538 Ubi
1639 3494 1723 3538 est
1770 3482 1914 3538 Deus
1949 3499 2042 3537 ve-

467 3596 601 3651 ster,
638 3600 802 3655 quem
857 3582 1042 3637 dicitis
1076 3579 1365 3650 (Egyptnm
1402 3578 1732 3647 castigasse,
1784 3577 2043 3632 ditlidisse

469 3695 643 3745 mare,
681 3676 860 3749 [vobis
892 3685 1073 3729 autem
1107 3671 1398 3733 transitum
1428 3669 1789 3733 concessisse,
1833 3669 2045 3723 omnia-

467 3788 576 3841 que
613 3770 716 3824 alia
765 3765 986 3837 fecisse]
1019 3780 1215 3834 magna
1250 3763 1340 3816 illa
1373 3771 1425 3817 et
1477 3762 1874 3816 celeberrima?
1911 3779 1930 3812 ι
1980 3761 2045 3818 Et

470 3867 778 3919 innotescat
810 3862 865 3914 in
903 3858 1217 3913 nationibus
1246 3871 1429 3910 coram
1460 3855 1633 3909 oculis
1676 3855 1880 3910 nostris
1910 3854 2044 3909 ultio

469 3954 751 4023 sanguinis
782 3966 1066 4006 servorum
1103 3959 1345 4012 tuorum,
1379 3948 1471 4018 qui
1503 3948 1711 4003 ell'usus
1744 3958 1846 4003 est.
1879 3966 1897 3997 ι
1929 3948 2043 4002 Ob-

469 4060 751 4103 secramus
777 4044 961 4115 igitur,
983 4050 1043 4096 ut
1069 4040 1158 4095 isti
1181 4050 1421 4095 cruenta:
1450 4040 1611 4095 caedis
1642 4056 1833 4109 poenas
1862 4041 2043 4107 luant;

469 4137 562 4192 alii
604 4144 783 4189 autem
819 4149 1014 4189 omnes
1065 4133 1350 4188 uobiscum
1387 4131 1597 4201 justum
1635 4132 1850 4201 1170
1893 4140 2045 4185 tuum

465 4228 734 4300 judicium
772 4226 1126 4298 perspiciam,
1163 4225 1411 4295 iramque
1444 4224 1515 4280 ob
1550 4232 1775 4279 necatos
1807 4222 2047 4278 cultores

474 4331 619 4374 [005.

540 4517 707 4574 Vens.
739 4519 827 4573 11.
860 4538 878 4571 ι
909 4518 1150 4573 lntroeat
1175 4519 1230 4572 in
1258 4525 1613 4587 conspectum
1636 4525 1787 4571 tuum
1814 4516 2049 4585 gemitus

469 4613 931 4681 compeditorum.
986 4611 1291 4664 secundum
1343 4607 1774 4677 magnitudinem
1836 4606 2047 4663 bracbii

473 4705 550 4757 tui
601 4717 755 4755 serva
791 4702 929 4754 lilios
979 4699 1455 4753 mortilieatorum.
1498 4717 1517 4750 ι
1566 4698 1806 4751 Obsecro
1855 4697 2044 4764 etiam,

472 4807 535 4851 ut
571 4796 837 4863 respicias
868 4795 919 4847 in
953 4809 1047 4847 eos
1081 4792 1174 4862 qui
1224 4790 1550 4860 superstites
1590 4789 1809 4859 quidem
1860 4789 2045 4844 adhuc

472 4896 622 4953 sunt,
650 4887 744 4941 scd
775 4888 826 4939 in
854 4885 1069 4939 vincula
1124 4883 1357 4952 coniecti
1389 4890 1540 4947 sunt,
1576 4891 1920 4950 mortemque
1950 4898 2045 4936 ex-

462 4986 722 5057 spectant
752 4995 764 5031 :
801 4986 855 5029 et
909 4992 977 5031 ne
1024 4978 1088 5029 ad
1121 4985 1417 5029 extremam
1449 4973 1748 5042 perniciem
1805 4982 2048 5028 nostrum

472 5088 643 5144 genus
672 5070 1043 5126 condemnare
1077 5069 1234 5137 velis,
1268 5070 1360 5124 sed
1392 5069 1534 5123 lilios
1579 5083 1790 5130 eorum,
1827 5067 1919 5135 qui
1962 5068 2050 5121 in-

2145 3413 2212 3466 με
2242 3397 2281 3427 ¹¹
2335 3401 2519 3451 κεντεῖ
2571 3401 2756 3469 πάσης
2811 3402 3000 3463 ἀκίδος
3037 3403 3317 3475 ὀξύτερον,
3361 3406 3423 3458 τὸ
3466 3406 3577 3460 ὑπὸ
3621 3407 3730 3461 τῶν

2142 3488 2318 3543 ἐθνῶν
2352 3493 2494 3546 κατὰ
2551 3494 2647 3546 σοῦ
2696 3495 2795 3565 τὴν
2857 3495 3210 3567 βλασφημίαν
3245 3498 3577 3569 τολμᾶσθαι,
3635 3501 3729 3553 καὶ

2148 3582 2595 3648 ἑπιτωθάζοντας
2644 3586 2849 3654 λέγειν,
2885 3588 2996 3641 Ποῦ
3031 3591 3181 3643 ἐστιν
3212 3592 3239 3644 ὁ
3285 3589 3421 3653 Θεὸς
3460 3591 3646 3661 ὑμῶν,
3672 3592 3729 3644 ὃν

2142 3675 2330 3744 λέγετε
2377 3678 2722 3747 μαστιγῶσαι
2762 3680 2860 3750 τὴν
2893 3681 3194 3748 Αἴγυπτον,
3252 3682 3582 3755 διῃρηκέναι
3634 3684 3732 3754 τὴν

2145 3767 2415 3822 θάλατταν
2440 3770 2506 3835 η,
2540 3768 2610 3841 [η
2660 3770 2790 3840 ὑμῖν
2843 3771 2900 3824 δὲ
2933 3772 3179 3844 δωρῆσαι
3226 3774 3498 3838 διάϐασιν,
3531 3778 3635 3830 καὶ
3684 3775 3732 3829 τ’

2146 3862 2281 3916 ἄλλα
2312 3861 2489 3915 πάντα
2519 3861 2842 3933 δεδρακέναι
2872 3863 2889 3936 ]
2922 3864 2992 3918 τά
3044 3866 3257 3936 μεγάλα
3294 3867 3390 3921 καὶ
3421 3868 3734 3941 πολυθρύλ-

2146 3955 2281 4024 λητα
2306 3955 2348 3985 ¹⁶
2370 3972 2384 4021 ;
2408 3973 2426 4006 ι
2461 3956 2570 4008 Καὶ
2594 3957 2897 4026 γνωσθήτω
2918 3961 2976 4012 ὲν
3001 3962 3114 4017 τοῖς
3137 3959 3346 4013 ἔθνεσιν
3372 3961 3613 4017 ἐνώπιον
3629 3963 3734 4016 τῶν

2146 4044 2440 4114 ὀφθαλμῶν
2468 4047 2625 4117 ήμῶν
2652 4049 2684 4118 ή
2706 4048 2991 4120 ἐκδίκησις
3017 4049 3114 4102 τοῦ
3138 4050 3371 4119 αἵματος
3388 4051 3502 4104 τῶν
3523 4053 3733 4105 δούλων

2150 4153 2266 4200 σου,
2297 4136 2390 4189 106
2433 4139 2826 4209 ἐκκεχυμένον.
2857 4160 2875 4192 ι
2919 4140 3338 4211 Ἀντιδολοῦμεν
3373 4142 3587 4209 τοίνυν,
3616 4144 3737 4197 τούο

2148 4245 2274 4291 τους
2310 4229 2407 4298 μὲν
2432 4232 2579 4283 τῖσαι
2602 4230 2701 4300 τῆς
2728 4233 3045 4301 μιαιφονίας
3069 4234 3283 4304 ποινὴν.
3304 4235 3433 4297 τοὺς
3456 4234 3515 4288 δὲ
3537 4236 3740 4297 ἄλλους

2152 4322 2402 4385 ἅπαντας
2441 4323 2574 4376 ἰδεῖν
2604 4326 2703 4377 σὺν
2734 4326 2866 4393 ἡμῖν
2901 4324 3001 4395 τὴν
3026 4325 3247 4379 δικαίαν
3279 4343 3375 4379 σου
3404 4327 3622 4396 ψῆφον,
3649 4329 3741 4382 καὶ

2078 4423 2125 4479 ι)
2152 4412 2253 4484 τὴν
2291 4414 2433 4483 ὑπὲρ
2464 4415 2573 4466 τῶν
2599 4415 2963 4487 ἀνῃρημένων
2996 4416 3091 4469 σοῦ
3124 4416 3479 4487 θεραπόντων
3507 4418 3713 4490 ὀργήν.

2230 4514 2318 4560 ια’.
2358 4528 2376 4559 ι
2424 4490 2729 4560 Εἰσελθέτω
2777 4507 3008 4561 ἐνώπιόν
3039 4525 3133 4562 σου
3181 4511 3209 4561 ὁ
3271 4512 3588 4580 στεναγμὸς
3638 4511 3745 4563 τῶν

2157 4598 2367 4668 πεπεδη
2378 4599 2559 4668 μένων
2583 4615 2597 4629 ’
2625 4599 2765 4651 κατὰ
2788 4600 2886 4668 τὴν
2916 4600 3310 4671 μεγαλωσύνην
3334 4601 3429 4654 τοῦ
3453 4602 3748 4673 βραχίονός

2156 4707 2252 4744 σου
2305 4690 2665 4760 περιποίησαι
2698 4691 2827 4752 τοὺς
2859 4691 3011 4755 υἱοὺς
3037 4691 3149 4744 τῶν
3180 4692 3685 4762 τεθανατωμένων.
3725 4711 3742 4743 ι

2166 4783 2402 4836 ’Λπιδεῖν
2438 4784 2669 4836 ἱκετεύω
2729 4802 2788 4837 σε
2843 4786 2936 4839 καὶ
2965 4787 3046 4849 εἰς
3096 4787 3223 4849 τοὺς
3249 4785 3329 4838 ἔτι
3383 4786 3485 4857 μὲν
3521 4788 3751 4857 περιόν·

2155 4892 2275 4940 τας,
2310 4874 2483 4945 δεσμὰ
2511 4876 2564 4927 δὲ
2598 4878 3047 4947 περικειμένους,
3077 4878 3171 4931 καὶ
3195 4879 3236 4910 ³⁵
3265 4878 3750 4949 προσδεχομένους

2157 4967 2249 5020 τὸν
2271 4968 2521 5034 θάνατον,
2546 4969 2641 5022 καὶ
2663 4968 2739 5040 μὴ
2763 4969 3009 5023 πανωλεο
3020 4971 3138 5041 ρίαν
3155 4970 3250 5023 106
3270 4971 3440 5041 ήμετέ
3450 4989 3551 5042 ρου
3577 4988 3754 5024 κατα-

2157 5061 2503 5131 ψηφίσασθαι
2533 5062 2755 5131 γένους·
2786 5062 2922 5117 ἀλλά
2951 5063 3059 5117 τῶν
3097 5063 3465 5136 ἀνῃρημένων
3496 5083 3571 5119 πε
3584 5064 3753 5136 ρισῶ-

1541 5237 1778 5293 ΥΑΒΙΛΕ
1818 5236 2203 5292 LECTIONES
2243 5235 2329 5290 ET
2370 5234 2601 5291 ΝΟΤᾸΞ.

544 5425 565 5455 ²
591 5421 811 5489 Ζῆλον.
844 5417 967 5475 cod.
997 5418 1021 5471 1
1057 5418 1267 5485 ἀγῶνα.

474 5492 619 5554 τίνος
666 5495 853 5546 ἕνεκεν
896 5490 985 5543 διὰ
1020 5491 1129 5541 τῶν
1159 5489 1306 5557 ἑξῆς.

1365 5416 1385 5448 ³
1414 5415 1545 5470 Καί.
1579 5415 1745 5468 Abest
1776 5430 1805 5469 a
1837 5413 1960 5468 cod.
1992 5414 2041 5469 2.

2177 5415 2301 5470 cod.
2345 5415 2362 5468 l
2397 5412 2726 5485 τεθείκασιν.
2802 5411 2824 5443 ⁸
2849 5412 3051 5485 Κύριε.
3083 5412 3205 5467 cod.
3241 5414 3266 5467 1
3295 5414 3422 5468 add.
3465 5414 3630 5485 λέγει
3663 5417 3760 5470 καὶ

1412 5488 1433 5517 ⁸
1459 5487 1730 5554 "Opi-2507'.
1791 5486 1913 5540 cod.
1951 5485 1974 5537 1
2016 5485 2139 5540 add.
2188 5488 2342 5553 ἡμῖν.

2445 5486 2465 5515 ⁷
2516 5482 2790 5549 Τάχιστα.
2839 5483 2963 5552 cod.
3017 5492 3248 5552 uterque
3306 5485 3431 5538 add.
3469 5482 3757 5542 Δεσπόττ.

478 5549 647 5612 "Acci.
704 5564 869 5615 Abest
907 5576 937 5613 a
985 5559 1108 5613 cod.
1153 5549 1214 5610 (ἐξ
1244 5549 1255 5557 ⁷
1288 5559 1307 5588 ⁹
1336 5549 1580 5623 Μήποτε
1616 5585 1681 5599 --
1721 5556 1887 5621 ἔθνη.
1934 5555 2041 5610 lleb

2147 5549 2248 5611 Cur
2276 5557 2506 5608 dicerent
2556 5553 2771 5623 gentes?
2848 5551 2891 5581 “’
2918 5549 3063 5623 Rue:
3097 5549 3258 5607 lectio
3290 5564 3371 5608 est
3413 5556 3470 5606 ὲν
3502 5561 3629 5621 τοῖς
3665 5557 3759 5610 ιι-

482 5641 619 5678 νεσι.
730 5632 769 5661 ιι
803 5629 909 5683 Me.
954 5631 1117 5684 Abest
1145 5643 1176 5682 a
1216 5627 1338 5682 cod.
1361 5627 1415 5678 2.

1522 5626 1561 5656 η
1606 5625 1724 5691 Τὴν
1753 5624 2078 5680 θάλατταν.
2117 5627 2240 5681 eod.
2277 5628 2295 5677 ι
2331 5641 2383 5677 et
2407 5625 2441 5676 2
2478 5623 2538 5677 τὸ
2562 5622 2825 5689 πέλαγος.

2936 5623 2983 5698 ιξ
3023 5621 3067 5698 ξ
3117 5625 3238 5679 cod.
3290 5637 3530 5695 utroque
3568 5625 3757 5698 sui)?"

487 5694 532 5724 “
562 5696 818 5764 Πολυθρ.
847 5701 968 5755 cod.
1010 5701 1033 5753 1
1066 5698 1191 5755 add.
1218 5697 1306 5750 διὰ
1333 5696 1399 5764 δὴ
1429 5694 1599 5748 ταῦτα
1635 5695 2000 5754 ὰντιϐολοῦσι.

2153 5693 2616 5751 Καὶ-θάνατον.
2643 5691 2768 5747 Des.
2803 5693 2856 5745 in
2884 5692 3007 5748 cod.
3032 5692 3086 5747 2.
