4028 6210
357 305 505 367 1509

1643 300 1724 360 ΙΝ
1763 299 1974 362 PSAL.

2048 298 2310 359 LXXIX.
3491 289 3622 355 15ίο

361 435 454 471 σαι
477 415 525 449 ¹⁶
575 416 701 480 τοὺς
747 415 966 480 παῖδας,
1011 413 1107 467 καὶ
1152 411 1403 466 νεολαίαν
1441 409 1502 476 ἐξ
1531 410 1712 464 αὐτῶν
1777 427 1945 465 κατα-

2068 408 2260 464 erfecti
2289 416 2438 475 sunt,
2474 407 2655 464 salvos
2699 405 2914 472 reddas,
2944 419 3249 476 novamque
3282 409 3628 473 jnventutem

362 524 582 578 στησαι.

439 601 528 670 ιβ’.
561 618 580 650 ι
626 598 850 662 Ἀπόδος
871 599 984 660 τοῖς
1001 595 1244 664 γείτοσιν
1275 592 1434 664 ήμῶν
1463 591 1878 648 ἑπταπλασίονα
1904 591 1948 622 ¹⁷

363 695 444 756 είς
489 691 580 744 τὸν
625 689 831 744 κόλπον
880 685 1062 740 αὐτῶν
1107 685 1198 738 τὸν
1257 683 1562 756 ὀνειδισμὸν
1615 681 1834 748 αὐτῶν,
1891 681 1950 735 ὃν

364 783 648 836 ὼνείδισάν
682 799 764 845 σε,
797 780 990 849 Κύριε.
1017 797 1036 831 ι
1075 777 1495 832 Πολλαπλασίαν
1521 776 1564 807 ³⁸
1592 778 1702 838 τοῖς
1729 775 1950 846 ὁμόροις

364 879 459 946 τῆς
489 875 842 946 βλασφημίας
874 875 917 904 ¹⁹
953 871 1054 942 τὴν
1094 870 1372 942 τιμωρίαν
1425 869 1698 938 ἐπάγαγε.
1731 869 1806 922 Οὐ
1841 867 1951 939 γὰρ

366 969 671 1046 ιῦρισμένον
719 965 954 1036 ἀριθμὸν
999 963 1088 1016 διὰ
1141 961 1249 1014 τῶν
1303 961 1610 1034 εἰρημένων
1657 961 1948 1030 ἐδήλωσεν,

370 1061 506 1112 ἀλλὰ
555 1059 824 1130 μεγίστην
869 1057 1056 1118 αὐτοῖς
1111 1054 1418 1124 ἐπαχθῆναι
1453 1053 1498 1084 ¹⁰
1547 1052 1820 1123 τιμωρίαν
1863 1051 1952 1118 ἐξ·

371 1153 560 1223 ῄτησε.
581 1149 805 1202 Τοιοῦτο
827 1149 868 1179 ¹¹
898 1149 990 1201 καὶ
1008 1149 1086 1212 τὸ,
1113 1165 1130 1197 ι
1165 1147 1361 1215 Στεῖρα
1378 1145 1564 1198 ἔτεκεν
1595 1144 1753 1208 ἑπτὰ,
1781 1163 1800 1194 ι
1831 1143 1953 1197 ἀντὶ

376 1244 468 1296 τοῦ
510 1243 703 1296 πολλὰ.
737 1243 839 1294 Τὸν
869 1240 925 1292 δὲ
956 1243 1191 1293 κόλπον
1238 1240 1483 1311 εἴρηκεν,
1540 1239 1606 1290 ἐκ
1636 1237 1954 1306 μεταφορᾶς

375 1333 481 1386 τῶν
500 1335 556 1386 ἐν
587 1332 664 1401 τῷ
696 1331 883 1401 κόλπῳ
917 1348 968 1382 τι
1013 1330 1323 1398 φερόντων,
1359 1329 1456 1382 καὶ
1513 1330 1774 1397 ἀσφαλῶς
1827 1345 1952 1381 συν·

373 1426 624 1493 εχόντων,
657 1423 796 1476 ὥστε
833 1421 996 1492 μηδὲν
1027 1421 1283 1474 ἐκπεσεῖν
1307 1438 1320 1452 ο
1363 1421 1483 1474 ἀντὶ
1513 1421 1629 1487 τοῦ,
1655 1421 1954 1492 Πλήρωσον

372 1517 568 1578 αὐτοὺς
602 1513 900 1584 συμφορῶν
928 1511 1302 1582 ἐπικειμένων
1330 1511 1619 1582 διηνεκῶς.

443 1613 532 1674 ιγ’.
571 1626 589 1658 ι
640 1606 834 1676 Ἡμεῖς
855 1604 912 1658 δὲ
943 1605 989 1636 ¹¹
1019 1604 1148 1667 λαός
1187 1621 1304 1667 σου,
1352 1604 1448 1657 καὶ
1473 1603 1725 1672 πρόϐατα
1781 1609 1955 1678 νομῆς

375 1717 469 1754 σου
491 1716 505 1730 ο
525 1697 1084 1770 ἀνθομολογησόμεθά
1105 1715 1211 1763 σοι,
1231 1698 1258 1748 ὁ
1275 1697 1410 1762 Θεὸς
1435 1698 1502 1764 ’³,
1535 1699 1614 1762 είς
1635 1699 1727 1752 τὸν
1744 1701 1919 1756 αίῶνα
1937 1719 1950 1735 ·

2051 517 2114 556 ex
2146 501 2280 571 ipsis
2305 499 2532 555 elﬁcias.

2124 590 2291 648 Vens.
2329 592 2420 647 1‘2.
2458 611 2477 645 σ
2517 591 2702 648 Redde
2731 591 2930 648 vicinis
2977 591 3184 647 nostris
3227 591 3537 661 septuplum
3569 589 3627 646 in

2052 687 2176 742 sinu
2213 701 2402 742 eorum
2459 685 2812 758 opprobrium
2846 685 3116 756 ipsorum,
3147 685 3290 755 quod
3328 685 3631 748 intulerunt

2054 777 2172 844 tibi,
2215 777 2465 833 Domine.
2501 796 2520 829 ι
2555 781 2573 802 ⁶
2603 777 2930 847 Multiplices
2959 791 3152 847 pugnas
3183 775 3542 846 blasphemiae
3565 775 3628 830 li-

2052 870 2266 928 nitimis
2297 871 2500 942 irroga.
2528 870 2647 926 Non
2678 871 2822 926 enim
2851 880 3061 926 certum
3087 885 3378 924 numerum
3400 871 3484 924 bis
3511 883 3634 924 ver-

2053 962 2139 1018 bis
2179 963 2497 1027 declaravit,
2530 963 2624 1018 sed
2673 963 2970 1018 maximam
3011 977 3231 1032 poenam
3271 961 3406 1032 ipsis
3457 960 3630 1031 inﬂigi

2053 1054 2230 1124 petiit.
2257 1055 2447 1110 Simile
2476 1065 2561 1110 est
2583 1055 2716 1109 illud
2751 1073 2765 1110 :
2797 1074 2816 1106 ι
2851 1054 3063 1109 Sterilis
3089 1053 3504 1124 genuitseptcm
3529 1049 3576 1118 i,
3607 1070 3626 1104 ι

2053 1147 2159 1201 hoc
2187 1154 2272 1201 est
2321 1147 2544 1202 multos.
2597 1146 2744 1201 Dixit
2788 1156 2968 1200 autem
3005 1147 3180 1199 sinum
3222 1161 3318 1216 per
3350 1144 3634 1214 metapho-

2056 1254 2170 1293 ram
2213 1239 2433 1294 ductam
2466 1241 2534 1292 ab
2569 1240 2698 1302 illis,
2729 1239 2822 1309 qui
2850 1238 3054 1308 aliquid
3089 1239 3144 1292 in
3175 1238 3296 1293 sinu
3337 1237 3541 1305 ferunt,
3583 1247 3638 1293 ct

2057 1340 2175 1386 tuto
2215 1332 2518 1398 continent,
2551 1347 2609 1386 ut
2646 1331 2781 1386 nihil
2824 1331 3086 1397 excidat;
3125 1331 3284 1400 quasi
3317 1331 3490 1385 dicat:
3528 1329 3638 1383 lm-

2054 1425 2141 1494 ple
2171 1440 2268 1481 eos
2297 1425 2704 1481 calamitatibus
2739 1439 2953 1494 semper
2988 1423 3426 1478 imminentibus.

2130 1597 2292 1654 Vens.
2324 1599 2412 1654 15.
2444 1619 2462 1651 ι
2490 1598 2604 1655 Nos
2635 1609 2818 1655 autem
2849 1599 3090 1670 populus
3119 1608 3269 1667 tuus,
3295 1607 3350 1654 et
3378 1612 3510 1655 oves
3538 1612 3639 1669 pa-

2056 1692 2172 1746 scui
2207 1693 2308 1760 tui,
2342 1693 2729 1748 conﬁtebimur
2759 1694 2854 1748 tibi
2887 1693 2941 1748 in
2973 1693 3262 1758 saeculum,
3303 1693 3356 1746 in
3409 1707 3638 1763 genera-

374 1793 454 1854 είς
501 1794 700 1859 γενεὰν
758 1793 854 1845 καὶ
910 1793 1108 1860 γενεὰν
1156 1790 1559 1861 ἐξαγγελοῦμεν
1613 1791 1712 1862 τὴν
1745 1793 1952 1848 αίνεσίν

2068 1786 2259 1842 Licuem
2319 1795 2376 1842 ct
2449 1789 2852 1858 generationem
2913 1787 3362 1843 annuntiabimns
3421 1785 3640 1840 laudem

376 1899 490 1936 σου.
527 1903 546 1934 ο
593 1883 786 1952 Ἡμεῖς
845 1881 902 1934 δέ
935 1881 982 1914 ³³
1013 1884 1062 1936 οἱ
1093 1883 1140 1914 ’⁸
1171 1881 1301 1947 λαὸς
1357 1882 1447 1944 σὸς
1489 1884 1952 1954 χρηματίσαντες,

375 1977 466 2028 καὶ
508 1975 760 2045 ποίμνιον
784 1973 1191 2045 ὀνομαζόμενοι
1224 1975 1338 2039 σὺν,
1373 1974 1668 2046 ἐνδελεχῶς
1701 1992 1784 2029 σοι
1827 1979 1957 2040 τοὺς

377 2063 581 2136 ὕμνους
613 2065 982 2136 προσοίσομεν
1013 2082 1024 2094 ·
1052 2067 1148 2118 καὶ
1185 2067 1282 2128 τὰς
1310 2065 1452 2136 ὑπὲρ
1479 2064 1578 2133 τῆς
1631 2065 1958 2136 εὐεργεσίας

379 2159 790 2229 ὁμολογήσομεν
851 2157 1081 2228 χάριτας
1111 2173 1126 2186 ·
1180 2157 1276 2210 καὶ
1309 2159 1703 2227 ἀναγράπτους
1751 2157 1958 2220 ταύτας

378 2251 764 2322 πεποιηκότες,
797 2251 912 2312 τοῖς
943 2247 1230 2318 ἐσομένοις
1253 2245 1570 2317 ἀνθρώποις
1589 2250 1957 2318 προσοίσομεν

373 2343 475 2413 τὴν
491 2341 698 2394 τούτων
718 2341 970 2411 διήγησιν
993 2356 1006 2368 ·
1025 2338 1088 2391 τὸ
1117 2338 1303 2407 μέντοι
1327 2339 1957 2408 ἀνθομυλογησόμεθα,

381 2435 500 2489 ἀντὶ
525 2434 572 2466 ⁸⁸
603 2431 698 2486 τοῦ
743 2430 1321 2501 ἐξομολογησάμεθα
1373 2429 1566 2502 εἴρηκε
1593 2447 1606 2460 ’
1641 2431 1740 2502 τὴν
1800 2431 1961 2500 εύχα·

383 2525 596 2598 ριστίαν
625 2524 684 2577 δὲ
721 2523 780 2576 τὸ
805 2523 978 2594 ὄνομα
1003 2523 1046 2553 ³⁷
1069 2521 1239 2592 δηλοῖ.

694 2637 958 2692 ΕΡΜΗΝ.
1000 2635 1139 2690 ΤΟΥ
1177 2635 1277 2691 08'
1315 2637 1642 2692 ΨΑΛΜΟΥ.

451 2759 520 2808 α’.
569 2771 588 2804 ι
621 2753 712 2814 Ei;
737 2751 798 2804 τὸ
825 2750 998 2816 τέλος,
1029 2751 1087 2804 ἐν
1121 2749 1312 2822 ὕμνοις
1329 2750 1376 2782 ’⁸
1397 2767 1410 2780 ο
1443 2751 1582 2821 ὑπὲρ
1604 2749 1713 2803 τῶν
1741 2750 1965 2804 ἀλλοιω-

385 2846 724 2918 θησομένων.
778 2843 1100 2915 Μαρτύριον
1141 2842 1220 2914 τῷ
1263 2843 1460 2914 Ἀσάφ.
1509 2842 1796 2914 Ψαλμος¹⁹
1823 2841 1965 2916 ὑπὲρ

386 2938 477 2993 τοῦ
535 2937 843 3008 Ἀσσυρίου.
897 2954 916 2988 ι
973 2934 1294 3006 Μεταϐολήν
1341 2953 1502 2989 τινων
1551 2933 1967 3006 πραγμάτων”ὁ

286 3034 320 3040 ”
387 3030 577 3101 παρὼν
625 3027 881 3099 προλέγει
929 3025 1145 3097 ψαλμός
1179 3043 1192 3057 ·
1253 3029 1282 3098 ἡ
1329 3027 1438 3098 γὰρ
1487 3027 1774 3090 ἀλλοίωσις
1808 3027 1968 3081 τοῦτο

2060 1888 2239 1933 tuam.
2283 1898 2302 1931 ι
2354 1878 2465 1934 Nos
2514 1891 2718 1948 autem,
2771 1881 2865 1950 qui
2919 1888 3050 1936 tuus
3091 1881 3324 1950 populus
3357 1893 3648 1940 vocamur,

2057 1980 2298 2042 tuusque
2329 1988 2460 2042 grex
2492 1973 2865 2040 nominamur,
2903 1989 3118 2045 semper
3165 1975 3401 2047 hymnos
3429 1973 3528 2029 tibi
3559 1971 3644 2028 of-

2058 2065 2320 2130 ferentes,
2371 2075 2428 2121 et
2458 2067 2664 2136 gratias
2716 2082 2818 2136 pro
2865 2067 3146 2123 beneliciis
3181 2083 3407 2138 agemus
3445 2084 3458 2120 :
3491 2081 3644 2122 cum-

2059 2173 2166 2226 que.
2199 2159 2397 2212 litteris
2447 2175 2510 2214 ea
2549 2160 3014 2227 mandaverimus,
3050 2160 3286 2232 posteris
3324 2159 3644 2214 hominibus

2065 2249 2278 2318 1171
2351 2250 2548 2304 horum
2607 2252 2982 2306 narrationem
3041 2251 3344 2306 trademus.
3403 2248 3643 2305 Verbum

2063 2338 2472 2407 Conﬁtebimur,
2505 2356 2616 2410 quo
2648 2341 2731 2396 usi
2761 2352 2908 2406 sunt,
2946 2341 3092 2396 idem
3127 2349 3212 2396 est
3245 2342 3391 2411 quod
3428 2338 3647 2394 Gratias

2063 2446 2323 2500 agemus:
2359 2433 2660 2502 gratiarum
2701 2432 2970 2486 actionem
3017 2441 3200 2486 autem
3257 2433 3482 2488 verbum
3515 2432 3649 2486 illud

2063 2521 2342 2590 exprimit.

2449 2633 2724 2690 INTERP.
2750 2634 3004 2690 PSALMI
3037 2633 3276 2691 LXXIX.

2137 2747 2306 2806 Vens.
2337 2750 2388 2806 1.
2420 2769 2438 2802 ι
2479 2750 2534 2806 In
2571 2751 2828 2818 ﬁnem,in
2865 2753 3084 2824 hymnis
3112 2771 3126 2808 :
3160 2769 3260 2824 pro
3292 2754 3378 2810 his
3406 2755 3497 2826 qui
3529 2772 3652 2812 mu-

2068 2841 2354 2898 tabuntur.
2387 2842 2786 2900 Testimonium
2819 2847 3023 2916 Asaph.
3060 2845 3313 2903 Psalmns
3343 2865 3443 2918 pro
3483 2852 3651 2922 Assy-

2070 2937 2174 2990 rio.
2219 2956 2237 2989 ι
2281 2937 2532 2993 Praesens
2579 2939 2823 3007 psalmus
2853 2941 3217 3009 quarumdam
3269 2957 3450 2996 rerum
3486 2945 3652 3000 vicis-

2073 3029 2368 3084 situdinem
2399 3031 2647 3099 praadicit
2681 3048 2694 3084 :
2729 3031 2960 3086 mutatio
2989 3032 3136 3087 enim
3180 3034 3283 3090 hoc
3311 3035 3572 3104 declarat,
3598 3047 3654 3093 et

387 3122 556 3192 δηλοῖ,
600 3122 694 3175 καὶ
741 3119 1112 3191 μαρτύρεται·
1167 3119 1256 3173 διὰ
1301 3120 1459 3172 τοῦτο
1509 3120 1600 3174 καὶ
1641 3123 1963 3189 μαρτύριον

2074 3121 2431 3189 testiﬁcatur;
2470 3133 2756 3194 propterea
2803 3133 2857 3178 et
2887 3127 3247 3181 testimonium
3307 3129 3654 3200 inseriptioni

387 3215 796 3288 πρόσκειται³⁰.
843 3213 1206 3285 Προθεσπίζει
1235 3213 1291 3266 δέ
1323 3215 1356 3284 ὴ
1390 3213 1550 3282 χάρις
1583 3212 1680 3266 τοῦ
1713 3215 1970 3284 Πνεῦμα-

387 3325 478 3369 τος
524 3307 614 3360 τὸν
657 3305 766 3359 τῶν
823 3306 1092 3360 Ἰουδαίων
1129 3305 1585 3375 ἀνδραποδισμὸν,
1641 3306 1736 3359 καὶ
1781 3305 1880 3376 τὴν
1913 3308 1972 3360 ἐν

387 3397 672 3450 Βαϐυλῶνι
715 3397 980 3451 δουλείαν.
1043 3395 1479 3466 Ἐσχημάτισται
1529 3395 1584 3446 δὲ
1625 3395 1704 3459 εἰς
1741 3397 1912 3466 εὐχὴν
1944 3396 1974 3448 ὁ

387 3489 599 3560 ψαλμδς
628 3488 707 3559 τῷ
755 3487 876 3558 Θεῷ
903 3487 1012 3540 τῶν
1045 3488 1202 3551 ὅλων,
1255 3487 1330 3550 ὡς
1375 3486 1466 3539 ὑπ’
1517 3485 1698 3540 αὐτῶν
1748 3487 1974 3540 ἐκείνων

391 3583 867 3652 προσφερομένην.
918 3581 1171 3634 Διδάσκει
1221 3580 1326 3650 γὰρ
1359 3579 1557 3640 αὐτοὺς
1591 3581 1624 3650 ἡ
1661 3579 1973 3650 προφητικὴ

390 3676 570 3746 χάρις,
619 3674 824 3736 ὁποίοις
862 3673 942 3726 δεῖ
968 3673 1058 3725 τὸν
1087 3671 1222 3726 Θεὸν
1251 3670 1576 3726 ἰλεώσασθαι
1609 3672 1842 3742 ῥήμασι,
1882 3672 1975 3724 καὶ

391 3770 472 3831 εἰς
519 3766 666 3820 ἔλεον
718 3765 1012 3835 διεγεῖραι.
1053 3762 1316 3834 Προλέγει
1347 3762 1405 3816 δὲ
1454 3764 1548 3815 καὶ
1580 3761 1678 3832 τὴν
1709 3761 1974 3832 ἐσομένην

391 3860 560 3912 πᾶσιν
581 3859 624 3890 ⁸³
675 3854 982 3926 ἀνθρώποις
1028 3853 1117 3908 διὰ
1155 3853 1248 3907 τοῦ
1291 3853 1562 3906 Δεσπότου
1599 3850 1836 3922 Χριστοῦ
1868 3867 1974 3904 σω-

392 3965 456 4019 τη
464 3950 607 4020 ρίαν.

465 4040 528 4110 β’.
565 4057 584 4090 ι
627 4039 684 4092 '0
715 4037 1020 4108 ποιμαίνων
1041 4036 1130 4091 τὸν
1161 4035 1398 4107 Ἰσραὴλ,
1422 4035 1682 4106 πρόσχες.
1715 4053 1732 4086 ι
1768 4035 1855 4100 Σὲ,
1885 4035 1978 4087 Δέ-

395 4147 592 4194 σποτα,
619 4131 711 4183 τὸν
747 4129 1007 4199 ποιμένος
1055 4127 1212 4198 δίκην
1240 4127 1335 4180 τοῦ
1364 4127 1495 4180 λαοῦ
1527 4127 1980 4198 προμηθούμενον

395 4222 650 4287 δέξασθαί
681 4240 782 4291 μου
819 4223 918 4292 τὴν
955 4220 1194 4274 ἱκετείαν
1224 4219 1509 4273 ἀντιϐολῶ.
1549 4239 1567 4270 ι
1610 4220 1668 4272 'U
1702 4220 1912 4290 ὁδηγῶν
1933 4219 1978 4250 ³⁸

393 4313 528 4368 ὡσεὶ
557 4314 828 4384 πρόϐατον
847 4313 894 4344 ³³
935 4313 1026 4366 τὸν
1065 4313 1284 4382 Ἰωσήφ.
1319 4329 1336 4363 ι
1371 4305 1498 4364 Οἷόν
1525 4327 1635 4364 τισι
1664 4311 1848 4374 λύκοις
1882 4327 1978 4364 πε-

2073 3215 2388 3284 apponitur.
2424 3215 2678 3270 Praedicit
2709 3225 2890 3270 autem
2943 3217 3184 3286 Spiritus
3229 3221 3406 3288 gratia
3439 3220 3655 3279 Judaeu-

2075 3321 2197 3359 rum
2232 3307 2625 3376 captivitatem,
2653 3315 2708 3360 et
2748 3309 3068 3362 servitutem
3102 3325 3266 3379 quam
3296 3313 3439 3381 apud
3469 3311 3653 3384 Baby-

2076 3397 2251 3453 lonios
2283 3401 2616 3454 servierunt.
2646 3397 2940 3455 Formatns
2979 3410 3064 3456 est
3092 3411 3274 3457 autem
3307 3405 3553 3474 psalmus
3599 3407 3652 3462 in

2075 3491 2520 3560 dt-preCationem
2557 3493 2939 3548 universorum
2975 3493 3082 3550 Deo
3113 3497 3180 3550 ab
3209 3497 3316 3551 illis
3342 3499 3475 3568 ipsis
3501 3501 3656 3570 quasi

2075 3583 2335 3639 oblatam.
2375 3582 2541 3638 Docet
2577 3585 2723 3640 enim
2758 3587 2908 3656 ipsos
2947 3589 3258 3658 pr0phetica
3299 3591 3495 3660 gratia,
3531 3592 3658 3662 qui-

2075 3676 2174 3730 bus
2209 3676 2389 3730 verbis
2415 3675 2582 3732 Dcum
2608 3679 2823 3748 placare
2859 3691 2912 3735 et
2951 3683 3018 3736 ad
3048 3681 3474 3738 misericordiam
3509 3685 3659 3740 exci-

2079 3778 2196 3823 tare
2223 3779 2494 3839 oporteat.
2537 3770 2876 3826 Vaticinatur
2911 3775 3073 3828 etiam
3109 3775 3342 3830 salutem
3397 3777 3658 3832 erunibus

2077 3861 2390 3917 hominibus
2424 3862 2664 3918 futuram
2697 3880 2792 3935 per
2825 3865 3112 3922 Dominum
3143 3867 3445 3925 Christum.

2150 4034 2310 4087 Vens.
2341 4034 2398 4088 ‘2.
2451 4053 2468 4086 ι
2524 4035 2626 4102 Qui
2663 4037 2845 4106 pascis
2876 4039 3156 4100 lsraelem.
3201 4043 3438 4096 attende.
3473 4060 3492 4094 ι
3555 4043 3654 4110 Te,

2077 4125 2328 4193 Domine,
2366 4128 2618 4192 obsecro,
2653 4138 2714 4182 ut
2745 4145 2898 4184 meas
2927 4145 3116 4200 preces
3134 4133 3411 4198 admittas,
3441 4135 3534 4203 qui
3564 4152 3660 4204 pa-

2080 4221 2246 4275 storis
2277 4221 2454 4275 instar
2482 4221 2738 4290 pupulum
2772 4223 3065 4292 gubernas.
3104 4243 3122 4274 ι
3164 4225 3269 4290 Qui
3321 4226 3477 4281 ducis
3505 4225 3662 4283 Jose-

2081 4313 2250 4381 phum
2284 4313 2432 4367 velut
2465 4328 2644 4368 orem.
2689 4332 2708 4364 ›
2751 4313 3073 4382 Josephum,
3105 4316 3199 4385 qui
3237 4316 3293 4370 in
3326 4316 3542 4382 fratres,
3571 4333 3664 4373 ve-

397 4409 692 4481 ριπεσὸντα
722 4412 831 4469 τοῖς
863 4407 1110 4476 ἀδελφοῖς
1129 4407 1194 4470 ³⁸,
1243 4405 1354 4459 τῶν
1403 4405 1628 4458 ἐκείνων
1663 4406 1963 4472 ἀπαλλάξαι

2082 4403 2234 4458 Ιιιιὶη
2257 4405 2525 4472 quosdam
2557 4404 2711 4472 lupos
2743 4405 3030 4470 inciderat,
3059 4406 3129 4460 ab
3165 4405 3382 4460 illorum
3413 4409 3664 4463 manibus

397 4471 620 4571 διειρῶν,
661 4471 1016 4570 ἐποδήγησας⁷
1046 4499 1125 4561 είς
1159 4498 1456 4565 Αἴγυπτον,
1506 4499 1600 4550 καὶ
1629 4489 1915 4569 κρείττονα
1933 4500 1963 4530 ³⁴

2086 4471 2412 4560 liberatum,
2461 4497 2512 4550 in
2556 4495 2849 4568 JEgyptnm
2901 4498 3194 4561 deduxisti,
3248 4497 3664 4554 insidiantibus-

397 4596 508 4648 τῶν
540 4595 1041 4648 ἐπιϐουλευσάντων
1071 4591 1378 4662 ἀπέφηνας.
1437 4589 1592 4642 Οὕτω
1623 4591 1722 4660 τὴν
1765 4592 1846 4653 εἰς
1879 4591 1977 4642 αύ-

399 4687 527 4750 τοῦς
577 4685 956 4758 γεγενημένην
1001 4682 1332 4755 κηδεμονίαν
1381 4679 1685 4748 διεξελθὼν,
1735 4681 1830 4734 ἐπὶ
1883 4680 1981 4752 τὴν

473 4839 492 4894 i
533 4843 551 4898 Ι
589 4842 722 4912 Reg.
756 4857 816 4906 ll,

2087 4605 2196 4660 que
2257 4590 2594 4660 superiorem
2641 4591 2835 4645 fecisti.
2878 4589 2969 4645 Sic
3015 4607 3204 4646 curam
3255 4592 3319 4646 iis
3367 4591 3664 4646 exhibitam

2089 4698 2214 4737 eum
2273 4691 2606 4750 enarrasset,
2667 4685 2732 4738 ad
2788 4685 2960 4754 magis
3015 4684 3323 4754 generalem
3367 4685 3665 4754 potentiam

1501 4999 1737 5057 νΑιιιιΕ
1778 5000 2165 5058 LECTIONES
2206 5003 2292 5058 ΕΤ
2326 5001 2559 5058 ΝΟΤΙΕ.

485 5192 528 5224 ⁸⁸
562 5189 913 5258 Περισῶσαι.
948 5189 1115 5242 Abest
1147 5201 1181 5258 ει
1209 5183 1337 5258 cod.
1367 5185 1422 5238 2.
1451 5183 1618 5258 (θρόει
1663 5185 1918 5258 φυλάξαι.

412 5331 576 5388 lectio
614 5333 668 5386 h.
723 5331 758 5384 l.
793 5339 876 5382 est
901 5331 1025 5399 γάρ.

413 5402 598 5503 ηιμεῖς.
700 5402 746 5434 ³⁵
775 5403 862 5452 οι.
897 5402 1065 5453 Abest
1095 5412 1125 5451 a
1159 5402 1280 5476 eqd.
1315 5402 1326 5450 ε

414 5473 436 5504 ³
504 5473 742 5541 Ὀνομα.
775 5470 896 5524 cod.
927 5471 950 5522 1
989 5468 1114 5541 add.
1144 5482 1326 5541 τουτο.

2017 5185 2058 5217 ⁸⁷
2093 5183 2224 5240 Rec.
2276 5186 2442 5241 lectio
2469 5193 2550 5240 est
2581 5183 2949 5240 ὲπταπλάσια.

413 5263 586 5315 σὶονα.
636 5255 706 5292 ἰ’
745 5259 862 5326 Τῆς
887 5260 1128 5327 βλασφ.
1165 5257 1287 5310 Des.
1329 5257 1379 5308 in
1411 5257 1530 5309 cod.
1568 5256 1624 5327 2.
1649 5255 1750 5327 __'°
1789 5257 1914 5310 eod.
1955 5257 1963 5306 ε

2068 5255 2398 5326 τενεχθῆναι.

1141 5327 1188 5359 13
1227 5327 1292 5359 'n
1335 5327 1478 5359 Ωιςκζη
1557 5325 1783 5359 Arlrlilnn
1814 5327 1866 5359 in
1911 5326 2019 5359 οιΙίΙ
2088 5327 2180 5359 AIA
2206 5325 2209 5326 ⁷
2237 5325 2285 5359 ai
2328 5327 2367 5359 l‘

723 5331 758 5384 l.
793 5325 1025 5399 (λειγάρ.
1068 5325 1077 5327 ἡ
1141 5327 1188 5359 ’³
1227 5327 1292 5380 '0
1335 5327 1498 5390 Θεός.
1548 5325 1783 5380 Additur
1814 5327 1866 5379 in
1911 5341 1963 5380 et

700 5401 746 5434 ³⁵
775 5403 862 5452 ω.
897 5399 1065 5453 Abest
1095 5412 1125 5451 a
1159 5397 1280 5467 cod.
1315 5397 1372 5450 2.
1449 5397 1495 5467 Ἶθ
1523 5395 1698 5467 ,Ἀντί
1727 5427 1797 5435 -
1818 5395 1963 5464 δηλο

2080 5325 2290 5386 Aldget
2328 5325 2544 5394 Compl.
2651 5325 2698 5358 "
2739 5325 2930 5394 Ἡμεῖς
2962 5327 3048 5380 δέ.
3093 5329 3214 5381 cod.
3253 5329 3272 5378 1
3315 5326 3462 5394 λέγει
3501 5328 3558 5380 δὲ
3596 5330 3680 5381 ὅτι

2068 5395 2183 5450 Des.
2216 5397 2269 5450 in
2297 5397 2420 5451 cod.
2456 5399 2491 5451 2
2528 5395 2617 5450 ubi
2644 5403 2768 5464 post
2796 5396 3052 5467 ὰνβομολ.
3101 5398 3346 5466 sequitur
3401 5399 3680 5467 εἰρήκασι.

1430 5465 1476 5498 ’⁸
1518 5466 1615 5518 Ἑν
1656 5466 1890 5534 ὕμνοις.
1927 5467 1963 5518 Α

2068 5477 2098 5520 ιι
2136 5482 2164 5519 a
2214 5467 2338 5522 cod.
2403 5467 2426 5518 1
2488 5478 2542 5520 et
2575 5483 2605 5521 a
2645 5476 2792 5520 textu
2861 5465 3024 5521 lle'br.
3073 5484 3136 5521 ac
3183 5465 3379 5521 Cnet-0
3437 5465 3546 5518 των
3603 5471 3681 5521 0'.

3062 5185 3104 5216 ⁸⁸
3143 5185 3265 5240 cod.
3294 5187 3317 5240 Ἰ
3355 5185 3676 5240 Πολλαπλα-

2499 5257 2542 5288 ³⁸
2576 5256 2698 5310 cod.
2741 5256 2762 5308 1
2805 5253 3048 5308 τοιοῦτόν
3081 5259 3252 5310 ἐστιν.
3348 5259 3392 5288 ³³
3415 5261 3506 5310 Δέ.
3545 5259 3678 5312 lter.

2651 5323 2698 5358 ιδ
2739 5325 2930 5394 Ἡμεῖς
2962 5327 3048 5380 δέ.
3093 5329 3214 5381 cod.
3253 5329 3272 5378 1
3315 5326 3462 5394 λέγει
3501 5328 3558 5380 δὲ
3596 5330 3680 5381 ὅτι

414 5541 461 5575 ³¹
488 5535 1174 5610 Ἰνιιλέὶὸςα-Ἀσσυρίου1
1211 5536 1424 5610 De_s._in
1475 5537 1597 5610 cod.
1621 5536 1676 5610 2.
1708 5539 1764 5590 In
1797 5536 1963 5610 cod._1

2068 5553 2128 5591 :s.
2164 5537 2643 5610 lantumdalgdg.
2704 5537 2770 5610 βο
2801 5539 2992 5610 (ξοάςὶ
3033 5539 3370 5610 πρόκειται..
3419 5536 3462 5568 ³¹
3488 5535 3688 5610 Πᾶσιν

409 5639 482 5651 -—-
529 5605 854 5678 σωτηρίαν.
881 5610 1004 5662 rod.
1043 5609 1061 5659 1
1107 5607 1216 5678 τῶν
1244 5606 1412 5678 ἐθνῶν
1442 5609 1537 5678 καί
1594 5607 1812 5678 πάντων
1842 5605 2153 5678 ανθρώπων,
2183 5605 2460 5678 σωτηρίαν
2524 5605 2637 5678 διὰ
2666 5607 2764 5676 τῆς
2817 5605 3088 5678 ἐνσὰρκου
3137 5607 3442 5678 παρουσίας
3475 5609 3594 5678 ,τῆς
3622 5605 3686 5661 ἐκ

415 5673 816 5752 rupes/953.05
849 5678 1120 5752 Δεσπότρυ
1171 5676 1412 5752 Χριστοῦ
1449 5676 1724 5752 τοῦᾼΘεοῦ
1761 5673 1962 5752 ἡμῶν.’

2069 5679 2088 5707 ί
2143 5677 2195 5752 ’ρ
2227 5673 2484 5752 όδὴγῶν.
2539 5677 2665 5752 cod.
2721 5673 2777 5752 1Δ
2809 5673 2998 5752 prtem.
3048 5679 3119 5752 ob
3155 5673 3262 5745 γὰρ
3294 5673 3364 5732 εἷ.
3470 5677 3516 5709 ³³
3551 5673 3682 5732 llec.

413 5745 596 5809 lectio.
637 5751 690 5805 li.
739 5751 772 5803 l.
817 5761 897 5805 est
934 5745 1232 5818 πρόϐατα(
1285 5746 1327 5778 ³⁵
1377 5747 1498 5801 end.
1545 5746 1580 5800 2
1645 5745 1963 5815 rrepmecéw

2089 5747 2217 5812 τοὺς
2248 5748 2533 5818 ἀδελφούς.
2613 5745 2876 5804 ³³6ούξῖ
2937 5748 3272 5812 κρείττονας.
