4028 6210
393 307 421 376 1
432 308 533 373 527

1381 256 1877 365 ΤΙΙΕΟΒόΡιΕΤΙ
1918 306 2258 365 EPISCOPI
2305 306 2674 366 CYllENSIS

3532 300 3665 363 1538

384 420 492 479 erit
518 429 718 490 tempus
745 433 926 473 eorum
953 416 1007 471 in
1037 415 1253 471 saecula.
1288 446 1355 455 —
1383 414 1607 485 Tempus
1635 423 1817 472 autem
1874 431 1974 471 vo-

2107 418 2398 471 1ισοποιοὶ
2448 419 2672 486 Κυρίου
2721 420 2776 471 οἱ
2818 417 3191 486 ψευσάμενοι
3229 413 3423 479 αὐτῷ,
3461 414 3669 484 ἐπήγα-

388 523 483 571 cat
510 513 874 569 calamitates.
910 510 1002 566 Sic
1058 510 1204 565 enim
1237 507 1361 580 Syri
1419 518 1475 563 et
1509 509 1726 581 1186
1758 507 1973 563 Hebraei

389 624 487 664 eas
520 607 804 662 nominare
827 612 1249 670 consueverunt,
1278 613 1332 657 et
1356 603 1509 657 multi
1533 604 1695 657 etiam
1710 603 1851 672 apud
1875 598 1974 658 nos

390 701 581 755 eadem
618 700 785 754 modo
812 699 909 753 has
942 699 1248 753 nominaut.
1291 693 1434 750 Dicit
1463 696 1667 765 igitur:
1734 695 1852 749 Non
1905 694 1973 749 ad

394 797 611 857 tempus
640 788 862 858 aliquod
890 788 1169 857 praefixum
1201 787 1255 839 in
1292 786 1407 839 haec
1466 785 1711 839 incident
1772 782 1971 850 Judaei,

397 881 492 933 sed
523 880 577 932 in
605 881 866 934 saeculum
897 879 993 933 Dei
1039 893 1170 933 cura
1203 877 1394 946 privati
1425 877 1745 931 manebunt.
1785 876 1976 932 Simile

397 980 577 1024 autem
607 979 691 1026 est
724 971 829 1027 hoc
865 969 1255 1042 septuagesimi
1283 968 1425 1023 tertii
1474 970 1669 1039 psalmi
1705 970 1933 1023 exordio
1963 988 1974 1023 :

398 1080 419 1112 ιι
462 1060 596 1127 Cur,
634 1061 798 1127 Deus,
831 1062 1080 1131 repuliin
1115 1061 1170 1115 in
1200 1060 1399 1114 finem?
1434 1079 1451 1111 ι
1496 1058 1631 1115 Nam
1672 1071 1725 1115 et
1750 1060 1820 1115 ibi
1856 1059 1983 1112 ulti-

395 1168 540 1208 mam
580 1153 898 1208 Judaeorum
931 1153 1295 1222 abiectionem
1332 1152 1601 1222 praedixit.

2084 522 2180 574 γεν
2201 548 2213 566 .
2262 506 2417 561 Ἀλλ’
2458 508 2631 561 ἔσται
2660 511 2692 562 d
2735 509 2942 576 καιρὸς
2977 507 3179 561 αὐτῶν
3207 510 3293 574 εὶς
3324 505 3431 559 τὸν
3457 504 3667 560 αἰῶνα.

2084 600 2302 666 Καιρὸν
2346 599 2402 651 δὲ
2455 599 2615 652 καλεῖ
2657 600 2757 664 τὰς
2797 601 3103 670 συμφορᾶς.
3138 597 3294 653 Οὕτω
3338 597 3447 667 γὰρ
3481 599 3577 651 κα.)⁸
3619 598 3671 650 οἱ

2085 689 2278 756 Σύροι,
2312 691 2403 742 καὶ
2442 693 2489 744 οί
2536 692 2779 761 Ἑϐραῖοι
2814 690 2892 764 [³³
2928 690 3176 762 ταύτας]
3217 689 3507 757 ὀνομάζειν
3548 688 3673 742 εἰώ-

2081 773 2212 834 θασι
2234 798 2247 811 ·
2285 783 2475 835 πολλοὶ
2499 782 2673 836 δὲκαὶ
2712 787 2840 855 παρ’
2879 785 3016 854 ἡμῖν
3045 782 3189 835 οὕτω
3228 781 3429 845 ταύτας
3461 783 3676 834 ἀποκα-

2085 872 2259 926 λοῦσι.
2314 876 2477 943 Λέγει
2507 875 2718 941 τοίνυν,
2752 877 2833 930 ὅτι
2880 876 3109 940 ταύταις
3142 875 3393 928 Ἰουδαῖοι
3434 875 3496 927 οὐ
3531 875 3679 929 κατᾶ

2086 982 2209 1018 τινα
2266 965 2429 1036 ῥητὸν
2476 968 2519 998 ³³
2582 966 3083 1036 περιπεσοῦνται³³
3133 966 3365 1037 χρόνον,
3429 965 3547 1019 ἀλλ’
3592 966 3678 1029 εἰς

2090 1055 2261 1109 αἰῶνα
2305 1054 2608 1109 διατελοῦσι
2628 1055 2673 1087 3"
2721 1058 2822 1126 τῆς
2854 1056 3005 1120 θείας
3040 1056 3401 1127 ἐστερημένοι
3435 1056 3677 1128 κηδεμο-

2092 1153 2231 1215 νίας.
2273 1151 2459 1205 Ἔοικε
2494 1151 2549 1205 δὲ
2579 1151 2738 1205 τοῦτο
2769 1152 2864 1205 τοῦ
2912 1158 2989 1220 ογ¹
3017 1151 3236 1221 ψαλμοῦ
3261 1149 3342 1222 τῷ
3372 1151 3676 1221 προοιμίῳ,

400 1261 421 1293 ι
469 1244 712 1309 Ἱνατί,ὁ
771 1243 926 1308 Θεὸς,
984 1241 1193 1296 ἀπώσω
1260 1242 1339 1306 εἰς
1381 1242 1571 1307 τέλος;
1633 1262 1651 1293 ι
1703 1243 1814 1297 Καὶ
1863 1242 1973 1313 γὰρ
2014 1242 2131 1295 ἐκεῖ
2190 1241 2290 1314 τὴν
2367 1243 2608 1312 παντελῆ
2639 1242 2748 1297 τῶν
2788 1242 3063 1298 Ἰουδαίων
3110 1243 3385 1314 ἀποϐολὴν
3424 1245 3670 1314 προηγόο

401 1336 679 1407 parteea".

471 1424 638 1481 Vrsas.
677 1425 765 1479 Π.
804 1445 822 1478 ι
853 1424 919 1479 Et
954 1424 1158 1479 cibavit
1221 1425 1344 1479 illos
1376 1440 1441 1478 ex
1478 1425 1638 1494 adipe
1695 1422 1978 1486 frumenti,
2076 1420 2081 1421 “

401 1528 456 1573 et
494 1519 559 1573 de
596 1528 748 1587 petra
785 1520 950 1574 melle
981 1520 1387 1574 saturavitcos.
1430 1538 1447 1570 ι
1482 1519 1619 1573 Cum
1659 1527 1839 1573 autem
1899 1518 1983 1572 in-

403 1611 541 1681 grati
575 1613 742 1666 animi
777 1612 966 1667 morbo
992 1627 1317 1682 magnopere
1350 1612 1681 1675 laborarent,
1715 1612 1984 1666 bonorum

405 1704 634 1757 minime
666 1704 938 1758 recordati
1000 1714 1146 1759 sunt.
1180 1702 1236 1758 In
1273 1704 1568 1759 solitudine
1596 1705 1742 1759 enim
1777 1703 1987 1758 dulcis-

407 1795 603 1848 simam
638 1794 771 1865 ipsis
805 1809 1005 1864 aquam
1038 1810 1068 1849 e
1098 1795 1276 1863 lapide
1311 1794 1519 1858 eduxit,
1574 1810 1695 1863 quae
1754 1793 1988 1848 sitienti-

408 1885 513 1940 bus
552 1885 662 1940 illis
696 1885 1041 1940 dulcedinem
1088 1885 1264 1940 mellis
1318 1884 1524 1939 referre
1576 1885 1691 1939 visa
1745 1893 1875 1939 est:
1934 1884 1989 1937 in

411 1985 556 2030 terra
588 1984 771 2029 autem
820 1975 1204 2044 promissionis
1250 1975 1516 2029 fructuse
1570 1984 1712 2028 terra
1765 1972 1990 2027 uberius

411 2061 546 2129 ipsis
576 2062 805 2132 largitus
843 2070 947 2117 est.
984 2060 1087 2116 Per
1120 2071 1324 2131 partem
1375 2062 1519 2115 enim
1577 2069 1747 2117 totum
1784 2060 1992 2129 signiti-

411 2152 574 2218 cavit,
611 2158 666 2206 et
692 2167 787 2221 per
814 2151 1148 2207 frumentum
1178 2153 1408 2207 aliorum
1435 2152 1713 2207 fructuum
1743 2153 1991 2224 largitio-

412 2260 536 2300 nem
562 2245 884 2317 designavit.

765 2449 782 2467 '
810 2442 1083 2499 INTERP.
1112 2443 1365 2500 PSALMI
1392 2444 1629 2499 LXXXI.

483 2557 653 2614 Vens.
689 2559 741 2613 1.
778 2577 796 2611 ι
825 2557 1080 2615 Psalmus
1110 2559 1316 2630 Asapli.
1355 2578 1374 2611 ι
1411 2558 1669 2629 Exposita
1702 2559 1756 2613 in
1792 2573 1993 2626 praece-

413 2651 573 2706 dente
604 2651 813 2720 psalmo
842 2650 1158 2706 Iudaeorum
1191 2650 1521 2721 abiectione,
1544 2650 1632 2706 hic
1658 2650 1822 2704 etiam
1860 2664 1993 2705 cau-

416 2760 508 2799 sas
536 2746 780 2814 apertius
806 2745 1062 2814 explicat,
1095 2753 1317 2815 propter
1365 2759 1505 2815 quas
1538 2743 1686 2798 Deus
1721 2743 1847 2797 illos
1912 2758 1997 2798 re-

417 2838 645 2903 spuebat
676 2838 911 2893 :docens
942 2838 1150 2906 utique,
1177 2852 1300 2902 nos,
1328 2837 1372 2892 si
1405 2851 1500 2891 eos
1532 2834 1887 2901 imitabimur,
1914 2834 1998 2890 vel

417 2930 691 2984 deteriora
724 2943 1106 2999 perpessuros.
1188 2949 1205 2980 ‹
1233 2929 1376 2983 Deus
1430 2927 1579 2983 Stetit
1630 2928 1684 2982 in
1718 2940 1997 2998 synagoga

418 3019 667 3083 deorum,
708 3021 761 3073 in
788 3019 968 3073 medio
997 3028 1180 3074 autem
1238 3020 1370 3075 deos
1397 3020 1693 3075 discernet.
1726 3037 1743 3069 ι
1781 3016 1999 3072 Judaeu-

419 3130 546 3168 rum
596 3115 890 3185 principes,
943 3127 1130 3188 utpote
1191 3116 1390 3186 quibus
1426 3112 1709 3184 iudicandi
1759 3112 1998 3165 cilicium

421 3206 776 3260 commissum
823 3219 978 3274 erat,
1029 3209 1162 3263 deos
1206 3206 1528 3262 nominavit.
1581 3204 1788 3259 Eodem
1837 3202 2001 3258 modo

420 3293 506 3349 lex
535 3297 747 3368 1187
776 3301 940 3355 etiam
980 3301 1125 3370 ipsos
1154 3307 1342 3356 vocat:
1375 3319 1393 3350 ι
1434 3298 1549 3353 Diis
1579 3313 1685 3351 non
1717 3297 1993 3361 detralies,

422 3394 478 3441 et
509 3388 740 3458 principi
777 3392 963 3461 populi
1014 3391 1092 3446 tui
1120 3405 1228 3446 non
1251 3389 1548 3445 maledices
1590 3392 1633 3442 ι.
1668 3407 1686 3438 ι
1723 3386 2001 3454 Quoniam

425 3480 572 3535 enim
597 3497 723 3537 vere
745 3482 911 3552 iudex
943 3493 1027 3541 est
1058 3482 1225 3549 Dcus,
1262 3491 1317 3539 et
1346 3481 1664 3538 hominibus
1715 3480 2005 3551 iudicandi

425 3571 663 3627 cilicium
728 3577 1086 3632 commissum
1150 3587 1252 3642 est,
1307 3584 1592 3644 propterea
1638 3573 1730 3643 qui
1783 3574 1851 3628 ad
1902 3573 2007 3628 hoc

426 3680 628 3718 munus
659 3666 846 3720 selecti
877 3675 1026 3732 sunt,
1061 3666 1135 3721 dii
1186 3666 1484 3734 nuncupati
1550 3673 1697 3727 sunt,
1742 3672 2005 3734 tanquam

430 3759 484 3811 iu
518 3758 620 3811 hoc
653 3757 829 3812 Deum
857 3759 1154 3814 imitantes.
1180 3758 1285 3813 Sed
1301 3758 1486 3827 iustus
1524 3756 1695 3827 iudex
1736 3756 1842 3810 hoc
1885 3757 2007 3810 loco

428 3863 538 3902 non
564 3846 708 3915 iuste
736 3849 1066 3918 iudicantes,
1102 3863 1278 3917 neque
1308 3857 1512 3903 rectam
1542 3848 1768 3919 iustitiae
1841 3858 2010 3903 state-

426 3922 548 3992 ram
579 3947 854 4006 tenentes,
899 3940 1541 4009 redarguit,iustumquc
1589 3940 1657 3992 ab
1690 3939 1809 4008 ipso
1856 3940 2006 3992 futu-

430 4048 553 4088 rum
575 4030 847 4101 iudicium
876 4033 1145 4103 praedicit.
1858 4046 1868 4092 l

506 4121 668 4178 Vens.
702 4122 758 4178 2.
800 4142 818 4176 ι
862 4122 1157 4195 Usquequo
1206 4125 1469 4195 iudicatis
1520 4125 1893 4196 iniquitatem,
1956 4134 2009 4179 et

431 4214 599 4269 facies
652 4227 1003 4285 peccatorum
1060 4217 1320 4272 Sumitis?
1366 4235 1384 4267 ι
1443 4216 1760 4287 Quousque,
1810 4216 2006 4285 inquit,

430 4307 807 4375 incorruptam
843 4308 1168 4363 sententiam
1208 4324 1317 4364 non
1360 4306 1638 4377 profertis,
1684 4307 1779 4362 sed
1812 4319 2009 4377 poten-

430 4400 567 4454 tium
594 4408 759 4470 atque
800 4400 1116 4471 iniquorum
1150 4401 1434 4455 hominum
1474 4400 1798 4470 iniustitiam
1834 4402 2009 4469 repri~

2161 1419 2244 1483 ιζ’.
2297 1438 2315 1470 ι
2374 1420 2481 1472 Καὶ
2521 1418 2797 1489 ἐψώμισεν
2841 1418 3042 1484 αὐτοὺς
3073 1422 3136 1472 ἐκ
3187 1420 3411 1483 στέατος
3444 1420 3623 1491 πυροῦ
3660 1431 3680 1449 ⁹

2089 1509 2182 1562 καὶ
2217 1510 2282 1560 ἐκ
2313 1510 2520 1578 πέτρας
2563 1509 2683 1580 μέλι
2726 1511 3019 1581 ἐχόρτασεν
3060 1510 3257 1572 αύτούς
3284 1510 3351 1565 ³⁸.
3408 1529 3426 1561 ι
3468 1510 3679 1581 Πολλὴν

2087 1601 2167 1667 δὲ,
2206 1602 2391 1673 φησὶν,
2416 1602 2746 1674 ἀχαριστίαν
2781 1603 3156 1671 νενοσηκότες,
3195 1604 3293 1656 οὐκ
3326 1603 3679 1674 ἐμνήσθησαν

2090 1693 2200 1748 τῶν
2247 1695 2348 1766 ἤδη
2407 1694 2870 1766 -παρασχεθέντων
2917 1696 3102 1759 αὐτοῖς
3150 1696 3394 1765 ἀγαθῶν.
3446 1697 3537 1751 Ἐν
3577 1697 3680 1766 μὲν

2092 1784 2201 1857 γὰρ
2257 1788 2323 1856 τῇ
2377 1786 2570 1857 ἐρήμῳ
2619 1786 2680 1839 τὸ
2727 1786 2946 1857 ἥδιστον
2995 1788 3181 1850 αὐτοῖς
3226 1788 3290 1840 ὲκ
3321 1787 3423 1858 τῆς
3475 1789 3682 1858 πέτρας

2095 1878 2363 1950 ἐξήγαγεν
2398 1878 2572 1948 ὕδωρ,
2617 1878 2644 1932 ὃ
2672 1878 2902 1948 διψῶσιν
2951 1881 3135 1942 αὐτοῖς
3180 1881 3445 1952 ἐνομίσθη
3489 1883 3711 1954 μιμεῖ-Δ

2096 1971 2219 2025 σθαι
2268 1972 2585 2042 γλυκύτητα
2622 1972 2839 2042 μέλιτος
2864 1989 2877 2002 ·
2924 1973 2982 2026 ὲν
3012 1973 3066 2026 δὲ
3098 1975 3163 2044 τῇ
3204 1977 3275 2043 γῇ
3306 1974 3406 2044 τῆς
3438 1974 3683 2042 ἐπαγγε-

2093 2062 2211 2126 λίας
2254 2064 2383 2128 τοὺς
2433 2063 2540 2117 ἀπὸ
2586 2065 2685 2133 τῆς
2733 2065 2838 2134 γῆς
2886 2065 3072 2129 αὐτοῖς
3122 2064 3373 2133 ἀφθόνως
3398 2067 3440 2096 ³⁷
3473 2065 3684 2136 ἐδωρή-

2096 2172 2225 2208 σατο
2241 2156 2284 2187 ⁸⁸
2316 2156 2582 2227 καρπούς.
2620 2156 2754 2210 Ἀπὸ
2779 2156 2887 2228 γὰρ
2919 2156 3013 2211 τού
3057 2157 3259 2229 μέρους
3302 2156 3364 2210 τδ
3393 2159 3501 2211 πᾶν
3538 2176 3686 2229 παρ-

2094 2248 2333 2318 εδήλωσε
2389 2249 2472 2315 ³³,
2522 2249 2614 2302 καὶ
2669 2248 2760 2302 διὰ
2812 2249 2906 2303 τοῦ
2944 2250 3093 2303 σίτου
3169 2249 3260 2302 καὶ
3330 2249 3439 2302 τῶν
3503 2250 3684 2304 ἄλλων

2097 2336 2327 2411 καρπῶν
2362 2338 2458 2409 τὴν
2492 2339 2760 2409 χορηγίαν
2792 2340 3089 2410 ἐσήμανεν.

2418 2451 2682 2505 ΕΡΜΗΝ.
2725 2452 2862 2506 ΤΟΥ
2900 2453 3004 2505 ΠΑ¹
3043 2450 3364 2515 ΨΑΛΜΟΥ,

2168 2568 2238 2615 α’.
2278 2581 2295 2614 ι
2336 2562 2566 2632 Ψαλμὺς
2595 2561 2674 2632 τῷ
2705 2562 2902 2630 Ἀσάφ.
2940 2581 2959 2615 ι
3002 2562 3113 2633 Τὴν
3136 2564 3181 2596 ⁵ο
3211 2562 3485 2632 ἀποϐολὴν
3512 2563 3692 2617 εἰπὼν

2098 2655 2207 2708 τῶν
2246 2654 2515 2709 Ἰουδαίων
2574 2657 2633 2708 ὲν
2675 2654 2750 2724 τῷ
2786 2654 2893 2725 πρὸ
2928 2655 3122 2709 τούτου
3157 2655 3395 2726 ψαλμῷ,
3449 2657 3689 2710 ἐνταῦθα

2101 2748 2192 2801 καὶ
2229 2747 2329 2812 τὰς
2363 2748 2543 2811 αἰτίας
2591 2748 2931 2818 σαφέστερον
2960 2748 3245 2819 ἐκτίθησι,
3286 2748 3353 2802 δι’
3391 2748 3459 2813 ἃς
3485 2750 3694 2812 αὐτοὺς

2100 2844 2128 2894 ὀ
2167 2840 2300 2903 Θεὸς
2355 2839 2736 2894 ἀπεϐάλλετο*
2792 2840 3063 2894 διδάσκων
3117 2836 3374 2903 πάντως,
3429 2840 3508 2903 ὡς
3570 2841 3689 2909 εἴγε

2100 2932 2341 2996 ἐκείνους
2368 2932 2751 3002 μιμησόμεθα,
2784 2934 2895 2996 τοῖς
2925 2932 3109 2996 αὐτοῖς
3141 2933 3172 3004 ἥ
3208 2933 3417 3005 χείροσι
3451 2936 3696 3004 περιπέ-

2103 3041 2286 3094 σομεν.
2322 3041 2341 3074 ‹
2394 3024 2453 3076 '0
2491 3023 2623 3087 Θεὸς
2657 3023 2790 3093 ἔστη
2825 3025 2881 3077 ἐν
2909 3026 3196 3095 συναγωγῇ
3237 3023 3408 3090 θεῶν,
3438 3025 3497 3076 ὲν
3541 3025 3699 3096 μέσῳ

2101 3117 2157 3169 δὲ
2180 3116 2335 3179 θεοὺς
2363 3116 2653 3187 διακρινεῖ.
2686 3134 2704 3167 ι
2743 3116 2884 3180 Τυὺς
2911 3115 3183 3169 Ἰουδαίων
3204 3115 3474 3186 ἄρχοντας
3506 3116 3697 3181 θεοὺς,

2104 3207 2179 3270 ὡς
2196 3208 2240 3240 ⁸1
2267 3206 2328 3259 τὸ
2355 3208 2563 3278 κρίνειν
2586 3207 3079 3277 πεπιστευμένους,
3108 3206 3393 3272 ὠνόμασεν
3409 3207 3474 3260 δ’.
3504 3206 3702 3271 Οὕτως

2107 3300 2303 3365 αὐτοὺς
2333 3300 2429 3354 καὶ
2466 3300 2495 3351 ὁ
2545 3301 2710 3370 νόμος
2755 3299 3041 3354 ἀποκαλεῖ.
3096 3317 3115 3350 ι
3153 3298 3324 3361 Θεους
3347 3298 3401 3330 ⁴³
3432 3298 3497 3351 οὐ
3532 3315 3705 3352 κακο-

2106 3393 2381 3463 λογήσεις,
2435 3391 2531 3445 καὶ
2558 3391 2797 3462 ἄρχοντα
2839 3389 2938 3443 τοῦ
2981 3389 3111 3442 λαοῦ
3148 3405 3242 3442 σου
3272 3391 3372 3443 ούκ
3400 3392 3556 3461 ἐρεῖς
3606 3408 3704 3444 κα-

2108 3484 2240 3548 κῶς.
2274 3503 2293 3537 ι
2326 3483 2548 3554 Ἐπειδὴ
2577 3484 2683 3554 γὰρ
2710 3482 2928 3553 ἀληθῶς
2956 3483 3151 3553 κριτὴς
3177 3484 3205 3534 ὁ
3229 3482 3360 3546 Θεός
3384 3483 3561 3549 ἐστιν,
3590 3483 3711 3537 ἐνε-

2109 3576 2465 3648 χειρίσθησαν
2497 3576 2554 3629 δὲ
2592 3576 2689 3630 καὶ
2727 3578 2776 3630 οἱ
2805 3574 3086 3644 ἄνθρωποι
3122 3574 3370 3645 κρίνειν,
3413 3588 3711 3645 προσηγο-

2112 3666 2386 3738 ρεύθησαν
2438 3669 2488 3720 οἱ
2534 3669 2709 3720 ταῦτα.
2731 3665 2775 3697 ⁸⁵⁵
2808 3665 3230 3735 πεπιστευμένοι
3283 3665 3432 3729 θεοὶ,
3490 3668 3597 3721 ἆτε
3647 3666 3711 3738 δὴ

2110 3759 2243 3813 Θεὸν
2271 3761 2330 3812 ὲν
2352 3758 2526 3829 τούτῳ
2545 3754 2589 3789 δ’
2616 3758 2965 3829 μιμούμενοι.
2986 3758 3149 3811 Ἀλλὰ
3178 3759 3307 3821 τοὺς
3338 3759 3437 3812 οὐκ
3467 3760 3714 3822 ἐνδίκως

2111 3852 2453 3917 δικάζοντας,
2482 3851 2601 3904 οὐδὲ
2627 3850 2861 3915 ἁκλινῶς
2887 3852 3223 3921 κατέχοντας
3256 3852 3327 3907 τὰ
3350 3852 3450 3922 τῆς
3471 3852 3648 3920 δίκης
3667 3851 3715 3883 ’⁸⁸

2113 3943 2253 4011 ζυγὰ
2276 3986 2290 4009 ,
2323 3945 2351 3995 ὁ
2380 3943 2588 4005 δίκαιος
2624 3941 2864 3994 ἐνταῦθα
2893 3941 3165 4012 διελέγχει
3207 3942 3402 4013 κριτὴς
3425 3982 3442 4009 ,
3480 3942 3592 3996 καὶ
3615 3942 3716 4011 τὴν

2114 4035 2379 4104 ἑπομένην
2413 4034 2504 4087 ὑπ’
2535 4031 2701 4087 αὑτοῦ
2728 4033 2945 4087 δικαίαν
2976 4034 3159 4105 κρίσιν
3184 4034 3589 4104 προαγορεύει.

2187 4124 2251 4196 β’.
2283 4145 2300 4177 ι
2336 4127 2479 4189 Ἕως
2514 4125 2706 4179 πότε⁵⁷
2753 4125 2971 4198 κρίνετε
2999 4127 3235 4184 ἀδικίαν.
3273 4128 3368 4182 καὶ
3426 4130 3717 4201 πρόσωπα

2115 4218 2455 4291 ἁμαρτωλῶν
2482 4218 2790 4288 λαμϐάνετε
2819 4238 2832 4285 ;
2874 4238 2893 4272 ι
2930 4220 3110 4290 Μέχρι
3160 4220 3327 4283 τίνος,
3359 4221 3565 4289 φησιν,
3593 4218 3718 4274 ἀδέ-

2115 4328 2317 4365 καστον
2347 4312 2449 4364 οὐκ
2478 4311 2743 4381 ἐκφέρετε
2767 4311 2970 4381 ψῆφον,
3018 4311 3156 4364 ἀλλὰ
3188 4311 3301 4365 τῶν
3324 4311 3594 4366 δυνατῶν
3625 4311 3721 4365 καὶ

2117 4404 2451 4474 παρανόμων
2477 4404 2726 4471 ἐλέγχειν
2770 4403 3125 4475 παραιτεῖσθε
3173 4403 3273 4474 τὴν
3301 4404 3555 4468 ἀδικίαν,
3622 4405 3720 4458 καὶ

432 4507 584 4546 tuere
614 4493 904 4556 recusatis,
936 4506 1313 4563 pauperesque
1339 4492 1407 4547 ab
1434 4491 1521 4546 his
1552 4491 1752 4561 iniuria
1784 4491 1996 4547 affectos

2120 4496 2400 4565 παρορᾶτε
2458 4496 2586 4558 τοὺς
2603 4495 2649 4528 ⁵⁸
2687 4495 2848 4565 πενίᾳ
2907 4495 3185 4561 συζῶντας
3256 4496 3366 4550 ἀπὸ
3393 4496 3442 4530 ⁸⁸
3503 4497 3725 4551 τούτων

434 4583 756 4652 deSpicitis?

508 4674 671 4730 Vens.
714 4677 768 4731 5.
814 4695 831 4728 ι
874 4674 972 4732 Jus
1002 4676 1167 4732 dicite
1236 4692 1404 4745 egeno
1444 4687 1499 4732 et
1540 4676 1767 4747 pupillo,
1833 4674 2013 4730 humi-

435 4764 543 4820 lem
588 4774 640 4820 et
667 4782 961 4837 pauperem
993 4769 1309 4839 iustificate.
1354 4787 1372 4820 ›
1416 4767 1655 4839 Uterque
1699 4776 1879 4823 autem
1915 4767 2015 4821 Ιιου

438 4870 562 4910 rum
594 4857 799 4913 auxilio
836 4860 1055 4931 indiget.

514 4966 535 5005 ί
568 4966 742 5051 Εαοᾱ.
772 4986 907 5039 xxu,
943 4973 1033 5027 28.

2123 4586 2508 4657 ἀδικουμένους
2528 4604 2541 4654 ;

2192 4686 2261 4745 γ’.
2290 4696 2307 4728 ι
2343 4677 2577 4747 Κρίνατε
2609 4678 2831 4750 ὀρφανῷ
2862 4681 2958 4733 καὶ
2989 4680 3188 4750 πτωχῷ
3213 4682 3283 4743 ⁵⁵,
3317 4683 3602 4736 ταπεινὸν
3631 4681 3725 4735 καῖ

2128 4770 2332 4839 πένητα
2361 4768 2687 4822 δικαιώσατε
2708 4772 2774 4823 ⁸¹.
2807 4789 2826 4821 ι
2861 4771 3179 4845 ’Ἑκάτερος
3202 4773 3247 4805 ⁸²
3292 4772 3351 4826 δὲ
3376 4773 3609 4828 τούτων
3640 4775 3732 4826 ὲν-

2119 4862 2244 4932 δεὴς
2276 4862 2553 4932 βοηθείας.

1543 5064 1766 5125 νΑΙὶΙᾹῖ.
1799 5062 2182 5119 LECTIONES
2222 5063 2308 5118 ET
2347 5061 2580 5119 NOTAE.

543 5158 586 5190 ³¹
625 5158 665 5210 Ε
693 5156 819 5211 cod.
849 5158 900 5212 l.
979 5159 1022 5191 "
1066 5159 1297 5227 Ῥητόν.
1358 5159 1524 5219 Abest
1552 5176 1580 5213 a
1631 5161 1751 5215 cod.
1783 5160 1837 5215 2.

438 5227 934 5301 προσητόρενρενο-
995 5230 1063 5301 ,³⁵
1118 5232 1144 5301 θ’

1945 5160 1990 5192 ³³
2020 5159 2144 5214 cod.
2181 5159 2202 5211 Ι
2238 5159 2549 5214 πεσοῦνται.

1146 5224 1493 5313 Εχόρζασεν
1539 5232 1784 5313 αὐτούς.
1839 5228 1996 5313 llebr.

2107 5224 2300 5313 ᾘζζζὶξκ
2364 5233 2662 5313 antiquius
2734 5248 2899 5287 essent
2978 5241 3044 5313 ις.

2660 5162 2703 5193 3“
2733 5162 2854 5217 Cod.
2940 5161 3328 5215 διατελέσουσι.
3452 5162 3507 5194 ³⁵
3533 5163 3669 5220 cod.
3703 5164 3728 5217 1

3157 5232 3200 5263 ³⁷
3242 5233 3391 5299 urg-0.
3458 5234 3646 5289 Abest
3704 5251 3734 5287 a

440 5297 562 5356 cod.
761 5297 815 5371 ’ξ
839 5298 1028 5371 cod._2_
1082 5297 1467 5370 ὲδωρησάμην.
1499 5368 1519 5371 ι
1545 5300 1588 5332 ⁸³
1652 5303 1819 5371 οοιιη
1846 5311 1996 5367 uterq

2123 5301 2381 5371 ἐδήλωσε.
2459 5301 2506 5333 ⁸ο
2546 5302 2760 5369 Τὴν-
2809 5301 3231 5369 περιπέσομεν.
3283 5297 3410 5355 Des.
3464 5304 3527 5357 in
3576 5315 3737 5357 utro-

443 5384 549 5430 que
604 5368 728 5439 cod.
775 5367 912 5439 Cum
978 5368 1065 5423 bis
1106 5367 1254 5424 coni.
1307 5367 1429 5439 quae
1484 5368 1647 5424 Cord.
1702 5378 1739 5423 t.
1788 5368 1848 5434 ll,

443 5504 488 5572 5‘
518 5512 640 5559 cod.
665 5509 701 5561 9.
734 5511 813 5572 εἰς
846 5509 1026 5562 τοῦτο.

443 5571 639 5637 λέγων.

821 5581 987 5668 Τούς.
1026 5578 1193 5668 {\beslt
1225 5595 1257 5632 a
1293 5583 1414 5668 cod.
1456 5583 1505 5635 l.

454 5705 669 5773 ponitur
704 5726 824 5781 post
851 5720 1069 5789 πτωχῷ.

1881 5386 1933 5439 p.
1988 5372 2094 5424 704
2129 5386 2192 5425 ex
2235 5371 2536 5428 Athanasio
2598 5372 2795 5426 attulit.

439 5441 494 5510 in
527 5439 649 5492 cod.
677 5438 735 5510 2.
812 5437 858 5471 “
886 5441 1010 5510 cod.
1048 5440 1072 5491 1
1100 5437 1377 5510 ὀνομάζει,
1410 5441 1554 5509 quod
1587 5450 1712 5510 ante
1742 5437 1898 5502 θεοὺς
1936 5444 2175 5508 ponitur.

1130 5508 1176 5541 “
1200 5508 1330 5564 cod.
1374 5512 1400 5565 1
1428 5508 1802 5578 δικαιοσύνης,
1841 5526 2002 5579 quam
2026 5512 2318 5567 lectionem
2355 5511 2551 5566 Carafa
2581 5508 2800 5567 secutus
2832 5522 2934 5566 est.

1617 5580 1659 5612 ⁸⁸
1698 5582 1851 5634 Ἀπό.
1881 5582 2003 5636 cod.
2053 5584 2078 5637 1
2113 5581 2242 5635 ὑπό.

540 5643 815 5724 ῥικαιώσ.
860 5643 982 5703 eod.
1017 5651 1042 5724 _|
1079 5650 1200 5706 add.
1233 5651 1480 5704 τουτέστι
1509 5651 1724 5707 δικαίαν
1755 5651 1938 5717 αὐτοῖς
1969 5653 2290 5724 ἐπικουρίαν
2317 5650 2560 5723 ὁρέξατε.

2929 5372 2973 5403 ⁸⁸
3038 5372 3133 5437 Ὡς
3182 5401 3250 5412 --
3309 5372 3541 5438 νόμος.
3608 5374 3736 5430 Des.

2254 5442 2300 5473 ⁸³
2329 5443 2525 5505 θεούς.
2561 5441 2684 5498 cod.
2710 5441 2745 5494 2
2770 5456 2957 5510 prtem.
2990 5441 3066 5504 ὡς
3084 5441 3161 5496 τό.
3243 5441 3290 5472 ’⁸⁸
3312 5442 3442 5495 cod.
3481 5444 3510 5495 1
3546 5445 3736 5497 τοῦτο.

2254 5528 2318 5567 :m
2355 5511 2551 5566 Carafa
2581 5523 2800 5567 secutus
2832 5522 2934 5566 est.
3040 5512 3084 5543 "
3124 5511 3292 5565 Πότε.
3329 5513 3462 5566 cod.
3510 5514 3539 5566 ι
3583 5513 3741 5568 addit

2355 5535 2551 5566 barala
2581 5535 2800 5567 δευυιυδ
2832 5535 2934 5566 εει.
3041 5535 3080 5543 ⁷⁸
3124 5535 3292 5565 κοτε.
3329 5535 3462 5566 υυυο
3510 5535 3539 5566 ι
3583 5535 3737 5568 atluu

2349 5581 2548 5652 “Bec.
2579 5582 2737 5637 lectio
2775 5583 2827 5634 It.
2883 5583 2917 5652 l.
2954 5592 3037 5635 est
3067 5581 3306 5652 ὀρφανδν
3337 5581 3440 5633 καὶ
3486 5585 3737 5652 πτωχόν.

2677 5654 2735 5726 ,δ’
2768 5650 3188 5720 Ἑκάτεροςή-
3224 5650 3407 5717 ﬁrma.
3445 5654 3515 5708 In
3550 5650 3685 5710 cod.
3708 5653 3737 5707 ί
