  <div class='ocr_page' id='page_1' title='image "/cluster/home/n/w/nwhite01/storage/ocr_20150623/80/mdp.39015007044145/866.png"; bbox 0 0 4006 6198; ppageno 0'>
   <div class='ocr_carea' id='block_1_1' title="bbox 289 211 414 278">
    <p class='ocr_par' dir='ltr' id='par_1_1' title="bbox 289 211 414 278">
     <span class='ocr_line' id='line_1_1' title="bbox 289 211 414 278; baseline 0 -1"><span class='ocrx_word' id='word_1_1' title='bbox 289 211 414 278; x_wconf 75' lang='lat'><strong>1661</strong></span> 
     </span>
    </p>
   </div>
   <div class='ocr_carea' id='block_1_2' title="bbox 1604 217 2226 282">
    <p class='ocr_par' dir='ltr' id='par_1_2' title="bbox 1604 217 2226 282">
     <span class='ocr_line' id='line_1_2' title="bbox 1604 217 2226 282; baseline 0.002 -4"><span class='ocrx_word' id='word_1_2' title='bbox 1604 217 1687 280; x_wconf 89' lang='lat' dir='ltr'><strong>IN</strong></span> <span class='ocrx_word' id='word_1_3' title='bbox 1727 217 1936 279; x_wconf 82' lang='lat' dir='ltr'><strong>PSAL.</strong></span> <span class='ocrx_word' id='word_1_4' title='bbox 1991 217 2134 282; x_wconf 68' lang='lat' dir='ltr'><strong>XCV</strong></span> <span class='ocrx_word' id='word_1_5' title='bbox 2141 217 2226 281; x_wconf 91' lang='lat' dir='ltr'><strong>II.</strong></span> 
     </span>
    </p>
   </div>
   <div class='ocr_carea' id='block_1_3' title="bbox 3420 222 3558 290">
    <p class='ocr_par' dir='ltr' id='par_1_3' title="bbox 3420 222 3558 290">
     <span class='ocr_line' id='line_1_3' title="bbox 3420 222 3558 290; baseline -0.014 -3"><span class='ocrx_word' id='word_1_6' title='bbox 3420 222 3438 287; x_wconf 82' lang='lat' dir='ltr'><strong>l</strong></span> <span class='ocrx_word' id='word_1_7' title='bbox 3449 227 3558 290; x_wconf 57' lang='lat'><strong>662</strong></span> 
     </span>
    </p>
   </div>
   <div class='ocr_carea' id='block_1_4' title="bbox 281 318 1860 410">
    <p class='ocr_par' dir='ltr' id='par_1_4' title="bbox 281 318 1852 410">
     <span class='ocr_line' id='line_1_4' title="bbox 281 318 1852 410; baseline 0 -28"><span class='ocrx_word' id='word_1_8' title='bbox 281 318 467 382; x_wconf 74' lang='grc' dir='ltr'><strong>στικὸν</strong></span> <span class='ocrx_word' id='word_1_9' title='bbox 498 324 697 410; x_wconf 82' lang='grc' dir='ltr'><strong>καιρὸν</strong></span> <span class='ocrx_word' id='word_1_10' title='bbox 721 327 766 360; x_wconf 77' lang='grc'><strong><em>³⁸³</em></strong></span> <span class='ocrx_word' id='word_1_11' title='bbox 799 325 1134 398; x_wconf 74' lang='grc' dir='ltr'><strong>προσφέρειν</strong></span> <span class='ocrx_word' id='word_1_12' title='bbox 1180 327 1456 400; x_wconf 78' lang='grc' dir='ltr'><strong>είῶθαμεν</strong></span> <span class='ocrx_word' id='word_1_13' title='bbox 1498 329 1577 402; x_wconf 76' lang='grc' dir='ltr'><strong>τῷ</strong></span> <span class='ocrx_word' id='word_1_14' title='bbox 1617 329 1740 401; x_wconf 78' lang='grc' dir='ltr'><strong>Θεῷ</strong></span> <span class='ocrx_word' id='word_1_15' title='bbox 1785 332 1852 395; x_wconf 77' lang='grc'><strong>⁸⁸,</strong></span> 
     </span>
    </p>
   </div>
   <div class='ocr_carea' id='block_1_5' title="bbox 1966 318 3552 410">
    <p class='ocr_par' dir='ltr' id='par_1_5' title="bbox 1966 327 3552 408">
     <span class='ocr_line' id='line_1_5' title="bbox 1966 327 3552 408; baseline 0.009 -24"><span class='ocrx_word' id='word_1_16' title='bbox 1966 327 2108 387; x_wconf 82' lang='lat' dir='ltr'><strong>ferre</strong></span> <span class='ocrx_word' id='word_1_17' title='bbox 2135 331 2401 402; x_wconf 80' lang='lat' dir='ltr'><strong>solemus,</strong></span> <span class='ocrx_word' id='word_1_18' title='bbox 2429 342 2692 394; x_wconf 77' lang='lat' dir='ltr'><strong>canentes</strong></span> <span class='ocrx_word' id='word_1_19' title='bbox 2721 343 2785 395; x_wconf 77' lang='grc' dir='ltr'><strong>ει</strong></span> <span class='ocrx_word' id='word_1_20' title='bbox 2796 335 3120 408; x_wconf 74' lang='lat' dir='ltr'><strong>psallentes,</strong></span> <span class='ocrx_word' id='word_1_21' title='bbox 3143 345 3205 395; x_wconf 83' lang='lat' dir='ltr'><strong>et</strong></span> <span class='ocrx_word' id='word_1_22' title='bbox 3233 353 3361 398; x_wconf 84' lang='lat' dir='ltr'><strong>cum</strong></span> <span class='ocrx_word' id='word_1_23' title='bbox 3396 355 3552 400; x_wconf 76' lang='lat' dir='ltr'><strong>omni</strong></span> 
     </span>
    </p>
   </div>
   <div class='ocr_carea' id='block_1_6' title="bbox 281 418 1870 494">
    <p class='ocr_par' dir='ltr' id='par_1_6' title="bbox 281 418 1870 494">
     <span class='ocr_line' id='line_1_6' title="bbox 281 418 1870 494; baseline 0.001 -20"><span class='ocrx_word' id='word_1_24' title='bbox 281 419 520 490; x_wconf 77' lang='grc' dir='ltr'><strong>ᾄδοντες,</strong></span> <span class='ocrx_word' id='word_1_25' title='bbox 553 419 649 474; x_wconf 78' lang='grc' dir='ltr'><strong>καὶ</strong></span> <span class='ocrx_word' id='word_1_26' title='bbox 679 418 999 490; x_wconf 76' lang='grc' dir='ltr'><strong>ψάλλοντες,</strong></span> <span class='ocrx_word' id='word_1_27' title='bbox 1034 419 1128 477; x_wconf 78' lang='grc' dir='ltr'><strong>καὶ</strong></span> <span class='ocrx_word' id='word_1_28' title='bbox 1176 419 1318 492; x_wconf 76' lang='grc' dir='ltr'><strong>μετὰ</strong></span> <span class='ocrx_word' id='word_1_29' title='bbox 1359 421 1548 494; x_wconf 78' lang='grc' dir='ltr'><strong>πάσης</strong></span> <span class='ocrx_word' id='word_1_30' title='bbox 1595 421 1870 493; x_wconf 74' lang='grc' dir='ltr'><strong>εὐθυμίας</strong></span> 
     </span>
    </p>
   </div>
   <div class='ocr_carea' id='block_1_7' title="bbox 281 509 622 582">
    <p class='ocr_par' dir='ltr' id='par_1_7' title="bbox 281 509 622 582">
     <span class='ocr_line' id='line_1_7' title="bbox 281 509 622 582; baseline 0.006 -18"><span class='ocrx_word' id='word_1_31' title='bbox 281 509 622 582; x_wconf 82' lang='grc' dir='ltr'><strong>χορεύοντες.</strong></span> 
     </span>
    </p>
   </div>
   <div class='ocr_carea' id='block_1_8' title="bbox 353 599 1866 677">
    <p class='ocr_par' dir='ltr' id='par_1_8' title="bbox 353 599 1866 677">
     <span class='ocr_line' id='line_1_8' title="bbox 353 599 1866 677; baseline 0.001 -23"><span class='ocrx_word' id='word_1_32' title='bbox 353 605 416 655; x_wconf 85' lang='grc' dir='ltr'><strong>ε’.</strong></span> <span class='ocrx_word' id='word_1_33' title='bbox 455 619 475 652; x_wconf 78' lang='grc' dir='ltr'><strong>ι</strong></span> <span class='ocrx_word' id='word_1_34' title='bbox 513 600 738 654; x_wconf 73' lang='grc' dir='ltr'><strong>Ψάλατε</strong></span> <span class='ocrx_word' id='word_1_35' title='bbox 768 599 847 672; x_wconf 80' lang='grc' dir='ltr'><strong>τῷ</strong></span> <span class='ocrx_word' id='word_1_36' title='bbox 887 600 1078 673; x_wconf 81' lang='grc' dir='ltr'><strong>Κυρίῳ</strong></span> <span class='ocrx_word' id='word_1_37' title='bbox 1127 601 1185 655; x_wconf 83' lang='grc' dir='ltr'><strong>ἐν</strong></span> <span class='ocrx_word' id='word_1_38' title='bbox 1238 599 1441 677; x_wconf 71' lang='grc' dir='ltr'><strong>κιθᾷρᾳ</strong></span> <span class='ocrx_word' id='word_1_39' title='bbox 1472 601 1538 667; x_wconf 75' lang='grc'><strong>⁵⁸,</strong></span> <span class='ocrx_word' id='word_1_40' title='bbox 1573 603 1666 656; x_wconf 76' lang='grc' dir='ltr'><strong>καὶ</strong></span> <span class='ocrx_word' id='word_1_41' title='bbox 1708 603 1866 673; x_wconf 75' lang='grc' dir='ltr'><strong>φωνῇ</strong></span> 
     </span>
    </p>
   </div>
   <div class='ocr_carea' id='block_1_9' title="bbox 281 692 1866 766">
    <p class='ocr_par' dir='ltr' id='par_1_9' title="bbox 281 692 1866 766">
     <span class='ocr_line' id='line_1_9' title="bbox 281 692 1866 766; baseline 0.002 -20"><span class='ocrx_word' id='word_1_42' title='bbox 281 692 522 764; x_wconf 79' lang='grc' dir='ltr'><strong>ψαλμοῦ.</strong></span> <span class='ocrx_word' id='word_1_43' title='bbox 564 712 584 746; x_wconf 73' lang='grc' dir='ltr'><strong>ι</strong></span> <span class='ocrx_word' id='word_1_44' title='bbox 621 695 732 748; x_wconf 75' lang='grc' dir='ltr'><strong>Καὶ</strong></span> <span class='ocrx_word' id='word_1_45' title='bbox 775 694 968 748; x_wconf 82' lang='grc' dir='ltr'><strong>τοῦτον</strong></span> <span class='ocrx_word' id='word_1_46' title='bbox 1001 695 1058 748; x_wconf 80' lang='grc' dir='ltr'><strong>δὲ</strong></span> <span class='ocrx_word' id='word_1_47' title='bbox 1087 693 1179 748; x_wconf 80' lang='grc' dir='ltr'><strong>τὸν</strong></span> <span class='ocrx_word' id='word_1_48' title='bbox 1220 694 1385 766; x_wconf 84' lang='grc' dir='ltr'><strong>νόμον</strong></span> <span class='ocrx_word' id='word_1_49' title='bbox 1420 695 1568 749; x_wconf 80' lang='grc' dir='ltr'><strong>ἐστιν</strong></span> <span class='ocrx_word' id='word_1_50' title='bbox 1603 694 1735 748; x_wconf 81' lang='grc' dir='ltr'><strong>ίδετν</strong></span> <span class='ocrx_word' id='word_1_51' title='bbox 1782 696 1866 750; x_wconf 88' lang='grc' dir='ltr'><strong>δι-</strong></span> 
     </span>
    </p>
   </div>
   <div class='ocr_carea' id='block_1_10' title="bbox 281 785 1866 861">
    <p class='ocr_par' dir='ltr' id='par_1_10' title="bbox 281 785 1866 861">
     <span class='ocr_line' id='line_1_10' title="bbox 281 785 1866 861; baseline 0.004 -24"><span class='ocrx_word' id='word_1_52' title='bbox 281 785 494 855; x_wconf 81' lang='grc' dir='ltr'><strong>ηνεκῶς</strong></span> <span class='ocrx_word' id='word_1_53' title='bbox 530 785 590 840; x_wconf 79' lang='grc' dir='ltr'><strong>ἐν</strong></span> <span class='ocrx_word' id='word_1_54' title='bbox 621 787 744 850; x_wconf 89' lang='grc' dir='ltr'><strong>ταῖς</strong></span> <span class='ocrx_word' id='word_1_55' title='bbox 800 785 1118 856; x_wconf 74' lang='grc' dir='ltr'><strong>ἐκκλησίαις</strong></span> <span class='ocrx_word' id='word_1_56' title='bbox 1171 785 1569 859; x_wconf 84' lang='grc' dir='ltr'><strong>πληρούμενον.</strong></span> <span class='ocrx_word' id='word_1_57' title='bbox 1620 789 1699 860; x_wconf 73' lang='grc' dir='ltr'><strong>Τῇ</strong></span> <span class='ocrx_word' id='word_1_58' title='bbox 1754 789 1866 861; x_wconf 82' lang='grc' dir='ltr'><strong>γὰρ</strong></span> 
     </span>
    </p>
   </div>
   <div class='ocr_carea' id='block_1_11' title="bbox 281 877 1862 952">
    <p class='ocr_par' dir='ltr' id='par_1_11' title="bbox 281 877 1862 952">
     <span class='ocr_line' id='line_1_11' title="bbox 281 877 1862 952; baseline 0.003 -22"><span class='ocrx_word' id='word_1_59' title='bbox 281 879 626 950; x_wconf 76' lang='grc' dir='ltr'><strong>πνευματικῇ</strong></span> <span class='ocrx_word' id='word_1_60' title='bbox 660 877 868 949; x_wconf 72' lang='grc' dir='ltr'><strong>κιθάρᾳ</strong></span> <span class='ocrx_word' id='word_1_61' title='bbox 881 879 925 911; x_wconf 77' lang='grc' dir='ltr'><strong>⁸ο</strong></span> <span class='ocrx_word' id='word_1_62' title='bbox 956 878 1055 950; x_wconf 81' lang='grc' dir='ltr'><strong>τὴν</strong></span> <span class='ocrx_word' id='word_1_63' title='bbox 1089 877 1241 933; x_wconf 85' lang='grc' dir='ltr'><strong>θείαν</strong></span> <span class='ocrx_word' id='word_1_64' title='bbox 1273 879 1695 952; x_wconf 61' lang='grc' dir='ltr'><strong>ἀνακῳυόμεθα</strong></span> <span class='ocrx_word' id='word_1_65' title='bbox 1723 883 1862 952; x_wconf 82' lang='grc' dir='ltr'><strong>μελ-</strong></span> 
     </span>
    </p>
   </div>
   <div class='ocr_carea' id='block_1_12' title="bbox 277 965 1865 1044">
    <p class='ocr_par' dir='ltr' id='par_1_12' title="bbox 277 965 1865 1044">
     <span class='ocr_line' id='line_1_12' title="bbox 277 965 1865 1044; baseline 0.004 -22"><span class='ocrx_word' id='word_1_66' title='bbox 277 965 465 1034; x_wconf 83' lang='grc' dir='ltr'><strong>ῳδίαν.</strong></span> <span class='ocrx_word' id='word_1_67' title='bbox 491 967 762 1037; x_wconf 81' lang='grc' dir='ltr'><strong>Ποιοῦμεν</strong></span> <span class='ocrx_word' id='word_1_68' title='bbox 786 969 844 1022; x_wconf 82' lang='grc' dir='ltr'><strong>δὲ</strong></span> <span class='ocrx_word' id='word_1_69' title='bbox 899 970 994 1022; x_wconf 74' lang='grc' dir='ltr'><strong>καὶ</strong></span> <span class='ocrx_word' id='word_1_70' title='bbox 1023 971 1182 1041; x_wconf 81' lang='grc' dir='ltr'><strong>ήμεῖς</strong></span> <span class='ocrx_word' id='word_1_71' title='bbox 1203 971 1428 1040; x_wconf 78' lang='grc' dir='ltr'><strong>λογικὰς</strong></span> <span class='ocrx_word' id='word_1_72' title='bbox 1457 971 1694 1044; x_wconf 79' lang='grc' dir='ltr'><strong>κιθάρας</strong></span> <span class='ocrx_word' id='word_1_73' title='bbox 1725 974 1769 1006; x_wconf 78' lang='grc'><strong>⁸⁸</strong></span> <span class='ocrx_word' id='word_1_74' title='bbox 1795 973 1865 1030; x_wconf 82' lang='grc' dir='ltr'><strong>τὰ</strong></span> 
     </span>
    </p>
   </div>
   <div class='ocr_carea' id='block_1_13' title="bbox 280 1059 1862 1136">
    <p class='ocr_par' dir='ltr' id='par_1_13' title="bbox 280 1059 1862 1136">
     <span class='ocr_line' id='line_1_13' title="bbox 280 1059 1862 1136; baseline 0.003 -23"><span class='ocrx_word' id='word_1_75' title='bbox 280 1059 527 1130; x_wconf 78' lang='grc' dir='ltr'><strong>ἡμέτερα</strong></span> <span class='ocrx_word' id='word_1_76' title='bbox 557 1059 787 1130; x_wconf 80' lang='grc' dir='ltr'><strong>σώματα</strong></span> <span class='ocrx_word' id='word_1_77' title='bbox 814 1061 880 1123; x_wconf 69' lang='grc' dir='ltr'><strong>θ’,</strong></span> <span class='ocrx_word' id='word_1_78' title='bbox 912 1061 1007 1114; x_wconf 73' lang='grc' dir='ltr'><strong>καὶ</strong></span> <span class='ocrx_word' id='word_1_79' title='bbox 1033 1061 1328 1133; x_wconf 73' lang='grc' dir='ltr'><strong>χρώμεθα,</strong></span> <span class='ocrx_word' id='word_1_80' title='bbox 1363 1063 1489 1117; x_wconf 75' lang='grc' dir='ltr'><strong>ἀντὶ</strong></span> <span class='ocrx_word' id='word_1_81' title='bbox 1523 1064 1624 1136; x_wconf 82' lang='grc' dir='ltr'><strong>μὲν</strong></span> <span class='ocrx_word' id='word_1_82' title='bbox 1652 1063 1862 1136; x_wconf 82' lang='grc' dir='ltr'><strong>χορδῶν</strong></span> 
     </span>
    </p>
   </div>
   <div class='ocr_carea' id='block_1_14' title="bbox 285 1151 1860 1227">
    <p class='ocr_par' dir='ltr' id='par_1_14' title="bbox 285 1151 1860 1227">
     <span class='ocr_line' id='line_1_14' title="bbox 285 1151 1860 1227; baseline 0.003 -23"><span class='ocrx_word' id='word_1_83' title='bbox 285 1153 398 1216; x_wconf 79' lang='grc' dir='ltr'><strong>τοῖς</strong></span> <span class='ocrx_word' id='word_1_84' title='bbox 430 1151 662 1218; x_wconf 81' lang='grc' dir='ltr'><strong>ὀδοῦσιν,</strong></span> <span class='ocrx_word' id='word_1_85' title='bbox 703 1153 826 1206; x_wconf 77' lang='grc' dir='ltr'><strong>ἀντὶ</strong></span> <span class='ocrx_word' id='word_1_86' title='bbox 855 1155 912 1206; x_wconf 79' lang='grc' dir='ltr'><strong>δὲ</strong></span> <span class='ocrx_word' id='word_1_87' title='bbox 945 1155 1146 1224; x_wconf 88' lang='grc' dir='ltr'><strong>χαλκοῦ</strong></span> <span class='ocrx_word' id='word_1_88' title='bbox 1175 1157 1291 1219; x_wconf 87' lang='grc' dir='ltr'><strong>τοῖς</strong></span> <span class='ocrx_word' id='word_1_89' title='bbox 1327 1153 1553 1226; x_wconf 83' lang='grc' dir='ltr'><strong>χείλεσι,</strong></span> <span class='ocrx_word' id='word_1_90' title='bbox 1583 1155 1860 1227; x_wconf 82' lang='grc' dir='ltr'><strong>πλήκτρου</strong></span> 
     </span>
    </p>
   </div>
   <div class='ocr_carea' id='block_1_15' title="bbox 286 1245 1864 1319">
    <p class='ocr_par' dir='ltr' id='par_1_15' title="bbox 286 1245 1864 1319">
     <span class='ocr_line' id='line_1_15' title="bbox 286 1245 1864 1319; baseline 0.001 -21"><span class='ocrx_word' id='word_1_91' title='bbox 286 1245 344 1298; x_wconf 72' lang='grc' dir='ltr'><strong>δὲ</strong></span> <span class='ocrx_word' id='word_1_92' title='bbox 392 1245 594 1308; x_wconf 78' lang='grc' dir='ltr'><strong>παντὸς</strong></span> <span class='ocrx_word' id='word_1_93' title='bbox 632 1245 886 1318; x_wconf 82' lang='grc' dir='ltr'><strong>ὀξύτερον</strong></span> <span class='ocrx_word' id='word_1_94' title='bbox 923 1248 956 1318; x_wconf 83' lang='grc' dir='ltr'><strong>ή</strong></span> <span class='ocrx_word' id='word_1_95' title='bbox 991 1246 1209 1315; x_wconf 82' lang='grc' dir='ltr'><strong>γλῶττα</strong></span> <span class='ocrx_word' id='word_1_96' title='bbox 1251 1247 1544 1318; x_wconf 80' lang='grc' dir='ltr'><strong>κινουμένη</strong></span> <span class='ocrx_word' id='word_1_97' title='bbox 1575 1247 1674 1319; x_wconf 79' lang='grc' dir='ltr'><strong>τὴν</strong></span> <span class='ocrx_word' id='word_1_98' title='bbox 1705 1249 1864 1319; x_wconf 86' lang='grc' dir='ltr'><strong>ἐναρ-</strong></span> 
     </span>
    </p>
   </div>
   <div class='ocr_carea' id='block_1_16' title="bbox 290 1335 1868 1409">
    <p class='ocr_par' dir='ltr' id='par_1_16' title="bbox 290 1335 1868 1409">
     <span class='ocr_line' id='line_1_16' title="bbox 290 1335 1868 1409; baseline 0.001 -21"><span class='ocrx_word' id='word_1_99' title='bbox 290 1335 472 1406; x_wconf 88' lang='grc' dir='ltr'><strong>μόνιον</strong></span> <span class='ocrx_word' id='word_1_100' title='bbox 491 1335 748 1390; x_wconf 80' lang='grc' dir='ltr'><strong>ἀποτελεῖ</strong></span> <span class='ocrx_word' id='word_1_101' title='bbox 770 1336 878 1390; x_wconf 85' lang='grc' dir='ltr'><strong>τῶν</strong></span> <span class='ocrx_word' id='word_1_102' title='bbox 916 1338 1275 1408; x_wconf 80' lang='grc' dir='ltr'><strong>κρουσμάτων</strong></span> <span class='ocrx_word' id='word_1_103' title='bbox 1305 1337 1464 1409; x_wconf 80' lang='grc' dir='ltr'><strong>ήχήν.</strong></span> <span class='ocrx_word' id='word_1_104' title='bbox 1493 1339 1652 1392; x_wconf 84' lang='grc' dir='ltr'><strong>Κινεῖ</strong></span> <span class='ocrx_word' id='word_1_105' title='bbox 1680 1337 1736 1392; x_wconf 78' lang='grc' dir='ltr'><strong>δὲ</strong></span> <span class='ocrx_word' id='word_1_106' title='bbox 1767 1337 1868 1408; x_wconf 80' lang='grc' dir='ltr'><strong>τὴν</strong></span> 
     </span>
    </p>
   </div>
   <div class='ocr_carea' id='block_1_17' title="bbox 285 1422 1862 1500">
    <p class='ocr_par' dir='ltr' id='par_1_17' title="bbox 285 1422 1862 1500">
     <span class='ocr_line' id='line_1_17' title="bbox 285 1422 1862 1500; baseline 0.004 -22"><span class='ocrx_word' id='word_1_107' title='bbox 285 1426 529 1494; x_wconf 87' lang='grc' dir='ltr'><strong>γλῶτταν</strong></span> <span class='ocrx_word' id='word_1_108' title='bbox 558 1429 586 1480; x_wconf 88' lang='grc' dir='ltr'><strong>ό</strong></span> <span class='ocrx_word' id='word_1_109' title='bbox 613 1425 762 1493; x_wconf 88' lang='grc' dir='ltr'><strong>νοῦς,</strong></span> <span class='ocrx_word' id='word_1_110' title='bbox 804 1422 918 1482; x_wconf 77' lang='grc' dir='ltr'><strong>οἶόν</strong></span> <span class='ocrx_word' id='word_1_111' title='bbox 963 1445 1046 1492; x_wconf 89' lang='grc' dir='ltr'><strong>τις</strong></span> <span class='ocrx_word' id='word_1_112' title='bbox 1093 1428 1358 1498; x_wconf 79' lang='grc' dir='ltr'><strong>μουσικὸς</strong></span> <span class='ocrx_word' id='word_1_113' title='bbox 1394 1428 1513 1500; x_wconf 85' lang='grc' dir='ltr'><strong>μετ’</strong></span> <span class='ocrx_word' id='word_1_114' title='bbox 1548 1429 1862 1498; x_wconf 76' lang='grc' dir='ltr'><strong>ἐπιστήμης</strong></span> 
     </span>
    </p>
   </div>
   <div class='ocr_carea' id='block_1_18' title="bbox 281 1514 1862 1587">
    <p class='ocr_par' dir='ltr' id='par_1_18' title="bbox 281 1514 1862 1587">
     <span class='ocr_line' id='line_1_18' title="bbox 281 1514 1862 1587; baseline 0.003 -19"><span class='ocrx_word' id='word_1_115' title='bbox 281 1515 608 1586; x_wconf 83' lang='grc' dir='ltr'><strong>ποιούμενος</strong></span> <span class='ocrx_word' id='word_1_116' title='bbox 639 1514 738 1586; x_wconf 80' lang='grc' dir='ltr'><strong>τὴν</strong></span> <span class='ocrx_word' id='word_1_117' title='bbox 767 1515 974 1585; x_wconf 83' lang='grc' dir='ltr'><strong>ταύτης</strong></span> <span class='ocrx_word' id='word_1_118' title='bbox 1012 1517 1314 1586; x_wconf 75' lang='grc' dir='ltr'><strong>μετάϐασιν</strong></span> <span class='ocrx_word' id='word_1_119' title='bbox 1335 1533 1350 1550; x_wconf 77' lang='grc' dir='ltr'><strong>ο</strong></span> <span class='ocrx_word' id='word_1_120' title='bbox 1393 1515 1536 1587; x_wconf 76' lang='grc' dir='ltr'><strong>αὕτη</strong></span> <span class='ocrx_word' id='word_1_121' title='bbox 1566 1515 1646 1586; x_wconf 86' lang='grc' dir='ltr'><strong>τῷ</strong></span> <span class='ocrx_word' id='word_1_122' title='bbox 1675 1515 1794 1586; x_wconf 84' lang='grc' dir='ltr'><strong>Θεῷ</strong></span> <span class='ocrx_word' id='word_1_123' title='bbox 1826 1519 1862 1586; x_wconf 83' lang='grc' dir='ltr'><strong>ἡ</strong></span> 
     </span>
    </p>
   </div>
   <div class='ocr_carea' id='block_1_19' title="bbox 279 1607 1862 1680">
    <p class='ocr_par' dir='ltr' id='par_1_19' title="bbox 279 1607 1862 1680">
     <span class='ocr_line' id='line_1_19' title="bbox 279 1607 1862 1680; baseline 0.001 -19"><span class='ocrx_word' id='word_1_124' title='bbox 279 1607 486 1677; x_wconf 77' lang='grc' dir='ltr'><strong>κιθάρα</strong></span> <span class='ocrx_word' id='word_1_125' title='bbox 509 1607 614 1678; x_wconf 80' lang='grc' dir='ltr'><strong>τῆς</strong></span> <span class='ocrx_word' id='word_1_126' title='bbox 639 1607 846 1679; x_wconf 83' lang='grc' dir='ltr'><strong>ἀψύχου</strong></span> <span class='ocrx_word' id='word_1_127' title='bbox 875 1607 1282 1680; x_wconf 85' lang='grc' dir='ltr'><strong>θυμηρεστέρα,</strong></span> <span class='ocrx_word' id='word_1_128' title='bbox 1315 1609 1428 1663; x_wconf 80' lang='grc' dir='ltr'><strong>Καὶ</strong></span> <span class='ocrx_word' id='word_1_129' title='bbox 1455 1607 1670 1680; x_wconf 81' lang='grc' dir='ltr'><strong>μάρτυς</strong></span> <span class='ocrx_word' id='word_1_130' title='bbox 1698 1607 1862 1672; x_wconf 79' lang='grc' dir='ltr'><strong>αὐτὸς</strong></span> 
     </span>
    </p>
   </div>
   <div class='ocr_carea' id='block_1_20' title="bbox 277 1699 1860 1772">
    <p class='ocr_par' dir='ltr' id='par_1_20' title="bbox 277 1699 1860 1772">
     <span class='ocr_line' id='line_1_20' title="bbox 277 1699 1860 1772; baseline 0 -18"><span class='ocrx_word' id='word_1_131' title='bbox 277 1699 367 1756; x_wconf 73' lang='grc' dir='ltr'><strong>διὰ</strong></span> <span class='ocrx_word' id='word_1_132' title='bbox 399 1699 494 1753; x_wconf 87' lang='grc' dir='ltr'><strong>τοῦ</strong></span> <span class='ocrx_word' id='word_1_133' title='bbox 531 1702 814 1772; x_wconf 82' lang='grc' dir='ltr'><strong>προφήτου</strong></span> <span class='ocrx_word' id='word_1_134' title='bbox 850 1701 989 1772; x_wconf 67' lang='grc' dir='ltr'><strong>πρὸς</strong></span> <span class='ocrx_word' id='word_1_135' title='bbox 1045 1703 1336 1764; x_wconf 78' lang='grc' dir='ltr'><strong>Ἰουδαίους</strong></span> <span class='ocrx_word' id='word_1_136' title='bbox 1385 1701 1560 1772; x_wconf 83' lang='grc' dir='ltr'><strong>βοῶν·</strong></span> <span class='ocrx_word' id='word_1_137' title='bbox 1609 1719 1629 1754; x_wconf 81' lang='grc' dir='ltr'><strong>ι</strong></span> <span class='ocrx_word' id='word_1_138' title='bbox 1694 1701 1860 1755; x_wconf 82' lang='grc' dir='ltr'><strong>Ἀπό-</strong></span> 
     </span>
    </p>
   </div>
   <div class='ocr_carea' id='block_1_21' title="bbox 281 1786 1860 1864">
    <p class='ocr_par' dir='ltr' id='par_1_21' title="bbox 281 1786 1860 1864">
     <span class='ocr_line' id='line_1_21' title="bbox 281 1786 1860 1864; baseline 0.001 -20"><span class='ocrx_word' id='word_1_139' title='bbox 281 1807 480 1862; x_wconf 85' lang='grc' dir='ltr'><strong>στησον</strong></span> <span class='ocrx_word' id='word_1_140' title='bbox 519 1790 615 1846; x_wconf 81' lang='grc' dir='ltr'><strong>ἀπ’</strong></span> <span class='ocrx_word' id='word_1_141' title='bbox 661 1789 798 1862; x_wconf 85' lang='grc' dir='ltr'><strong>ἐμοῦ</strong></span> <span class='ocrx_word' id='word_1_142' title='bbox 843 1786 978 1861; x_wconf 86' lang='grc' dir='ltr'><strong>ἦχον</strong></span> <span class='ocrx_word' id='word_1_143' title='bbox 1005 1791 1159 1863; x_wconf 79' lang='grc' dir='ltr'><strong>ᾠδῶν</strong></span> <span class='ocrx_word' id='word_1_144' title='bbox 1193 1810 1308 1858; x_wconf 88' lang='grc' dir='ltr'><strong>σου,</strong></span> <span class='ocrx_word' id='word_1_145' title='bbox 1344 1793 1442 1846; x_wconf 78' lang='grc' dir='ltr'><strong>καὶ</strong></span> <span class='ocrx_word' id='word_1_146' title='bbox 1475 1790 1660 1864; x_wconf 76' lang='grc' dir='ltr'><strong>φωνὴν</strong></span> <span class='ocrx_word' id='word_1_147' title='bbox 1693 1791 1860 1863; x_wconf 80' lang='grc' dir='ltr'><strong>ὁργά-</strong></span> 
     </span>
    </p>
   </div>
   <div class='ocr_carea' id='block_1_22' title="bbox 277 1885 1058 1956">
    <p class='ocr_par' dir='ltr' id='par_1_22' title="bbox 277 1885 1058 1956">
     <span class='ocr_line' id='line_1_22' title="bbox 277 1885 1058 1956; baseline 0 -19"><span class='ocrx_word' id='word_1_148' title='bbox 277 1901 384 1938; x_wconf 89' lang='grc' dir='ltr'><strong>νων</strong></span> <span class='ocrx_word' id='word_1_149' title='bbox 413 1902 508 1938; x_wconf 90' lang='grc' dir='ltr'><strong>σου</strong></span> <span class='ocrx_word' id='word_1_150' title='bbox 538 1885 640 1938; x_wconf 78' lang='grc' dir='ltr'><strong>οὐκ</strong></span> <span class='ocrx_word' id='word_1_151' title='bbox 668 1885 998 1956; x_wconf 81' lang='grc' dir='ltr'><strong>ἀκούσομαι.</strong></span> <span class='ocrx_word' id='word_1_152' title='bbox 1038 1903 1058 1937; x_wconf 77' lang='lat' dir='ltr'><strong>s</strong></span> 
     </span>
    </p>
   </div>
   <div class='ocr_carea' id='block_1_23' title="bbox 351 1976 1856 2052">
    <p class='ocr_par' dir='ltr' id='par_1_23' title="bbox 351 1976 1856 2052">
     <span class='ocr_line' id='line_1_23' title="bbox 351 1976 1856 2052; baseline 0.003 -21"><span class='ocrx_word' id='word_1_153' title='bbox 351 1983 426 2042; x_wconf 83' lang='grc' dir='ltr'><strong>ς’.</strong></span> <span class='ocrx_word' id='word_1_154' title='bbox 464 1995 484 2028; x_wconf 81' lang='grc' dir='ltr'><strong>ι</strong></span> <span class='ocrx_word' id='word_1_155' title='bbox 539 1977 629 2030; x_wconf 82' lang='grc' dir='ltr'><strong>Ἐν</strong></span> <span class='ocrx_word' id='word_1_156' title='bbox 655 1977 946 2044; x_wconf 77' lang='grc' dir='ltr'><strong>σάλπιγξιν</strong></span> <span class='ocrx_word' id='word_1_157' title='bbox 979 1976 1218 2040; x_wconf 81' lang='grc' dir='ltr'><strong>ἐλαταῖς,</strong></span> <span class='ocrx_word' id='word_1_158' title='bbox 1244 1977 1341 2030; x_wconf 74' lang='grc' dir='ltr'><strong>καὶ</strong></span> <span class='ocrx_word' id='word_1_159' title='bbox 1367 1981 1520 2052; x_wconf 82' lang='grc' dir='ltr'><strong>φωνῇ</strong></span> <span class='ocrx_word' id='word_1_160' title='bbox 1553 1979 1856 2050; x_wconf 82' lang='grc' dir='ltr'><strong>σάλπιγγος</strong></span> 
     </span>
    </p>
   </div>
   <div class='ocr_carea' id='block_1_24' title="bbox 279 2068 1857 2144">
    <p class='ocr_par' dir='ltr' id='par_1_24' title="bbox 279 2068 1857 2144">
     <span class='ocr_line' id='line_1_24' title="bbox 279 2068 1857 2144; baseline 0.004 -23"><span class='ocrx_word' id='word_1_161' title='bbox 279 2068 593 2138; x_wconf 82' lang='grc' dir='ltr'><strong>κερατίνης.</strong></span> <span class='ocrx_word' id='word_1_162' title='bbox 633 2087 651 2119; x_wconf 74' lang='grc' dir='ltr'><strong>ι</strong></span> <span class='ocrx_word' id='word_1_163' title='bbox 694 2069 1004 2138; x_wconf 65' lang='grc' dir='ltr'><strong>Σάλπιγγα</strong></span> <span class='ocrx_word' id='word_1_164' title='bbox 1050 2069 1313 2134; x_wconf 80' lang='grc' dir='ltr'><strong>πολλάκις</strong></span> <span class='ocrx_word' id='word_1_165' title='bbox 1357 2071 1457 2142; x_wconf 78' lang='grc' dir='ltr'><strong>τὴν</strong></span> <span class='ocrx_word' id='word_1_166' title='bbox 1503 2072 1632 2142; x_wconf 80' lang='grc' dir='ltr'><strong>βοὴν</strong></span> <span class='ocrx_word' id='word_1_167' title='bbox 1664 2075 1699 2144; x_wconf 82' lang='grc' dir='ltr'><strong>ἡ</strong></span> <span class='ocrx_word' id='word_1_168' title='bbox 1733 2072 1857 2128; x_wconf 85' lang='grc' dir='ltr'><strong>θεία</strong></span> 
     </span>
    </p>
   </div>
   <div class='ocr_carea' id='block_1_25' title="bbox 281 2161 1860 2234">
    <p class='ocr_par' dir='ltr' id='par_1_25' title="bbox 281 2161 1860 2234">
     <span class='ocr_line' id='line_1_25' title="bbox 281 2161 1860 2234; baseline 0.004 -20"><span class='ocrx_word' id='word_1_169' title='bbox 281 2161 437 2216; x_wconf 82' lang='grc' dir='ltr'><strong>καλεῖ</strong></span> <span class='ocrx_word' id='word_1_170' title='bbox 455 2163 668 2234; x_wconf 85' lang='grc' dir='ltr'><strong>Γραφή.</strong></span> <span class='ocrx_word' id='word_1_171' title='bbox 701 2161 890 2224; x_wconf 78' lang='grc' dir='ltr'><strong>Οὕτως</strong></span> <span class='ocrx_word' id='word_1_172' title='bbox 917 2165 946 2214; x_wconf 88' lang='grc' dir='ltr'>ὁ</span> <span class='ocrx_word' id='word_1_173' title='bbox 976 2163 1183 2233; x_wconf 84' lang='grc' dir='ltr'><strong>Κύριος</strong></span> <span class='ocrx_word' id='word_1_174' title='bbox 1211 2167 1269 2216; x_wconf 91' lang='grc' dir='ltr'><strong>ἐν</strong></span> <span class='ocrx_word' id='word_1_175' title='bbox 1296 2168 1412 2228; x_wconf 88' lang='grc' dir='ltr'><strong>τοῖς</strong></span> <span class='ocrx_word' id='word_1_176' title='bbox 1439 2167 1794 2234; x_wconf 84' lang='grc' dir='ltr'><strong>Εὑαγγελίοις</strong></span> <span class='ocrx_word' id='word_1_177' title='bbox 1810 2169 1860 2201; x_wconf 81' lang='grc'><strong>⁸⁸</strong></span> 
     </span>
    </p>
   </div>
   <div class='ocr_carea' id='block_1_26' title="bbox 281 2247 1859 2326">
    <p class='ocr_par' dir='ltr' id='par_1_26' title="bbox 281 2247 1859 2326">
     <span class='ocr_line' id='line_1_26' title="bbox 281 2247 1859 2326; baseline 0.003 -24"><span class='ocrx_word' id='word_1_178' title='bbox 281 2249 447 2319; x_wconf 83' lang='grc' dir='ltr'><strong>φησίν</strong></span> <span class='ocrx_word' id='word_1_179' title='bbox 470 2265 484 2280; x_wconf 85' lang='lat'><strong><em>°</em></strong></span> <span class='ocrx_word' id='word_1_180' title='bbox 521 2267 540 2301; x_wconf 80' lang='grc' dir='ltr'><strong>ι</strong></span> <span class='ocrx_word' id='word_1_181' title='bbox 581 2249 698 2302; x_wconf 79' lang='grc' dir='ltr'><strong>Ὅτ⁹</strong></span> <span class='ocrx_word' id='word_1_182' title='bbox 723 2247 791 2302; x_wconf 84' lang='grc' dir='ltr'><strong>ἂν</strong></span> <span class='ocrx_word' id='word_1_183' title='bbox 836 2251 998 2320; x_wconf 84' lang='grc' dir='ltr'><strong>ποιῇς</strong></span> <span class='ocrx_word' id='word_1_184' title='bbox 1024 2249 1417 2321; x_wconf 84' lang='grc' dir='ltr'><strong>ἐλεημοσύνην,</strong></span> <span class='ocrx_word' id='word_1_185' title='bbox 1468 2251 1545 2322; x_wconf 83' lang='grc' dir='ltr'><strong>μὴ</strong></span> <span class='ocrx_word' id='word_1_186' title='bbox 1589 2253 1859 2326; x_wconf 69' lang='grc' dir='ltr'><strong>σαλπίσῃς</strong></span> 
     </span>
    </p>
   </div>
   <div class='ocr_carea' id='block_1_27' title="bbox 281 2339 1860 2412">
    <p class='ocr_par' dir='ltr' id='par_1_27' title="bbox 281 2339 1860 2412">
     <span class='ocr_line' id='line_1_27' title="bbox 281 2339 1860 2412; baseline 0.002 -19"><span class='ocrx_word' id='word_1_187' title='bbox 281 2339 596 2412; x_wconf 75' lang='grc' dir='ltr'><strong>ἔμπροσθέν</strong></span> <span class='ocrx_word' id='word_1_188' title='bbox 630 2355 748 2402; x_wconf 91' lang='grc' dir='ltr'><strong>σου,</strong></span> <span class='ocrx_word' id='word_1_189' title='bbox 783 2339 974 2410; x_wconf 82' lang='grc' dir='ltr'><strong>ὥσπερ</strong></span> <span class='ocrx_word' id='word_1_190' title='bbox 1004 2341 1053 2394; x_wconf 82' lang='lat' dir='ltr'><strong>oi</strong></span> <span class='ocrx_word' id='word_1_191' title='bbox 1085 2340 1381 2412; x_wconf 72' lang='grc' dir='ltr'><strong>ὑποκριταὶ</strong></span> <span class='ocrx_word' id='word_1_192' title='bbox 1426 2342 1703 2396; x_wconf 69' lang='grc' dir='ltr'><strong>ποιοῦσιν⁸</strong></span> <span class='ocrx_word' id='word_1_193' title='bbox 1736 2343 1860 2398; x_wconf 81' lang='grc' dir='ltr'><strong>ἀντὶ</strong></span> 
     </span>
    </p>
   </div>
   <div class='ocr_carea' id='block_1_28' title="bbox 278 2430 1856 2506">
    <p class='ocr_par' dir='ltr' id='par_1_28' title="bbox 278 2430 1856 2506">
     <span class='ocr_line' id='line_1_28' title="bbox 278 2430 1856 2506; baseline 0.002 -20"><span class='ocrx_word' id='word_1_194' title='bbox 278 2432 397 2498; x_wconf 88' lang='grc' dir='ltr'><strong>τοῦ,</strong></span> <span class='ocrx_word' id='word_1_195' title='bbox 442 2433 536 2503; x_wconf 78' lang='grc' dir='ltr'><strong>Μὴ</strong></span> <span class='ocrx_word' id='word_1_196' title='bbox 567 2430 835 2502; x_wconf 80' lang='grc' dir='ltr'><strong>κηρύξῃς,</strong></span> <span class='ocrx_word' id='word_1_197' title='bbox 871 2431 1008 2502; x_wconf 77' lang='grc' dir='ltr'><strong>μηδὲ</strong></span> <span class='ocrx_word' id='word_1_198' title='bbox 1051 2431 1221 2504; x_wconf 81' lang='grc' dir='ltr'><strong>δήλην</strong></span> <span class='ocrx_word' id='word_1_199' title='bbox 1253 2431 1426 2486; x_wconf 75' lang='grc' dir='ltr'><strong>ἅπασι</strong></span> <span class='ocrx_word' id='word_1_200' title='bbox 1464 2434 1815 2506; x_wconf 81' lang='grc' dir='ltr'><strong>καταστήσῃς</strong></span> <span class='ocrx_word' id='word_1_201' title='bbox 1839 2449 1856 2466; x_wconf 77' lang='grc' dir='ltr'><strong><em>ο</em></strong></span> 
     </span>
    </p>
   </div>
   <div class='ocr_carea' id='block_1_29' title="bbox 281 2522 1861 2597">
    <p class='ocr_par' dir='ltr' id='par_1_29' title="bbox 281 2522 1861 2597">
     <span class='ocr_line' id='line_1_29' title="bbox 281 2522 1861 2597; baseline -0.001 -18"><span class='ocrx_word' id='word_1_202' title='bbox 281 2525 367 2579; x_wconf 77' lang='grc' dir='ltr'><strong>ἵνα</strong></span> <span class='ocrx_word' id='word_1_203' title='bbox 402 2525 478 2596; x_wconf 80' lang='grc' dir='ltr'><strong>μὴ</strong></span> <span class='ocrx_word' id='word_1_204' title='bbox 518 2525 584 2596; x_wconf 79' lang='grc' dir='ltr'><strong>τῇ</strong></span> <span class='ocrx_word' id='word_1_205' title='bbox 615 2526 748 2594; x_wconf 81' lang='grc' dir='ltr'><strong>κενῇ</strong></span> <span class='ocrx_word' id='word_1_206' title='bbox 779 2523 906 2594; x_wconf 77' lang='grc' dir='ltr'><strong>δόξῃ</strong></span> <span class='ocrx_word' id='word_1_207' title='bbox 950 2522 1042 2576; x_wconf 82' lang='grc' dir='ltr'><strong>τὸν</strong></span> <span class='ocrx_word' id='word_1_208' title='bbox 1070 2523 1170 2594; x_wconf 82' lang='grc' dir='ltr'><strong>τῆς</strong></span> <span class='ocrx_word' id='word_1_209' title='bbox 1199 2524 1610 2596; x_wconf 80' lang='grc' dir='ltr'><strong>φιλανθρωπίας</strong></span> <span class='ocrx_word' id='word_1_210' title='bbox 1648 2525 1861 2597; x_wconf 79' lang='grc' dir='ltr'><strong>λυμήνῃ</strong></span> 
     </span>
    </p>
   </div>
   <div class='ocr_carea' id='block_1_30' title="bbox 279 2612 1860 2686">
    <p class='ocr_par' dir='ltr' id='par_1_30' title="bbox 279 2612 1860 2686">
     <span class='ocr_line' id='line_1_30' title="bbox 279 2612 1860 2686; baseline -0.001 -18"><span class='ocrx_word' id='word_1_211' title='bbox 279 2613 515 2685; x_wconf 83' lang='grc' dir='ltr'><strong>καρπόν.</strong></span> <span class='ocrx_word' id='word_1_212' title='bbox 570 2613 678 2666; x_wconf 74' lang='grc' dir='ltr'><strong>Καὶ</strong></span> <span class='ocrx_word' id='word_1_213' title='bbox 727 2612 965 2666; x_wconf 82' lang='grc' dir='ltr'><strong>ἐνταῦθα</strong></span> <span class='ocrx_word' id='word_1_214' title='bbox 1005 2613 1190 2667; x_wconf 88' lang='grc' dir='ltr'><strong>τοίνυν</strong></span> <span class='ocrx_word' id='word_1_215' title='bbox 1237 2613 1549 2684; x_wconf 73' lang='grc' dir='ltr'><strong>σάλπιγγα</strong></span> <span class='ocrx_word' id='word_1_216' title='bbox 1578 2614 1676 2686; x_wconf 82' lang='grc' dir='ltr'><strong>τὴν</strong></span> <span class='ocrx_word' id='word_1_217' title='bbox 1713 2615 1860 2668; x_wconf 85' lang='grc' dir='ltr'><strong>διδα-</strong></span> 
     </span>
    </p>
   </div>
   <div class='ocr_carea' id='block_1_31' title="bbox 283 2698 1860 2776">
    <p class='ocr_par' dir='ltr' id='par_1_31' title="bbox 283 2698 1860 2776">
     <span class='ocr_line' id='line_1_31' title="bbox 283 2698 1860 2776; baseline 0.002 -20"><span class='ocrx_word' id='word_1_218' title='bbox 283 2703 509 2758; x_wconf 88' lang='grc' dir='ltr'><strong>σκαλίαν</strong></span> <span class='ocrx_word' id='word_1_219' title='bbox 536 2703 694 2762; x_wconf 81' lang='grc' dir='ltr'><strong>καλεῖ</strong></span> <span class='ocrx_word' id='word_1_220' title='bbox 719 2703 785 2764; x_wconf 66' lang='grc'><strong>⁸³,</strong></span> <span class='ocrx_word' id='word_1_221' title='bbox 817 2701 886 2755; x_wconf 79' lang='grc' dir='ltr'><strong>δι’</strong></span> <span class='ocrx_word' id='word_1_222' title='bbox 917 2698 986 2776; x_wconf 84' lang='grc' dir='ltr'><strong>ἦς</strong></span> <span class='ocrx_word' id='word_1_223' title='bbox 1016 2703 1234 2768; x_wconf 73' lang='grc' dir='ltr'><strong>καὶτὰς</strong></span> <span class='ocrx_word' id='word_1_224' title='bbox 1263 2707 1343 2768; x_wconf 88' lang='grc' dir='ltr'><strong>εἰς</strong></span> <span class='ocrx_word' id='word_1_225' title='bbox 1373 2707 1522 2776; x_wconf 83' lang='grc' dir='ltr'><strong>ἡμᾶς</strong></span> <span class='ocrx_word' id='word_1_226' title='bbox 1555 2706 1860 2776; x_wconf 80' lang='grc' dir='ltr'><strong>γεγενημέο</strong></span> 
     </span>
    </p>
   </div>
   <div class='ocr_carea' id='block_1_32' title="bbox 282 2795 1861 2867">
    <p class='ocr_par' dir='ltr' id='par_1_32' title="bbox 282 2795 1861 2867">
     <span class='ocr_line' id='line_1_32' title="bbox 282 2795 1861 2867; baseline 0.001 -19"><span class='ocrx_word' id='word_1_227' title='bbox 282 2810 378 2858; x_wconf 86' lang='grc' dir='ltr'><strong>νας</strong></span> <span class='ocrx_word' id='word_1_228' title='bbox 405 2795 449 2826; x_wconf 82' lang='grc'><strong>⁸⁸</strong></span> <span class='ocrx_word' id='word_1_229' title='bbox 476 2795 798 2864; x_wconf 74' lang='grc' dir='ltr'><strong>εὐεργεσίας</strong></span> <span class='ocrx_word' id='word_1_230' title='bbox 832 2795 1196 2865; x_wconf 80' lang='grc' dir='ltr'><strong>μανθάνομεν,</strong></span> <span class='ocrx_word' id='word_1_231' title='bbox 1225 2797 1322 2850; x_wconf 74' lang='grc' dir='ltr'><strong>καὶ</strong></span> <span class='ocrx_word' id='word_1_232' title='bbox 1347 2797 1474 2860; x_wconf 84' lang='grc' dir='ltr'><strong>τοὺς</strong></span> <span class='ocrx_word' id='word_1_233' title='bbox 1501 2797 1861 2867; x_wconf 79' lang='grc' dir='ltr'><strong>όνησιφόρους</strong></span> 
     </span>
    </p>
   </div>
   <div class='ocr_carea' id='block_1_33' title="bbox 282 2886 1862 2958">
    <p class='ocr_par' dir='ltr' id='par_1_33' title="bbox 282 2886 1862 2958">
     <span class='ocr_line' id='line_1_33' title="bbox 282 2886 1862 2958; baseline 0.001 -19"><span class='ocrx_word' id='word_1_234' title='bbox 282 2886 657 2956; x_wconf 82' lang='grc' dir='ltr'><strong>παιδευόμεθα</strong></span> <span class='ocrx_word' id='word_1_235' title='bbox 704 2888 928 2958; x_wconf 83' lang='grc' dir='ltr'><strong>νόμους.</strong></span> <span class='ocrx_word' id='word_1_236' title='bbox 990 2887 1246 2954; x_wconf 73' lang='grc' dir='ltr'><strong>Ἔλιιτὰς</strong></span> <span class='ocrx_word' id='word_1_237' title='bbox 1285 2888 1342 2942; x_wconf 88' lang='grc' dir='ltr'><strong>δέ</strong></span> <span class='ocrx_word' id='word_1_238' title='bbox 1389 2887 1732 2958; x_wconf 66' lang='grc' dir='ltr'><strong>σάλπιγγας</strong></span> <span class='ocrx_word' id='word_1_239' title='bbox 1765 2889 1862 2952; x_wconf 83' lang='grc' dir='ltr'><strong>τὰς</strong></span> 
     </span>
    </p>
   </div>
   <div class='ocr_carea' id='block_1_34' title="bbox 1968 422 2668 496">
    <p class='ocr_par' dir='ltr' id='par_1_34' title="bbox 1968 422 2668 496">
     <span class='ocr_line' id='line_1_34' title="bbox 1968 422 2668 496; baseline 0.009 -20"><span class='ocrx_word' id='word_1_240' title='bbox 1968 422 2246 482; x_wconf 82' lang='lat' dir='ltr'><strong>hilaritate</strong></span> <span class='ocrx_word' id='word_1_241' title='bbox 2281 424 2668 496; x_wconf 76' lang='lat' dir='ltr'><strong>tripudiantes.</strong></span> 
     </span>
    </p>
   </div>
   <div class='ocr_carea' id='block_1_35' title="bbox 2043 597 3548 677">
    <p class='ocr_par' dir='ltr' id='par_1_35' title="bbox 2043 597 3548 677">
     <span class='ocr_line' id='line_1_35' title="bbox 2043 597 3548 677; baseline 0.009 -21"><span class='ocrx_word' id='word_1_242' title='bbox 2043 599 2212 658; x_wconf 76' lang='lat' dir='ltr'><strong>Vens.</strong></span> <span class='ocrx_word' id='word_1_243' title='bbox 2258 597 2314 658; x_wconf 61' lang='grc' dir='ltr'><strong>ἦ.</strong></span> <span class='ocrx_word' id='word_1_244' title='bbox 2357 623 2376 657; x_wconf 86' lang='grc' dir='ltr'><strong>ι</strong></span> <span class='ocrx_word' id='word_1_245' title='bbox 2413 603 2635 660; x_wconf 85' lang='lat' dir='ltr'><strong>Psallite</strong></span> <span class='ocrx_word' id='word_1_246' title='bbox 2665 605 2898 663; x_wconf 88' lang='lat' dir='ltr'><strong>Domino</strong></span> <span class='ocrx_word' id='word_1_247' title='bbox 2927 621 3052 662; x_wconf 90' lang='lat' dir='ltr'><strong>cum</strong></span> <span class='ocrx_word' id='word_1_248' title='bbox 3077 608 3311 677; x_wconf 87' lang='lat' dir='ltr'><strong>cithara,</strong></span> <span class='ocrx_word' id='word_1_249' title='bbox 3341 619 3398 665; x_wconf 88' lang='lat' dir='ltr'><strong>et</strong></span> <span class='ocrx_word' id='word_1_250' title='bbox 3424 627 3548 668; x_wconf 85' lang='lat' dir='ltr'><strong>cum</strong></span> 
     </span>
    </p>
   </div>
   <div class='ocr_carea' id='block_1_36' title="bbox 1967 693 3549 768">
    <p class='ocr_par' dir='ltr' id='par_1_36' title="bbox 1967 693 3549 768">
     <span class='ocr_line' id='line_1_36' title="bbox 1967 693 3549 768; baseline 0.006 -22"><span class='ocrx_word' id='word_1_251' title='bbox 1967 708 2100 750; x_wconf 82' lang='lat' dir='ltr'><strong>voce</strong></span> <span class='ocrx_word' id='word_1_252' title='bbox 2144 693 2365 764; x_wconf 86' lang='lat' dir='ltr'><strong>psalmi.</strong></span> <span class='ocrx_word' id='word_1_253' title='bbox 2407 711 2428 746; x_wconf 75' lang='grc' dir='ltr'><strong>ι</strong></span> <span class='ocrx_word' id='word_1_254' title='bbox 2466 693 2536 750; x_wconf 87' lang='lat' dir='ltr'><strong>Et</strong></span> <span class='ocrx_word' id='word_1_255' title='bbox 2581 695 2729 752; x_wconf 85' lang='lat' dir='ltr'><strong>hanc</strong></span> <span class='ocrx_word' id='word_1_256' title='bbox 2775 711 2910 752; x_wconf 87' lang='lat' dir='ltr'><strong>sane</strong></span> <span class='ocrx_word' id='word_1_257' title='bbox 2955 697 3128 768; x_wconf 83' lang='lat' dir='ltr'><strong>legem</strong></span> <span class='ocrx_word' id='word_1_258' title='bbox 3182 699 3448 756; x_wconf 88' lang='lat' dir='ltr'><strong>continuo</strong></span> <span class='ocrx_word' id='word_1_259' title='bbox 3493 701 3549 756; x_wconf 91' lang='lat' dir='ltr'><strong>in</strong></span> 
     </span>
    </p>
   </div>
   <div class='ocr_carea' id='block_1_37' title="bbox 1964 771 3555 860">
    <p class='ocr_par' dir='ltr' id='par_1_37' title="bbox 1964 771 3555 860">
     <span class='ocr_line' id='line_1_37' title="bbox 1964 771 3555 860; baseline 0.004 -24"><span class='ocrx_word' id='word_1_260' title='bbox 1964 782 2218 838; x_wconf 84' lang='lat' dir='ltr'><strong>ecclesiis</strong></span> <span class='ocrx_word' id='word_1_261' title='bbox 2263 782 2543 854; x_wconf 86' lang='lat' dir='ltr'><strong>impletam</strong></span> <span class='ocrx_word' id='word_1_262' title='bbox 2587 785 2770 842; x_wconf 74' lang='lat' dir='ltr'><strong>videre</strong></span> <span class='ocrx_word' id='word_1_263' title='bbox 2811 787 2957 842; x_wconf 88' lang='lat' dir='ltr'><strong>licet.</strong></span> <span class='ocrx_word' id='word_1_264' title='bbox 3013 771 3302 858; x_wconf 80' lang='lat' dir='ltr'><strong>Spirituali</strong></span> <span class='ocrx_word' id='word_1_265' title='bbox 3350 789 3555 860; x_wconf 78' lang='lat' dir='ltr'><strong>quippe</strong></span> 
     </span>
    </p>
   </div>
   <div class='ocr_carea' id='block_1_38' title="bbox 1965 873 3550 944">
    <p class='ocr_par' dir='ltr' id='par_1_38' title="bbox 1965 873 3550 944">
     <span class='ocr_line' id='line_1_38' title="bbox 1965 873 3550 944; baseline 0.003 -16"><span class='ocrx_word' id='word_1_266' title='bbox 1965 873 2177 928; x_wconf 89' lang='lat' dir='ltr'><strong>cithara</strong></span> <span class='ocrx_word' id='word_1_267' title='bbox 2197 873 2440 932; x_wconf 79' lang='lat' dir='ltr'><strong>divinam</strong></span> <span class='ocrx_word' id='word_1_268' title='bbox 2469 875 2752 944; x_wconf 86' lang='lat' dir='ltr'><strong>pulsamus</strong></span> <span class='ocrx_word' id='word_1_269' title='bbox 2780 876 3094 932; x_wconf 88' lang='lat' dir='ltr'><strong>melodiam.</strong></span> <span class='ocrx_word' id='word_1_270' title='bbox 3121 875 3396 933; x_wconf 83' lang='lat' dir='ltr'><strong>Etlicimus</strong></span> <span class='ocrx_word' id='word_1_271' title='bbox 3419 892 3550 933; x_wconf 84' lang='lat' dir='ltr'><strong>vero</strong></span> 
     </span>
    </p>
   </div>
   <div class='ocr_carea' id='block_1_39' title="bbox 1965 963 3550 1036">
    <p class='ocr_par' dir='ltr' id='par_1_39' title="bbox 1965 963 3550 1036">
     <span class='ocr_line' id='line_1_39' title="bbox 1965 963 3550 1036; baseline 0.003 -16"><span class='ocrx_word' id='word_1_272' title='bbox 1965 963 2132 1020; x_wconf 86' lang='lat' dir='ltr'><strong>etiam</strong></span> <span class='ocrx_word' id='word_1_273' title='bbox 2165 979 2266 1022; x_wconf 89' lang='lat' dir='ltr'><strong>nos</strong></span> <span class='ocrx_word' id='word_1_274' title='bbox 2310 978 2499 1022; x_wconf 88' lang='lat' dir='ltr'><strong>nostra</strong></span> <span class='ocrx_word' id='word_1_275' title='bbox 2545 981 2781 1036; x_wconf 87' lang='lat' dir='ltr'><strong>corpora</strong></span> <span class='ocrx_word' id='word_1_276' title='bbox 2833 967 3076 1022; x_wconf 89' lang='lat' dir='ltr'><strong>citharas</strong></span> <span class='ocrx_word' id='word_1_277' title='bbox 3124 968 3443 1034; x_wconf 84' lang='lat' dir='ltr'><strong>rationales,</strong></span> <span class='ocrx_word' id='word_1_278' title='bbox 3494 977 3550 1024; x_wconf 88' lang='lat' dir='ltr'><strong>et</strong></span> 
     </span>
    </p>
   </div>
   <div class='ocr_carea' id='block_1_40' title="bbox 1965 1054 3550 1126">
    <p class='ocr_par' dir='ltr' id='par_1_40' title="bbox 1965 1054 3550 1126">
     <span class='ocr_line' id='line_1_40' title="bbox 1965 1054 3550 1126; baseline -0.001 -14"><span class='ocrx_word' id='word_1_279' title='bbox 1965 1059 1984 1081; x_wconf 77' lang='grc'><strong><em>*</em></strong></span> <span class='ocrx_word' id='word_1_280' title='bbox 2005 1056 2212 1112; x_wconf 90' lang='lat' dir='ltr'><strong>utimur</strong></span> <span class='ocrx_word' id='word_1_281' title='bbox 2246 1071 2346 1126; x_wconf 89' lang='lat' dir='ltr'><strong>pro</strong></span> <span class='ocrx_word' id='word_1_282' title='bbox 2380 1055 2602 1111; x_wconf 86' lang='lat' dir='ltr'><strong>chordis</strong></span> <span class='ocrx_word' id='word_1_283' title='bbox 2634 1055 2858 1126; x_wconf 89' lang='lat' dir='ltr'><strong>quidem</strong></span> <span class='ocrx_word' id='word_1_284' title='bbox 2888 1054 3168 1121; x_wconf 80' lang='lat' dir='ltr'><strong>dentibus,</strong></span> <span class='ocrx_word' id='word_1_285' title='bbox 3219 1063 3274 1109; x_wconf 90' lang='lat' dir='ltr'><strong>et</strong></span> <span class='ocrx_word' id='word_1_286' title='bbox 3313 1069 3412 1125; x_wconf 90' lang='lat' dir='ltr'><strong>pro</strong></span> <span class='ocrx_word' id='word_1_287' title='bbox 3441 1069 3550 1110; x_wconf 69' lang='lat' dir='ltr'><strong>aere</strong></span> 
     </span>
    </p>
   </div>
   <div class='ocr_carea' id='block_1_41' title="bbox 1963 1143 3547 1216">
    <p class='ocr_par' dir='ltr' id='par_1_41' title="bbox 1963 1143 3547 1216">
     <span class='ocr_line' id='line_1_41' title="bbox 1963 1143 3547 1216; baseline -0.001 -15"><span class='ocrx_word' id='word_1_288' title='bbox 1963 1146 2126 1202; x_wconf 84' lang='lat' dir='ltr'><strong>labiis</strong></span> <span class='ocrx_word' id='word_1_289' title='bbox 2154 1165 2167 1200; x_wconf 91' lang='lat'><strong>:</strong></span> <span class='ocrx_word' id='word_1_290' title='bbox 2201 1145 2386 1216; x_wconf 83' lang='lat' dir='ltr'><strong>lingua</strong></span> <span class='ocrx_word' id='word_1_291' title='bbox 2417 1162 2547 1202; x_wconf 87' lang='lat' dir='ltr'><strong>vero</strong></span> <span class='ocrx_word' id='word_1_292' title='bbox 2575 1145 2816 1216; x_wconf 87' lang='lat' dir='ltr'><strong>quolibet</strong></span> <span class='ocrx_word' id='word_1_293' title='bbox 2836 1144 3048 1215; x_wconf 89' lang='lat' dir='ltr'><strong>plectro</strong></span> <span class='ocrx_word' id='word_1_294' title='bbox 3073 1143 3311 1200; x_wconf 84' lang='lat' dir='ltr'><strong>celerius</strong></span> <span class='ocrx_word' id='word_1_295' title='bbox 3343 1145 3547 1214; x_wconf 76' lang='lat' dir='ltr'><strong>agitata</strong></span> 
     </span>
    </p>
   </div>
   <div class='ocr_carea' id='block_1_42' title="bbox 1963 1233 3546 1308">
    <p class='ocr_par' dir='ltr' id='par_1_42' title="bbox 1963 1233 3546 1308">
     <span class='ocr_line' id='line_1_42' title="bbox 1963 1233 3546 1308; baseline -0.005 -14"><span class='ocrx_word' id='word_1_296' title='bbox 1963 1239 2297 1296; x_wconf 88' lang='lat' dir='ltr'><strong>concinnum</strong></span> <span class='ocrx_word' id='word_1_297' title='bbox 2358 1236 2540 1308; x_wconf 83' lang='lat' dir='ltr'><strong>pulsat</strong></span> <span class='ocrx_word' id='word_1_298' title='bbox 2598 1249 2818 1292; x_wconf 81' lang='lat' dir='ltr'><strong>sonum.</strong></span> <span class='ocrx_word' id='word_1_299' title='bbox 2863 1233 3019 1290; x_wconf 83' lang='lat' dir='ltr'><strong>Mens</strong></span> <span class='ocrx_word' id='word_1_300' title='bbox 3061 1242 3243 1288; x_wconf 88' lang='lat' dir='ltr'><strong>autem</strong></span> <span class='ocrx_word' id='word_1_301' title='bbox 3303 1233 3546 1304; x_wconf 75' lang='lat' dir='ltr'><strong>linguam</strong></span> 
     </span>
    </p>
   </div>
   <div class='ocr_carea' id='block_1_43' title="bbox 1964 1323 3550 1398">
    <p class='ocr_par' dir='ltr' id='par_1_43' title="bbox 1964 1323 3550 1398">
     <span class='ocr_line' id='line_1_43' title="bbox 1964 1323 3550 1398; baseline -0.006 -11"><span class='ocrx_word' id='word_1_302' title='bbox 1964 1339 2166 1396; x_wconf 84' lang='lat' dir='ltr'><strong>movet,</strong></span> <span class='ocrx_word' id='word_1_303' title='bbox 2197 1330 2366 1385; x_wconf 80' lang='lat' dir='ltr'><strong>veluti</strong></span> <span class='ocrx_word' id='word_1_304' title='bbox 2391 1327 2612 1398; x_wconf 89' lang='lat' dir='ltr'><strong>quidam</strong></span> <span class='ocrx_word' id='word_1_305' title='bbox 2657 1325 2866 1397; x_wconf 89' lang='lat' dir='ltr'><strong>peritus</strong></span> <span class='ocrx_word' id='word_1_306' title='bbox 2907 1325 3154 1380; x_wconf 88' lang='lat' dir='ltr'><strong>musicus</strong></span> <span class='ocrx_word' id='word_1_307' title='bbox 3177 1323 3326 1378; x_wconf 89' lang='lat' dir='ltr'><strong>illam</strong></span> <span class='ocrx_word' id='word_1_308' title='bbox 3369 1324 3550 1378; x_wconf 88' lang='lat' dir='ltr'><strong>scien-</strong></span> 
     </span>
    </p>
   </div>
   <div class='ocr_carea' id='block_1_44' title="bbox 1967 1413 3548 1494">
    <p class='ocr_par' dir='ltr' id='par_1_44' title="bbox 1967 1413 3548 1494">
     <span class='ocr_line' id='line_1_44' title="bbox 1967 1413 3548 1494; baseline -0.006 -15"><span class='ocrx_word' id='word_1_309' title='bbox 1967 1433 2045 1479; x_wconf 86' lang='lat' dir='ltr'><strong>ter</strong></span> <span class='ocrx_word' id='word_1_310' title='bbox 2069 1423 2305 1494; x_wconf 74' lang='lat' dir='ltr'><strong>agitans.</strong></span> <span class='ocrx_word' id='word_1_311' title='bbox 2338 1420 2462 1476; x_wconf 70' lang='lat' dir='ltr'><strong>llaac</strong></span> <span class='ocrx_word' id='word_1_312' title='bbox 2482 1419 2692 1476; x_wconf 86' lang='lat' dir='ltr'><strong>cithara</strong></span> <span class='ocrx_word' id='word_1_313' title='bbox 2722 1418 2929 1488; x_wconf 77' lang='lat' dir='ltr'><strong>gratior</strong></span> <span class='ocrx_word' id='word_1_314' title='bbox 2964 1425 3049 1472; x_wconf 91' lang='lat' dir='ltr'><strong>est</strong></span> <span class='ocrx_word' id='word_1_315' title='bbox 3073 1415 3205 1484; x_wconf 89' lang='lat' dir='ltr'><strong>Deo,</strong></span> <span class='ocrx_word' id='word_1_316' title='bbox 3237 1431 3401 1485; x_wconf 90' lang='lat' dir='ltr'><strong>quam</strong></span> <span class='ocrx_word' id='word_1_317' title='bbox 3453 1413 3548 1470; x_wconf 85' lang='lat' dir='ltr'><strong>illa</strong></span> 
     </span>
    </p>
   </div>
   <div class='ocr_carea' id='block_1_45' title="bbox 1963 1505 3548 1588">
    <p class='ocr_par' dir='ltr' id='par_1_45' title="bbox 1963 1505 3548 1588">
     <span class='ocr_line' id='line_1_45' title="bbox 1963 1505 3548 1588; baseline -0.009 -15"><span class='ocrx_word' id='word_1_318' title='bbox 1963 1532 2086 1588; x_wconf 66' lang='lat' dir='ltr'><strong>quae</strong></span> <span class='ocrx_word' id='word_1_319' title='bbox 2114 1515 2299 1570; x_wconf 84' lang='lat' dir='ltr'><strong>anima</strong></span> <span class='ocrx_word' id='word_1_320' title='bbox 2323 1519 2496 1570; x_wconf 84' lang='lat' dir='ltr'><strong>caret.</strong></span> <span class='ocrx_word' id='word_1_321' title='bbox 2525 1511 2594 1566; x_wconf 89' lang='lat' dir='ltr'><strong>Et</strong></span> <span class='ocrx_word' id='word_1_322' title='bbox 2632 1510 2751 1580; x_wconf 88' lang='lat' dir='ltr'><strong>ipse</strong></span> <span class='ocrx_word' id='word_1_323' title='bbox 2793 1509 2950 1565; x_wconf 89' lang='lat' dir='ltr'><strong>testis</strong></span> <span class='ocrx_word' id='word_1_324' title='bbox 2987 1517 3072 1564; x_wconf 89' lang='lat' dir='ltr'><strong>est</strong></span> <span class='ocrx_word' id='word_1_325' title='bbox 3113 1509 3178 1563; x_wconf 89' lang='lat' dir='ltr'><strong>ad</strong></span> <span class='ocrx_word' id='word_1_326' title='bbox 3205 1505 3422 1562; x_wconf 66' lang='lat' dir='ltr'><strong>Judzeos</strong></span> <span class='ocrx_word' id='word_1_327' title='bbox 3451 1521 3548 1576; x_wconf 85' lang='lat' dir='ltr'><strong>per</strong></span> 
     </span>
    </p>
   </div>
   <div class='ocr_carea' id='block_1_46' title="bbox 1964 1604 3546 1679">
    <p class='ocr_par' dir='ltr' id='par_1_46' title="bbox 1964 1604 3546 1679">
     <span class='ocr_line' id='line_1_46' title="bbox 1964 1604 3546 1679; baseline -0.008 -17"><span class='ocrx_word' id='word_1_328' title='bbox 1964 1610 2284 1679; x_wconf 84' lang='lat' dir='ltr'><strong>prophetam</strong></span> <span class='ocrx_word' id='word_1_329' title='bbox 2331 1605 2623 1663; x_wconf 87' lang='lat' dir='ltr'><strong>clamans:</strong></span> <span class='ocrx_word' id='word_1_330' title='bbox 2673 1620 2693 1654; x_wconf 80' lang='grc' dir='ltr'><strong>ι</strong></span> <span class='ocrx_word' id='word_1_331' title='bbox 2729 1604 2928 1656; x_wconf 85' lang='lat' dir='ltr'><strong>Averte</strong></span> <span class='ocrx_word' id='word_1_332' title='bbox 2970 1616 3001 1655; x_wconf 89' lang='lat' dir='ltr'><strong>a</strong></span> <span class='ocrx_word' id='word_1_333' title='bbox 3041 1615 3127 1656; x_wconf 88' lang='lat' dir='ltr'><strong>me</strong></span> <span class='ocrx_word' id='word_1_334' title='bbox 3171 1614 3369 1656; x_wconf 88' lang='lat' dir='ltr'><strong>sonum</strong></span> <span class='ocrx_word' id='word_1_335' title='bbox 3411 1612 3546 1652; x_wconf 86' lang='lat' dir='ltr'><strong>can-</strong></span> 
     </span>
    </p>
   </div>
   <div class='ocr_carea' id='block_1_47' title="bbox 1967 1701 3542 1766">
    <p class='ocr_par' dir='ltr' id='par_1_47' title="bbox 1967 1701 3542 1766">
     <span class='ocr_line' id='line_1_47' title="bbox 1967 1701 3542 1766; baseline -0.01 -9"><span class='ocrx_word' id='word_1_336' title='bbox 1967 1704 2176 1758; x_wconf 88' lang='lat' dir='ltr'><strong>tionum</strong></span> <span class='ocrx_word' id='word_1_337' title='bbox 2218 1708 2460 1766; x_wconf 87' lang='lat' dir='ltr'><strong>tuarum,</strong></span> <span class='ocrx_word' id='word_1_338' title='bbox 2490 1705 2546 1752; x_wconf 87' lang='lat' dir='ltr'><strong>et</strong></span> <span class='ocrx_word' id='word_1_339' title='bbox 2572 1710 2755 1752; x_wconf 81' lang='lat' dir='ltr'><strong>vocem</strong></span> <span class='ocrx_word' id='word_1_340' title='bbox 2799 1708 3137 1765; x_wconf 81' lang='lat' dir='ltr'><strong>organorum</strong></span> <span class='ocrx_word' id='word_1_341' title='bbox 3177 1701 3396 1746; x_wconf 86' lang='lat' dir='ltr'><strong>tuorum</strong></span> <span class='ocrx_word' id='word_1_342' title='bbox 3433 1702 3542 1743; x_wconf 88' lang='lat' dir='ltr'><strong>non</strong></span> 
     </span>
    </p>
   </div>
   <div class='ocr_carea' id='block_1_48' title="bbox 1962 1793 2310 1848">
    <p class='ocr_par' dir='ltr' id='par_1_48' title="bbox 1962 1793 2310 1848">
     <span class='ocr_line' id='line_1_48' title="bbox 1962 1793 2310 1848; baseline -0.014 0"><span class='ocrx_word' id='word_1_343' title='bbox 1962 1793 2183 1848; x_wconf 84' lang='lat' dir='ltr'><strong>audiam</strong></span> <span class='ocrx_word' id='word_1_344' title='bbox 2203 1800 2246 1844; x_wconf 87' lang='lat'><strong>°.</strong></span> <span class='ocrx_word' id='word_1_345' title='bbox 2289 1808 2310 1843; x_wconf 73' lang='grc' dir='ltr'><strong>ι</strong></span> 
     </span>
    </p>
   </div>
   <div class='ocr_carea' id='block_1_49' title="bbox 2033 1957 3544 2028">
    <p class='ocr_par' dir='ltr' id='par_1_49' title="bbox 2033 1957 3544 2028">
     <span class='ocr_line' id='line_1_49' title="bbox 2033 1957 3544 2028; baseline -0.009 -2"><span class='ocrx_word' id='word_1_346' title='bbox 2033 1971 2202 2026; x_wconf 69' lang='lat' dir='ltr'><strong>Vens.</strong></span> <span class='ocrx_word' id='word_1_347' title='bbox 2247 1967 2300 2023; x_wconf 88' lang='lat'><strong>6.</strong></span> <span class='ocrx_word' id='word_1_348' title='bbox 2347 1983 2368 2018; x_wconf 87' lang='grc' dir='ltr'><strong>ι</strong></span> <span class='ocrx_word' id='word_1_349' title='bbox 2405 1965 2541 2021; x_wconf 90' lang='lat' dir='ltr'><strong>Cum</strong></span> <span class='ocrx_word' id='word_1_350' title='bbox 2589 1965 2737 2020; x_wconf 86' lang='lat' dir='ltr'><strong>tubis</strong></span> <span class='ocrx_word' id='word_1_351' title='bbox 2779 1963 3100 2028; x_wconf 88' lang='lat' dir='ltr'><strong>ductilibus,</strong></span> <span class='ocrx_word' id='word_1_352' title='bbox 3147 1969 3202 2016; x_wconf 87' lang='lat' dir='ltr'><strong>et</strong></span> <span class='ocrx_word' id='word_1_353' title='bbox 3231 1974 3364 2014; x_wconf 88' lang='lat' dir='ltr'><strong>voce</strong></span> <span class='ocrx_word' id='word_1_354' title='bbox 3399 1957 3544 2014; x_wconf 68' lang='lat' dir='ltr'><strong>tuba</strong></span> 
     </span>
    </p>
   </div>
   <div class='ocr_carea' id='block_1_50' title="bbox 1959 2042 3544 2125">
    <p class='ocr_par' dir='ltr' id='par_1_50' title="bbox 1959 2042 3544 2125">
     <span class='ocr_line' id='line_1_50' title="bbox 1959 2042 3544 2125; baseline -0.011 -2"><span class='ocrx_word' id='word_1_355' title='bbox 1959 2076 2194 2122; x_wconf 67' lang='lat' dir='ltr'><strong>corneae.</strong></span> <span class='ocrx_word' id='word_1_356' title='bbox 2229 2078 2248 2112; x_wconf 78' lang='grc' dir='ltr'><strong>ι</strong></span> <span class='ocrx_word' id='word_1_357' title='bbox 2315 2056 2518 2113; x_wconf 82' lang='lat' dir='ltr'><strong>Tubam</strong></span> <span class='ocrx_word' id='word_1_358' title='bbox 2583 2055 2784 2125; x_wconf 84' lang='lat' dir='ltr'><strong>saepius</strong></span> <span class='ocrx_word' id='word_1_359' title='bbox 2847 2052 3300 2108; x_wconf 81' lang='lat' dir='ltr'><strong>vociferationem</strong></span> <span class='ocrx_word' id='word_1_360' title='bbox 3368 2042 3544 2106; x_wconf 62' lang='lat' dir='ltr'><strong>sacra:</strong></span> 
     </span>
    </p>
   </div>
   <div class='ocr_carea' id='block_1_51' title="bbox 1961 2137 3545 2208">
    <p class='ocr_par' dir='ltr' id='par_1_51' title="bbox 1961 2137 3545 2208">
     <span class='ocr_line' id='line_1_51' title="bbox 1961 2137 3545 2208; baseline -0.011 0"><span class='ocrx_word' id='word_1_361' title='bbox 1961 2153 2182 2208; x_wconf 64' lang='lat' dir='ltr'><strong>Litterae</strong></span> <span class='ocrx_word' id='word_1_362' title='bbox 2209 2156 2428 2206; x_wconf 84' lang='lat' dir='ltr'><strong>vocant.</strong></span> <span class='ocrx_word' id='word_1_363' title='bbox 2467 2147 2734 2202; x_wconf 86' lang='lat' dir='ltr'><strong>Similiter</strong></span> <span class='ocrx_word' id='word_1_364' title='bbox 2767 2143 3038 2199; x_wconf 88' lang='lat' dir='ltr'><strong>Dominus</strong></span> <span class='ocrx_word' id='word_1_365' title='bbox 3075 2143 3130 2197; x_wconf 93' lang='lat' dir='ltr'><strong>in</strong></span> <span class='ocrx_word' id='word_1_366' title='bbox 3157 2139 3335 2196; x_wconf 83' lang='lat' dir='ltr'><strong>sacris</strong></span> <span class='ocrx_word' id='word_1_367' title='bbox 3365 2137 3545 2192; x_wconf 80' lang='lat' dir='ltr'><strong>Evan-</strong></span> 
     </span>
    </p>
   </div>
   <div class='ocr_carea' id='block_1_52' title="bbox 1960 2229 3544 2314">
    <p class='ocr_par' dir='ltr' id='par_1_52' title="bbox 1960 2229 3544 2314">
     <span class='ocr_line' id='line_1_52' title="bbox 1960 2229 3544 2314; baseline -0.008 -15"><span class='ocrx_word' id='word_1_368' title='bbox 1960 2243 2114 2314; x_wconf 75' lang='lat' dir='ltr'><strong>geliis</strong></span> <span class='ocrx_word' id='word_1_369' title='bbox 2132 2242 2349 2313; x_wconf 88' lang='lat' dir='ltr'><strong>inquit:</strong></span> <span class='ocrx_word' id='word_1_370' title='bbox 2383 2259 2401 2292; x_wconf 86' lang='grc' dir='ltr'><strong>ι</strong></span> <span class='ocrx_word' id='word_1_371' title='bbox 2425 2237 2562 2294; x_wconf 88' lang='lat' dir='ltr'><strong>Cum</strong></span> <span class='ocrx_word' id='word_1_372' title='bbox 2583 2234 2798 2308; x_wconf 58' lang='lat'><strong>1305</strong></span> <span class='ocrx_word' id='word_1_373' title='bbox 2815 2234 2952 2290; x_wconf 84' lang='lat' dir='ltr'><strong>facis</strong></span> <span class='ocrx_word' id='word_1_374' title='bbox 2980 2231 3400 2302; x_wconf 82' lang='lat' dir='ltr'><strong>eleemosynam,</strong></span> <span class='ocrx_word' id='word_1_375' title='bbox 3431 2229 3544 2286; x_wconf 87' lang='lat' dir='ltr'><strong>noli</strong></span> 
     </span>
    </p>
   </div>
   <div class='ocr_carea' id='block_1_53' title="bbox 1965 2323 3537 2396">
    <p class='ocr_par' dir='ltr' id='par_1_53' title="bbox 1965 2323 3537 2396">
     <span class='ocr_line' id='line_1_53' title="bbox 1965 2323 3537 2396; baseline -0.013 -2"><span class='ocrx_word' id='word_1_376' title='bbox 1965 2339 2092 2394; x_wconf 88' lang='lat' dir='ltr'><strong>tuba</strong></span> <span class='ocrx_word' id='word_1_377' title='bbox 2123 2348 2325 2391; x_wconf 87' lang='lat' dir='ltr'><strong>canere</strong></span> <span class='ocrx_word' id='word_1_378' title='bbox 2357 2339 2485 2386; x_wconf 84' lang='lat' dir='ltr'><strong>ante</strong></span> <span class='ocrx_word' id='word_1_379' title='bbox 2529 2339 2603 2392; x_wconf 83' lang='lat' dir='ltr'><strong>te,</strong></span> <span class='ocrx_word' id='word_1_380' title='bbox 2656 2329 2800 2382; x_wconf 88' lang='lat' dir='ltr'><strong>sicut</strong></span> <span class='ocrx_word' id='word_1_381' title='bbox 2837 2325 3135 2396; x_wconf 85' lang='lat' dir='ltr'><strong>hypocritae</strong></span> <span class='ocrx_word' id='word_1_382' title='bbox 3169 2323 3427 2376; x_wconf 78' lang='lat' dir='ltr'><strong>faciuntr</strong></span> <span class='ocrx_word' id='word_1_383' title='bbox 3460 2339 3474 2374; x_wconf 93' lang='lat'><strong>:</strong></span> <span class='ocrx_word' id='word_1_384' title='bbox 3515 2338 3537 2374; x_wconf 70' lang='grc' dir='ltr'><strong>ι</strong></span> 
     </span>
    </p>
   </div>
   <div class='ocr_carea' id='block_1_54' title="bbox 1961 2415 3541 2504">
    <p class='ocr_par' dir='ltr' id='par_1_54' title="bbox 1961 2415 3541 2504">
     <span class='ocr_line' id='line_1_54' title="bbox 1961 2415 3541 2504; baseline -0.012 -15"><span class='ocrx_word' id='word_1_385' title='bbox 1961 2448 2061 2504; x_wconf 86' lang='lat' dir='ltr'><strong>pro</strong></span> <span class='ocrx_word' id='word_1_386' title='bbox 2093 2446 2160 2487; x_wconf 88' lang='lat' dir='ltr'><strong>eo</strong></span> <span class='ocrx_word' id='word_1_387' title='bbox 2193 2427 2338 2500; x_wconf 93' lang='lat' dir='ltr'><strong>quod</strong></span> <span class='ocrx_word' id='word_1_388' title='bbox 2369 2433 2478 2489; x_wconf 86' lang='lat' dir='ltr'><strong>est,</strong></span> <span class='ocrx_word' id='word_1_389' title='bbox 2521 2421 2600 2477; x_wconf 80' lang='lat' dir='ltr'><strong>Ne</strong></span> <span class='ocrx_word' id='word_1_390' title='bbox 2637 2420 2922 2490; x_wconf 79' lang='lat' dir='ltr'><strong>praedices,</strong></span> <span class='ocrx_word' id='word_1_391' title='bbox 2962 2432 3142 2487; x_wconf 83' lang='lat' dir='ltr'><strong>neque</strong></span> <span class='ocrx_word' id='word_1_392' title='bbox 3191 2415 3541 2470; x_wconf 81' lang='lat' dir='ltr'><strong>manifestam</strong></span> 
     </span>
    </p>
   </div>
   <div class='ocr_carea' id='block_1_55' title="bbox 1962 2510 3542 2586">
    <p class='ocr_par' dir='ltr' id='par_1_55' title="bbox 1962 2510 3542 2586">
     <span class='ocr_line' id='line_1_55' title="bbox 1962 2510 3542 2586; baseline -0.011 -2"><span class='ocrx_word' id='word_1_393' title='bbox 1962 2527 2222 2584; x_wconf 84' lang='lat' dir='ltr'><strong>omnibus</strong></span> <span class='ocrx_word' id='word_1_394' title='bbox 2253 2523 2447 2584; x_wconf 88' lang='lat' dir='ltr'><strong>facias,</strong></span> <span class='ocrx_word' id='word_1_395' title='bbox 2487 2534 2554 2574; x_wconf 83' lang='lat' dir='ltr'><strong>no</strong></span> <span class='ocrx_word' id='word_1_396' title='bbox 2587 2517 2737 2574; x_wconf 82' lang='lat' dir='ltr'><strong>inani</strong></span> <span class='ocrx_word' id='word_1_397' title='bbox 2777 2515 2950 2586; x_wconf 76' lang='lat' dir='ltr'><strong>gloria</strong></span> <span class='ocrx_word' id='word_1_398' title='bbox 2988 2511 3345 2582; x_wconf 77' lang='lat' dir='ltr'><strong>benignitatis</strong></span> <span class='ocrx_word' id='word_1_399' title='bbox 3377 2510 3542 2566; x_wconf 70' lang='lat' dir='ltr'><strong>laedas</strong></span> 
     </span>
    </p>
   </div>
   <div class='ocr_carea' id='block_1_56' title="bbox 1962 2601 3541 2682">
    <p class='ocr_par' dir='ltr' id='par_1_56' title="bbox 1962 2601 3541 2682">
     <span class='ocr_line' id='line_1_56' title="bbox 1962 2601 3541 2682; baseline -0.015 -5"><span class='ocrx_word' id='word_1_400' title='bbox 1962 2621 2226 2677; x_wconf 84' lang='lat' dir='ltr'><strong>fructum.</strong></span> <span class='ocrx_word' id='word_1_401' title='bbox 2266 2616 2326 2671; x_wconf 86' lang='lat' dir='ltr'><strong>In</strong></span> <span class='ocrx_word' id='word_1_402' title='bbox 2363 2617 2470 2672; x_wconf 88' lang='lat' dir='ltr'><strong>hoc</strong></span> <span class='ocrx_word' id='word_1_403' title='bbox 2513 2612 2682 2682; x_wconf 85' lang='lat' dir='ltr'><strong>igitur</strong></span> <span class='ocrx_word' id='word_1_404' title='bbox 2722 2609 2888 2664; x_wconf 90' lang='lat' dir='ltr'><strong>etiam</strong></span> <span class='ocrx_word' id='word_1_405' title='bbox 2921 2607 3046 2661; x_wconf 89' lang='lat' dir='ltr'><strong>loco</strong></span> <span class='ocrx_word' id='word_1_406' title='bbox 3081 2608 3286 2668; x_wconf 86' lang='lat' dir='ltr'><strong>tubam,</strong></span> <span class='ocrx_word' id='word_1_407' title='bbox 3335 2601 3541 2658; x_wconf 88' lang='lat' dir='ltr'><strong>doctri-</strong></span> 
     </span>
    </p>
   </div>
   <div class='ocr_carea' id='block_1_57' title="bbox 1961 2693 3542 2780">
    <p class='ocr_par' dir='ltr' id='par_1_57' title="bbox 1961 2693 3542 2780">
     <span class='ocr_line' id='line_1_57' title="bbox 1961 2693 3542 2780; baseline -0.015 -10"><span class='ocrx_word' id='word_1_408' title='bbox 1961 2731 2088 2770; x_wconf 89' lang='lat' dir='ltr'><strong>nam</strong></span> <span class='ocrx_word' id='word_1_409' title='bbox 2120 2719 2298 2778; x_wconf 74' lang='lat' dir='ltr'><strong>vocat,</strong></span> <span class='ocrx_word' id='word_1_410' title='bbox 2329 2725 2424 2780; x_wconf 86' lang='lat' dir='ltr'><strong>per</strong></span> <span class='ocrx_word' id='word_1_411' title='bbox 2453 2720 2615 2778; x_wconf 88' lang='lat' dir='ltr'><strong>quam</strong></span> <span class='ocrx_word' id='word_1_412' title='bbox 2652 2701 2914 2760; x_wconf 82' lang='lat' dir='ltr'><strong>beneficia</strong></span> <span class='ocrx_word' id='word_1_413' title='bbox 2943 2701 2996 2754; x_wconf 92' lang='lat' dir='ltr'><strong>in</strong></span> <span class='ocrx_word' id='word_1_414' title='bbox 3029 2714 3128 2754; x_wconf 91' lang='lat' dir='ltr'><strong>nos</strong></span> <span class='ocrx_word' id='word_1_415' title='bbox 3155 2697 3350 2753; x_wconf 89' lang='lat' dir='ltr'><strong>collata</strong></span> <span class='ocrx_word' id='word_1_416' title='bbox 3375 2693 3542 2750; x_wconf 86' lang='lat' dir='ltr'><strong>disci-</strong></span> 
     </span>
    </p>
   </div>
   <div class='ocr_carea' id='block_1_58' title="bbox 1963 2785 3540 2872">
    <p class='ocr_par' dir='ltr' id='par_1_58' title="bbox 1963 2785 3540 2872">
     <span class='ocr_line' id='line_1_58' title="bbox 1963 2785 3540 2872; baseline -0.016 -11"><span class='ocrx_word' id='word_1_417' title='bbox 1963 2820 2108 2872; x_wconf 89' lang='lat' dir='ltr'><strong>mus,</strong></span> <span class='ocrx_word' id='word_1_418' title='bbox 2141 2812 2193 2858; x_wconf 89' lang='lat' dir='ltr'><strong>et</strong></span> <span class='ocrx_word' id='word_1_419' title='bbox 2222 2801 2538 2855; x_wconf 81' lang='lat' dir='ltr'><strong>fructuosas</strong></span> <span class='ocrx_word' id='word_1_420' title='bbox 2566 2794 2862 2851; x_wconf 86' lang='lat' dir='ltr'><strong>edocemur</strong></span> <span class='ocrx_word' id='word_1_421' title='bbox 2889 2789 3058 2859; x_wconf 76' lang='lat' dir='ltr'><strong>leges.</strong></span> <span class='ocrx_word' id='word_1_422' title='bbox 3094 2785 3328 2840; x_wconf 83' lang='lat' dir='ltr'><strong>Ductiles</strong></span> <span class='ocrx_word' id='word_1_423' title='bbox 3356 2791 3540 2838; x_wconf 86' lang='lat' dir='ltr'><strong>autem</strong></span> 
     </span>
    </p>
   </div>
   <div class='ocr_carea' id='block_1_59' title="bbox 1965 2875 3539 2962">
    <p class='ocr_par' dir='ltr' id='par_1_59' title="bbox 1965 2875 3539 2962">
     <span class='ocr_line' id='line_1_59' title="bbox 1965 2875 3539 2962; baseline -0.017 -10"><span class='ocrx_word' id='word_1_424' title='bbox 1965 2897 2138 2962; x_wconf 84' lang='lat' dir='ltr'><strong>tubas,</strong></span> <span class='ocrx_word' id='word_1_425' title='bbox 2173 2907 2356 2950; x_wconf 69' lang='lat' dir='ltr'><strong>teneas</strong></span> <span class='ocrx_word' id='word_1_426' title='bbox 2401 2889 2535 2946; x_wconf 89' lang='lat' dir='ltr'><strong>dicit</strong></span> <span class='ocrx_word' id='word_1_427' title='bbox 2565 2905 2578 2942; x_wconf 93' lang='lat'><strong>:</strong></span> <span class='ocrx_word' id='word_1_428' title='bbox 2621 2884 2773 2939; x_wconf 84' lang='lat' dir='ltr'><strong>tubas</strong></span> <span class='ocrx_word' id='word_1_429' title='bbox 2808 2896 2936 2936; x_wconf 83' lang='lat' dir='ltr'><strong>vero</strong></span> <span class='ocrx_word' id='word_1_430' title='bbox 2969 2894 3210 2944; x_wconf 79' lang='lat' dir='ltr'><strong>corneus,</strong></span> <span class='ocrx_word' id='word_1_431' title='bbox 3251 2892 3316 2930; x_wconf 82' lang='lat' dir='ltr'><strong>ex</strong></span> <span class='ocrx_word' id='word_1_432' title='bbox 3352 2875 3539 2930; x_wconf 90' lang='lat' dir='ltr'><strong>corni-</strong></span> 
     </span>
    </p>
   </div>
   <div class='ocr_carea' id='block_1_60' title="bbox 283 2963 1860 3050">
    <p class='ocr_par' dir='ltr' id='par_1_60' title="bbox 283 2976 1853 3049">
     <span class='ocr_line' id='line_1_60' title="bbox 283 2976 1853 3049; baseline -0.001 -18"><span class='ocrx_word' id='word_1_433' title='bbox 283 2977 492 3048; x_wconf 77' lang='grc' dir='ltr'><strong>χαλκᾶς</strong></span> <span class='ocrx_word' id='word_1_434' title='bbox 516 2976 662 3046; x_wconf 82' lang='grc' dir='ltr'><strong>λέγει</strong></span> <span class='ocrx_word' id='word_1_435' title='bbox 697 2979 742 3010; x_wconf 82' lang='grc'>⁶⁶</span> <span class='ocrx_word' id='word_1_436' title='bbox 761 2995 774 3008; x_wconf 81' lang='grc'><em>’</em></span> <span class='ocrx_word' id='word_1_437' title='bbox 801 2979 1122 3047; x_wconf 76' lang='grc' dir='ltr'><strong>κερατίνας</strong></span> <span class='ocrx_word' id='word_1_438' title='bbox 1145 2978 1224 3044; x_wconf 78' lang='grc' dir='ltr'><strong>δὲ,</strong></span> <span class='ocrx_word' id='word_1_439' title='bbox 1267 2979 1366 3041; x_wconf 79' lang='grc' dir='ltr'><strong>τὰς</strong></span> <span class='ocrx_word' id='word_1_440' title='bbox 1397 2980 1462 3030; x_wconf 86' lang='grc' dir='ltr'><strong>ἐκ</strong></span> <span class='ocrx_word' id='word_1_441' title='bbox 1494 2979 1742 3049; x_wconf 79' lang='grc' dir='ltr'><strong>κεράτων</strong></span> <span class='ocrx_word' id='word_1_442' title='bbox 1770 2995 1853 3046; x_wconf 82' lang='grc' dir='ltr'><strong>γε·</strong></span> 
     </span>
    </p>
   </div>
   <div class='ocr_carea' id='block_1_61' title="bbox 1966 2963 3541 3050">
    <p class='ocr_par' dir='ltr' id='par_1_61' title="bbox 1966 2963 3541 3042">
     <span class='ocr_line' id='line_1_61' title="bbox 1966 2963 3541 3042; baseline -0.017 1"><span class='ocrx_word' id='word_1_443' title='bbox 1966 2989 2068 3042; x_wconf 88' lang='lat' dir='ltr'><strong>bus</strong></span> <span class='ocrx_word' id='word_1_444' title='bbox 2109 2984 2309 3040; x_wconf 82' lang='lat' dir='ltr'><strong>factas.</strong></span> <span class='ocrx_word' id='word_1_445' title='bbox 2345 2979 2442 3036; x_wconf 86' lang='lat' dir='ltr'><strong>His</strong></span> <span class='ocrx_word' id='word_1_446' title='bbox 2475 2987 2656 3032; x_wconf 84' lang='lat' dir='ltr'><strong>autem</strong></span> <span class='ocrx_word' id='word_1_447' title='bbox 2708 2973 2786 3029; x_wconf 87' lang='lat' dir='ltr'><strong>uti</strong></span> <span class='ocrx_word' id='word_1_448' title='bbox 2830 2970 3004 3027; x_wconf 66' lang='lat' dir='ltr'><strong>Judazi</strong></span> <span class='ocrx_word' id='word_1_449' title='bbox 3053 2967 3320 3024; x_wconf 83' lang='lat' dir='ltr'><strong>solebant.</strong></span> <span class='ocrx_word' id='word_1_450' title='bbox 3367 2963 3541 3020; x_wconf 63' lang='lat' dir='ltr'><strong>Caste-</strong></span> 
     </span>
    </p>
   </div>
   <div class='ocr_carea' id='block_1_62' title="bbox 280 3067 1850 3141">
    <p class='ocr_par' dir='ltr' id='par_1_62' title="bbox 280 3067 1850 3141">
     <span class='ocr_line' id='line_1_62' title="bbox 280 3067 1850 3141; baseline 0 -19"><span class='ocrx_word' id='word_1_451' title='bbox 280 3067 608 3140; x_wconf 82' lang='grc' dir='ltr'><strong>γενημένας.</strong></span> <span class='ocrx_word' id='word_1_452' title='bbox 658 3069 896 3135; x_wconf 85' lang='grc' dir='ltr'><strong>Ταύταις</strong></span> <span class='ocrx_word' id='word_1_453' title='bbox 941 3070 998 3122; x_wconf 77' lang='grc' dir='ltr'><strong>δὲ</strong></span> <span class='ocrx_word' id='word_1_454' title='bbox 1057 3069 1344 3134; x_wconf 82' lang='grc' dir='ltr'><strong>Ἰουδαίους</strong></span> <span class='ocrx_word' id='word_1_455' title='bbox 1385 3069 1626 3141; x_wconf 79' lang='grc' dir='ltr'><strong>χρῆσθαι</strong></span> <span class='ocrx_word' id='word_1_456' title='bbox 1655 3070 1699 3102; x_wconf 80' lang='grc'><strong>⁸⁷</strong></span> <span class='ocrx_word' id='word_1_457' title='bbox 1734 3069 1850 3123; x_wconf 73' lang='grc' dir='ltr'><strong>σύνο</strong></span> 
     </span>
    </p>
   </div>
   <div class='ocr_carea' id='block_1_63' title="bbox 281 3157 1862 3232">
    <p class='ocr_par' dir='ltr' id='par_1_63' title="bbox 281 3157 1862 3232">
     <span class='ocr_line' id='line_1_63' title="bbox 281 3157 1862 3232; baseline -0.001 -17"><span class='ocrx_word' id='word_1_458' title='bbox 281 3161 413 3232; x_wconf 87' lang='grc' dir='ltr'><strong>ηθες</strong></span> <span class='ocrx_word' id='word_1_459' title='bbox 440 3157 530 3232; x_wconf 78' lang='grc' dir='ltr'><strong>ἦν.</strong></span> <span class='ocrx_word' id='word_1_460' title='bbox 560 3160 698 3214; x_wconf 88' lang='grc' dir='ltr'><strong>Σκιά</strong></span> <span class='ocrx_word' id='word_1_461' title='bbox 724 3159 781 3212; x_wconf 79' lang='grc' dir='ltr'><strong>δὲ</strong></span> <span class='ocrx_word' id='word_1_462' title='bbox 802 3161 910 3212; x_wconf 84' lang='grc' dir='ltr'><strong>τῶν</strong></span> <span class='ocrx_word' id='word_1_463' title='bbox 943 3159 1229 3230; x_wconf 79' lang='grc' dir='ltr'><strong>ἡμετέρων</strong></span> <span class='ocrx_word' id='word_1_464' title='bbox 1259 3161 1392 3230; x_wconf 86' lang='grc' dir='ltr'><strong>παρ’</strong></span> <span class='ocrx_word' id='word_1_465' title='bbox 1422 3159 1652 3223; x_wconf 86' lang='grc' dir='ltr'><strong>ἐκείνοις</strong></span> <span class='ocrx_word' id='word_1_466' title='bbox 1677 3159 1862 3213; x_wconf 83' lang='grc' dir='ltr'><strong>ἐπολι-</strong></span> 
     </span>
    </p>
   </div>
   <div class='ocr_carea' id='block_1_64' title="bbox 280 3249 1860 3318">
    <p class='ocr_par' dir='ltr' id='par_1_64' title="bbox 280 3249 1860 3318">
     <span class='ocr_line' id='line_1_64' title="bbox 280 3249 1860 3318; baseline -0.002 -12"><span class='ocrx_word' id='word_1_467' title='bbox 280 3249 490 3306; x_wconf 82' lang='grc' dir='ltr'><strong>τεύετο.</strong></span> <span class='ocrx_word' id='word_1_468' title='bbox 543 3251 758 3318; x_wconf 82' lang='grc' dir='ltr'><strong>Ὥσπερ</strong></span> <span class='ocrx_word' id='word_1_469' title='bbox 807 3249 989 3303; x_wconf 83' lang='grc' dir='ltr'><strong>τοίνυν</strong></span> <span class='ocrx_word' id='word_1_470' title='bbox 1041 3251 1240 3303; x_wconf 79' lang='grc' dir='ltr'><strong>ἐκεῖνοι</strong></span> <span class='ocrx_word' id='word_1_471' title='bbox 1295 3249 1386 3302; x_wconf 77' lang='grc' dir='ltr'><strong>τὸν</strong></span> <span class='ocrx_word' id='word_1_472' title='bbox 1443 3249 1639 3318; x_wconf 80' lang='grc' dir='ltr'><strong>ἄλογον</strong></span> <span class='ocrx_word' id='word_1_473' title='bbox 1705 3249 1860 3304; x_wconf 75' lang='grc' dir='ltr'><strong>ἔθυον</strong></span> 
     </span>
    </p>
   </div>
   <div class='ocr_carea' id='block_1_65' title="bbox 282 3340 1859 3416">
    <p class='ocr_par' dir='ltr' id='par_1_65' title="bbox 282 3340 1859 3416">
     <span class='ocr_line' id='line_1_65' title="bbox 282 3340 1859 3416; baseline -0.003 -18"><span class='ocrx_word' id='word_1_474' title='bbox 282 3343 478 3414; x_wconf 82' lang='grc' dir='ltr'><strong>ἀμνὸν,</strong></span> <span class='ocrx_word' id='word_1_475' title='bbox 499 3345 658 3414; x_wconf 80' lang='grc' dir='ltr'><strong>ἡμεῖς</strong></span> <span class='ocrx_word' id='word_1_476' title='bbox 689 3343 749 3396; x_wconf 84' lang='grc' dir='ltr'><strong>δέ</strong></span> <span class='ocrx_word' id='word_1_477' title='bbox 774 3341 868 3395; x_wconf 76' lang='grc' dir='ltr'><strong>τὸν</strong></span> <span class='ocrx_word' id='word_1_478' title='bbox 897 3343 1184 3413; x_wconf 87' lang='grc' dir='ltr'><strong>σωτήριον,</strong></span> <span class='ocrx_word' id='word_1_479' title='bbox 1211 3340 1280 3416; x_wconf 80' lang='grc'><strong>[⁸⁸</strong></span> <span class='ocrx_word' id='word_1_480' title='bbox 1307 3341 1399 3396; x_wconf 81' lang='grc' dir='ltr'><strong>τὸν</strong></span> <span class='ocrx_word' id='word_1_481' title='bbox 1429 3344 1492 3395; x_wconf 86' lang='grc' dir='ltr'><strong>ἐκ</strong></span> <span class='ocrx_word' id='word_1_482' title='bbox 1523 3340 1658 3396; x_wconf 84' lang='grc' dir='ltr'><strong>Θεοῦ</strong></span> <span class='ocrx_word' id='word_1_483' title='bbox 1679 3341 1859 3414; x_wconf 80' lang='grc' dir='ltr'><strong>Θεὸν,]</strong></span> 
     </span>
    </p>
   </div>
   <div class='ocr_carea' id='block_1_66' title="bbox 281 3432 1860 3507">
    <p class='ocr_par' dir='ltr' id='par_1_66' title="bbox 281 3432 1860 3507">
     <span class='ocr_line' id='line_1_66' title="bbox 281 3432 1860 3507; baseline 0 -19"><span class='ocrx_word' id='word_1_484' title='bbox 281 3434 374 3488; x_wconf 84' lang='grc' dir='ltr'><strong>τὸν</strong></span> <span class='ocrx_word' id='word_1_485' title='bbox 393 3434 618 3506; x_wconf 74' lang='grc' dir='ltr'><strong>αἴροντα</strong></span> <span class='ocrx_word' id='word_1_486' title='bbox 642 3433 742 3507; x_wconf 85' lang='grc' dir='ltr'><strong>τὴν</strong></span> <span class='ocrx_word' id='word_1_487' title='bbox 767 3433 1045 3504; x_wconf 80' lang='grc' dir='ltr'><strong>ἁμαρτίαν</strong></span> <span class='ocrx_word' id='word_1_488' title='bbox 1078 3433 1170 3486; x_wconf 88' lang='grc' dir='ltr'><strong>τοῦ</strong></span> <span class='ocrx_word' id='word_1_489' title='bbox 1200 3435 1405 3503; x_wconf 83' lang='grc' dir='ltr'><strong>κόσμου</strong></span> <span class='ocrx_word' id='word_1_490' title='bbox 1423 3432 1630 3498; x_wconf 74' lang='grc' dir='ltr'><strong>ὀὕτως</strong></span> <span class='ocrx_word' id='word_1_491' title='bbox 1658 3435 1860 3489; x_wconf 79' lang='grc' dir='ltr'><strong>ἐκεῖνοι</strong></span> 
     </span>
    </p>
   </div>
   <div class='ocr_carea' id='block_1_67' title="bbox 281 3525 1862 3597">
    <p class='ocr_par' dir='ltr' id='par_1_67' title="bbox 281 3525 1862 3597">
     <span class='ocr_line' id='line_1_67' title="bbox 281 3525 1862 3597; baseline -0.001 -17"><span class='ocrx_word' id='word_1_492' title='bbox 281 3527 402 3590; x_wconf 88' lang='grc' dir='ltr'><strong>ταῖς</strong></span> <span class='ocrx_word' id='word_1_493' title='bbox 449 3525 680 3597; x_wconf 76' lang='grc' dir='ltr'><strong>ἀψύχοις</strong></span> <span class='ocrx_word' id='word_1_494' title='bbox 725 3526 1021 3596; x_wconf 75' lang='grc' dir='ltr'><strong>ἐκέχρηντο</strong></span> <span class='ocrx_word' id='word_1_495' title='bbox 1065 3525 1373 3594; x_wconf 76' lang='grc' dir='ltr'><strong>σάλπιγξιν,</strong></span> <span class='ocrx_word' id='word_1_496' title='bbox 1419 3529 1584 3597; x_wconf 75' lang='grc' dir='ltr'><strong>ἡμεῖς</strong></span> <span class='ocrx_word' id='word_1_497' title='bbox 1633 3527 1692 3581; x_wconf 81' lang='grc' dir='ltr'><strong>δὲ</strong></span> <span class='ocrx_word' id='word_1_498' title='bbox 1739 3529 1862 3591; x_wconf 86' lang='grc' dir='ltr'><strong>ταῖς</strong></span> 
     </span>
    </p>
   </div>
   <div class='ocr_carea' id='block_1_68' title="bbox 281 3615 1859 3688">
    <p class='ocr_par' dir='ltr' id='par_1_68' title="bbox 281 3615 1859 3688">
     <span class='ocr_line' id='line_1_68' title="bbox 281 3615 1859 3688; baseline 0.001 -20"><span class='ocrx_word' id='word_1_499' title='bbox 281 3617 548 3688; x_wconf 75' lang='grc' dir='ltr'><strong>ἐμψύχοις</strong></span> <span class='ocrx_word' id='word_1_500' title='bbox 593 3618 689 3670; x_wconf 76' lang='grc' dir='ltr'><strong>καὶ</strong></span> <span class='ocrx_word' id='word_1_501' title='bbox 732 3616 998 3684; x_wconf 81' lang='grc' dir='ltr'><strong>λογικαῖς.</strong></span> <span class='ocrx_word' id='word_1_502' title='bbox 1051 3615 1365 3686; x_wconf 79' lang='grc' dir='ltr'><strong>Σάλπιγγες</strong></span> <span class='ocrx_word' id='word_1_503' title='bbox 1409 3618 1588 3671; x_wconf 77' lang='grc' dir='ltr'><strong>τοίνυν</strong></span> <span class='ocrx_word' id='word_1_504' title='bbox 1619 3617 1776 3688; x_wconf 81' lang='grc' dir='ltr'><strong>ἡμῶν</strong></span> <span class='ocrx_word' id='word_1_505' title='bbox 1809 3620 1859 3671; x_wconf 88' lang='grc' dir='ltr'><strong>οί</strong></span> 
     </span>
    </p>
   </div>
   <div class='ocr_carea' id='block_1_69' title="bbox 282 3705 1860 3779">
    <p class='ocr_par' dir='ltr' id='par_1_69' title="bbox 282 3705 1860 3779">
     <span class='ocr_line' id='line_1_69' title="bbox 282 3705 1860 3779; baseline 0.001 -19"><span class='ocrx_word' id='word_1_506' title='bbox 282 3707 418 3760; x_wconf 85' lang='grc' dir='ltr'><strong>θεῖοι</strong></span> <span class='ocrx_word' id='word_1_507' title='bbox 462 3705 774 3772; x_wconf 86' lang='grc' dir='ltr'><strong>ἀπόστολοι,</strong></span> <span class='ocrx_word' id='word_1_508' title='bbox 811 3706 904 3760; x_wconf 81' lang='grc' dir='ltr'><strong>καὶ</strong></span> <span class='ocrx_word' id='word_1_509' title='bbox 931 3708 982 3758; x_wconf 88' lang='grc' dir='ltr'><strong>οί</strong></span> <span class='ocrx_word' id='word_1_510' title='bbox 1013 3705 1294 3760; x_wconf 77' lang='grc' dir='ltr'><strong>θεσπέσιοι</strong></span> <span class='ocrx_word' id='word_1_511' title='bbox 1340 3709 1640 3779; x_wconf 77' lang='grc' dir='ltr'><strong>προφῆται,</strong></span> <span class='ocrx_word' id='word_1_512' title='bbox 1685 3709 1780 3761; x_wconf 78' lang='grc' dir='ltr'><strong>καὶ</strong></span> <span class='ocrx_word' id='word_1_513' title='bbox 1809 3709 1860 3762; x_wconf 81' lang='grc' dir='ltr'><strong>οι</strong></span> 
     </span>
    </p>
   </div>
   <div class='ocr_carea' id='block_1_70' title="bbox 286 3789 1862 3872">
    <p class='ocr_par' dir='ltr' id='par_1_70' title="bbox 286 3789 1862 3872">
     <span class='ocr_line' id='line_1_70' title="bbox 286 3789 1862 3872; baseline 0.001 -21"><span class='ocrx_word' id='word_1_514' title='bbox 286 3799 404 3870; x_wconf 86' lang='grc' dir='ltr'><strong>μετ’</strong></span> <span class='ocrx_word' id='word_1_515' title='bbox 429 3797 675 3862; x_wconf 87' lang='grc' dir='ltr'><strong>ἐκείνους</strong></span> <span class='ocrx_word' id='word_1_516' title='bbox 691 3797 787 3850; x_wconf 90' lang='grc' dir='ltr'><strong>τοῦ</strong></span> <span class='ocrx_word' id='word_1_517' title='bbox 807 3796 1188 3852; x_wconf 85' lang='grc' dir='ltr'><strong>διδασκαλικοῦ</strong></span> <span class='ocrx_word' id='word_1_518' title='bbox 1210 3800 1568 3870; x_wconf 79' lang='grc' dir='ltr'><strong>τετυχηκότες</strong></span> <span class='ocrx_word' id='word_1_519' title='bbox 1592 3789 1862 3872; x_wconf 83' lang='grc' dir='ltr'><strong>χαρίσμα-</strong></span> 
     </span>
    </p>
   </div>
   <div class='ocr_carea' id='block_1_71' title="bbox 280 3888 1852 3962">
    <p class='ocr_par' dir='ltr' id='par_1_71' title="bbox 280 3888 1852 3962">
     <span class='ocr_line' id='line_1_71' title="bbox 280 3888 1852 3962; baseline 0 -20"><span class='ocrx_word' id='word_1_520' title='bbox 280 3907 392 3953; x_wconf 91' lang='grc' dir='ltr'><strong>τος.</strong></span> <span class='ocrx_word' id='word_1_521' title='bbox 419 3909 438 3940; x_wconf 78' lang='grc' dir='ltr'><strong>ι</strong></span> <span class='ocrx_word' id='word_1_522' title='bbox 475 3888 802 3954; x_wconf 79' lang='grc' dir='ltr'><strong>’Δλαλάξατε</strong></span> <span class='ocrx_word' id='word_1_523' title='bbox 834 3889 1066 3942; x_wconf 84' lang='grc' dir='ltr'><strong>ἐνώπιον</strong></span> <span class='ocrx_word' id='word_1_524' title='bbox 1095 3889 1189 3942; x_wconf 91' lang='grc' dir='ltr'><strong>τοῦ</strong></span> <span class='ocrx_word' id='word_1_525' title='bbox 1221 3889 1486 3960; x_wconf 82' lang='grc' dir='ltr'><strong>βασιλέως</strong></span> <span class='ocrx_word' id='word_1_526' title='bbox 1514 3891 1724 3962; x_wconf 83' lang='grc' dir='ltr'><strong>Κυρίου</strong></span> <span class='ocrx_word' id='word_1_527' title='bbox 1755 3891 1852 3944; x_wconf 73' lang='grc'><strong>⁸⁸.)</strong></span> 
     </span>
    </p>
   </div>
   <div class='ocr_carea' id='block_1_72' title="bbox 283 3981 1857 4056">
    <p class='ocr_par' dir='ltr' id='par_1_72' title="bbox 283 3981 1857 4056">
     <span class='ocr_line' id='line_1_72' title="bbox 283 3981 1857 4056; baseline 0.001 -20"><span class='ocrx_word' id='word_1_528' title='bbox 283 3984 387 4036; x_wconf 84' lang='grc' dir='ltr'><strong>Τὸν</strong></span> <span class='ocrx_word' id='word_1_529' title='bbox 417 3983 461 4014; x_wconf 77' lang='grc' dir='ltr'><strong>⁷ο</strong></span> <span class='ocrx_word' id='word_1_530' title='bbox 485 3981 749 4036; x_wconf 83' lang='grc' dir='ltr'><strong>ἐπινίκιον</strong></span> <span class='ocrx_word' id='word_1_531' title='bbox 789 3981 961 4052; x_wconf 82' lang='grc' dir='ltr'><strong>ῦμνον</strong></span> <span class='ocrx_word' id='word_1_532' title='bbox 1003 3983 1408 4054; x_wconf 81' lang='grc' dir='ltr'><strong>προσενέγκατε</strong></span> <span class='ocrx_word' id='word_1_533' title='bbox 1453 3983 1531 4055; x_wconf 81' lang='grc' dir='ltr'><strong>τῷ</strong></span> <span class='ocrx_word' id='word_1_534' title='bbox 1576 3982 1784 4056; x_wconf 86' lang='grc' dir='ltr'><strong>βασιλεῖ</strong></span> <span class='ocrx_word' id='word_1_535' title='bbox 1813 3985 1857 4016; x_wconf 70' lang='grc' dir='ltr'><strong>τι</strong></span> 
     </span>
    </p>
   </div>
   <div class='ocr_carea' id='block_1_73' title="bbox 283 4073 959 4146">
    <p class='ocr_par' dir='ltr' id='par_1_73' title="bbox 283 4073 959 4146">
     <span class='ocr_line' id='line_1_73' title="bbox 283 4073 959 4146; baseline 0.001 -18"><span class='ocrx_word' id='word_1_536' title='bbox 283 4076 376 4128; x_wconf 75' lang='grc' dir='ltr'><strong>καὶ</strong></span> <span class='ocrx_word' id='word_1_537' title='bbox 405 4073 639 4146; x_wconf 78' lang='grc' dir='ltr'><strong>δεσπότῃ</strong></span> <span class='ocrx_word' id='word_1_538' title='bbox 665 4073 774 4128; x_wconf 81' lang='grc' dir='ltr'><strong>τῶν</strong></span> <span class='ocrx_word' id='word_1_539' title='bbox 804 4073 959 4129; x_wconf 82' lang='grc' dir='ltr'><strong>ὅλων.</strong></span> 
     </span>
    </p>
   </div>
   <div class='ocr_carea' id='block_1_74' title="bbox 353 4165 1858 4238">
    <p class='ocr_par' dir='ltr' id='par_1_74' title="bbox 353 4165 1858 4238">
     <span class='ocr_line' id='line_1_74' title="bbox 353 4165 1858 4238; baseline -0.001 -17"><span class='ocrx_word' id='word_1_540' title='bbox 353 4165 416 4233; x_wconf 81' lang='grc' dir='ltr'><strong>ζ’.</strong></span> <span class='ocrx_word' id='word_1_541' title='bbox 454 4185 474 4218; x_wconf 87' lang='grc' dir='ltr'><strong>ι</strong></span> <span class='ocrx_word' id='word_1_542' title='bbox 509 4165 832 4238; x_wconf 85' lang='grc' dir='ltr'><strong>Σαλευθήτω</strong></span> <span class='ocrx_word' id='word_1_543' title='bbox 873 4167 905 4237; x_wconf 84' lang='grc' dir='ltr'><strong>ἡ</strong></span> <span class='ocrx_word' id='word_1_544' title='bbox 937 4165 1205 4230; x_wconf 86' lang='grc' dir='ltr'><strong>θάλασσα,</strong></span> <span class='ocrx_word' id='word_1_545' title='bbox 1237 4165 1418 4219; x_wconf 75' lang='grc' dir='ltr'><strong>καὶτὸ</strong></span> <span class='ocrx_word' id='word_1_546' title='bbox 1450 4165 1726 4238; x_wconf 86' lang='grc' dir='ltr'><strong>πλήρωμα</strong></span> <span class='ocrx_word' id='word_1_547' title='bbox 1756 4167 1858 4221; x_wconf 84' lang='grc' dir='ltr'><strong>αύ-</strong></span> 
     </span>
    </p>
   </div>
   <div class='ocr_carea' id='block_1_75' title="bbox 281 4253 1858 4324">
    <p class='ocr_par' dir='ltr' id='par_1_75' title="bbox 281 4253 1858 4324">
     <span class='ocr_line' id='line_1_75' title="bbox 281 4253 1858 4324; baseline 0.003 -18"><span class='ocrx_word' id='word_1_548' title='bbox 281 4253 403 4324; x_wconf 83' lang='grc' dir='ltr'><strong>τῆς,</strong></span> <span class='ocrx_word' id='word_1_549' title='bbox 435 4255 466 4324; x_wconf 83' lang='grc' dir='ltr'><strong>ὴ</strong></span> <span class='ocrx_word' id='word_1_550' title='bbox 497 4253 814 4324; x_wconf 68' lang='grc' dir='ltr'><strong>οἰκουμένη,</strong></span> <span class='ocrx_word' id='word_1_551' title='bbox 843 4255 936 4306; x_wconf 82' lang='grc' dir='ltr'><strong>καὶ</strong></span> <span class='ocrx_word' id='word_1_552' title='bbox 971 4255 1178 4318; x_wconf 72' lang='grc' dir='ltr'><strong>πάντες</strong></span> <span class='ocrx_word' id='word_1_553' title='bbox 1211 4255 1256 4288; x_wconf 85' lang='grc'><strong>¹³</strong></span> <span class='ocrx_word' id='word_1_554' title='bbox 1287 4257 1336 4308; x_wconf 79' lang='lat' dir='ltr'><strong>oi</strong></span> <span class='ocrx_word' id='word_1_555' title='bbox 1369 4255 1753 4321; x_wconf 86' lang='grc' dir='ltr'><strong>κατοικοῦντες</strong></span> <span class='ocrx_word' id='word_1_556' title='bbox 1800 4259 1858 4310; x_wconf 83' lang='grc' dir='ltr'><strong>ἐν</strong></span> 
     </span>
    </p>
   </div>
   <div class='ocr_carea' id='block_1_76' title="bbox 283 4326 1932 4414">
    <p class='ocr_par' dir='ltr' id='par_1_76' title="bbox 283 4326 1932 4414">
     <span class='ocr_line' id='line_1_76' title="bbox 283 4326 1932 4414; baseline 0.005 -21"><span class='ocrx_word' id='word_1_557' title='bbox 283 4344 440 4412; x_wconf 75' lang='grc' dir='ltr'><strong>αὐτῇ.</strong></span> <span class='ocrx_word' id='word_1_558' title='bbox 491 4361 507 4393; x_wconf 76' lang='grc' dir='ltr'><strong>ι</strong></span> <span class='ocrx_word' id='word_1_559' title='bbox 573 4343 632 4395; x_wconf 89' lang='grc' dir='ltr'><strong>Ὀ</strong></span> <span class='ocrx_word' id='word_1_560' title='bbox 678 4343 736 4396; x_wconf 83' lang='grc' dir='ltr'><strong>δὲ</strong></span> <span class='ocrx_word' id='word_1_561' title='bbox 785 4341 1080 4414; x_wconf 86' lang='grc' dir='ltr'><strong>Σύμμαχος</strong></span> <span class='ocrx_word' id='word_1_562' title='bbox 1125 4343 1332 4408; x_wconf 79' lang='grc' dir='ltr'><strong>οὕτως·</strong></span> <span class='ocrx_word' id='word_1_563' title='bbox 1385 4344 1623 4414; x_wconf 83' lang='grc' dir='ltr'><strong>Ἠχείτω</strong></span> <span class='ocrx_word' id='word_1_564' title='bbox 1666 4345 1706 4414; x_wconf 77' lang='grc' dir='ltr'><strong><em>ὴ</em></strong></span> <span class='ocrx_word' id='word_1_565' title='bbox 1753 4326 1932 4414; x_wconf 62' lang='grc' dir='ltr'><strong>θεία-ρ</strong></span> 
     </span>
    </p>
   </div>
   <div class='ocr_carea' id='block_1_77' title="bbox 279 4433 1853 4503">
    <p class='ocr_par' dir='ltr' id='par_1_77' title="bbox 279 4433 1853 4503">
     <span class='ocr_line' id='line_1_77' title="bbox 279 4433 1853 4503; baseline 0.001 -16"><span class='ocrx_word' id='word_1_566' title='bbox 279 4437 486 4488; x_wconf 83' lang='grc' dir='ltr'><strong>λασσα</strong></span> <span class='ocrx_word' id='word_1_567' title='bbox 519 4433 640 4486; x_wconf 81' lang='grc' dir='ltr'><strong>σὺν</strong></span> <span class='ocrx_word' id='word_1_568' title='bbox 670 4433 1018 4503; x_wconf 76' lang='grc' dir='ltr'><strong>πληρώματι</strong></span> <span class='ocrx_word' id='word_1_569' title='bbox 1043 4433 1233 4502; x_wconf 78' lang='grc' dir='ltr'><strong>αὐτῆς</strong></span> <span class='ocrx_word' id='word_1_570' title='bbox 1259 4450 1273 4465; x_wconf 89' lang='grc'><strong>·</strong></span> <span class='ocrx_word' id='word_1_571' title='bbox 1311 4435 1348 4503; x_wconf 76' lang='grc' dir='ltr'><strong><em>ἡ</em></strong></span> <span class='ocrx_word' id='word_1_572' title='bbox 1385 4435 1726 4503; x_wconf 73' lang='grc' dir='ltr'><strong>οἰκουμένη,</strong></span> <span class='ocrx_word' id='word_1_573' title='bbox 1754 4437 1853 4489; x_wconf 80' lang='grc' dir='ltr'><strong>καὶ</strong></span> 
     </span>
    </p>
   </div>
   <div class='ocr_carea' id='block_1_78' title="bbox 278 4526 1854 4598">
    <p class='ocr_par' dir='ltr' id='par_1_78' title="bbox 278 4526 1854 4598">
     <span class='ocr_line' id='line_1_78' title="bbox 278 4526 1854 4598; baseline -0.001 -17"><span class='ocrx_word' id='word_1_574' title='bbox 278 4529 332 4582; x_wconf 82' lang='grc' dir='ltr'><strong>οἱ</strong></span> <span class='ocrx_word' id='word_1_575' title='bbox 387 4526 814 4592; x_wconf 76' lang='grc' dir='ltr'><strong>κατοικοῦντες</strong></span> <span class='ocrx_word' id='word_1_576' title='bbox 857 4527 1071 4596; x_wconf 75' lang='grc' dir='ltr'><strong>αὐτήν.</strong></span> <span class='ocrx_word' id='word_1_577' title='bbox 1128 4526 1508 4598; x_wconf 76' lang='grc' dir='ltr'><strong>Διαφερόντως</strong></span> <span class='ocrx_word' id='word_1_578' title='bbox 1552 4527 1609 4579; x_wconf 84' lang='grc' dir='ltr'><strong>δέ</strong></span> <span class='ocrx_word' id='word_1_579' title='bbox 1639 4529 1700 4580; x_wconf 88' lang='grc' dir='ltr'><strong>ἐν</strong></span> <span class='ocrx_word' id='word_1_580' title='bbox 1731 4531 1854 4592; x_wconf 81' lang='grc' dir='ltr'><strong>ταῖς</strong></span> 
     </span>
    </p>
   </div>
   <div class='ocr_carea' id='block_1_79' title="bbox 279 4615 1851 4691">
    <p class='ocr_par' dir='ltr' id='par_1_79' title="bbox 279 4615 1851 4691">
     <span class='ocr_line' id='line_1_79' title="bbox 279 4615 1851 4691; baseline 0.002 -21"><span class='ocrx_word' id='word_1_581' title='bbox 279 4615 729 4690; x_wconf 83' lang='grc' dir='ltr'><strong>πολυανθρώποις</strong></span> <span class='ocrx_word' id='word_1_582' title='bbox 767 4617 984 4670; x_wconf 85' lang='grc' dir='ltr'><strong>πόλεσιν</strong></span> <span class='ocrx_word' id='word_1_583' title='bbox 1032 4616 1180 4670; x_wconf 77' lang='grc' dir='ltr'><strong>ἐστιν</strong></span> <span class='ocrx_word' id='word_1_584' title='bbox 1223 4617 1352 4670; x_wconf 86' lang='grc' dir='ltr'><strong>ίδεῖν</strong></span> <span class='ocrx_word' id='word_1_585' title='bbox 1381 4620 1480 4688; x_wconf 85' lang='grc' dir='ltr'><strong>τῆς</strong></span> <span class='ocrx_word' id='word_1_586' title='bbox 1512 4621 1851 4691; x_wconf 71' lang='grc' dir='ltr'><strong>προφητείας</strong></span> 
     </span>
    </p>
   </div>
   <div class='ocr_carea' id='block_1_80' title="bbox 276 4708 1851 4780">
    <p class='ocr_par' dir='ltr' id='par_1_80' title="bbox 276 4708 1851 4780">
     <span class='ocr_line' id='line_1_80' title="bbox 276 4708 1851 4780; baseline 0.002 -18"><span class='ocrx_word' id='word_1_587' title='bbox 276 4710 339 4763; x_wconf 66' lang='grc' dir='ltr'><strong>τὸ</strong></span> <span class='ocrx_word' id='word_1_588' title='bbox 363 4709 536 4774; x_wconf 79' lang='grc' dir='ltr'><strong>τέλος.</strong></span> <span class='ocrx_word' id='word_1_589' title='bbox 575 4709 858 4762; x_wconf 79' lang='grc' dir='ltr'><strong>Θάλατταν</strong></span> <span class='ocrx_word' id='word_1_590' title='bbox 897 4708 1008 4780; x_wconf 79' lang='grc' dir='ltr'><strong>γὰρ</strong></span> <span class='ocrx_word' id='word_1_591' title='bbox 1053 4709 1426 4778; x_wconf 78' lang='grc' dir='ltr'><strong>κυμαίνουσαν</strong></span> <span class='ocrx_word' id='word_1_592' title='bbox 1465 4709 1574 4762; x_wconf 86' lang='grc' dir='ltr'><strong>τῶν</strong></span> <span class='ocrx_word' id='word_1_593' title='bbox 1607 4711 1851 4766; x_wconf 74' lang='grc' dir='ltr'><strong>εὐσεϐῶν</strong></span> 
     </span>
    </p>
   </div>
   <div class='ocr_carea' id='block_1_81' title="bbox 277 4799 1852 4870">
    <p class='ocr_par' dir='ltr' id='par_1_81' title="bbox 277 4799 1852 4870">
     <span class='ocr_line' id='line_1_81' title="bbox 277 4799 1852 4870; baseline 0.003 -19"><span class='ocrx_word' id='word_1_594' title='bbox 277 4799 425 4853; x_wconf 82' lang='grc' dir='ltr'><strong>λαῶν</strong></span> <span class='ocrx_word' id='word_1_595' title='bbox 470 4801 528 4852; x_wconf 86' lang='grc' dir='ltr'><strong>ὲν</strong></span> <span class='ocrx_word' id='word_1_596' title='bbox 569 4802 689 4862; x_wconf 86' lang='grc' dir='ltr'><strong>ταῖς</strong></span> <span class='ocrx_word' id='word_1_597' title='bbox 719 4799 1039 4870; x_wconf 83' lang='grc' dir='ltr'><strong>ἐκκλησίαις</strong></span> <span class='ocrx_word' id='word_1_598' title='bbox 1085 4800 1334 4868; x_wconf 83' lang='grc' dir='ltr'><strong>μιμεῖται</strong></span> <span class='ocrx_word' id='word_1_599' title='bbox 1376 4799 1437 4851; x_wconf 71' lang='grc' dir='ltr'><strong>τὸ</strong></span> <span class='ocrx_word' id='word_1_600' title='bbox 1467 4799 1691 4870; x_wconf 83' lang='grc' dir='ltr'><strong>πλῆθος.</strong></span> <span class='ocrx_word' id='word_1_601' title='bbox 1727 4802 1852 4854; x_wconf 80' lang='grc' dir='ltr'><strong>Τοι-</strong></span> 
     </span>
    </p>
   </div>
   <div class='ocr_carea' id='block_1_82' title="bbox 285 4891 1853 4964">
    <p class='ocr_par' dir='ltr' id='par_1_82' title="bbox 285 4891 1853 4964">
     <span class='ocr_line' id='line_1_82' title="bbox 285 4891 1853 4964; baseline 0.004 -22"><span class='ocrx_word' id='word_1_602' title='bbox 285 4891 420 4963; x_wconf 81' lang='grc' dir='ltr'><strong>αύτη</strong></span> <span class='ocrx_word' id='word_1_603' title='bbox 460 4892 518 4946; x_wconf 73' lang='grc' dir='ltr'><strong>δὲ</strong></span> <span class='ocrx_word' id='word_1_604' title='bbox 565 4895 662 4947; x_wconf 81' lang='grc' dir='ltr'><strong>καὶ</strong></span> <span class='ocrx_word' id='word_1_605' title='bbox 691 4894 725 4964; x_wconf 87' lang='grc' dir='ltr'><strong>ἡ</strong></span> <span class='ocrx_word' id='word_1_606' title='bbox 752 4893 864 4947; x_wconf 83' lang='grc' dir='ltr'><strong>τῶν</strong></span> <span class='ocrx_word' id='word_1_607' title='bbox 893 4892 1204 4963; x_wconf 76' lang='grc' dir='ltr'><strong>ψαλλόντων</strong></span> <span class='ocrx_word' id='word_1_608' title='bbox 1245 4893 1375 4962; x_wconf 80' lang='grc' dir='ltr'><strong>ὴχή.</strong></span> <span class='ocrx_word' id='word_1_609' title='bbox 1425 4893 1581 4946; x_wconf 83' lang='grc' dir='ltr'><strong>Κατά</strong></span> <span class='ocrx_word' id='word_1_610' title='bbox 1625 4894 1682 4946; x_wconf 81' lang='grc' dir='ltr'><strong>δὲ</strong></span> <span class='ocrx_word' id='word_1_611' title='bbox 1723 4895 1853 4956; x_wconf 82' lang='grc' dir='ltr'><strong>τοὺς</strong></span> 
     </span>
    </p>
   </div>
   <div class='ocr_carea' id='block_1_83' title="bbox 353 5051 1342 5120">
    <p class='ocr_par' dir='ltr' id='par_1_83' title="bbox 353 5051 1342 5120">
     <span class='ocr_line' id='line_1_83' title="bbox 353 5051 1342 5120; baseline -0.005 -12"><span class='ocrx_word' id='word_1_612' title='bbox 353 5061 374 5084; x_wconf 92' lang='lat'><strong><em>°</em></strong></span> <span class='ocrx_word' id='word_1_613' title='bbox 404 5055 574 5110; x_wconf 78' lang='lat' dir='ltr'><strong>Amos</strong></span> <span class='ocrx_word' id='word_1_614' title='bbox 608 5069 658 5120; x_wconf 72' lang='grc' dir='ltr'><strong>ν,</strong></span> <span class='ocrx_word' id='word_1_615' title='bbox 703 5054 794 5110; x_wconf 76' lang='lat'><strong>‘23.</strong></span> <span class='ocrx_word' id='word_1_616' title='bbox 871 5064 898 5105; x_wconf 84' lang='lat' dir='ltr'><strong>P</strong></span> <span class='ocrx_word' id='word_1_617' title='bbox 929 5053 1120 5110; x_wconf 76' lang='lat' dir='ltr'><strong>Matth.</strong></span> <span class='ocrx_word' id='word_1_618' title='bbox 1172 5067 1246 5117; x_wconf 77' lang='lat' dir='ltr'><strong>VI,</strong></span> <span class='ocrx_word' id='word_1_619' title='bbox 1287 5051 1342 5104; x_wconf 74' lang='grc'><strong>2.</strong></span> 
     </span>
    </p>
   </div>
   <div class='ocr_carea' id='block_1_84' title="bbox 1963 3055 3542 3134">
    <p class='ocr_par' dir='ltr' id='par_1_84' title="bbox 1963 3055 3542 3134">
     <span class='ocr_line' id='line_1_84' title="bbox 1963 3055 3542 3134; baseline -0.015 0"><span class='ocrx_word' id='word_1_620' title='bbox 1963 3093 2084 3134; x_wconf 90' lang='lat' dir='ltr'><strong>rum</strong></span> <span class='ocrx_word' id='word_1_621' title='bbox 2119 3077 2316 3132; x_wconf 89' lang='lat' dir='ltr'><strong>umbra</strong></span> <span class='ocrx_word' id='word_1_622' title='bbox 2363 3080 2674 3127; x_wconf 90' lang='lat' dir='ltr'><strong>nostrarum</strong></span> <span class='ocrx_word' id='word_1_623' title='bbox 2711 3080 2896 3121; x_wconf 89' lang='lat' dir='ltr'><strong>rerum</strong></span> <span class='ocrx_word' id='word_1_624' title='bbox 2928 3063 3075 3134; x_wconf 80' lang='lat' dir='ltr'><strong>apud</strong></span> <span class='ocrx_word' id='word_1_625' title='bbox 3124 3061 3246 3116; x_wconf 91' lang='lat' dir='ltr'><strong>illos</strong></span> <span class='ocrx_word' id='word_1_626' title='bbox 3277 3067 3418 3114; x_wconf 84' lang='lat' dir='ltr'><strong>erat.</strong></span> <span class='ocrx_word' id='word_1_627' title='bbox 3467 3055 3542 3114; x_wconf 86' lang='lat' dir='ltr'><strong>Ut</strong></span> 
     </span>
    </p>
   </div>
   <div class='ocr_carea' id='block_1_85' title="bbox 1964 3148 3539 3242">
    <p class='ocr_par' dir='ltr' id='par_1_85' title="bbox 1964 3148 3539 3242">
     <span class='ocr_line' id='line_1_85' title="bbox 1964 3148 3539 3242; baseline -0.018 -15"><span class='ocrx_word' id='word_1_628' title='bbox 1964 3171 2134 3242; x_wconf 72' lang='lat' dir='ltr'><strong>igitur</strong></span> <span class='ocrx_word' id='word_1_629' title='bbox 2174 3167 2255 3222; x_wconf 91' lang='lat' dir='ltr'><strong>illi</strong></span> <span class='ocrx_word' id='word_1_630' title='bbox 2300 3178 2504 3236; x_wconf 81' lang='lat' dir='ltr'><strong>agnum</strong></span> <span class='ocrx_word' id='word_1_631' title='bbox 2551 3157 2782 3214; x_wconf 86' lang='lat' dir='ltr'><strong>rationis</strong></span> <span class='ocrx_word' id='word_1_632' title='bbox 2832 3164 3108 3224; x_wconf 78' lang='lat' dir='ltr'><strong>expertem</strong></span> <span class='ocrx_word' id='word_1_633' title='bbox 3156 3148 3539 3211; x_wconf 83' lang='lat' dir='ltr'><strong>immolabant,</strong></span> 
     </span>
    </p>
   </div>
   <div class='ocr_carea' id='block_1_86' title="bbox 1963 3243 3537 3324">
    <p class='ocr_par' dir='ltr' id='par_1_86' title="bbox 1963 3243 3537 3324">
     <span class='ocr_line' id='line_1_86' title="bbox 1963 3243 3537 3324; baseline -0.015 -5"><span class='ocrx_word' id='word_1_634' title='bbox 1963 3278 2067 3319; x_wconf 89' lang='lat' dir='ltr'><strong>nos</strong></span> <span class='ocrx_word' id='word_1_635' title='bbox 2097 3275 2228 3317; x_wconf 84' lang='lat' dir='ltr'><strong>vero</strong></span> <span class='ocrx_word' id='word_1_636' title='bbox 2258 3258 2558 3315; x_wconf 89' lang='lat' dir='ltr'><strong>salutarem</strong></span> <span class='ocrx_word' id='word_1_637' title='bbox 2595 3251 2788 3324; x_wconf 89' lang='lat' dir='ltr'><strong>[Deum</strong></span> <span class='ocrx_word' id='word_1_638' title='bbox 2825 3263 2889 3304; x_wconf 78' lang='lat' dir='ltr'><strong>ex</strong></span> <span class='ocrx_word' id='word_1_639' title='bbox 2924 3243 3082 3318; x_wconf 88' lang='lat' dir='ltr'><strong>Deo],</strong></span> <span class='ocrx_word' id='word_1_640' title='bbox 3115 3245 3208 3316; x_wconf 91' lang='lat' dir='ltr'><strong>qui</strong></span> <span class='ocrx_word' id='word_1_641' title='bbox 3243 3243 3386 3298; x_wconf 92' lang='lat' dir='ltr'><strong>tollit</strong></span> <span class='ocrx_word' id='word_1_642' title='bbox 3409 3256 3537 3310; x_wconf 77' lang='lat' dir='ltr'><strong>prc-</strong></span> 
     </span>
    </p>
   </div>
   <div class='ocr_carea' id='block_1_87' title="bbox 1961 3332 3536 3412">
    <p class='ocr_par' dir='ltr' id='par_1_87' title="bbox 1961 3332 3536 3412">
     <span class='ocr_line' id='line_1_87' title="bbox 1961 3332 3536 3412; baseline -0.016 0"><span class='ocrx_word' id='word_1_643' title='bbox 1961 3363 2084 3412; x_wconf 90' lang='lat' dir='ltr'><strong>cata</strong></span> <span class='ocrx_word' id='word_1_644' title='bbox 2119 3350 2310 3408; x_wconf 90' lang='lat' dir='ltr'><strong>mundi</strong></span> <span class='ocrx_word' id='word_1_645' title='bbox 2346 3365 2363 3404; x_wconf 86' lang='lat'>:</span> <span class='ocrx_word' id='word_1_646' title='bbox 2415 3347 2497 3402; x_wconf 90' lang='lat' dir='ltr'><strong>sie</strong></span> <span class='ocrx_word' id='word_1_647' title='bbox 2542 3345 2621 3398; x_wconf 89' lang='lat' dir='ltr'><strong>illi</strong></span> <span class='ocrx_word' id='word_1_648' title='bbox 2665 3341 2986 3398; x_wconf 85' lang='lat' dir='ltr'><strong>inanimatis</strong></span> <span class='ocrx_word' id='word_1_649' title='bbox 3034 3337 3330 3394; x_wconf 86' lang='lat' dir='ltr'><strong>utebantur</strong></span> <span class='ocrx_word' id='word_1_650' title='bbox 3367 3332 3536 3397; x_wconf 83' lang='lat' dir='ltr'><strong>tubis,</strong></span> 
     </span>
    </p>
   </div>
   <div class='ocr_carea' id='block_1_88' title="bbox 1963 3425 3536 3508">
    <p class='ocr_par' dir='ltr' id='par_1_88' title="bbox 1963 3425 3536 3508">
     <span class='ocr_line' id='line_1_88' title="bbox 1963 3425 3536 3508; baseline -0.017 -4"><span class='ocrx_word' id='word_1_651' title='bbox 1963 3463 2067 3503; x_wconf 89' lang='lat' dir='ltr'><strong>nos</strong></span> <span class='ocrx_word' id='word_1_652' title='bbox 2113 3459 2244 3500; x_wconf 82' lang='lat' dir='ltr'><strong>vero</strong></span> <span class='ocrx_word' id='word_1_653' title='bbox 2277 3441 2425 3496; x_wconf 87' lang='lat' dir='ltr'><strong>tubis</strong></span> <span class='ocrx_word' id='word_1_654' title='bbox 2493 3452 2617 3508; x_wconf 67' lang='lat' dir='ltr'><strong>qum</strong></span> <span class='ocrx_word' id='word_1_655' title='bbox 2647 3435 2890 3490; x_wconf 88' lang='lat' dir='ltr'><strong>animam</strong></span> <span class='ocrx_word' id='word_1_656' title='bbox 2923 3437 2980 3486; x_wconf 86' lang='lat' dir='ltr'><strong>et</strong></span> <span class='ocrx_word' id='word_1_657' title='bbox 3011 3429 3278 3485; x_wconf 89' lang='lat' dir='ltr'><strong>rationem</strong></span> <span class='ocrx_word' id='word_1_658' title='bbox 3310 3425 3536 3488; x_wconf 80' lang='lat' dir='ltr'><strong>habent,</strong></span> 
     </span>
    </p>
   </div>
   <div class='ocr_carea' id='block_1_89' title="bbox 1961 3515 3536 3601">
    <p class='ocr_par' dir='ltr' id='par_1_89' title="bbox 1961 3515 3536 3601">
     <span class='ocr_line' id='line_1_89' title="bbox 1961 3515 3536 3601; baseline -0.016 -7"><span class='ocrx_word' id='word_1_659' title='bbox 1961 3540 2186 3594; x_wconf 87' lang='lat' dir='ltr'><strong>utimur.</strong></span> <span class='ocrx_word' id='word_1_660' title='bbox 2235 3531 2448 3588; x_wconf 76' lang='lat' dir='ltr'><strong>Nostrae</strong></span> <span class='ocrx_word' id='word_1_661' title='bbox 2485 3529 2652 3601; x_wconf 81' lang='lat' dir='ltr'><strong>igitur</strong></span> <span class='ocrx_word' id='word_1_662' title='bbox 2683 3527 2828 3582; x_wconf 71' lang='lat' dir='ltr'><strong>tuba:</strong></span> <span class='ocrx_word' id='word_1_663' title='bbox 2876 3531 3006 3580; x_wconf 88' lang='lat' dir='ltr'><strong>sunt</strong></span> <span class='ocrx_word' id='word_1_664' title='bbox 3055 3519 3231 3576; x_wconf 87' lang='lat' dir='ltr'><strong>sancti</strong></span> <span class='ocrx_word' id='word_1_665' title='bbox 3277 3515 3536 3586; x_wconf 85' lang='lat' dir='ltr'><strong>apostoli,</strong></span> 
     </span>
    </p>
   </div>
   <div class='ocr_carea' id='block_1_90' title="bbox 1960 3609 3537 3694">
    <p class='ocr_par' dir='ltr' id='par_1_90' title="bbox 1960 3609 3537 3694">
     <span class='ocr_line' id='line_1_90' title="bbox 1960 3609 3537 3694; baseline -0.016 -8"><span class='ocrx_word' id='word_1_666' title='bbox 1960 3643 2014 3687; x_wconf 89' lang='lat' dir='ltr'><strong>et</strong></span> <span class='ocrx_word' id='word_1_667' title='bbox 2042 3627 2392 3686; x_wconf 88' lang='lat' dir='ltr'><strong>admirabiles</strong></span> <span class='ocrx_word' id='word_1_668' title='bbox 2421 3623 2720 3694; x_wconf 60' lang='lat' dir='ltr'><strong>prophetae,</strong></span> <span class='ocrx_word' id='word_1_669' title='bbox 2770 3628 2823 3675; x_wconf 87' lang='lat' dir='ltr'><strong>et</strong></span> <span class='ocrx_word' id='word_1_670' title='bbox 2867 3617 2904 3672; x_wconf 92' lang='lat' dir='ltr'><strong>ii</strong></span> <span class='ocrx_word' id='word_1_671' title='bbox 2967 3615 3060 3684; x_wconf 90' lang='lat' dir='ltr'><strong>qui</strong></span> <span class='ocrx_word' id='word_1_672' title='bbox 3105 3622 3226 3684; x_wconf 90' lang='lat' dir='ltr'><strong>post</strong></span> <span class='ocrx_word' id='word_1_673' title='bbox 3272 3611 3396 3664; x_wconf 86' lang='lat' dir='ltr'><strong>illos</strong></span> <span class='ocrx_word' id='word_1_674' title='bbox 3435 3609 3537 3663; x_wconf 86' lang='lat' dir='ltr'><strong>do-</strong></span> 
     </span>
    </p>
   </div>
   <div class='ocr_carea' id='block_1_91' title="bbox 1961 3702 3536 3789">
    <p class='ocr_par' dir='ltr' id='par_1_91' title="bbox 1961 3702 3536 3789">
     <span class='ocr_line' id='line_1_91' title="bbox 1961 3702 3536 3789; baseline -0.016 -13"><span class='ocrx_word' id='word_1_675' title='bbox 1961 3718 2118 3776; x_wconf 88' lang='lat' dir='ltr'><strong>cendi</strong></span> <span class='ocrx_word' id='word_1_676' title='bbox 2151 3717 2378 3789; x_wconf 78' lang='lat' dir='ltr'><strong>gratiam</strong></span> <span class='ocrx_word' id='word_1_677' title='bbox 2410 3711 2590 3769; x_wconf 90' lang='lat' dir='ltr'><strong>sortiti</strong></span> <span class='ocrx_word' id='word_1_678' title='bbox 2642 3717 2792 3766; x_wconf 87' lang='lat' dir='ltr'><strong>sunt.</strong></span> <span class='ocrx_word' id='word_1_679' title='bbox 2847 3725 2867 3759; x_wconf 82' lang='grc' dir='ltr'><strong>ι</strong></span> <span class='ocrx_word' id='word_1_680' title='bbox 2896 3704 3131 3760; x_wconf 84' lang='lat' dir='ltr'><strong>anilate</strong></span> <span class='ocrx_word' id='word_1_681' title='bbox 3156 3702 3210 3756; x_wconf 91' lang='lat' dir='ltr'><strong>in</strong></span> <span class='ocrx_word' id='word_1_682' title='bbox 3241 3705 3536 3776; x_wconf 81' lang='lat' dir='ltr'><strong>conspectu</strong></span> 
     </span>
    </p>
   </div>
   <div class='ocr_carea' id='block_1_92' title="bbox 1963 3787 3536 3884">
    <p class='ocr_par' dir='ltr' id='par_1_92' title="bbox 1963 3787 3536 3884">
     <span class='ocr_line' id='line_1_92' title="bbox 1963 3787 3536 3884; baseline -0.017 -17"><span class='ocrx_word' id='word_1_683' title='bbox 1963 3811 2105 3884; x_wconf 78' lang='lat' dir='ltr'><strong>regis</strong></span> <span class='ocrx_word' id='word_1_684' title='bbox 2133 3787 2368 3861; x_wconf 64' lang='lat' dir='ltr'><strong>llomini.</strong></span> <span class='ocrx_word' id='word_1_685' title='bbox 2405 3823 2426 3858; x_wconf 74' lang='grc' dir='ltr'><strong>ι</strong></span> <span class='ocrx_word' id='word_1_686' title='bbox 2457 3801 2868 3872; x_wconf 86' lang='lat' dir='ltr'><strong>&#39;l‘riumphalem</strong></span> <span class='ocrx_word' id='word_1_687' title='bbox 2894 3797 3081 3854; x_wconf 68' lang='lat' dir='ltr'><strong>offerte</strong></span> <span class='ocrx_word' id='word_1_688' title='bbox 3103 3795 3363 3866; x_wconf 87' lang='lat' dir='ltr'><strong>hymnum</strong></span> <span class='ocrx_word' id='word_1_689' title='bbox 3399 3787 3536 3860; x_wconf 76' lang='lat' dir='ltr'><strong>regi.</strong></span> 
     </span>
    </p>
   </div>
   <div class='ocr_carea' id='block_1_93' title="bbox 1959 3895 2706 3962">
    <p class='ocr_par' dir='ltr' id='par_1_93' title="bbox 1959 3895 2706 3962">
     <span class='ocr_line' id='line_1_93' title="bbox 1959 3895 2706 3962; baseline -0.019 0"><span class='ocrx_word' id='word_1_690' title='bbox 1959 3913 2014 3962; x_wconf 91' lang='lat' dir='ltr'><strong>et</strong></span> <span class='ocrx_word' id='word_1_691' title='bbox 2045 3901 2428 3959; x_wconf 79' lang='lat' dir='ltr'><strong>universorum</strong></span> <span class='ocrx_word' id='word_1_692' title='bbox 2453 3895 2706 3952; x_wconf 89' lang='lat' dir='ltr'><strong>Domino.</strong></span> 
     </span>
    </p>
   </div>
   <div class='ocr_carea' id='block_1_94' title="bbox 2042 4139 3536 4219">
    <p class='ocr_par' dir='ltr' id='par_1_94' title="bbox 2042 4139 3536 4219">
     <span class='ocr_line' id='line_1_94' title="bbox 2042 4139 3536 4219; baseline -0.017 0"><span class='ocrx_word' id='word_1_693' title='bbox 2042 4163 2203 4219; x_wconf 76' lang='lat' dir='ltr'><strong>Vens.</strong></span> <span class='ocrx_word' id='word_1_694' title='bbox 2241 4161 2296 4214; x_wconf 85' lang='lat'><strong>&#39;7.</strong></span> <span class='ocrx_word' id='word_1_695' title='bbox 2342 4175 2362 4210; x_wconf 80' lang='grc' dir='ltr'><strong>ι</strong></span> <span class='ocrx_word' id='word_1_696' title='bbox 2399 4155 2826 4212; x_wconf 74' lang='lat' dir='ltr'><strong>Commoveatur</strong></span> <span class='ocrx_word' id='word_1_697' title='bbox 2883 4159 3072 4214; x_wconf 83' lang='lat' dir='ltr'><strong>mare,</strong></span> <span class='ocrx_word' id='word_1_698' title='bbox 3145 4149 3204 4200; x_wconf 85' lang='lat' dir='ltr'><strong>et</strong></span> <span class='ocrx_word' id='word_1_699' title='bbox 3253 4139 3536 4212; x_wconf 86' lang='lat' dir='ltr'><strong>plenitudo</strong></span> 
     </span>
    </p>
   </div>
   <div class='ocr_carea' id='block_1_95' title="bbox 1959 4231 3536 4332">
    <p class='ocr_par' dir='ltr' id='par_1_95' title="bbox 1959 4231 3536 4332">
     <span class='ocr_line' id='line_1_95' title="bbox 1959 4231 3536 4332; baseline -0.02 -17"><span class='ocrx_word' id='word_1_700' title='bbox 1959 4259 2104 4332; x_wconf 84' lang='lat' dir='ltr'><strong>ejus,</strong></span> <span class='ocrx_word' id='word_1_701' title='bbox 2147 4253 2300 4310; x_wconf 83' lang='lat' dir='ltr'><strong>orbis</strong></span> <span class='ocrx_word' id='word_1_702' title='bbox 2341 4261 2640 4310; x_wconf 87' lang='lat' dir='ltr'><strong>terrarum,</strong></span> <span class='ocrx_word' id='word_1_703' title='bbox 2684 4253 2739 4298; x_wconf 88' lang='lat' dir='ltr'><strong>et</strong></span> <span class='ocrx_word' id='word_1_704' title='bbox 2768 4239 3014 4297; x_wconf 81' lang='lat' dir='ltr'><strong>universi</strong></span> <span class='ocrx_word' id='word_1_705' title='bbox 3067 4235 3164 4307; x_wconf 87' lang='lat' dir='ltr'><strong>qui</strong></span> <span class='ocrx_word' id='word_1_706' title='bbox 3199 4233 3448 4289; x_wconf 85' lang='lat' dir='ltr'><strong>habitant</strong></span> <span class='ocrx_word' id='word_1_707' title='bbox 3478 4231 3536 4283; x_wconf 87' lang='lat' dir='ltr'><strong>in</strong></span> 
     </span>
    </p>
   </div>
   <div class='ocr_carea' id='block_1_96' title="bbox 1961 4329 3536 4416">
    <p class='ocr_par' dir='ltr' id='par_1_96' title="bbox 1961 4329 3536 4416">
     <span class='ocr_line' id='line_1_96' title="bbox 1961 4329 3536 4416; baseline -0.021 -12"><span class='ocrx_word' id='word_1_708' title='bbox 1961 4329 2048 4406; x_wconf 80' lang='lat' dir='ltr'><strong>eo.</strong></span> <span class='ocrx_word' id='word_1_709' title='bbox 2077 4349 2110 4399; x_wconf 72' lang='grc' dir='ltr'><strong>ἰ</strong></span> <span class='ocrx_word' id='word_1_710' title='bbox 2154 4339 2520 4416; x_wconf 83' lang='lat' dir='ltr'><strong>Symmachus</strong></span> <span class='ocrx_word' id='word_1_711' title='bbox 2565 4343 2748 4391; x_wconf 87' lang='lat' dir='ltr'><strong>autem</strong></span> <span class='ocrx_word' id='word_1_712' title='bbox 2794 4331 2874 4387; x_wconf 90' lang='lat' dir='ltr'><strong>sic</strong></span> <span class='ocrx_word' id='word_1_713' title='bbox 2902 4345 2918 4385; x_wconf 90' lang='lat'><strong>:</strong></span> <span class='ocrx_word' id='word_1_714' title='bbox 2949 4329 3175 4384; x_wconf 81' lang='lat' dir='ltr'><strong>Resonet</strong></span> <span class='ocrx_word' id='word_1_715' title='bbox 3221 4337 3365 4376; x_wconf 81' lang='lat' dir='ltr'><strong>mare</strong></span> <span class='ocrx_word' id='word_1_716' title='bbox 3413 4333 3536 4374; x_wconf 80' lang='lat' dir='ltr'><strong>cum</strong></span> 
     </span>
    </p>
   </div>
   <div class='ocr_carea' id='block_1_97' title="bbox 1959 4413 3538 4514">
    <p class='ocr_par' dir='ltr' id='par_1_97' title="bbox 1959 4413 3538 4514">
     <span class='ocr_line' id='line_1_97' title="bbox 1959 4413 3538 4514; baseline -0.024 -15"><span class='ocrx_word' id='word_1_717' title='bbox 1959 4413 2287 4514; x_wconf 73' lang='lat' dir='ltr'><strong>plenitudine</strong></span> <span class='ocrx_word' id='word_1_718' title='bbox 2311 4433 2506 4504; x_wconf 85' lang='lat' dir='ltr'><strong>ipsius,</strong></span> <span class='ocrx_word' id='word_1_719' title='bbox 2551 4427 2694 4482; x_wconf 84' lang='lat' dir='ltr'><strong>orbis</strong></span> <span class='ocrx_word' id='word_1_720' title='bbox 2739 4437 2912 4489; x_wconf 60' lang='lat' dir='ltr'><strong>terra,</strong></span> <span class='ocrx_word' id='word_1_721' title='bbox 2953 4431 3004 4475; x_wconf 77' lang='lat' dir='ltr'><strong>et</strong></span> <span class='ocrx_word' id='word_1_722' title='bbox 3045 4419 3136 4487; x_wconf 81' lang='lat' dir='ltr'><strong>qui</strong></span> <span class='ocrx_word' id='word_1_723' title='bbox 3171 4417 3346 4514; x_wconf 65' lang='lat' dir='ltr'><strong>ipsum</strong></span> <span class='ocrx_word' id='word_1_724' title='bbox 3388 4413 3538 4512; x_wconf 64' lang='lat' dir='ltr'><strong>inco-</strong></span> 
     </span>
    </p>
   </div>
   <div class='ocr_carea' id='block_1_98' title="bbox 1961 4499 3537 4584">
    <p class='ocr_par' dir='ltr' id='par_1_98' title="bbox 1961 4499 3537 4584">
     <span class='ocr_line' id='line_1_98' title="bbox 1961 4499 3537 4584; baseline -0.02 1"><span class='ocrx_word' id='word_1_725' title='bbox 1961 4499 2098 4584; x_wconf 63' lang='lat' dir='ltr'><strong>lunt.</strong></span> <span class='ocrx_word' id='word_1_726' title='bbox 2127 4499 2484 4581; x_wconf 79' lang='lat' dir='ltr'><strong>Potissimum</strong></span> <span class='ocrx_word' id='word_1_727' title='bbox 2514 4525 2694 4572; x_wconf 88' lang='lat' dir='ltr'><strong>autem</strong></span> <span class='ocrx_word' id='word_1_728' title='bbox 2723 4515 2779 4569; x_wconf 90' lang='lat' dir='ltr'><strong>in</strong></span> <span class='ocrx_word' id='word_1_729' title='bbox 2809 4511 3038 4568; x_wconf 87' lang='lat' dir='ltr'><strong>urbibus</strong></span> <span class='ocrx_word' id='word_1_730' title='bbox 3070 4499 3537 4576; x_wconf 79' lang='lat' dir='ltr'><strong>frequentissimis</strong></span> 
     </span>
    </p>
   </div>
   <div class='ocr_carea' id='block_1_99' title="bbox 1959 4591 3538 4682">
    <p class='ocr_par' dir='ltr' id='par_1_99' title="bbox 1959 4591 3538 4682">
     <span class='ocr_line' id='line_1_99' title="bbox 1959 4591 3538 4682; baseline -0.023 0"><span class='ocrx_word' id='word_1_731' title='bbox 1959 4622 2276 4682; x_wconf 84' lang='lat' dir='ltr'><strong>hominibus</strong></span> <span class='ocrx_word' id='word_1_732' title='bbox 2297 4609 2710 4671; x_wconf 78' lang='lat' dir='ltr'><strong>vaticinationis</strong></span> <span class='ocrx_word' id='word_1_733' title='bbox 2731 4615 2984 4662; x_wconf 79' lang='lat' dir='ltr'><strong>eventum</strong></span> <span class='ocrx_word' id='word_1_734' title='bbox 3011 4599 3196 4656; x_wconf 73' lang='lat' dir='ltr'><strong>ridere</strong></span> <span class='ocrx_word' id='word_1_735' title='bbox 3222 4597 3366 4650; x_wconf 90' lang='lat' dir='ltr'><strong>licet.</strong></span> <span class='ocrx_word' id='word_1_736' title='bbox 3391 4591 3538 4682; x_wconf 67' lang='lat' dir='ltr'><strong>hiare</strong></span> 
     </span>
    </p>
   </div>
   <div class='ocr_carea' id='block_1_100' title="bbox 1959 4681 3536 4771">
    <p class='ocr_par' dir='ltr' id='par_1_100' title="bbox 1959 4681 3536 4771">
     <span class='ocr_line' id='line_1_100' title="bbox 1959 4681 3536 4771; baseline -0.022 -1"><span class='ocrx_word' id='word_1_737' title='bbox 1959 4681 2104 4771; x_wconf 88' lang='lat' dir='ltr'><strong>enim</strong></span> <span class='ocrx_word' id='word_1_738' title='bbox 2138 4709 2408 4764; x_wconf 80' lang='lat' dir='ltr'><strong>ﬂuctuans</strong></span> <span class='ocrx_word' id='word_1_739' title='bbox 2441 4701 2658 4770; x_wconf 88' lang='lat' dir='ltr'><strong>piorum</strong></span> <span class='ocrx_word' id='word_1_740' title='bbox 2689 4695 3015 4766; x_wconf 86' lang='lat' dir='ltr'><strong>populorum</strong></span> <span class='ocrx_word' id='word_1_741' title='bbox 3052 4690 3108 4744; x_wconf 89' lang='lat' dir='ltr'><strong>in</strong></span> <span class='ocrx_word' id='word_1_742' title='bbox 3149 4683 3400 4742; x_wconf 87' lang='lat' dir='ltr'><strong>ecclesiis</strong></span> <span class='ocrx_word' id='word_1_743' title='bbox 3428 4681 3536 4736; x_wconf 82' lang='lat' dir='ltr'><strong>fre-</strong></span> 
     </span>
    </p>
   </div>
   <div class='ocr_carea' id='block_1_101' title="bbox 1959 4777 3538 4876">
    <p class='ocr_par' dir='ltr' id='par_1_101' title="bbox 1959 4777 3538 4876">
     <span class='ocr_line' id='line_1_101' title="bbox 1959 4777 3538 4876; baseline -0.02 -17"><span class='ocrx_word' id='word_1_744' title='bbox 1959 4803 2184 4876; x_wconf 87' lang='lat' dir='ltr'><strong>quentia</strong></span> <span class='ocrx_word' id='word_1_745' title='bbox 2218 4800 2484 4853; x_wconf 89' lang='lat' dir='ltr'><strong>imitatur.</strong></span> <span class='ocrx_word' id='word_1_746' title='bbox 2519 4793 2668 4846; x_wconf 85' lang='lat' dir='ltr'><strong>Talis</strong></span> <span class='ocrx_word' id='word_1_747' title='bbox 2696 4793 3034 4860; x_wconf 75' lang='lat' dir='ltr'><strong>quoquecst</strong></span> <span class='ocrx_word' id='word_1_748' title='bbox 3066 4777 3414 4852; x_wconf 87' lang='lat' dir='ltr'><strong>psallentium</strong></span> <span class='ocrx_word' id='word_1_749' title='bbox 3448 4787 3538 4829; x_wconf 63' lang='lat' dir='ltr'><strong>soo</strong></span> 
     </span>
    </p>
   </div>
   <div class='ocr_carea' id='block_1_102' title="bbox 1963 4877 3538 4962">
    <p class='ocr_par' dir='ltr' id='par_1_102' title="bbox 1963 4877 3538 4962">
     <span class='ocr_line' id='line_1_102' title="bbox 1963 4877 3538 4962; baseline -0.022 -9"><span class='ocrx_word' id='word_1_750' title='bbox 1963 4913 2086 4952; x_wconf 90' lang='lat' dir='ltr'><strong>nus.</strong></span> <span class='ocrx_word' id='word_1_751' title='bbox 2137 4889 2346 4962; x_wconf 81' lang='lat'><strong>1305</strong></span> <span class='ocrx_word' id='word_1_752' title='bbox 2391 4883 2703 4942; x_wconf 86' lang='lat' dir='ltr'><strong>Secundum</strong></span> <span class='ocrx_word' id='word_1_753' title='bbox 2751 4877 3107 4950; x_wconf 76' lang='lat' dir='ltr'><strong>Septuaginta</strong></span> <span class='ocrx_word' id='word_1_754' title='bbox 3155 4879 3376 4934; x_wconf 83' lang='lat' dir='ltr'><strong>autem,</strong></span> <span class='ocrx_word' id='word_1_755' title='bbox 3421 4881 3538 4922; x_wconf 83' lang='lat' dir='ltr'><strong>mo-</strong></span> 
     </span>
    </p>
   </div>
   <div class='ocr_carea' id='block_1_103' title="bbox 1373 5155 2428 5216">
    <p class='ocr_par' dir='ltr' id='par_1_103' title="bbox 1373 5155 2428 5216">
     <span class='ocr_line' id='line_1_103' title="bbox 1373 5155 2428 5216; baseline 0 -2"><span class='ocrx_word' id='word_1_756' title='bbox 1373 5157 1609 5214; x_wconf 63' lang='lat' dir='ltr'><strong>VARle</strong></span> <span class='ocrx_word' id='word_1_757' title='bbox 1649 5159 2033 5216; x_wconf 72' lang='lat' dir='ltr'><strong>LECTIONES</strong></span> <span class='ocrx_word' id='word_1_758' title='bbox 2067 5159 2155 5214; x_wconf 83' lang='lat' dir='ltr'><strong>ET</strong></span> <span class='ocrx_word' id='word_1_759' title='bbox 2190 5155 2428 5214; x_wconf 63' lang='lat' dir='ltr'><strong>NOTAE.</strong></span> 
     </span>
    </p>
   </div>
   <div class='ocr_carea' id='block_1_104' title="bbox 387 5277 1860 5366">
    <p class='ocr_par' dir='ltr' id='par_1_104' title="bbox 387 5294 1860 5366">
     <span class='ocr_line' id='line_1_104' title="bbox 387 5294 1860 5366; baseline -0.002 -16"><span class='ocrx_word' id='word_1_760' title='bbox 387 5297 434 5331; x_wconf 83' lang='grc'>⁸⁷</span> <span class='ocrx_word' id='word_1_761' title='bbox 493 5296 734 5366; x_wconf 77' lang='grc' dir='ltr'><strong>Καιρόν.</strong></span> <span class='ocrx_word' id='word_1_762' title='bbox 789 5295 910 5353; x_wconf 90' lang='lat' dir='ltr'><strong>cod.</strong></span> <span class='ocrx_word' id='word_1_763' title='bbox 965 5297 990 5350; x_wconf 90' lang='grc'><strong>1</strong></span> <span class='ocrx_word' id='word_1_764' title='bbox 1041 5296 1228 5366; x_wconf 80' lang='grc' dir='ltr'><strong>ὕμνον.</strong></span> <span class='ocrx_word' id='word_1_765' title='bbox 1303 5295 1351 5328; x_wconf 80' lang='grc'>⁸⁸</span> <span class='ocrx_word' id='word_1_766' title='bbox 1406 5294 1546 5361; x_wconf 84' lang='grc' dir='ltr'><strong>Θεῷ.</strong></span> <span class='ocrx_word' id='word_1_767' title='bbox 1597 5295 1720 5348; x_wconf 84' lang='lat' dir='ltr'><strong>cod.</strong></span> <span class='ocrx_word' id='word_1_768' title='bbox 1766 5295 1791 5348; x_wconf 86' lang='grc'><strong>1</strong></span> <span class='ocrx_word' id='word_1_769' title='bbox 1840 5297 1860 5366; x_wconf 23' lang='grc' dir='ltr'><strong>*ζ</strong></span> 
     </span>
    </p>
   </div>
   <div class='ocr_carea' id='block_1_105' title="bbox 1966 5277 3532 5366">
    <p class='ocr_par' dir='ltr' id='par_1_105' title="bbox 1966 5277 3532 5366">
     <span class='ocr_line' id='line_1_105' title="bbox 1966 5277 3532 5366; baseline -0.008 -20"><span class='ocrx_word' id='word_1_770' title='bbox 1966 5293 2094 5366; x_wconf 71' lang='grc' dir='ltr'><strong>τῆρι.</strong></span> <span class='ocrx_word' id='word_1_771' title='bbox 2173 5293 2219 5366; x_wconf 79' lang='lat'><strong>&#39;_‘_&#39;</strong></span> <span class='ocrx_word' id='word_1_772' title='bbox 2279 5291 2473 5366; x_wconf 58' lang='grc' dir='ltr'><strong>Ὲνξ-</strong></span> <span class='ocrx_word' id='word_1_773' title='bbox 2501 5285 2752 5366; x_wconf 43' lang='grc' dir='ltr'><strong>κιθάρᾳ..</strong></span> <span class='ocrx_word' id='word_1_774' title='bbox 2778 5285 3058 5366; x_wconf 54' lang='grc' dir='ltr'><strong>[ξερειημτ</strong></span> <span class='ocrx_word' id='word_1_775' title='bbox 3121 5281 3207 5366; x_wconf 58' lang='lat' dir='ltr'><strong>irL</strong></span> <span class='ocrx_word' id='word_1_776' title='bbox 3236 5278 3358 5366; x_wconf 54' lang='lat' dir='ltr'><strong>cod.</strong></span> <span class='ocrx_word' id='word_1_777' title='bbox 3408 5277 3532 5366; x_wconf 56' lang='lat' dir='ltr'><strong>int</strong></span> 
     </span>
    </p>
   </div>
   <div class='ocr_carea' id='block_1_106' title="bbox 283 5367 1492 5424">
    <p class='ocr_par' dir='ltr' id='par_1_106' title="bbox 283 5367 1492 5424">
     <span class='ocr_line' id='line_1_106' title="bbox 283 5367 1492 5424; baseline -0.003 0"><span class='ocrx_word' id='word_1_778' title='bbox 283 5367 338 5424; x_wconf 88' lang='lat' dir='ltr'><strong>in</strong></span> <span class='ocrx_word' id='word_1_779' title='bbox 369 5377 515 5422; x_wconf 84' lang='lat' dir='ltr'><strong>textu</strong></span> <span class='ocrx_word' id='word_1_780' title='bbox 568 5367 758 5422; x_wconf 70' lang='lat' dir='ltr'><strong>Grazco</strong></span> <span class='ocrx_word' id='word_1_781' title='bbox 786 5367 893 5420; x_wconf 83' lang='grc' dir='ltr'><strong>τῶν</strong></span> <span class='ocrx_word' id='word_1_782' title='bbox 921 5371 996 5422; x_wconf 72' lang='grc' dir='ltr'><strong>υ.</strong></span> <span class='ocrx_word' id='word_1_783' title='bbox 1073 5369 1118 5400; x_wconf 79' lang='grc' dir='ltr'><strong>⁸ο</strong></span> <span class='ocrx_word' id='word_1_784' title='bbox 1151 5370 1274 5422; x_wconf 75' lang='grc' dir='ltr'><strong>Κιθ.</strong></span> <span class='ocrx_word' id='word_1_785' title='bbox 1304 5367 1424 5421; x_wconf 82' lang='lat' dir='ltr'><strong>cod.</strong></span> <span class='ocrx_word' id='word_1_786' title='bbox 1469 5367 1492 5420; x_wconf 97' lang='grc'><strong>1</strong></span> 
     </span>
    </p>
   </div>
   <div class='ocr_carea' id='block_1_107' title="bbox 283 5436 1806 5508">
    <p class='ocr_par' dir='ltr' id='par_1_107' title="bbox 283 5436 1806 5508">
     <span class='ocr_line' id='line_1_107' title="bbox 283 5436 1806 5508; baseline 0.001 -17"><span class='ocrx_word' id='word_1_787' title='bbox 283 5440 407 5492; x_wconf 75' lang='lat' dir='ltr'><strong>rml.</strong></span> <span class='ocrx_word' id='word_1_788' title='bbox 443 5439 465 5491; x_wconf 89' lang='grc'><strong>1</strong></span> <span class='ocrx_word' id='word_1_789' title='bbox 503 5437 801 5508; x_wconf 47' lang='grc' dir='ltr'><strong>στόματαη</strong></span> <span class='ocrx_word' id='word_1_790' title='bbox 850 5436 897 5468; x_wconf 76' lang='grc'>⁸³</span> <span class='ocrx_word' id='word_1_791' title='bbox 934 5440 1154 5506; x_wconf 77' lang='grc' dir='ltr'><strong>Εἰιαγτ.</strong></span> <span class='ocrx_word' id='word_1_792' title='bbox 1179 5438 1301 5508; x_wconf 75' lang='lat' dir='ltr'><strong>cod.</strong></span> <span class='ocrx_word' id='word_1_793' title='bbox 1333 5442 1356 5491; x_wconf 83' lang='grc'><strong>1</strong></span> <span class='ocrx_word' id='word_1_794' title='bbox 1399 5452 1588 5508; x_wconf 64' lang='lat' dir='ltr'><strong>prwm.</strong></span> <span class='ocrx_word' id='word_1_795' title='bbox 1622 5436 1806 5508; x_wconf 65' lang='grc' dir='ltr'><strong>ἱεροῖς.</strong></span> 
     </span>
    </p>
   </div>
   <div class='ocr_carea' id='block_1_108' title="bbox 1530 5363 2090 5435">
    <p class='ocr_par' dir='ltr' id='par_1_108' title="bbox 1530 5363 2090 5435">
     <span class='ocr_line' id='line_1_108' title="bbox 1530 5363 2090 5435; baseline -0.004 -17"><span class='ocrx_word' id='word_1_796' title='bbox 1530 5381 1718 5435; x_wconf 74' lang='lat' dir='ltr'><strong>prtem.</strong></span> <span class='ocrx_word' id='word_1_797' title='bbox 1772 5363 1867 5417; x_wconf 84' lang='grc' dir='ltr'><strong>τοῦ</strong></span> <span class='ocrx_word' id='word_1_798' title='bbox 1905 5363 2090 5417; x_wconf 77' lang='grc' dir='ltr'><strong>Δαϐίδ.</strong></span> 
     </span>
    </p>
   </div>
   <div class='ocr_carea' id='block_1_109' title="bbox 1883 5429 2886 5499">
    <p class='ocr_par' dir='ltr' id='par_1_109' title="bbox 1883 5429 2886 5499">
     <span class='ocr_line' id='line_1_109' title="bbox 1883 5429 2886 5499; baseline -0.007 -11"><span class='ocrx_word' id='word_1_799' title='bbox 1883 5440 1930 5473; x_wconf 76' lang='grc'><strong>⁸⁵</strong></span> <span class='ocrx_word' id='word_1_800' title='bbox 1965 5432 2166 5488; x_wconf 69' lang='grc' dir='ltr'><strong>Καλεῒ.</strong></span> <span class='ocrx_word' id='word_1_801' title='bbox 2203 5432 2326 5487; x_wconf 89' lang='lat' dir='ltr'><strong>cod.</strong></span> <span class='ocrx_word' id='word_1_802' title='bbox 2356 5431 2379 5484; x_wconf 89' lang='grc'><strong>1</strong></span> <span class='ocrx_word' id='word_1_803' title='bbox 2409 5432 2576 5499; x_wconf 75' lang='grc' dir='ltr'><strong>λέγει.</strong></span> <span class='ocrx_word' id='word_1_804' title='bbox 2657 5429 2701 5460; x_wconf 72' lang='grc'>⁸³</span> <span class='ocrx_word' id='word_1_805' title='bbox 2735 5430 2886 5498; x_wconf 62' lang='lat' dir='ltr'><strong>Fers</strong></span> 
     </span>
    </p>
   </div>
   <div class='ocr_carea' id='block_1_110' title="bbox 2811 5349 3531 5426">
    <p class='ocr_par' dir='ltr' id='par_1_110' title="bbox 2811 5349 3531 5426">
     <span class='ocr_line' id='line_1_110' title="bbox 2811 5349 3531 5426; baseline -0.01 -16"><span class='ocrx_word' id='word_1_806' title='bbox 2811 5349 3086 5426; x_wconf 72' lang='grc' dir='ltr'><strong>λατρείας.</strong></span> <span class='ocrx_word' id='word_1_807' title='bbox 3156 5353 3208 5426; x_wconf 31' lang='grc'><strong>,⁸⁸</strong></span> <span class='ocrx_word' id='word_1_808' title='bbox 3263 5349 3531 5426; x_wconf 36' lang='grc' dir='ltr'><strong>Σώμαζα..</strong></span> 
     </span>
    </p>
   </div>
   <div class='ocr_carea' id='block_1_111' title="bbox 2169 5358 2756 5428">
    <p class='ocr_par' dir='ltr' id='par_1_111' title="bbox 2169 5358 2756 5428">
     <span class='ocr_line' id='line_1_111' title="bbox 2169 5358 2756 5428; baseline -0.01 -10"><span class='ocrx_word' id='word_1_809' title='bbox 2169 5363 2212 5394; x_wconf 81' lang='grc'>⁶¹</span> <span class='ocrx_word' id='word_1_810' title='bbox 2241 5361 2518 5428; x_wconf 81' lang='grc' dir='ltr'><strong>Κιθάρας.</strong></span> <span class='ocrx_word' id='word_1_811' title='bbox 2564 5361 2687 5414; x_wconf 84' lang='lat' dir='ltr'><strong>cod.</strong></span> <span class='ocrx_word' id='word_1_812' title='bbox 2731 5358 2756 5412; x_wconf 86' lang='grc'><strong>1</strong></span> 
     </span>
    </p>
   </div>
   <div class='ocr_carea' id='block_1_112' title="bbox 2891 5417 3532 5490">
    <p class='ocr_par' dir='ltr' id='par_1_112' title="bbox 2891 5417 3532 5490">
     <span class='ocr_line' id='line_1_112' title="bbox 2891 5417 3532 5490; baseline -0.014 -11"><span class='ocrx_word' id='word_1_813' title='bbox 2891 5417 2943 5480; x_wconf 62' lang='grc' dir='ltr'><strong>ιλ.</strong></span> <span class='ocrx_word' id='word_1_814' title='bbox 2987 5417 3110 5479; x_wconf 87' lang='lat' dir='ltr'><strong>cod.</strong></span> <span class='ocrx_word' id='word_1_815' title='bbox 3140 5422 3177 5490; x_wconf 64' lang='grc'><strong>1</strong></span> <span class='ocrx_word' id='word_1_816' title='bbox 3205 5417 3390 5490; x_wconf 70' lang='lat' dir='ltr'><strong>praem.</strong></span> <span class='ocrx_word' id='word_1_817' title='bbox 3428 5417 3532 5490; x_wconf 80' lang='grc' dir='ltr'><strong>ύπδ</strong></span> 
     </span>
    </p>
   </div>
   <div class='ocr_carea' id='block_1_113' title="bbox 283 5489 1860 5576">
    <p class='ocr_par' dir='ltr' id='par_1_113' title="bbox 283 5489 1860 5576">
     <span class='ocr_line' id='line_1_113' title="bbox 283 5489 1860 5576; baseline -0.004 -15"><span class='ocrx_word' id='word_1_818' title='bbox 283 5509 376 5561; x_wconf 77' lang='grc' dir='ltr'><strong>τοῦ</strong></span> <span class='ocrx_word' id='word_1_819' title='bbox 413 5507 569 5560; x_wconf 70' lang='grc' dir='ltr'><strong>θεοῦ.</strong></span> <span class='ocrx_word' id='word_1_820' title='bbox 604 5489 614 5508; x_wconf 61' lang='grc'><em>’</em></span> <span class='ocrx_word' id='word_1_821' title='bbox 646 5507 690 5576; x_wconf 43' lang='grc' dir='ltr'><strong>ἐξ</strong></span> <span class='ocrx_word' id='word_1_822' title='bbox 723 5505 915 5574; x_wconf 82' lang='grc' dir='ltr'><strong>Λέγει.</strong></span> <span class='ocrx_word' id='word_1_823' title='bbox 955 5489 1130 5560; x_wconf 44' lang='lat' dir='ltr'><strong>cod”</strong></span> <span class='ocrx_word' id='word_1_824' title='bbox 1399 5489 1615 5560; x_wconf 10' lang='lat' dir='ltr'><strong>r6’rcod.</strong></span> <span class='ocrx_word' id='word_1_825' title='bbox 1654 5489 1689 5558; x_wconf 77' lang='grc' dir='ltr'><strong>ι’</strong></span> <span class='ocrx_word' id='word_1_826' title='bbox 1728 5489 1860 5576; x_wconf 42' lang='lat' dir='ltr'><strong>flaua</strong></span> 
     </span>
    </p>
   </div>
   <div class='ocr_carea' id='block_1_114' title="bbox 1966 5489 3534 5576">
    <p class='ocr_par' dir='ltr' id='par_1_114' title="bbox 1966 5489 3534 5576">
     <span class='ocr_line' id='line_1_114' title="bbox 1966 5489 3534 5576; baseline -0.011 -21"><span class='ocrx_word' id='word_1_827' title='bbox 1966 5521 2004 5566; x_wconf 73' lang='grc' dir='ltr'><strong>ις</strong></span> <span class='ocrx_word' id='word_1_828' title='bbox 2035 5502 2360 5576; x_wconf 67' lang='grc' dir='ltr'><strong>κεχρῆσθαι.</strong></span> <span class='ocrx_word' id='word_1_829' title='bbox 2437 5489 2554 5576; x_wconf 31' lang='grc' dir='ltr'><strong>ἦθ’-Ε</strong></span> <span class='ocrx_word' id='word_1_830' title='bbox 2596 5499 2718 5576; x_wconf 70' lang='lat' dir='ltr'><strong>cod.</strong></span> <span class='ocrx_word' id='word_1_831' title='bbox 2742 5499 2806 5576; x_wconf 61' lang='grc' dir='ltr'><strong>Ἰ.</strong></span> <span class='ocrx_word' id='word_1_832' title='bbox 2828 5489 2840 5498; x_wconf 86' lang='grc'><em>’</em></span> <span class='ocrx_word' id='word_1_833' title='bbox 2870 5497 2926 5576; x_wconf 54' lang='grc' dir='ltr'><strong>ξε</strong></span> <span class='ocrx_word' id='word_1_834' title='bbox 2955 5495 3075 5576; x_wconf 77' lang='lat' dir='ltr'><strong>cod.</strong></span> <span class='ocrx_word' id='word_1_835' title='bbox 3136 5489 3534 5576; x_wconf 38' lang='lat' dir='ltr'><strong>varient..ng</strong></span> 
     </span>
    </p>
   </div>
   <div class='ocr_carea' id='block_1_115' title="bbox 285 5557 3532 5647">
    <p class='ocr_par' dir='ltr' id='par_1_115' title="bbox 285 5557 3532 5647">
     <span class='ocr_line' id='line_1_115' title="bbox 285 5557 3532 5647; baseline -0.006 -16"><span class='ocrx_word' id='word_1_836' title='bbox 285 5579 492 5647; x_wconf 74' lang='grc' dir='ltr'><strong>Κυρίῳ.</strong></span> <span class='ocrx_word' id='word_1_837' title='bbox 569 5577 616 5610; x_wconf 80' lang='grc' dir='ltr'><strong>⁷ο</strong></span> <span class='ocrx_word' id='word_1_838' title='bbox 650 5575 784 5631; x_wconf 85' lang='grc' dir='ltr'><strong>Τόν.</strong></span> <span class='ocrx_word' id='word_1_839' title='bbox 813 5557 944 5630; x_wconf 64' lang='grc' dir='ltr'><strong>ἰὀΛ.</strong></span> <span class='ocrx_word' id='word_1_840' title='bbox 980 5577 1004 5631; x_wconf 88' lang='grc'><strong>1</strong></span> <span class='ocrx_word' id='word_1_841' title='bbox 1040 5557 1404 5647; x_wconf 61' lang='grc' dir='ltr'><strong>ρι·ωιιῖ.’λέγει</strong></span> <span class='ocrx_word' id='word_1_842' title='bbox 1437 5557 1514 5630; x_wconf 39' lang='grc' dir='ltr'><strong>δὲ’</strong></span> <span class='ocrx_word' id='word_1_843' title='bbox 1544 5557 1669 5628; x_wconf 39' lang='grc' dir='ltr'><strong>ὅτι(</strong></span> <span class='ocrx_word' id='word_1_844' title='bbox 1720 5575 1764 5647; x_wconf 56' lang='grc' dir='ltr'><strong>’ξ</strong></span> <span class='ocrx_word' id='word_1_845' title='bbox 1803 5557 2070 5628; x_wconf 68' lang='grc' dir='ltr'><strong>Βασιλεῖ.</strong></span> <span class='ocrx_word' id='word_1_846' title='bbox 2106 5557 2252 5628; x_wconf 37' lang='lat' dir='ltr'><strong>“eoid.</strong></span> <span class='ocrx_word' id='word_1_847' title='bbox 2307 5574 2328 5628; x_wconf 92' lang='grc'><strong>1</strong></span> <span class='ocrx_word' id='word_1_848' title='bbox 2402 5572 2526 5628; x_wconf 84' lang='lat' dir='ltr'><strong>add.</strong></span> <span class='ocrx_word' id='word_1_849' title='bbox 2583 5570 2694 5625; x_wconf 86' lang='grc' dir='ltr'><strong>τῶν</strong></span> <span class='ocrx_word' id='word_1_850' title='bbox 2739 5565 3154 5641; x_wconf 81' lang='grc' dir='ltr'><strong>βασιλευόντων.</strong></span> <span class='ocrx_word' id='word_1_851' title='bbox 3232 5559 3275 5594; x_wconf 79' lang='grc'>⁷³</span> <span class='ocrx_word' id='word_1_852' title='bbox 3305 5557 3532 5620; x_wconf 75' lang='grc' dir='ltr'><strong>Πάντες</strong></span> 
     </span>
    </p>
   </div>
   <div class='ocr_carea' id='block_1_116' title="bbox 287 5637 1887 5718">
    <p class='ocr_par' dir='ltr' id='par_1_116' title="bbox 287 5637 1887 5718">
     <span class='ocr_line' id='line_1_116' title="bbox 287 5637 1887 5718; baseline -0.002 -17"><span class='ocrx_word' id='word_1_853' title='bbox 287 5675 354 5688; x_wconf 89' lang='lat'><strong>-—-</strong></span> <span class='ocrx_word' id='word_1_854' title='bbox 375 5637 556 5718; x_wconf 70' lang='grc' dir='ltr'><strong>ἰιῦτῆ.</strong></span> <span class='ocrx_word' id='word_1_855' title='bbox 589 5647 720 5705; x_wconf 72' lang='lat' dir='ltr'><strong>lico.</strong></span> <span class='ocrx_word' id='word_1_856' title='bbox 757 5647 919 5702; x_wconf 81' lang='lat' dir='ltr'><strong>lectio</strong></span> <span class='ocrx_word' id='word_1_857' title='bbox 948 5649 998 5703; x_wconf 79' lang='grc' dir='ltr'><strong>ιι.</strong></span> <span class='ocrx_word' id='word_1_858' title='bbox 1035 5637 1070 5702; x_wconf 70' lang='grc'><strong>1.</strong></span> <span class='ocrx_word' id='word_1_859' title='bbox 1099 5657 1180 5703; x_wconf 78' lang='lat' dir='ltr'><strong>cst</strong></span> <span class='ocrx_word' id='word_1_860' title='bbox 1212 5649 1260 5701; x_wconf 72' lang='grc' dir='ltr'><strong>οἱ</strong></span> <span class='ocrx_word' id='word_1_861' title='bbox 1294 5637 1672 5711; x_wconf 78' lang='grc' dir='ltr'><strong>κατοικοῦντες</strong></span> <span class='ocrx_word' id='word_1_862' title='bbox 1699 5645 1887 5714; x_wconf 70' lang='grc' dir='ltr'><strong>αὐτὴν.</strong></span> 
     </span>
    </p>
   </div>
  </div>
