4006 6198
311 252 440 323 ΙθΊἹ

1690 250 1774 313 ΙΝ
1810 247 2017 311 PSAL.
2049 244 2146 310 CI.

3439 253 3578 318 1678

378 390 399 424 ι
433 370 557 426 Ὅτι
602 369 949 441 ἐπελαθόμην
998 369 1094 424 τοῦ
1152 368 1348 440 φαγεῖν
1394 369 1482 422 τὶν
1531 367 1699 438 ἄρτον
1754 382 1882 436 μου.

2066 379 2086 413 ι
2137 359 2274 428 Quia
2320 362 2521 419 oblitus
2576 379 2697 418 sunt
2770 365 3057 420 comedere
3119 381 3314 437 panem
3373 387 3579 429 meum.

306 460 410 537 [ςθ]
459 464 597 520 Ἀπὸ
665 464 852 534 φωνῆς
905 462 1000 516 τοῦ
1078 460 1390 534 στεναγμοῦ
1461 478 1564 532 μου
1615 456 1886 529 ἐκολλήθη

303 558 365 610 τὸ
385 554 583 611 ὀστοῦν
617 573 720 627 μου
750 546 818 627 τῇ
852 555 1019 626 σαρκί
1056 572 1181 627 μου.
1221 573 1239 605 ι
1275 553 1461 622 Πάσης
1496 551 1594 623 μὲν
1618 550 1727 620 γὰρ
1757 565 1885 618 τρο-

306 644 416 719 φῆς
441 643 805 720 ἅπεόαλόμην
830 646 1015 719 ὄρεξιν
1033 662 1048 679 ο
1081 647 1179 717 τῆς
1206 645 1264 700 δὲ
1287 643 1566 717 προτέρας
1587 639 1888 701 εὐπαθείας

308 740 592 806 παντελῶς
630 738 980 813 ὲγυμνώθην.
1012 739 1094 812 Τῇ
1123 740 1234 810 γὰρ
1272 738 1332 806 ἐξ
1361 736 1601 823 ἀθυμίας
1637 733 1888 804 τηκεδόνι

307 828 705 901 κατηναλὼθην
740 829 804 884 τὸ
841 831 1005 900 σῶμα
1019 828 1089 883 ⁸⁸.
1139 829 1371 901 Γυμνοῖς
1399 827 1455 881 δὲ
1488 829 1597 889 τοῖς
1645 826 1825 888 ὀστοῖς
1839 825 1888 856 ⁸⁵

306 919 596 992 ἐ-πίκειμαι
637 920 760 974 τδ⁸⁴
788 921 986 993 δέρμα.
1016 919 1085 992 [³⁷
1120 920 1319 991 ’Δρτος
1351 912 1446 973 οὖν
1478 917 1638 990 ἡμῶν
1665 917 1764 987 τὴς
1788 916 1891 986 ψυ-

308 1018 412 1087 χῆς
435 1019 463 1069 6
484 1014 581 1070 τοῦ
615 1013 753 1069 Θεοῦ
777 1013 937 1084 λόγος
957 1032 970 1046 ·
1007 1012 1199 1085 ὥσπερ
1225 1013 1336 1083 γὰρ
1364 1013 1392 1065 6
1419 1011 1611 1072 ἄποιος
1636 1007 1800 1080 ἄρτος
1828 1002 1890 1058 τὸ

311 1107 471 1178 σῶμα
499 1106 691 1178 τρέφει
719 1147 735 1173 ,
764 1103 937 1169 οὕτως
965 1108 995 1160 6
1023 1106 1083 1174 ἐξ
1113 1102 1343 1177 ούρανοῦ
1379 1102 1537 1171 λόγος
1563 1101 1664 1172 τὴν
1696 1098 1890 1152 οὐσίαν

308 1192 410 1268 τῆς
442 1198 650 1270 ψυχῆς.
701 1194 815 1255 Καὶ
855 1195 1049 1252 τοῦτον
1088 1201 1118 1252 6
1164 1197 1401 1267 Χριστὸς
1429 1194 1531 1266 τὴν
1578 1192 1891 1267 προσευχὴν

312 1290 648 1362 παραδιδοὺς
676 1289 832 1359 ἐλεγε
862 1292 976 1355 τοῖς
1000 1288 1343 1352 ἀποστόλοις,
1372 1307 1392 1340 ι
1416 1288 1521 1340 Τὸν
1546 1285 1712 1356 ἄρτον
1733 1282 1891 1355 ἡμῶν

306 1383 399 1438 τὸν
440 1380 722 1438 ἐπιούσιον
759 1383 849 1448 δός
890 1381 1025 1456 ἡμῖν
1079 1381 1342 1455 σήμερον.
1386 1401 1405 1435 ι
1448 1381 1544 1442 ’ος
1593 1379 1659 1433 ἂν
1709 1377 1893 1431 τοίνυν

306 1479 497 1533 τοῦτον
554 1481 753 1548 φαγεῖν
798 1477 1158 1549 ἐπιλάθηται,
1189 1476 1473 1530 τουτέστιν
1512 1472 1889 1546 ἐργάσασθαι·

308 1570 403 1625 τοῦ
433 1571 544 1643 γὰρ
577 1564 770 1641 νοητοῦ
801 1570 970 1643 ἄρτου
1003 1569 1209 1641 βρῶσιν
1248 1566 1480 1639 ἐργασία
1512 1566 1855 1634 καθέστηκεν
1876 1579 1889 1595 ·

308 1663 460 1735 δηλοῖ
480 1662 538 1718 δὲ
563 1656 623 1718 οὗ
648 1656 803 1716 εἶπεν
831 1660 941 1726 τοῖς
968 1657 1287 1724 ἀποστόλοις
1316 1660 1345 1713 6
1378 1658 1602 1730 Κύριος,
1641 1675 1659 1708 ι
1703 1655 1895 1725 Ἐργά-

310 1756 469 1822 ξεσθε
510 1756 586 1827 μὴ
634 1756 735 1826 τὴν
776 1754 982 1826 βρῶσιν
1026 1754 1128 1825 τὴν
1168 1751 1572 1821 ἀπολλυμένην,
1619 1748 1756 1803 ἀλλὰ
1792 1748 1892 1819 τὴν

313 1849 588 1917 μένουσαν
620 1847 702 1909 είς
736 1844 882 1916 ζωὴν
930 1844 1183 1899 αἰώνιονο
1220 1863 1239 1895 ι
1281 1842 1476 1895 τούτου
1505 1842 1539 1910 ἡ
1567 1839 1764 1912 καρδία
1810 1838 1891 1892 δί-

310 1957 416 2011 κην
449 1939 647 2009 χόρτου
682 1938 957 2009 πληγεῖσα
985 1935 1321 2007 ξηραίνεται.
1366 1933 1491 1997 Πῶς
1532 1932 1590 1985 δὲ
1631 1934 1660 1985 6
1698 1932 1893 2003 χόρτος

1990 452 2180 524 [Vens
2213 452 2292 526 6.]
2324 453 2370 509 A
2406 471 2540 510 voce
2597 457 2836 526 gemitus
2868 459 2972 512 mei
3013 460 3245 515 adhaesit
3289 478 3352 519 os
3397 480 3576 521 meum

1990 544 2141 597 carni
2173 560 2325 600 meae.
2361 565 2378 597 ι
2424 546 2911 621 Cujuslibet‘cnim
2951 551 3059 605 cibi
3095 558 3396 625 appetitum
3453 573 3577 628 per-

1989 636 2124 699 diali,
2152 637 2380 706 pristina
2411 652 2539 694 vero
2574 642 2714 695 bona
2742 646 2989 711 Corporis
3014 645 3336 702 habitudine
3359 653 3576 717 penitus

1990 728 2257 797 spoliatus
2312 746 2458 785 sunt.
2510 732 2757 800 Corpore
2810 738 2955 790 enim
2999 738 3284 797 confectus
3338 758 3459 799 sum
3511 763 3574 801 ex

1991 820 2131 883 tabe,
2176 836 2299 889 quae
2335 836 2367 876 θ
2418 822 2637 878 tristitia
2684 829 2908 882 evenit:
2957 824 3170 901 1317
3227 834 3388 890 nudis
3448 852 3579 891 vero

1991 911 2209 965 ossibus
2278 923 2459 966 cutem
2520 913 2815 971 habentem
2879 919 3073 975 habeo.
3145 920 3331 994 [Panis
3392 928 3611 998 itaque'

1992 1002 2191 1057 animae
2242 1015 2439 1059 nostr?
2469 1013 2554 1060 est
2583 1008 2806 1063 verbum
2850 1010 2963 1066 Dei.
3002 1012 3173 1071 Prout
3220 1020 3366 1073 enim
3421 1024 3578 1090 panis

1992 1094 2275 1163 qualitatis
2305 1111 2522 1167 expers.
2552 1115 2776 1169 corpus,
2808 1104 2890 1158 sic
2914 1121 3131 1175 quoque
3165 1110 3386 1164 verbum
3432 1115 3581 1182 quod

1991 1202 2023 1243 ο
2060 1188 2201 1245 οωΙο
2235 1198 2340 1250 est,
2392 1192 2630 1245 animam
2669 1194 2858 1249 nutrit.
2908 1197 2972 1250 Et
3019 1198 3108 1253 hic
3142 1210 3224 1255 est
3264 1205 3419 1271 panis
3464 1207 3575 1273 ille,

1992 1293 2155 1346 quem
2181 1277 2458 1345 Christus,
2487 1299 2612 1338 cum
2649 1287 2910 1353 apostolis
2960 1290 3071 1342 suis
3103 1293 3415 1347 ostenderet
3441 1313 3580 1364 qua-

1995 1372 2158 1424 modo
2180 1376 2514 1440 precandum
2546 1385 2710 1442 esset,
2740 1378 3029 1445 intellexit,
3058 1381 3245 1436 dicens
3276 1404 3288 1440 :
3328 1404 3345 1436 ι
3376 1384 3503 1439 Pan.
3528 1404 3577 1440 nt

1995 1470 2242 1518 nostrum
2279 1470 2656 1536 quotidianum
2697 1472 2765 1526 da
2820 1475 2977 1528 nobis
3023 1474 3205 1531 hodie.
3239 1498 3258 1529 ι
3315 1478 3579 1549 Quisquis

1996 1553 2178 1625 itaque
2200 1558 2546 1616 obliviscitur
2600 1564 2748 1620 hunc
2775 1567 3083 1632 comedere,
3119 1569 3222 1624 huc
3245 1580 3328 1625 est
3368 1572 3580 1640 opu-ari

1997 1645 2176 1716 (panis
2213 1651 2384 1717 enim,
2434 1654 2526 1723 qui
2569 1666 2749 1711 mente
2785 1659 3106 1728 percipitur,
3155 1665 3417 1718 comestio
3452 1680 3582 1734 ope-

1998 1740 2167 1793 rando
2198 1743 2499 1810 perti‘citnr,
2530 1746 2685 1815 juxta
2718 1748 2847 1805 illud
2880 1751 3025 1820 quod
3063 1754 3323 1822 apostolis
3351 1756 3465 1809 suis
3498 1758 3581 1811 di-

1996 1829 2072 1884 cit
2103 1831 2366 1888 Dominus
2403 1852 2415 1887 :
2456 1855 2476 1887 ι
2509 1837 2822 1907 Operamini
2857 1841 3062 1909 cibum,
3103 1858 3210 1897 non
3262 1856 3578 1914 pereuntem
3632 1840 3637 1845 ’

1996 1921 2094 1977 sed
2127 1939 2542 1992 permanentem
2565 1931 2618 1983 in
2637 1940 2958 1999 aeternum,»
2985 1935 3134 1992 illius
3164 1939 3447 1992 corinstar
3473 1942 3583 1995 leni

312 2033 611 2102 πλήττεται
634 2032 729 2085 καὶ
764 2029 1117 2102 ξηραίνεται;
1145 2029 1275 2082 ὅταν
1303 2026 1457 2090 ὑετὸς
1482 2025 1569 2078 ἐπ’
1597 2025 1760 2079 αὐτὸν
1791 2025 1892 2078 ἐπ-

2003 2027 2345 2080 percussum,
2377 2020 2597 2075 arescit.
2619 2020 2907 2087 Quomodo
2925 2034 3108 2079 autem
3132 2025 3314 2081 fenum
3338 2031 3583 2098 pereunti-

312 2123 737 2194 ανὴση.⁶ὀεπερ
764 2123 860 2176 καὶ
885 2123 920 2192 ἡ
950 2121 1174 2192 καρδία,
1200 2122 1329 2173 ὅταν
1361 2116 1543 2188 ἐνδείᾳ
1567 2118 1777 2190 νοσήσῃ
1797 2114 1893 2170 τοῦ

313 2217 503 2286 λόγου,
525 2216 648 2268 τότε
677 2214 976 2283 πλήττεται
1000 2214 1097 2266 καὶ
1119 2211 1438 2281 ξηραίνεται
1462 2249 1479 2273 ,
1505 2207 1666 2273 ἄνθος
1689 2205 1896 2279 ἀρετῆς

318 2307 625 2378 βλαστῆσαι
658 2306 760 2359 οόκ
794 2304 1079 2375 ἰσχύουσα.
1101 2301 1120 2375 ]

389 2395 547 2464 ζ’,η’.
586 2413 607 2447 ι
658 2393 967 2467 Ὠμοιώθην
1011 2394 1271 2447 πελεκᾶνι
1315 2388 1594 2463 ὲρημικῷ,
1629 2387 1899 2460 ἐγενήθην

315 2489 452 2543 ὡσεὶ
496 2484 831 2555 νυκτικόραξ
878 2487 936 2538 ἐν
976 2484 1322 2554 οἱκοπέδῳεδ.
1378 2478 1758 2555 Ἠγρὺπνησα,
1803 2481 1900 2535 καὶ

315 2578 587 2650 ἐγενόμην
637 2577 770 2641 dic“
831 2575 1116 2649 στρουθίον
1168 2576 1400 2646 μονάζον
1446 2574 1540 2628 ἐπὶ
1596 2572 1828 2644 δώματι.
1871 2591 1891 2625 ι

318 2671 553 2734 Πολλαῖς
606 2669 874 2741 κέχρηται
938 2666 1315 2741 παραὸολαῖς,
1360 2668 1529 2732 ἀξίως
1576 2666 1898 2737 βουλόμενος

320 2762 680 2833 παραστῆσαι
726 2760 827 2826 τὰς
882 2759 1208 2832 συμφοράς’
1260 2760 1329 2813 δι’
1376 2759 1615 2813 ἑκάστου
1679 2758 1737 2811 δὲ
1790 2755 1900 2810 τῶν

321 2853 630 2925 εἰρημένων
655 2851 885 2920 ὀρνίθων
912 2851 1011 2925 τὴν
1037 2852 1244 2907 δειλίαν
1272 2853 1445 2924 δηλοῖ,
1482 2853 1577 2907 καὶ
1603 2852 1700 2907 τοῦ
1741 2851 1902 2922 κηδε-

325 2943 486 3014 μόνος
533 2943 635 3014 τὴν
701 2943 941 3015 ἐρημίαν
968 2981 983 2996 .
1037 2943 1111 2996 Τό
1149 2960 1209 2996 τε
1263 2944 1374 3016 γὰρ
1434 2944 1760 3013 στρουθίον
1807 2943 1900 2996 ὑπ’

1999 2113 2085 2157 tur
2103 2114 2156 2160 et
2173 2110 2376 2165 arescit
2392 2109 2417 2163 ἲ
2433 2111 2479 2166 si
2497 2111 2678 2181 pluvia
2702 2129 2809 2168 non
2828 2117 3064 2185 amplius
3080 2130 3243 2187 super
3263 2119 3396 2173 illud
3416 2120 3580 2175 cadit.

1998 2194 2152 2252 Haud
2184 2200 2344 2255 aliter
2382 2218 2500 2266 cor,
2540 2204 2586 2258 si
2618 2208 2846 2274 penuria
2883 2209 3032 2263 verbi
3072 2210 3308 2275 laborat,
3345 2215 3585 2283 percuti-

1998 2297 2088 2341 tur
2113 2301 2168 2342 et
2193 2292 2412 2356 arescit,
2445 2304 2544 2348 nec
2573 2296 2763 2350 ﬂorem
2802 2299 3021 2355 virtutis
3047 2304 3351 2368 producere
3382 2306 3525 2359 valet
3557 2306 3579 2377 ]

2034 2412 2048 2440 ε
2073 2379 2240 2437 Vsus.
2278 2383 2332 2446 7,
2368 2384 2422 2438 8.
2459 2402 2478 2435 ι
2512 2384 2722 2442 Similis
2753 2390 2931 2445 laetus
2963 2407 3082 2446 sum
3123 2395 3370 2462 pelicano
3398 2397 3588 2451 solitu-

2000 2473 2165 2537 dinis,
2190 2472 2366 2529 factus
2393 2488 2515 2529 sum
2553 2477 2699 2532 sicut
2727 2479 3044 2551 nycticorax
3077 2483 3131 2537 in
3158 2485 3461 2539 domicilio.
3495 2485 3591 2541 Vi-

2001 2564 2186 2634 gilavi,
2240 2573 2297 2619 et
2347 2565 2524 2622 factus
2582 2583 2704 2623 sum
2772 2569 2917 2627 sicut
2968 2586 3158 2642 passer
3203 2576 3484 2631 solitarius
3532 2579 3587 2633 in

2005 2665 2167 2712 tecto.
2206 2680 2226 2709 ι
2250 2656 2434 2713 Multis
2463 2662 2634 2715 utitur
2657 2665 3186 2733 comparationibus,
3207 2670 3399 2725 volens
3428 2671 3590 2739 digne

2001 2745 2073 2801 ob
2095 2748 2285 2802 oculos
2310 2764 2514 2817 ponere
2536 2752 2901 2809 calamitates.
2948 2750 3054 2811 Per
3079 2759 3376 2827 quamlibet
3406 2772 3587 2817 autem

2003 2838 2197 2893 harum
2237 2841 2415 2894 avium
2450 2843 2702 2898 timorem
2753 2845 3119 2911 demonstrat,
3171 2860 3224 2903 et
3259 2854 3590 2920 protectoris

2003 2933 2312 3001 penuriam.
2360 2934 2814 3007 Quandoquidem
2865 2954 3051 3008 passer
3083 2942 3155 2996 ob
3207 2944 3587 3013 aegritudinem

320 3034 564 3103 ἀγωνίας
595 3033 875 3099 ἐξελαύνει
900 3034 995 3089 τὸν
1022 3034 1211 3100 ὕπνον,
1231 3036 1327 3089 καὶ
1353 3037 1382 3089 ὀ
1411 3036 1775 3104 νυκτικόραξ
1803 3035 1896 3099 τὰς

2003 3038 2256 3080 somnum
2287 3026 2481 3095 abigit,
2516 3037 2571 3083 et
2594 3032 2909 3101 uycticorax
2964 3032 3240 3090 habitatas
3274 3033 3471 3092 domos
3508 3038 3593 3092 fu-

321 3126 649 3198 οἰκουμένας
707 3125 928 3196 φεύγων
980 3126 1090 3181 τῶν
1117 3128 1326 3189 οἰκιῶν,
1373 3128 1497 3190 ταῖς
1540 3128 1768 3198 ἐρήμοις
1805 3127 1899 3179 καὶ

322 3217 852 3289 καταλελειμμέναις
895 3220 1245 3291 προστρέχει.
1313 3217 1393 3271 Τὰ
1433 3219 1542 3290 γὰρ
1590 3218 1896 3284 οἰκόπεδα,

319 3302 554 3377 ἐρείπια
575 3310 622 3344 ⁸ο
666 3312 697 3364 6
736 3309 1034 3381 Σύμμαχος
1070 3309 1296 3382 εἴρηκεν
1317 3327 1330 3342 °
1385 3309 1528 3364 οὕτω
1556 3311 1651 3364 κοιλ⁵
1680 3311 1740 3364 τὸ
1772 3310 1900 3364 ἄλλο

324 3398 513 3469 ὃρνεον
534 3399 656 3462 ταῖς
684 3399 916 3469 ἐρήμοις
942 3399 1295 3455 ἐνδιαιτᾶται.

396 3489 463 3543 θ’.
507 3505 526 3541 ι
576 3488 746 3558 Ὅλην
785 3489 885 3560 τὴν
929 3490 1146 3560 ἡμέραν
1195 3489 1471 3555 ὠνείδιζόν
1509 3507 1576 3560 με
1623 3491 1671 3543 οἱ
1715 3490 1901 3562 ἐχθροί

327 3599 452 3652 μου,
485 3582 582 3635 καὶ
614 3581 666 3632 oi
696 3578 1045 3643 ἐπαινοῦντές
1074 3598 1142 3653 με
1163 3580 1209 3614 ’⁸
1252 3582 1374 3637 κατ’
1416 3581 1552 3654 ἐμοῦ
1594 3580 1831 3652 ὤμνυον.
1878 3603 1895 3636 ι

325 3670 751 3739 Καταγέλαστος
779 3671 1052 3742 ἐγενόμην
1078 3672 1195 3735 τοῖς
1222 3671 1547 3743 δυσμενέσι·
1576 3673 1672 3727 καὶ
1695 3675 1722 3726 ὁ
1769 3674 1901 3726 ποτέ

326 3761 590 3833 ζηλωτὸς,
625 3763 719 3815 καὶ
765 3761 1150 3833 περίϐλεπτος,
1183 3763 1280 3818 νῦν
1328 3765 1493 3836 ὅρκος
1541 3766 1742 3835 γέγονα
1791 3766 1904 3829 τοῖς

323 3852 494 3906 πάλαι
524 3851 902 3923 θαυμάζουσι’
933 3855 1074 3907 κατὰ
1119 3855 1229 3926 γὰρ
1283 3855 1391 3909 τῶν
1449 3857 1599 3927 ἐμῶν
1641 3858 1902 3928 ὀμνύουσι

328 3943 662 4015 συμφορῶνο
703 3938 798 4016 Μὴ
837 3942 1068 4015 πάθοιμι
1084 3945 1130 3979 ⁹¹
1158 3944 1197 4001 ἃ,
1233 3949 1283 4000 οἱ
1321 3947 1493 4010 δεῖνες
1542 3949 1898 4003 πεπόνθασιν.

394 4132 446 4188 ι’,
482 4121 570 4179 ια’.
602 4144 620 4176 ι
665 4126 789 4180 ὐτι
813 4126 1007 4179 σποδὸν
1061 4118 1197 4181 ὡσεὶ
1229 4126 1396 4199 ἄρτον
1428 4128 1655 4198 ἔφαγον,
1700 4136 1793 4187 καὶ
1843 4133 1904 4187 τὸ

327 4218 483 4286 πόμα
513 4233 618 4286 μου
653 4215 794 4285 μετὰ
831 4216 1112 4288 κλαυθμοῦ
1174 4218 1406 4289 ἐκίρνων
1424 4221 1490 4274 ⁸³.
1551 4216 1683 4276 Ἀπὸ
1733 4241 1902 4295 προσ·

326 4305 478 4360 ὡπου
517 4308 616 4379 τῆς
643 4307 819 4379 ὀργῆς
860 4325 984 4374 σοι),
1011 4311 1106 4363 καὶ
1146 4310 1240 4364 τοῦ
1280 4311 1451 4380 θυμοῦ
1482 4331 1597 4370 σου.
1642 4335 1660 4366 ι
1717 4313 1901 4371 Ταῦτα

325 4399 419 4452 καὶ
448 4400 476 4451 ὀ
502 4398 550 4432 ⁸⁸
579 4406 620 4451 ο¹
674 4400 770 4453 καὶ
820 4397 864 4453 θ’
913 4402 1018 4469 ἔφη
1075 4401 1285 4472 ψαλμός
1306 4402 1371 4456 η.
1415 4421 1432 4455 ι
1468 4402 1718 4474 Ψωμιεῖς
1753 4407 1900 4477 ἡμᾶς

324 4491 490 4561 ἄρτον
518 4491 796 4561 δακρύων,
856 4493 952 4547 καί
1000 4495 1207 4556 ποτιεῖς
1254 4495 1402 4563 ἡμᾶς
1443 4495 1501 4547 ἐν
1537 4496 1798 4565 δάκρυσιν
1841 4500 1900 4550 ἐν

327 4584 529 4654 μέτρῳ.
581 4604 599 4633 ι
643 4585 755 4656 Τὴν
784 4585 958 4655 δέτῆς
1009 4584 1201 4654 ὀδύνης
1236 4586 1543 4658 ὑπερϐολὴν
1574 4583 1663 4640 διὰ
1696 4588 1901 4642 τούτων

323 4675 489 4743 ὁηλοῖ.
520 4674 583 4727 Et
617 4675 726 4745 γὰρ
760 4680 789 4732 6
835 4678 937 4747 τῆς
980 4675 1191 4746 τροφῆς
1223 4678 1414 4747 καιρὸς
1454 4677 1646 4747 ὀδύνης
1688 4679 1900 4749 ὑπῆρχε

327 4767 543 4835 μεστὸς,
603 4769 766 4839 σχολῇ
797 4785 859 4837 γε
909 4770 975 4822 ἂν
1004 4768 1163 4831 ἄλλος
1177 4770 1369 4839 καιρὸς
1390 4768 1592 4838 ταύτης
1618 4766 1904 4843 ἐλεύθερος

324 4851 412 4922 ἦν.
430 4857 652 4919 Τούτοις
665 4857 722 4910 δέ
738 4875 812 4929 φη
823 4876 874 4912 σι
891 4856 1193 4929 περικλύζο
1201 4875 1297 4928 μαι
1318 4860 1434 4921 τοῖς
1452 4861 1664 4922 κακοῖς.
1688 4859 1900 4930 ἐπειδὴ,

329 4943 597 5006 Δέσποτα.
617 4944 740 5000 κατ’
766 4948 904 5016 ἐμοῦ
928 4948 1232 5018 κεκίνηκας
1262 4949 1362 5019 τὴν
1378 4948 1569 5019 ὀργήν.
1597 4950 1753 5003 ι”Οτι
1818 4953 1907 5004 ἐπ-

328 5033 464 5102 άρας
484 5037 821 5106 κατέρραξάς
854 5040 998 5108 ps”.
1030 5059 1048 5092 ι
1087 5038 1323 5109 ’Υψηλὸν
1352 5038 1460 5112 γάρ
1487 5056 1553 5110 με
1585 5040 1784 5109 δείξας,
1812 5046 1908 5098 καὶ

400 5180 426 5208 ι
457 5169 598 5223 l’sal.
627 5185 812 5239 Lxxax,
843 5172 896 5226 6.

2000 3117 2175 3186 giens,
2209 3118 2454 3175 desertas
2488 3121 2892 3195 derelictasqne
2926 3125 3259 3197 frequentat.
3303 3127 3591 3187 Domit-ilia

2000 3208 2169 3271 enim,
2219 3210 2517 3278 parietinas
2568 3212 2935 3284 Symmachus
2976 3217 3138 3273 dixit.
3177 3217 3270 3273 Sic
3322 3221 3487 3275 etiam
3535 3233 3591 3275 et

2000 3300 2106 3355 alia
2130 3301 2249 3355 avis
2272 3300 2328 3355 in
2359 3302 2752 3359 solitudinibus
2790 3309 3060 3363 versatur.

2071 3475 2236 3531 Vens.
2267 3477 2320 3532 9.
2375 3497 2394 3530 ι
2449 3476 2589 3536 Toto
2632 3482 2721 3536 die
2753 3484 3157 3553 exprobrabant
3197 3487 3414 3560 1318
3456 3492 3587 3545 mihi

2001 3568 2206 3624 inimici
2248 3573 2376 3634 mei,
2404 3584 2459 3629 et
2487 3578 2582 3644 qui
2614 3576 2911 3632 laudabant
2945 3595 3052 3646 me,
3086 3581 3352 3636 adversus
3391 3600 3474 3638 mc
3500 3585 3590 3652 ju-

2000 3663 2218 3716 rabaul.
2263 3681 2282 3713 ι
2331 3662 2623 3720 Ridiculus
2671 3665 2851 3724 factus
2898 3684 3018 3723 sum
3075 3672 3349 3740 hostibus,
3389 3688 3444 3730 et
3492 3676 3589 3746 qui

2001 3752 2138 3808 alias
2171 3751 2300 3807 felix
2343 3766 2399 3811 et
2448 3755 2679 3814 illustris
2717 3773 2891 3828 eram,
2939 3760 3313 3831 juramentum
3346 3768 3366 3790 ⁶
3410 3766 3588 3827 factus

2000 3860 2124 3901 sum
2152 3845 2243 3910 iis,
2272 3846 2366 3918 qui
2391 3848 2520 3903 olim
2551 3866 2638 3905 me
2660 3851 3076 3908 admirabantur
3110 3871 3124 3908 :
3151 3856 3414 3914 adversus
3436 3876 3587 3918 meas

2000 3939 2146 3995 enim
2183 3942 2528 3997 calamitates
2562 3942 2775 4012 jurant,
2824 3943 2904 4001 Ne
2943 3948 3119 4014 patiar
3146 3965 3232 4017 ea,
3265 3967 3390 4023 quae
3424 3953 3499 4009 illi
3535 3966 3587 4011 et

2002 4032 2079 4088 illi
2113 4035 2359 4105 perpessi
2395 4044 2547 4090 sunt.

2072 4123 2238 4179 Vens.
2292 4124 2500 4192 10,Η.
2563 4144 2582 4177 ‹
2616 4126 2754 4193 Quia
2811 4127 3050 4184 cinerem
3087 4140 3344 4202 tanquam
3394 4148 3584 4200 panem

2003 4216 2421 4279 manducabam,
2459 4225 2514 4270 et
2550 4218 2807 4286 poculum
2838 4234 3020 4273 meum
3064 4236 3188 4275 cum
3224 4221 3350 4277 ﬂetu
3388 4227 3586 4279 misce-

2003 4309 2148 4364 bam.
2184 4310 2228 4361 Α
2260 4308 2400 4363 lacie
2422 4308 2515 4363 irae
2540 4318 2591 4364 et
2624 4309 3017 4379 indignationis
3052 4320 3173 4368 tute.
3217 4334 3234 4365 ι
3271 4315 3394 4370 Haec
3423 4320 3585 4373 etiam

2006 4400 2406 4469 septuagesimo
2428 4414 2570 4453 nouo
2589 4400 2801 4469 psalmo
2823 4399 2993 4455 dixit:
3019 4421 3037 4453 ι
3063 4400 3284 4458 Cibabis
3312 4419 3413 4460 nos
3447 4422 3588 4473 pane

2006 4492 2391 4561 lacrymarum,
2417 4502 2467 4546 et
2493 4491 2707 4560 potabis
2731 4507 2830 4547 nos
2850 4493 3104 4565 lacrymis
3132 4495 3183 4549 in
3212 4513 3465 4551 mrnsura
3492 4512 3539 4554 ε.
3564 4520 3580 4548 ι

2007 4578 2431 4655 Magnitudinem
2455 4598 2581 4637 vero
2598 4583 2804 4638 doloris
2828 4600 2921 4651 per
2943 4588 3054 4638 haec
3080 4588 3332 4642 ostendit.
3362 4590 3417 4642 Si
3439 4588 3583 4641 enim

2010 4674 2203 4730 edendi
2245 4684 2459 4744 tempus
2495 4674 2681 4728 dolore
2728 4673 2988 4728 refertum
3030 4684 3168 4740 erat,
3208 4685 3356 4730 tanto
3404 4680 3586 4734 minus

2008 4766 2158 4820 aliud
2196 4774 2414 4834 tempus
2448 4766 2516 4818 ab
2553 4765 2656 4818 hoc
2688 4765 2879 4817 dolore
2915 4772 3033 4819 erat
3072 4765 3317 4821 liberum.
3367 4766 3461 4821 llis
3493 4787 3587 4823 au-

2010 4868 2136 4923 tem,
2173 4856 2369 4926 inquit,
2414 4856 2785 4910 circumdatus
2819 4869 2939 4908 sum
2986 4855 3167 4921 malis,
3201 4860 3459 4927 quoniam
3509 4870 3586 4924 tu,

2008 4948 2256 5009 Domine.
2284 4948 2336 5001 in
2372 4962 2457 5002 me
2487 4949 2623 5002 iram
2656 4957 2801 5001 tuam
2831 4947 3099 5001 excitasti.
3129 4965 3147 4998 ι
3182 4950 3454 5015 Quoniam
3484 4953 3591 5005 ele-

2009 5057 2143 5098 vans
2199 5039 2410 5096 allisisti
2470 5056 2574 5094 me.
2619 5061 2636 5092 ι
2690 5040 2823 5095 Cum
2873 5040 3020 5095 enim
3062 5056 3150 5097 me
3201 5044 3491 5098 sublimem
3537 5053 3590 5097 et

1497 5292 1728 5348 VARIIE
1766 5292 2152 5350 LECTIONES
2190 5292 2275 5347 ET
2316 5289 2548 5346 NOT/E.

395 5398 443 5430 3‘
470 5400 665 5458 Σῶμα.
697 5399 820 5455 eod.
859 5403 885 5456 1
919 5405 1040 5458 add.

325 5469 488 5523 Hebr.

1078 5423 1200 5491 μου.
1240 5479 1253 5491 .
1277 5408 1324 5440 ⁸⁸
1355 5409 1477 5491 (δοιὶζ
1507 5408 1805 5491 ίῖρστέοις.
1975 5409 2078 5491 Τό..
2103 5411 2227 5491 ροιιΙ.
2269 5408 2322 5491 in
2338 5424 2523 5491 prtem.
2557 5426 2680 5478 μου.
2713 5409 2799 5491 ..⁸⁷
2836 5408 2878 5462 Ε
2901 5410 3106 5491 ροάᾼ.
3184 5408 3231 5443 ⁸⁸
3271 5409 3367 5463 Ἑν
3390 5412 3472 5491 obl

591 5470 936 5550 alitudt'num.
1004 5470 1322 5550 °’_"£r.diq.
1378 5476 1666 5550 eotl._Vat.
1738 5479 1896 5547 ἐγενή

2003 5477 2200 5531 ιώσεί.
2278 5470 2648 5545 ⁹⁰’Ἐιςειάι(ι.
2709 5478 2863 5534 llanc
2920 5481 3209 5550 lectionem
3269 5483 3592 5535 auctoritate

2338 5424 2523 5477 praem.
2557 5426 2680 5478 μου.
2755 5409 2799 5440 ⁸⁷
2836 5408 2878 5462 Ε
2901 5411 3022 5467 cod.
3057 5410 3106 5463 i.
3184 5408 3231 5443 ⁸⁸
3271 5409 3367 5463 Ἑν
3390 5412 3588 5466 οἱκοπ.

320 5541 478 5631 51ml."
480 5542 499 5591 l
536 5540 965 5631 posuintus'ipqo
1012 5540 1323 5631 εὑρίπιστα,
1358 5558 1417 5602 ιιι
1448 5548 1710 5631 habebat.
1738 5540 1896 5631 editio

2007 5550 2109 5603 ior.
2161 5548 2385 5631 qutl‘.‘
2413 5540 2464 5631 in
2503 5550 2732 5631 llcxapnl‘.
2880 5553 2911 5603 It
2962 5547 3036 5631 Ἰ..
3069 5545 3228 5631 Ιρξέίι⁸
3261 5553 3313 5602 ὲν
3336 5551 3587 5631 (sparsim:

322 5609 366 5641 “
413 5610 644 5664 Ἐπαιγ.
679 5626 770 5674 με.
833 5609 996 5666 Hebr.
1031 5609 1372 5671 insanientes.
1450 5617 1493 5648 ”
1525 5618 1646 5674 eod.
1689 5616 1713 5669 1
1759 5617 1896 5670 πὰθο

2083 5618 2127 5649 9³
2158 5619 2278 5673 (ἶΟιΙ.
2314 5620 2333 5671 1
2371 5620 2601 5672 ἒκῖντὶυν.

322 5678 540 5749 ιξαλμῷ.
611 5682 658 5713 9⁸³
682 5684 824 5733 Κατ.
852 5699 928 5752 με
963 5700 974 5711 ·
1007 5681 1172 5739 ΙΙ‹·Ι›1·.
1201 5685 1479 5753 Projecistt'
1514 5705 1612 5740 me.

2680 5603 2730 5652 9';
2767 5622 2849 5671 Ὀ.
2878 5619 2991 5672 ett-3.
3022 5620 3038 5670 ί
3080 5606 3142 5669 ἐν’
3170 5616 3256 5684 τῷ.
3335 5603 3584 5673 “cauit
