4006 6198
465 325 603 391 1679

1422 329 1924 390 TUEODORETI
1960 329 2304 391 EPISCOPI
2337 332 2709 396 CYRENSIS

3605 338 3744 407 1680

460 447 816 517 conspicuum
852 445 1211 511 reddidisses,
1249 455 1472 517 repente
1517 461 1603 501 me
1643 446 1877 517 eiecisti.
1916 448 2043 502 Alli-

2159 450 2525 523 περίϐλεπτον
2548 452 2861 524 ἀποφήνας,
2890 453 3152 528 ἐξαίφνης
3171 454 3505 528 ἀπέρριψας.
3536 453 3611 510 Τὸ
3633 457 3744 529 γὰρ

459 540 579 593 sisti
614 538 786 607 enim,
834 538 972 594 dixit
1019 554 1117 611 per
1164 539 1543 610 metaphoram
1591 540 1932 610 desumptam
1981 542 2051 596 ab

460 633 592 699 illis,
630 633 725 705 qui
768 633 827 689 in
866 631 1034 689 altum
1074 630 1281 704 aliquid
1312 631 1626 700 sublevant,
1658 640 1714 686 et
1756 631 1811 687 in
1846 640 2049 688 terram

459 724 700 781 illidunt.

533 816 699 875 Vns.
733 818 821 874 1‘2.
861 837 879 870 ι
920 817 1047 873 Dies
1074 819 1176 872 mei
1211 818 1355 873 sicut
1392 817 1584 872 umbra
1611 817 2045 883 declinaverunt,

457 925 559 983 ego
586 920 768 967 autem
808 912 951 966 sicut
990 908 1176 965 fenum
1208 910 1418 964 exarui.
1466 929 1484 961 ι
1517 909 1693 979 Prope
1724 909 1928 981 ipsum,
1965 911 2052 966 iu-

458 1004 600 1075 quit,
636 1004 758 1058 vitae
782 1018 1040 1059 occasum
1063 1002 1393 1057 constitutus
1427 1017 1574 1066 sum,
1600 1011 1657 1056 et
1688 1003 1888 1057 similis
1919 1018 2042 1057 sum

457 1096 669 1151 umbrae
696 1095 1017 1160 declinanti,
1048 1103 1103 1149 et
1137 1094 1251 1164 jam
1290 1094 1585 1159 desinenti,
1614 1095 1942 1167 aridumque
1971 1093 2049 1150 fe-

456 1204 588 1244 num
626 1188 835 1251 imitor.
871 1186 1194 1243 metentium
1228 1202 1424 1243 manus
1453 1202 1766 1245 accersens.

530 1367 692 1426 Vens.
737 1368 824 1424 l5.
864 1387 884 1421 ι
922 1366 1001 1423 Tu
1026 1378 1230 1434 autem,
1261 1367 1587 1435 Domine,in
1623 1338 1887 1427 aeternum
1924 1387 2048 1443 per-

454 1475 668 1528 manes,
690 1469 747 1516 et
766 1461 1082 1517 memoriale
1106 1469 1261 1517 tuum
1295 1477 1389 1531 per
1420 1465 1827 1533 generationem
1857 1472 1911 1519 et
1948 1480 2045 1537 ge-

456 1555 818 1611 nerationem.
859 1572 878 1606 ι
911 1553 1109 1609 Verum
1154 1570 1254 1625 ego
1303 1554 1526 1625 quidem
1561 1556 1725 1610 talem
1788 1567 2043 1610 naturam

455 1648 650 1713 habeo,
679 1648 989 1718 talibusque
1019 1646 1426 1702 calamitatibus
1456 1664 1576 1703 sum
1609 1663 1925 1718 oppressus.
1962 1647 2043 1704 Tu

2152 542 2519 612 κατέῤῥαξας
2552 545 2615 598 ὲκ
2657 548 2971 618 μεταφορᾶς
3005 546 3221 601 τέθεικε
3246 546 3358 601 τῶν
3401 548 3745 620 ἐπαιρόντων

2152 636 2234 698 εἰς
2266 634 2399 706 ὕψος
2450 654 2526 705 τι,
2564 637 2659 690 καὶ
2717 639 2862 694 κατά
2896 640 2990 693 τοῦ
3042 638 3280 710 ἐδάφους
3316 641 3708 712 καταρῤηγνύν
3732 675 3746 682 -

2151 745 2261 780 των
2268 770 2282 782 .

2225 821 2312 890 ιβ’.
2355 841 2373 872 ι
2413 822 2479 877 At
2508 825 2715 897 ἡμέραι
2753 843 2855 895 μου
2885 827 3018 881 ὡσεὶ
3049 831 3177 885 σκιὰ
3210 831 3538 904 ἐκλίθησαν·
3580 828 3743 898 κάγὼ

2151 913 2286 966 ὡσεὶ
2315 914 2509 986 χόρτος
2559 916 2888 990 ἐξηράνθην.
2930 940 2949 972 ι
3002 922 3145 992 11αρ⁹
3189 924 3357 989 αὑτάς
3388 928 3528 996 εἰμι,
3582 930 3741 996 φησὶ,

2148 1005 2249 1070 τὰς
2275 1007 2367 1059 τοῦ
2399 1008 2517 1078 βίου
2546 1008 2783 1080 δυσμάς·
2818 1012 2912 1065 καὶ
2949 1013 3101 1068 ἔοικα
3140 1018 3269 1087 σκιᾷ
3298 1017 3611 1092 κλινάσῃ⁹⁷,
3643 1016 3746 1069 καὶ

2150 1097 2395 1171 ληγούσῃ
2453 1100 2674 1155 λοιπόν*
2733 1104 2829 1156 καὶ
2863 1103 3059 1176 χόρτου
3094 1106 3150 1160 δὲ
3202 1105 3528 1178 μεμίμημαι
3560 1107 3605 1139 ’⁸
3639 1108 3746 1178 τὴν

2152 1188 2449 1261 ξηρότητα,
2511 1192 2618 1246 τῶν
2675 1192 3004 1265 θεριζόντων
3080 1197 3572 1268 προσκαλουμένου
3638 1201 3745 1262 τὰς

2150 1282 2363 1352 χεῖρας.

2222 1380 2312 1443 ιγ’.
2362 1392 2379 1425 ι
2426 1375 2499 1428 Σὺ
2523 1375 2603 1442 δὲ,
2634 1378 2829 1449 Κύριε,
2856 1379 2937 1442 είς
2964 1379 3055 1432 τὸν
3082 1379 3256 1435 αἰῶνα
3294 1381 3500 1452 μένεις,
3557 1384 3651 1437 καὶ
3674 1384 3743 1437 τὸ

2151 1467 2501 1537 μνημόσυνόν
2537 1485 2633 1522 σου
2663 1472 2744 1532 είς
2777 1472 2976 1540 γενεὰν
3004 1475 3099 1527 καὶ
3135 1474 3353 1543 γενεάν.
3385 1495 3403 1527 ι
3449 1476 3592 1529 Ἀλλ’
3625 1477 3742 1547 ἐγὼ

2151 1556 2250 1624 μὲν
2296 1557 2393 1609 καὶ
2432 1559 2530 1629 τὴν
2582 1559 2743 1628 φύσιν
2796 1562 3052 1633 τοιαύτην
3087 1565 3215 1634 ἔχω,
3273 1569 3395 1621 καὶ.
3430 1573 3741 1641 συμφοραῖς

2151 1648 2457 1720 συνεζύγην
2485 1651 2779 1717 τοσαύταις
2804 1669 2819 1684 ο
2849 1655 2912 1708 σὺ
2936 1654 3013 1720 δὲ,
3044 1656 3215 1721 ἀΐδιος
3259 1657 3335 1711 ὣν
3359 1660 3454 1712 καὶ
3493 1658 3736 1725 αἰώνιος,

398 1776 403 1781 -
455 1753 660 1809 autem,
702 1740 1067 1812 sempiternus
1106 1757 1230 1797 cum
1264 1740 1343 1797 sis
1380 1751 1435 1796 et
1487 1750 1749 1806 mternus,
1801 1743 2043 1812 aliquam

2157 1741 2458 1812 μεταϐολήν
2510 1760 2638 1799 τινα
2695 1745 2804 1800 τῶν
2858 1748 3143 1819 παρόντων
3204 1751 3393 1803 κακῶν
3444 1753 3740 1823 ῥαδίωςᾶν

425 1839 811 1891 'mntationem
868 1834 1216 1903 praesentium
1278 1834 1552 1888 malorum
1610 1834 1825 1905 1319
1888 1834 2043 1891 facile

2157 1852 2245 1906 μοι
2272 1837 2551 1907 χαρίσαιο.
2589 1837 2763 1891 Τοῦτο
2784 1839 2894 1909 γάρ
2916 1841 3172 1912 ἐπιφέρει
3196 1858 3210 1870 ·

456 1925 641 1996 largiri
673 1939 888 1995 posses.
923 1921 1038 1979 lloc
1065 1927 1210 1978 euim
1243 1924 1393 1979 addit
1424 1942 1438 1977 :

521 2014 689 2072 Vens.
743 2015 831 2069 14.
889 2033 907 2066 ι
957 2012 1038 2067 Τιι
1082 2030 1387 2084 exsurgens
1433 2014 1780 2070 misereberis
1836 2013 2042 2080 Sionis,

456 2110 580 2175 quia
622 2118 839 2177 tempus
888 2114 972 2161 est
1022 2104 1316 2159 miserendi
1346 2105 1488 2173 ejus,
1536 2105 1667 2174 quia
1706 2107 1857 2160 venit
1904 2115 2045 2165 tem-

454 2214 577 2268 pus.
617 2216 637 2249 ι
671 2195 929 2252 Concede
962 2194 1258 2251 calamitati
1296 2193 1660 2249 mutationem
1704 2194 1757 2248 in
1807 2195 2040 2253 melius:

451 2291 652 2346 etenim
701 2299 914 2358 tempus
963 2287 1401 2343 misericordiam
1446 2286 1727 2356 elnagitat.
1776 2286 1879 2343 Per
1930 2288 2045 2344 haec

450 2392 631 2438 autem
686 2379 866 2435 innuit
921 2379 1080 2434 linem
1132 2391 1309 2448 paena:
1361 2378 1708 2448 septuaginta
1770 2394 2042 2435 annorum

454 2474 689 2530 termino
727 2472 1178 2540 circumscripta}.
1230 2469 1323 2524 Sic
1366 2479 1420 2525 et
1458 2469 1795 2525 admirabilis
1835 2469 2041 2538 Daniel,

453 2581 579 2623 cum
610 2564 899 2622 servitutis
954 2572 1167 2632 tempus
1215 2570 1620 2629 enumerasset,
1667 2563 2040 2633 precationem

451 2665 617 2718 etiam
671 2660 849 2717 ollert.
896 2659 1033 2714 Cum
1083 2658 1170 2713 his
1218 2657 1555 2712 conveniunt
1608 2672 1831 2729 quoque
1877 2658 2041 2714 verba

454 2754 759 2826 spiritualis
789 2750 1061 2808 cantionis
1093 2768 1107 2804 :

529 2864 550 2899 ι
588 2844 726 2913 Quia
776 2855 993 2913 tempus
1035 2850 1120 2897 est
1167 2839 1464 2898 miserendi
1515 2838 1656 2909 eius,
1705 2840 1833 2910 quia
1892 2841 2043 2898 venit

451 2949 688 3008 tempus.
709 2933 899 3008 [Vena
928 2931 1043 3004 ‘15.]
1078 2932 1347 2999 Quoniam
1380 2930 1706 3000 placuerunt
1737 2930 1913 2984 servis
1931 2932 2040 2985 tuis

453 3029 662 3101 lapides
706 3028 851 3097 ejus,
903 3035 958 3081 et
1010 3034 1174 3080 terra:
1214 3023 1335 3093 ejus
1368 3022 1798 3077 miserebuntur.
1835 3040 1853 3073 ι
1907 3021 2038 3076 Sion

455 3120 604 3177 enim
637 3116 988 3189 peramabilis
1018 3123 1103 3171 est
1139 3116 1323 3182 nobis,
1359 3115 1485 3169 licet
1517 3113 1673 3168 valde
1702 3114 1914 3169 deserta
1949 3114 2036 3168 sit.

459 3212 654 3267 Amatu
701 3210 867 3267 etiam
902 3208 1052 3279 digni
1085 3215 1214 3263 sunt
1266 3206 1473 3277 lapides
1503 3204 1795 3268 destructi,
1825 3213 1877 3258 et
1906 3207 1924 3225 ‘
1950 3220 2043 3276 ag—

456 3318 648 3375 gerum
687 3303 782 3373 qui
810 3318 876 3357 ex
922 3301 1229 3372 direptione
1266 3298 1394 3355 facti
1426 3307 1554 3356 sunt
1587 3297 1849 3352 memoria
1878 3298 2045 3353 mise-

457 3395 753 3451 ricordiam
785 3393 946 3449 nobis
984 3392 1200 3463 ingerit.

527 3485 698 3545 Vsus.
726 3486 819 3542 16.
868 3503 888 3537 ι
938 3485 1007 3540 Et
1043 3484 1315 3540 timebunt
1344 3492 1535 3553 gentes
1574 3496 1773 3536 nomen
1804 3480 2043 3546 Domini,

453 3590 512 3637 et
535 3593 729 3636 omnes
764 3591 918 3648 reges
944 3586 1102 3631 terra:
1136 3573 1365 3644 gloriam
1407 3581 1577 3626 tuam.
1626 3589 1646 3623 ι
1680 3568 1815 3625 Nam
1855 3570 2047 3624 viden-

456 3687 540 3731 tes
578 3674 815 3728 reditum
864 3677 1136 3734 n0strum,
1178 3669 1526 3736 civitatisque
1569 3665 2042 3730 instaurationem,

454 3766 555 3836 qui
589 3763 912 3819 afﬂictioues
962 3767 1180 3817 nostras
1240 3758 1453 3827 priores
1512 3763 1933 3824 conspexerant,
1992 3762 2047 3809 et

460 3871 637 3927 reges,
667 3864 726 3908 et
754 3851 1046 3923 principes,
1079 3858 1135 3905 et
1165 3848 1392 3909 subditi.
1432 3856 1582 3903 tuam
1623 3846 2045 3907 admirabuntur

457 3944 780 4019 potentiam,
838 3952 895 3998 et
918 3942 1194 4006 timentes,
1233 3950 1288 3996 te
1327 3939 1509 3995 solum
1545 3952 1669 3995 esse
1703 3938 1875 3993 Deum
1922 3954 2044 3994 cre-

456 4042 609 4097 dent.
643 4035 756 4093 Hoc
787 4050 916 4091 vero
939 4034 1159 4105 proprie
1187 4047 1253 4088 ac
1276 4046 1401 4086 vere
1430 4040 1553 4101 post
1584 4030 1677 4084 Dei
1708 4037 1762 4085 et
1795 4027 2045 4085 Salvato-

461 4133 537 4189 ris
580 4130 754 4195 nostri
786 4126 1217 4183 incarnationem
1279 4123 1525 4195 contigit.
1578 4121 1710 4179 Post
1742 4121 2045 4178 revocatio-

460 4240 585 4279 nem
635 4222 780 4277 enim
829 4219 1164 4284 Judaeorum,
1198 4215 1380 4272 mirati
1433 4213 1655 4284 quidem
1706 4221 1837 4269 sunt
1878 4212 2043 4268 vicini

458 4298 609 4385 quod
646 4312 855 4368 factum
885 4308 1096 4375 fuerat;
1146 4307 1242 4363 sed
1274 4313 1485 4360 tantum
1535 4302 1713 4359 abfuit
1752 4312 1815 4358 ut
1854 4304 2042 4358 crede-

458 4418 580 4463 rent
629 4409 738 4461 Deo
796 4404 1201 4465 universorum,
1250 4409 1310 4452 ut
1362 4397 1498 4466 ipsis
1549 4395 1738 4451 eodem
1798 4405 2043 4466 tempore

2221 2012 2303 2067 ιδ’.
2363 2032 2380 2065 ι
2420 2015 2492 2066 Σὺ
2550 2016 2791 2079 ἀναστὰς
2847 2018 3216 2089 οίκτειρησεις
3270 2020 3372 2094 τὴν
3421 2024 3591 2078 Σιὼνο
3648 2025 3738 2082 ὅτι

2147 2105 2340 2176 καιρὸς
2395 2105 2494 2158 τοῦ
2544 2108 2888 2177 οἰκτειρῆσαι
2916 2110 3109 2177 αὐτὴν,
3165 2112 3248 2166 ὅτι
3277 2114 3404 2185 ἥκει
3451 2117 3668 2189 καιρός.
3708 2137 3732 2172 ι

2146 2194 2265 2261 Δδς,
2298 2198 2456 2267 φησὶ,
2504 2198 2813 2269 μεταϐολὴν
2861 2200 3072 2270 ἀμείνω
3103 2203 3169 2273 τῇ
3203 2206 3488 2276 συμφορᾷ·
3540 2208 3570 2260 ὁ
3620 2207 3738 2276 γάρ

2146 2287 2336 2358 καιρὸς
2366 2289 2457 2340 τὸν
2486 2288 2638 2343 ἔλεον
2668 2290 2912 2345 ἀπαιτεῖ.
2944 2293 3252 2347 Αίνίττεται
3286 2294 3345 2348 δὲ
3385 2295 3476 2349 διά
3519 2296 3737 2353 τούτων

2146 2379 2245 2450 τῆς
2283 2382 2395 2443 τοῖς
2434 2380 2809 2453 ἐϐδομήκοντα
2861 2383 3039 2439 ἐτεσιν
3073 2388 3521 2459 περιωρισμένης
3557 2407 3737 2460 τιμω-

2151 2471 2274 2541 ρίας
2300 2472 2361 2524 τὸ
2390 2474 2562 2539 τέλος.
2604 2474 2760 2529 Οὕτω
2790 2477 2884 2531 καὶ
2916 2478 2944 2530 ὁ
2984 2476 3291 2549 θαυμάσιος
3327 2481 3550 2553 Δανιὴλ,
3604 2484 3731 2554 ἀρι-

2147 2563 2369 2634 θμήσας
2396 2565 2495 2635 τῆς
2524 2567 2902 2637 αἰχμαλωσίας
2932 2569 3027 2622 τὸν
3045 2571 3260 2641 χρόνον,
3296 2573 3602 2646 προσφέρει
3634 2574 3737 2627 καὶ

2142 2655 2243 2725 τὴν
2285 2657 2584 2726 ἱκετηρίαν.
2616 2657 2841 2721 Τούτοις
2865 2659 3081 2732 συνᾴδει
3100 2664 3195 2715 καὶ
3224 2663 3324 2732 τῆς
3346 2664 3737 2735 πνευματικῆς

2147 2745 2415 2817 μελῳδίας
2446 2748 2514 2800 τὰ
2545 2748 2769 2819 ῥήματα
2788 2765 2803 2778 ⁸

2221 2855 2239 2887 ι
2272 2839 2395 2891 ’Ότι
2421 2839 2610 2910 καιρὸς
2629 2839 2723 2892 τοῦ
2748 2841 3092 2913 οίκτειρῆσαι
3116 2841 3310 2911 αὐτὴν,
3337 2842 3419 2896 ὅτι
3441 2842 3567 2913 ἥκει
3596 2860 3697 2899 και
3716 2874 3735 2887 -

2147 2931 2260 3001 ρός,
2290 2930 2422 3004 [tat]
2460 2931 2585 2983 Ὅτι
2638 2931 2941 3002 εἰδόκησαν
2973 2934 3023 2985 οἱ
3054 2931 3233 2987 δοῦλοί
3278 2951 3373 2987 σου
3395 2936 3522 2999 τοὺς
3543 2936 3738 3002 λίθους

2146 3024 2319 3095 αὐτῆς
2337 3025 2405 3089 ’⁸,
2436 3024 2642 3077 καὶτὸν
2673 3024 2801 3095 χοῦν
2851 3024 3026 3095 αὐτῆς
3061 3027 3489 3097 οίκτειρήσουσι.
3541 3048 3558 3082 ι
3592 3029 3736 3101 Τρι-

2070 3146 2113 3204 c
2149 3114 2384 3186 πόθητος
2410 3114 2519 3186 γὰρ
2540 3117 2673 3186 ἡμῖν
2702 3115 2862 3181 Σιὼν,
2894 3117 2988 3171 καὶ
3026 3117 3149 3172 λίαν
3181 3119 3391 3190 ἕρημος
3420 3120 3694 3191 γενομένη
3715 3136 3734 3151 ·

2147 3206 2464 3277 ἀξιέραστοι
2498 3207 2555 3259 δὲ
2584 3207 2680 3259 καὶ
2712 3210 2761 3261 oi
2791 3207 3227 3281 καταλελυμένοι
3280 3209 3442 3274 λίθοι,
3488 3210 3583 3264 καὶ
3617 3210 3741 3265 τῶν

2146 3299 2210 3351 ὲκ
2235 3299 2337 3367 τῆς
2368 3300 2692 3371 πορθήσεως
2721 3301 3107 3372 γεγενημένων
3124 3301 3403 3372 χωμάτων
3427 3303 3444 3335 ¹
3473 3304 3507 3374 ἠ
3537 3304 3738 3377 μνήμη

2145 3385 2323 3442 οἶκτον
2348 3392 2479 3460 ἡμῖν
2517 3390 2815 3461 ἐντίθησιν.

2221 3486 2315 3545 ις’.
2341 3498 2359 3530 ι
2383 3482 2492 3533 Καὶ
2518 3480 2920 3550 φοϐηθήσονται
2950 3481 3017 3535 τὰ
3032 3480 3160 3553 ἔθνη
3183 3482 3244 3535 τὺ
3264 3482 3439 3553 ὄνομα
3459 3483 3674 3555 Κυρίου
3690 3487 3740 3550 ⁸,

2146 3572 2243 3623 καὶ
2272 3571 2474 3635 πάντες
2514 3573 2563 3625 οἱ
2592 3571 2831 3641 βασιλεῖς
2877 3571 2978 3642 τῆς
3006 3573 3109 3643 γῆς
3134 3573 3155 3605 ³
3203 3574 3303 3643 τὴν
3355 3571 3514 3637 δόξαν
3543 3590 3665 3628 σου.
3715 3594 3739 3627 ι

2157 3664 2430 3736 Ὀρῶντες
2470 3662 2583 3735 γὰρ
2632 3664 2790 3734 ήμῶν
2818 3663 3221 3743 τὴνλὲπάνοδον,
3269 3666 3365 3718 καὶ
3400 3666 3502 3734 τὴν
3529 3666 3748 3719 οἰκοδο-

2149 3757 2279 3829 μίαν
2308 3757 2406 3828 τῆς
2438 3755 2666 3821 πόλεως,
2694 3756 2742 3809 οἱ
2771 3755 2869 3818 τὰς
2901 3759 3173 3826 προτέρας
3210 3757 3371 3828 ἡμῶν
3404 3756 3745 3827 θεασάμενοι

2147 3848 2454 3922 συμφορὰς,
2481 3850 2574 3902 καὶ
2594 3849 2857 3919 βασιλεῖς,
2882 3853 2976 3904 καὶ
3000 3851 3282 3921 ἄρχοντες,
3307 3849 3402 3902 καὶ
3414 3849 3741 3919 ἀρχόμενοι,

2146 3943 2520 4014 θαυμάσονταί
2543 3961 2638 3997 σου
2669 3942 2767 4015 τὴν
2791 3944 3043 4015 δύναμιν,
3076 3945 3171 3997 καὶ
3199 3942 3480 4007 δείσαντές
3510 3959 3571 3996 σε
3600 3943 3741 3996 Θεὸν

2145 4032 2289 4090 εἶναι
2308 4036 2467 4106 μόνον
2486 4035 2896 4090 πιστεύσουσιν.
2918 4036 3089 4089 Τοῦτο
3106 4035 3161 4089 δὲ
3182 4035 3389 4108 κυρίως
3408 4036 3503 4088 καὶ
3515 4034 3743 4107 ἀληθῶς

2148 4128 2289 4199 μετά
2308 4128 2408 4199 τὴν
2440 4126 2533 4181 τοῦ
2568 4127 2704 4182 Θεοῦ
2726 4128 2820 4181 καὶ
2845 4128 3100 4199 Σωτῆρος
3125 4127 3283 4198 ἡμῶν
3311 4124 3741 4198 ἒνανθρώπησιν

2144 4219 2361 4289 γέγονε.
2400 4217 2557 4273 Μετὰ
2601 4217 2711 4290 γὰρ
2741 4218 2839 4289 τὴν
2881 4215 3154 4272 Ἰουδαίων
3198 4216 3522 4287 ἀνάκλησιν,
3572 4214 3741 4269 sese.

2148 4328 2333 4383 μασαν
2384 4311 2482 4382 μὲν
2533 4311 2596 4363 τὸ
2624 4310 2848 4379 γεγονὸς
2896 4310 2945 4363 οἱ
3004 4308 3305 4381 περίοικοι·
3364 4305 3630 4362 τοσοῦτον
3681 4308 3741 4362 δὲ

2147 4401 2396 4471 ἀπέσχον
2421 4398 2516 4452 τοῦ
2552 4398 2847 4452 πιστεῦσαι
2893 4397 2969 4469 τῷ
2999 4399 3108 4451 τῶν
3153 4398 3290 4452 ὅλων
3322 4397 3464 4470 Θεῷ,
3505 4401 3593 4452 ὅτι
3643 4399 3743 4453 τὸν

461 4491 661 4547 bellum
692 4490 994 4573 iptuleriut.
1021 4487 1290 4544 (laterum
1321 4486 1426 4540 hoc
1461 4485 1582 4540 loco
1611 4499 1794 4540 sermo
1823 4484 2043 4539 divinus

2157 4490 2286 4561 πρὸς
2308 4489 2504 4551 αὐτοὺς
2532 4488 2673 4541 κατὰ
2701 4489 2895 4542 ταυτὸν
2919 4489 3120 4559 ἦραντο
3163 4489 3421 4558 πόλεμον.
3461 4488 3741 4543 Ἐνταῦθα

457 4584 708 4639 omnium
747 4581 990 4655 gentium
1015 4590 1070 4637 et
1103 4593 1292 4650 regum
1318 4576 1737 4634 conversionem
1774 4576 2040 4649 praecinit.

459 4675 705 4744 Quarum
726 4688 911 4730 rerum
939 4671 1078 4727 alias
1093 4669 1315 4742 quidem
1336 4668 1452 4739 jam
1477 4668 1747 4740 perfectas
1771 4667 2043 4735 videmus,

460 4767 599 4823 alias
630 4782 762 4823 vero
788 4765 1001 4822 futuras
1025 4778 1149 4820 esse
1180 4776 1488 4834 speramus.
1526 4760 1740 4832 1320
1762 4758 1854 4815 Ait
1895 4760 2043 4816 enim

463 4859 684 4916 divinus
715 4857 1015 4930 Apostolus
1044 4874 1058 4911 :
1101 4874 1121 4908 ι
1148 4855 1406 4911 Nondum
1427 4853 1573 4910 enim
1600 4852 1678 4907 illi
1709 4853 1894 4909 omnia
1917 4853 2049 4910 sub-

456 4950 604 5022 jecta
656 4948 909 5005 videmus
935 4948 985 5001 1³.
1028 4966 1049 5001 ι
1102 4947 1494 5005 Verumtamen
1547 4944 1733 5001 docuit
1778 4955 1827 5011 ο,
1879 4958 2043 5001 omne

463 5057 606 5114 genu
639 5040 741 5111 ipsi
781 5038 1108 5096 ﬂectendum
1137 5054 1278 5105 esse,
1304 5037 1639 5104 caelestium,
1675 5037 2040 5103 terrestrium,

463 5142 519 5187 et
550 5132 909 5188 infernorum.

560 5311 589 5349 δ
622 5308 788 5364 Hebr.
820 5323 877 5373 II,
917 5308 968 5361 8.
1084 5316 1104 5343 ε
1142 5304 1372 5375 Philipp.
1409 5322 1466 5370 ιι,
1509 5305 1594 5359 10.

2146 4581 2203 4636 δὲ
2230 4584 2259 4635 ὁ
2290 4580 2449 4650 λόγος
2481 4580 2577 4633 καὶ
2604 4578 2716 4634 τῶν
2749 4578 2919 4634 ἐθνῶν
2951 4579 3231 4646 ἁπάντων,
3271 4580 3367 4634 καὶ
3412 4580 3522 4633 τῶν
3574 4580 3742 4651 βασι-

2145 4673 2286 4728 λέων
2317 4671 2625 4745 μεταϐολὴν
2682 4669 3064 4744 προθεσπίζει.
3104 4665 3205 4726 Ὧν
3239 4671 3309 4726 τὰ
3369 4671 3470 4743 μὲν
3513 4673 3743 4743 ὁρῶμεν

2151 4767 2527 4837 γεγενημένα,
2551 4764 2622 4817 τά
2651 4764 2709 4818 δὲ
2747 4762 3043 4835 ἐλπίζομεν
3075 4754 3319 4817 ἔσεσθαι.
3359 4763 3504 4832 ΙΙυηιιὶ.
3553 4765 3672 4836 γὰρ
3711 4766 3744 4818 ὀ

2147 4857 2290 4923 θεῖος
2337 4856 2698 4920 Ἀπόστολοςο
2755 4874 2774 4907 ι
2814 4856 2985 4911 Οὔπω
3036 4855 3145 4927 γὰρ
3193 4855 3411 4927 ὁρῶμεν
3462 4856 3621 4928 αὑτῷ
3672 4858 3743 4911 τὰ

2150 4949 2331 5004 πάντα
2379 4947 2818 5017 ὑποτεταγμένα.
2886 4966 2904 4999 ι
2946 4946 3093 4999 Ἀλλ’
3147 4948 3296 5018 ὅμως
3338 4947 3610 5013 ἐδίδαξεν,
3657 4948 3741 5002 ὅτι

2154 5038 2304 5109 αὐτῷ
2330 5039 2539 5110 κάμψει
2574 5039 2681 5092 πᾶν
2713 5039 2845 5107 γόνυ
2876 5036 3239 5107 ἐπουρανίων,
3294 5037 3389 5090 καὶ
3443 5037 3737 5102 ἐπιγείων.

2153 5130 2248 5182 καὶ
2269 5127 2641 5196 καταχθονίων

1557 5479 1794 5537 ΥΔΒΙᾹΞ
1833 5477 2219 5536 LECTIONES
2255 5480 2345 5535 ΕΤ
2383 5478 2615 5536 NOTAE.

601 5613 730 5689 eo!"
768 5613 1097 5689 Ῑε,κλιν9ύσῃ
1116 5655 1129 5672 ο
1160 5688 1165 5689 γ
1234 5617 1278 5651 ³⁸
1305 5618 1426 5675 cod.
1459 5619 1483 5673 1
1519 5621 1792 5689 μιμεῖται.

478 5746 647 5801 Abeat
671 5764 703 5802 ι
732 5752 851 5808 cod.
874 5752 1031 5811 Vatic

1898 5617 1943 5649 θ’
1970 5616 2127 5672 Prior
2177 5616 2347 5671 editio
2397 5615 2651 5671 habebat.
2717 5613 2907 5670 αὑτοῦ.

486 5677 505 5756 Ῐ
527 5682 768 5756 μυρίον.
800 5682 932 5756 Βεολ.
964 5677 1125 5744 lectio
1156 5688 1213 5744 h.
1262 5690 1299 5744 l.
1331 5697 1413 5744 est
1452 5677 1545 5742 σου
1586 5677 1787 5755 Κύριε.
1843 5685 1951 5743 Sed
2006 5702 2043 5743 ει

2157 5687 2348 5743 ›.Αιά.
2399 5695 2455 5742 et
2506 5683 2716 5756 Gompl.
2767 5684 2971 5741 habent
3035 5677 3264 5753 Κυρίου.

3017 5615 3031 5645 ³
3061 5615 3217 5683 Χωμ.
3265 5613 3433 5670 Abest
3461 5626 3497 5668 ιι
3521 5615 3651 5670 eod.
3681 5577 3760 5671 ί)

3035 5684 3264 5753 Κυρίου.
3376 5682 3398 5713 ³
3436 5682 3555 5753 Τῆς
3598 5681 3740 5756 τῆς.

2268 5896 2320 5967 ίι
