4006 6198
399 337 535 406 1889

1821 340 1905 402 ΙΝ
1931 341 2137 403 PSAL.
2176 344 2302 405 CII.

3504 347 3664 427 .1690

396 451 704 523 πτίσματος
726 453 761 524 ἡ
783 450 1036 508 θάλασσα
1059 449 1233 506 τύπον
1256 447 1494 517 ἐδέξατο·
1520 452 1555 522 ἡ
1588 450 1766 521 πέτρα
1789 449 1847 504 δὲ
1873 450 1978 503 τῶν

2093 450 2481 511 immortalium
2529 457 2799 526 rit-orum,
2822 469 2878 517 et
2913 474 3114 517 manna
3135 457 3467 533 ,imagozcibi
3492 460 3664 516 eale-

395 544 685 600 ἀθανάτων
710 543 961 615 κρουνῶν
991 542 1283 613 ἀπεφάνθη
1309 543 1442 598 σκιά
1466 557 1481 573 ⁸
1512 543 1612 615 τῆς
1649 542 1975 614 ἐπουρανίου

393 635 451 689 δὲ
504 637 709 707 τροφῆς
755 636 921 691 είκὼν
964 637 1025 690 τὸ
1061 637 1262 706 μάννα.
1288 635 1399 688 Καὶ
1427 635 1477 688 τ’
1498 633 1635 690 ἄλλα
1668 633 1749 695 δὲ.
1786 630 1877 687 ἵνα
1900 632 1978 703 μὴ

395 728 518 780 καθ’
549 726 780 782 ἕκαστον
807 727 1209 799 διεξέρχωμαι,
1237 725 1412 792 οὕτως
1440 725 1592 780 ἐστιν
1629 725 1813 797 εὑρεῖν
1844 724 1977 796 παρ’

394 817 628 882 ἐκείνοις
664 819 1179 892 ἐσκιογραφημένα.

463 915 536 980 η’.
581 927 600 961 ι
642 912 962 983 υίκτίρμων
1008 912 1103 965 καὶ¹
1137 910 1390 981 ἐλεήμων
1430 909 1459 963 ὸ
1484 906 1730 981 Κύριος,
1769 907 1979 980 μακρό·

395 1000 567 1069 θυμος
592 1002 686 1055 καὶ
717 1002 1029 1066 πολυέλεος.
1067 1022 1087 1055 ι
1121 1001 1342 1056 Τούτων
1389 1000 1468 1067 δὲ,
1513 1001 1699 1071 φησιν,
1726 1000 1901 1055 αίτιον
1930 998 1977 1032 δ’

393 1092 504 1145 τῶν
542 1092 765 1161 ἀγαθῶν
791 1095 824 1165 ἠ
845 1093 944 1165 τῆς
960 1093 1110 1158 Θείας
1131 1093 1468 1165 ἀγαθότητυς
1495 1092 1754 1161 ἄϐυσσος,
1783 1095 1812 1147 6
1836 1091 1978 1165 ἀμέ-

393 1198 422 1233 τ
432 1197 594 1252 ρητος
620 1180 796 1248 ἔλεος,
823 1181 926 1253 τῆς
952 1181 1367 1255 φιλανθρωπίας
1396 1181 1457 1237 τὸ
1485 1182 1743 1252 πέλαγος.

465 1356 530 1419 θ’,
564 1363 616 1410 ι’.
654 1375 675 1408 ι
712 1358 828 1411 Οὐκ
856 1360 939 1422 είς
973 1359 1128 1425 τέλος
1166 1359 1580 1433 ὀργισθήσεται,
1604 1359 1726 1414 οὐδὲ
1757 1359 1841 1424 είς
1887 1355 1979 1413 τὸν

393 1444 567 1501 αἰῶνα
581 1450 765 1518 μηνιεῖ
777 1449 843 1503 ⁸ο.
867 1451 940 1503 Ού
963 1448 1106 1507 κατά
1126 1451 1225 1514 τὰς
1245 1451 1524 1523 ἁμαρτίας
1545 1450 1588 1482 ³³
1608 1450 1766 1521 ήμῶν
1786 1449 1979 1522 ἐποίη-

400 1556 493 1593 σεν
553 1541 708 1611 ἡμῖν,
741 1540 862 1594 ούδέ
886 1540 1030 1595 κατά
1055 1541 1155 1607 τάς
1190 1542 1421 1613 ἀνομίας
1453 1543 1499 1574 ⁸³
1531 1542 1691 1613 ἡμῶν
1733 1542 1979 1596 ἀνταπέ-

392 1630 564 1686 δωκεν
596 1633 749 1702 ἡμῖν.
786 1650 804 1682 ι
842 1632 955 1685 Οὐκ
984 1630 1247 1703 ἠνέσχετο
1276 1634 1399 1695 ταῖς
1448 1635 1760 1703 ἡμετέραις
1789 1633 1976 1706 ἀμαρ-

391 1722 536 1785 τίαις
570 1723 843 1793 μετρῆσαι
871 1723 970 1794 τὴν
985 1723 1279 1795 τιμωρίαν,
1303 1723 1425 1777 ούδέ
1449 1725 1543 1777 ἐπὶ
1563 1724 1816 1780 πλεῖστον
1852 1722 1976 1779 καθ’

391 1813 548 1885 ὴμῶν
576 1816 818 1868 ἐκτεῖναι
840 1814 888 1846 ⁸³
910 1814 1009 1885 τὴν
1041 1815 1444 1885 ἀγανάκτησιν.

464 1901 553 1969 ια’,
576 1903 663 1975 ιβ’.
686 1924 704 1957 ι
717 1905 840 1959 Ὅτι
857 1905 1001 1958 κατά
1021 1905 1084 1957 τὸ
1114 1904 1244 1973 ὕψος
1261 1905 1355 1957 τοῦ
1381 1903 1616 1974 ούρανοῦ
1634 1904 1743 1959 ἀπὸ
1758 1904 1861 1975 τῆς
1876 1905 1979 1977 γῆς

324 1990 335 2003 ’
390 1996 732 2069 ἐκραταίωσε
766 1996 970 2066 Κύριος
992 1998 1039 2030 ⁵⁵
1065 1994 1126 2050 τὸ
1153 1995 1301 2059 ἔλεος
1312 1994 1503 2060 αὑτοῦ,
1521 1995 1615 2049 ἐπὶ
1637 1996 1766 2059 τοὺς
1786 1996 1982 2065 φοϐου-

395 2090 591 2158 μένους
648 2088 832 2142 αύτόν.
875 2087 1122 2141 Καθόσον
1190 2088 1489 2157 ἀπέχουσιν
1527 2086 1817 2141 Ἀνατολαὶ
1870 2086 1979 2140 ἀπὸ

394 2179 646 2249 Δυσμῶν,
678 2177 989 2248 ἐμάκρυνεν
1017 2177 1285 2248 ἀφ’ἡμῶν
1305 2178 1405 2241 τάς
1433 2164 1666 2250 ἀνομίας
1682 2178 1891 2249 ἡμῶν.)
1916 2177 1979 2231 El

394 2269 489 2322 καὶ
522 2268 728 2322 τούτων
765 2261 893 2338 εὗρε
922 2268 1240 2338 μακρότερα
1276 2268 1644 2340 διαστήματα,
1665 2270 1886 2333 πάντως
1913 2270 1979 2323 ἂν

397 2362 492 2412 καὶ
525 2357 703 2414 ταῦτα
724 2361 805 2425 είς
833 2359 998 2430 μέσον
1018 2358 1521 2430 παρήγαγε,δεῖξαι
1551 2360 1610 2413 τὸ
1625 2361 1852 2430 ἄπειρον
1881 2362 1982 2429 τῆς

397 2450 551 2513 θείας
585 2449 909 2519 φιλονεικῶν
937 2449 1279 2520 ἀγαοότητος
1303 2465 1318 2479 ·
1351 2448 1469 2503 ἀλλ’
1497 2449 1597 2519 οὐχ
1631 2439 1790 2519 εὗρεν
1834 2450 1862 2501 ὁ
1888 2450 1981 2502 ἀν-

396 2540 967 2611 θρώπινοςλογισμὸς,
995 2538 1119 2593 οὔτε
1135 2539 1365 2611 ούρανοῦ
1382 2540 1714 2611 ὑψηλότερον
1742 2539 1971 2611 μέτρον,

395 2632 521 2685 οὔτε
546 2631 645 2685 τοῦ
685 2631 854 2702 μέσου
904 2631 1005 2702 τῆς
1055 2631 1300 2702 ἑσπέρας
1340 2632 1438 2685 καὶ
1469 2632 1568 2704 τῆς
1595 2631 1738 2704 ἐῴας
1766 2631 1981 2704 μακρό-

397 2741 580 2795 τερον.

470 2813 560 2883 if.
596 2832 617 2867 ι
645 2813 842 2879 Καθὼς
897 2811 1159 2884 οίκτείρει
1217 2812 1405 2885 πατὴρ
1447 2813 1621 2878 υἱοὺς,
1673 2813 1979 2886 ᾠκτείρησε

400 2904 604 2976 Κύριος
655 2909 782 2972 τοὺς
841 2912 1212 2983 φοϐουμένους
1259 2914 1443 2966 αὐτόν.
1481 2932 1501 2965 ι
1534 2913 1879 2985 Δημιουργὸς
1905 2913 1980 2989 ὢν

398 3000 490 3050 καὶ
522 3003 777 3072 ποιητὴς,
814 3005 1129 3077 ἐμιμήσατο
1151 3007 1356 3078 πατρὸς
1384 3007 1729 3081 ¹ἀγαθότητα,
1756 3011 1852 3063 καὶ
1873 3010 1977 3080 τὴν

2078 543 2198 598 stis.
2227 544 2293 598 Et
2318 545 2448 612 alia,
2470 561 2539 602 ne
2576 547 2793 620 singula
2820 565 3160 621 percurram,
3188 550 3376 609 videre
3403 560 3494 608 est
3513 552 3657 622 apud

2078 633 2202 691 illos
2228 635 2434 707 pariter
2469 638 2823 698 adtunbrata.

2152 901 2364 973 1327
2399 899 2563 959 Vsus.
2595 909 2611 925 '
2639 902 2692 960 8.
2740 921 2760 957 ι
2807 902 3113 966 Miserator,
3146 915 3204 962 et
3237 904 3558 963 misericors
3576 917 3664 969 est

2081 991 2346 1048 Dominus
2380 1010 2395 1047 :
2428 994 2791 1064 longanintis,
2830 1006 2886 1053 et
2917 998 3211 1053 admodum
3263 999 3598 1057 misericors.
3635 1017 3657 1052 ι

2076 1083 2246 1139 Porro
2286 1084 2506 1150 horum,
2541 1086 2738 1156 inquit,
2769 1086 3018 1145 omnium
3056 1089 3325 1147 bonorum
3362 1076 3547 1147 causa
3577 1098 3665 1148 est

2075 1174 2273 1231 divina
2313 1175 2577 1233 bonitatis
2619 1178 2876 1248 abyssus,
2916 1178 3183 1232 immensa
3233 1177 3567 1247 benignitas,
3607 1187 3664 1236 et

2079 1265 2468 1322 misericordiae
2495 1269 2742 1338 pelagus.

2150 1354 2312 1412 Vens.
2348 1355 2510 1421 9,10.
2541 1376 2559 1409 ‹
2594 1354 2713 1410 Non
2735 1356 2789 1411 in
2814 1366 3135 1427 perpetuum
3182 1360 3449 1415 irascetur
3477 1353 3660 1417 nobis,

2077 1461 2259 1516 neque
2288 1445 2340 1500 in
2383 1454 2650 1502 aeternum
2684 1447 3136 1504 comminabitur.
3192 1448 3313 1504 Non
3357 1446 3662 1504 secundum

2079 1543 2301 1606 peccata
2339 1545 2525 1594 nostra
2549 1536 2673 1593 fecit
2708 1539 2894 1606 nobis,
2915 1555 3093 1610 neque
3119 1540 3425 1596 secundum
3459 1534 3664 1607 iniqui-

2078 1634 2221 1682 tates
2265 1639 2486 1685 nostras
2530 1629 2784 1685 retribuit
2830 1629 3010 1685 nobis.
3064 1648 3083 1682 ι
3125 1626 3246 1684 Non
3294 1628 3439 1685 enim
3489 1624 3668 1698 potuit

2079 1719 2405 1787 supplicium
2445 1718 2650 1775 nostris
2693 1720 2934 1790 peccatis
2987 1719 3192 1790 metiri,
3243 1733 3424 1790 neque
3456 1715 3666 1773 diutius

2007 1789 2051 1845 Β
2083 1811 2218 1865 iram
2258 1820 2453 1865 contra
2480 1827 2583 1867 nos
2614 1789 2968 1881 protendere.

2155 1901 2318 1956 Vens.
2345 1902 2434 1968 H,
2478 1903 2568 1958 12.
2609 1920 2629 1954 ι
2668 1901 2940 1970 Quoniam
2986 1901 3289 1959 secundum
3322 1899 3664 1956 altitudinem

2080 1993 2205 2049 eteli
2236 2009 2265 2048 a
2300 2001 2461 2060 terra,
2487 2009 2740 2064 magnam
2773 1994 2903 2049 fecit
2931 1995 3207 2049 Dominus
3230 1990 3666 2048 misericordiam

2080 2101 2239 2141 suam
2286 2100 2414 2157 erga
2454 2085 2710 2140 timentes
2761 2101 2909 2141 eum.
2955 2086 3234 2152 Quantum
3267 2085 3433 2140 distat
3468 2082 3668 2143 Oriens

2080 2177 2149 2232 ab
2181 2176 2499 2243 Occidente,
2535 2175 2693 2247 longe
2722 2176 2957 2233 removit
2977 2192 3010 2232 a
3036 2176 3196 2232 nobis
3227 2175 3541 2246 iniquitates
3563 2188 3669 2230 no-

2079 2275 2245 2323 stras.
2307 2284 2327 2318 ι
2371 2265 2428 2320 Si
2463 2267 2709 2336 longiora
2750 2268 2835 2323 his
2865 2268 3043 2339 spatia
3070 2268 3324 2325 invenire
3372 2266 3667 2337 potuisset,

2081 2356 2310 2410 omnino
2341 2365 2395 2411 et
2423 2357 2541 2425 ipsa
2572 2359 2627 2410 in
2660 2358 2901 2413 medium
2928 2358 3227 2425 attulisset,
3263 2360 3464 2413 divina:
3510 2356 3669 2412 boni—

2082 2443 2207 2497 tatis
2243 2441 2672 2511 profunditatem
2703 2445 2995 2501 ostendere
3027 2450 3259 2516 cupiens
3291 2463 3304 2500 :
3338 2448 3431 2501 sed
3466 2446 3667 2503 huma-

2081 2547 2150 2587 na
2200 2546 2355 2588 mens
2403 2547 2505 2587 nec
2554 2534 2696 2589 coelo
2750 2534 3131 2590 sublimiorem
3175 2549 3515 2600 mensuram,
3561 2548 3670 2591 nec

2079 2630 2203 2678 ortu
2230 2631 2285 2676 et
2314 2636 2516 2679 occasu
2549 2623 2905 2696 longinquius
2935 2622 3290 2681 intervallum
3328 2623 3557 2679 invenit.

2151 2820 2318 2878 Vens.
2349 2823 2438 2879 15.
2470 2840 2489 2874 ι
2538 2820 2832 2889 Quomodo
2870 2822 3168 2878 miseretur
3215 2829 3368 2891 pater
3396 2820 3665 2891 ﬁliorum,

2081 2913 2346 2969 misertus
2384 2921 2470 2967 est
2519 2911 2782 2968 Dominus
2828 2928 3019 2968 eorum
3071 2913 3163 2984 qui
3222 2913 3417 2967 timent
3453 2926 3601 2969 eum.
3635 2927 3658 2967 ι

2068 3005 2214 3063 Cum
2232 3005 2318 3060 .sit
2342 3005 2524 3076 opifex
2556 3015 2610 3061 et
2639 3004 2914 3070 conditor,
2940 3005 3122 3076 patr-is
3150 3005 3453 3065 bonitatem
3482 3004 3667 3061 imita-

395 3092 567 3158 αὐτὴν
598 3094 727 3163 περὶ
755 3099 881 3159 τοὺς
913 3097 1152 3161 οἰκέτας,
1181 3100 1247 3169 ἣν
1279 3099 1460 3171 πατὴρ
1474 3103 1518 3135 ⁸⁵
1551 3101 1681 3173 περὶ
1700 3102 1827 3164 τοὺς
1850 3104 1978 3155 παῖ·

2093 3112 2168 3150 .us
2187 3103 2311 3151 est:
2339 3095 2703 3167 eumdemqne
2735 3110 2867 3165 erga
2904 3095 3375 3166 famulosyquem
3402 3103 3561 3167 pater
3585 3108 3668 3151 er-

395 3181 512 3246 δας,
543 3184 932 3256 φιλοστοργίαν
962 3187 1262 3259 ἐπέδειξεν.

472 3355 552 3409 ιδ’.
586 3373 604 3406 t
650 3356 773 3409 Ὅτι
823 3358 986 3421 αὐτὸς
1027 3358 1169 3427 ἔγνω
1213 3362 1273 3414 τὸ
1328 3361 1555 3433 πλάσμα
1595 3365 1774 3435 ἡμῶν,
1808 3366 1976 3438 ἐμνή-

400 3446 502 3517 σθη
524 3447 568 3479 σο
595 3448 677 3500 ὅτι
697 3446 828 3518 χοῦς
860 3448 1047 3518 ἐσμεν.
1085 3469 1104 3502 ι
1140 3445 1261 3504 Οἵδε
1311 3452 1421 3523 γὰρ
1449 3454 1477 3506 ὁ
1508 3455 1845 3527 δημιουργὸς
1875 3458 1975 3527 τῆς

400 3539 616 3609 φύσεως
638 3539 796 3610 ἡμῶν
825 3541 924 3612 τὴν
950 3542 1258 3605 ἀσθένειαν,
1295 3539 1402 3598 οἶδε
1428 3546 1520 3599 καὶ
1555 3546 1720 3601 πόθεν
1753 3547 1975 3603 διεπλά-

401 3628 501 3700 σθη
514 3646 633 3697 μεν,
666 3629 763 3683 καὶ
790 3630 894 3684 ποῦ
931 3632 1094 3686 πάλιν
1119 3635 1469 3706 χωρήσομεν.

474 3804 554 3859 ιε’.
587 3825 604 3858 ι
644 3807 990 3880 Ἀνθρωπος,
1024 3809 1156 3862 ὡσεὶ
1198 3811 1388 3880 χόρτος
1414 3811 1472 3864 αἱ
1528 3811 1735 3884 ἡμέραι
1780 3813 1973 3878 αὐτοῦ,

395 3895 530 3949 ὡσεὶ
555 3896 713 3961 ἄνθος
739 3896 830 3952 τοῦ
865 3897 1036 3969 ἀγροῦ
1067 3897 1242 3960 οὕτως
1274 3897 1586 3973 ἐξανθήσει.
1620 3920 1639 3953 ι
1670 3901 1835 3957 υύδέν
1852 3904 1977 3975 χόρ-

398 4004 493 4042 του
533 3987 627 4040 καὶ
656 3986 854 4051 ἄνθους
882 3988 1296 4059 διενηνόχαμεν,
1326 3988 1355 4042 δ
1395 3991 1453 4044 ἐν
1494 3986 1591 4063 ἦρι
1629 3991 1729 4064 μὲν
1766 3986 1966 4063 τέθηλε

404 4080 542 4149 μετά
581 4080 753 4151 βραχὺ
782 4079 839 4133 δὲ
885 4080 1211 4150 μαραίνεται
1247 4082 1343 4136 καὶ
1365 4082 1600 4154 διαρῤεῖ.

474 4177 570 4235 ις’.
606 4189 624 4220 ι
666 4170 788 4222 Ὅτι
818 4168 1038 4240 πνεῦμα
1063 4171 1276 4240 διῆλθεν
1293 4173 1350 4226 ἐν
1366 4171 1539 4241 αύτῷ,
1557 4173 1652 4227 καὶ
1676 4173 1776 4243 οὒχ
1798 4172 1977 4245 ὑπάρ-

401 4261 503 4327 ξει,
531 4262 627 4314 καὶ
657 4260 704 4294 ⁵⁷
732 4260 833 4314 οὐκ
882 4259 1249 4330 ἐπιγνώσεται
1294 4262 1376 4316 έτι
1421 4261 1513 4316 τὸν
1538 4265 1707 4319 τόπον
1726 4265 1916 4322 αὑτοῦ.
1954 4285 1972 4319 ι

412 4357 472 4408 '0
504 4355 560 4406 δέ
588 4353 887 4429 Σύμμαχος
907 4352 1082 4417 οὕτως
1102 4371 1117 4385 ο
1144 4354 1267 4409 Ὅτι
1289 4354 1528 4425 πνεῦμα
1549 4355 1845 4427 διέρχεται
1867 4360 1977 4413 αὺ-

2080 3200 2148 3253 ga
2212 3183 2370 3251 ﬁlios,
2414 3183 2670 3243 allectum
2700 3184 2973 3243 exhibuit.

2153 3361 2320 3421 Vsus.
2359 3364 2447 3418 14.
2484 3382 2503 3413 ι
2540 3363 2813 3430 Quoniam
2838 3364 2960 3437 ipse
2988 3363 3664 3435 cognovitformationem

2083 3463 2369 3517 nostram,
2418 3455 2735 3511 recordatus
2778 3463 2902 3533 est,
2950 3454 3227 3525 pulverem
3272 3469 3375 3525 nos
3428 3468 3573 3509 esse.
3637 3471 3659 3506 ι

2081 3542 2243 3600 Novit
2287 3544 2433 3603 enim
2479 3543 2659 3621 opifex
2706 3555 2924 3602 naturae
2975 3554 3179 3615 nostrae
3216 3543 3666 3621 imbecillitatem,

2069 3636 2205 3704 .scit,
2229 3637 2373 3695 unde
2397 3635 2620 3695 formati
2647 3652 2862 3701 sumus,
2892 3644 3083 3707 etquo
3117 3650 3314 3694 rursus
3334 3635 3547 3711 abituri
3573 3650 3669 3693 sn-

2082 3742 2231 3782 mus.

2154 3816 2322 3874 Vens.
2357 3818 2445 3873 15.
2484 3837 2504 3870 ι
2543 3816 2743 3886 Homo,
2793 3818 2939 3879 sicut
2965 3817 3153 3879 fenum
3192 3817 3325 3877 dies
3371 3819 3517 3885 ejus,
3544 3826 3668 3873 tan-

2084 3926 2245 3979 quam
2274 3908 2376 3966 ﬂos
2416 3910 2535 3980 agri
2567 3910 2647 3965 sic
2672 3909 2955 3965 etilorebit.
2995 3929 3014 3962 ι
3048 3908 3197 3979 Nihil
3229 3924 3260 3964 a
3293 3908 3511 3980 1328
3541 3907 3669 3965 feno

2083 4011 2138 4056 et
2181 4017 2212 4056 a
2259 4000 2390 4056 ﬂore
2432 3998 2762 4066 diﬂerimus,
2809 4001 2904 4072 qui
2952 4001 3172 4071 quidem
3222 4016 3392 4058 verno
3424 3986 3670 4072 tempore

2083 4096 2247 4158 viret,
2276 4092 2440 4164 paulo
2469 4099 2593 4163 post
2623 4107 2754 4146 vero
2784 4092 3089 4164 languescit
3117 4102 3173 4147 et
3203 4093 3416 4148 diiﬂuit.

2154 4183 2320 4239 Vsus.
2366 4183 2451 4237 16.
2485 4201 2504 4234 ι
2539 4181 2809 4249 Quoniam
2844 4182 3071 4251 spiritus
3096 4181 3447 4249 pertransibit
3480 4181 3662 4243 illum.

2085 4285 2140 4331 et
2171 4293 2276 4330 non
2310 4275 2544 4344 amplius
2590 4276 2715 4338 erit,
2754 4289 2852 4330 nec
2885 4282 3176 4353 cognoscet
3221 4273 3455 4341 amplius
3487 4271 3667 4328 locuut

2086 4383 2267 4424 suum.
2311 4385 2331 4418 ι
2368 4365 2735 4438 Symmachus
2774 4373 2955 4421 autem
2982 4366 3062 4420 sic
3090 4382 3104 4418 :
3137 4363 3411 4429 Quoniam
3450 4362 3670 4431 spiritus

401 4446 527 4510 τὸν,
559 4441 689 4501 εἶτα
711 4449 825 4514 οὐχ
876 4445 1152 4514 ὑπάρχει.
1180 4476 1247 4489 --
1281 4447 1525 4518 Πνεῦμα
1550 4449 1648 4520 τὴν
1669 4449 1851 4522 ψυχὴν
1886 4450 1975 4503 λέ⁴⁹

2093 4457 2364 4513 oertransit
2409 4457 2603 4527 ipsum,
2644 4456 2833 4512 deinde
2866 4473 2971 4535 non
3015 4464 3115 4513 est.
3146 4485 3214 4494 —
3246 4454 3507 4523 Spiritum
3541 4466 3670 4521 vero

400 4556 487 4608 γει
509 4556 522 4568 ’
539 4532 627 4610 ἧς
652 4537 937 4609 παρούσης
959 4538 1052 4590 καὶ
1075 4539 1142 4608 ζῇ
1168 4537 1230 4591 τὸ
1249 4537 1431 4608 σῶμα,
1464 4541 1559 4593 καὶ
1573 4541 1794 4613 ἐνεργεῖ
1811 4558 1825 4572 ⁶
1843 4544 1983 4596 ἀπο-

402 4632 616 4700 πτὰσης
662 4629 729 4703 δὲ
784 4627 1217 4682 κατασϐέννυται
1273 4629 1369 4682 καὶ
1411 4629 1715 4702 φθείρεται,
1740 4632 1817 4697 ὡς
1850 4635 1985 4705 μηδέ

398 4723 524 4785 τοὺς
554 4721 858 4792 προτέρους
905 4719 1366 4790 ἐπιγινώσκεσθαι
1419 4723 1792 4794 χαρακτῆρας,
1850 4726 1987 4798 μηδέ

398 4813 789 4882 γινώσκεσθαι,
819 4813 895 4877 ὡς
921 4811 1082 4867 τοῦτο
1118 4811 1212 4866 τοῦ
1238 4812 1433 4880 δεῖνος,
1475 4816 1655 4868 ἐκεῖνο
1683 4814 1779 4868 τοῦ
1809 4816 1985 4880 δεῖνος

401 4910 461 4959 τὸ
490 4907 672 4977 σῶμα.
705 4907 817 4960 Καὶ
845 4905 1006 4960 τοῦτο
1039 4906 1139 4960 ἴδοι
1172 4923 1255 4969 τις
1277 4905 1343 4959 ἂν
1368 4906 1761 4979 ἀκριϐέστερον
1782 4907 1977 4963 διακύ-

399 4996 507 5064 ψας
551 5000 630 5061 εἰς
667 4998 837 5066 τάφον
859 5015 872 5028 ο
907 4996 1088 5051 πάντα
1137 4995 1248 5067 γὰρ
1289 4995 1492 5066 ὁμοίως
1523 4986 1734 5070 φθορᾶς
1766 4999 1976 5067 γίνεται

405 5089 784 5159 παρανάλωμα
817 5129 833 5153 ,
866 5089 962 5145 καὶ
1011 5090 1140 5152 τοὺς
1183 5088 1488 5159 προτέρους
1531 5093 1892 5160 χαρακτῆρας
1915 5090 1977 5143 οὐ

404 5176 682 5241 διασώζει.
1772 5174 1782 5183 ’

2084 4550 2320 4604 animam
2363 4546 2618 4617 appellat,
2666 4534 2773 4617 qua
2806 4554 3073 4618 prasente
3117 4560 3320 4615 corpus
3357 4551 3412 4600 et
3450 4543 3583 4598 vivit
3614 4552 3671 4599 et

2083 4645 2361 4706 operatur,
2398 4651 2524 4691 cum
2558 4636 2814 4703 evolavit,
2856 4636 3228 4705 exstinguitur
3262 4644 3315 4689 ct
3360 4633 3669 4705 corrumpi-

2085 4739 2216 4785 tur:
2255 4731 2328 4784 ita
2370 4738 2430 4785 ut
2457 4745 2558 4785 nec
2586 4730 2800 4800 priores
2837 4743 2979 4785 natae
3021 4738 3411 4801 agnoscantur.
3448 4742 3547 4783 nec
3582 4728 3669 4787 in-

2084 4819 2360 4889 telligatur
2394 4820 2497 4873 hoc
2524 4834 2729 4888 corpus
2756 4819 2903 4873 illius
2929 4818 3120 4883 fuisse,
3154 4820 3336 4872 ethoc
3369 4817 3540 4871 illius.
3566 4815 3669 4870 At-

2082 4927 2190 4981 que
2223 4911 2325 4966 hoc
2358 4910 2764 4980 deprehendere
2817 4910 3048 4982 quilibet
3101 4910 3320 4980 poterit,
3356 4915 3372 4932 '
3407 4909 3454 4963 si
3487 4909 3539 4962 in
3575 4922 3668 4964 se-

2084 5000 2268 5070 pulcra
2292 4999 2548 5069 inspiciat
2571 5000 2834 5056 attentius
2870 5017 2885 5054 :
2917 4999 3103 5055 omnia
3130 5014 3280 5071 enim
3320 4999 3443 5069 pari
3474 5011 3667 5050 corm-

2086 5090 2269 5161 ptione
2312 5096 2648 5157 atteruntur,
2685 5091 3057 5162 pristinasque
3090 5099 3255 5147 notas
3291 5106 3399 5145 nou
3433 5099 3666 5153 consor-

2093 5193 2247 5241 vant.

1486 5376 1717 5433 VARIAE
1759 5376 2142 5434 LECTIONES
2176 5379 2262 5433 ET
2298 5379 2528 5436 NOTAE.

474 5518 514 5550 δ’
552 5532 674 5606 cod.
711 5532 731 5587 ι
772 5533 946 5606 eiiciat.
1015 5536 1060 5606 οφ
1097 5536 1250 5602 Mm».
1283 5536 1446 5592 llebr.
1479 5535 1742 5606 Servabit,
1771 5553 1845 5592 sc.
1874 5538 1978 5591 ίι-ιιι.

2093 5554 2215 5590 ιαηι.
2291 5538 2335 5569 ³¹
2370 5537 2603 5606 Ἀμαρτ.
2624 5537 2745 5592 cod.
2775 5536 2813 5606 1ί
2828 5535 3079 5606 ἀνομίας.
3155 5532 3218 5606 "_
3244 5526 3655 5606 ’ᾼνοέέκεοάηί

405 5603 707 5676 ἁμαρτίας.
773 5603 972 5676 '_'_coti.
1002 5594 1375 5676 [ἐπεκτεῖναι.
1453 5610 1499 5639 ³⁵
1524 5594 1749 5675 Ἐκράτξ
1783 5608 1978 5676 Κύριος

2095 5594 2527 5662 οὺν.Ρι·ιιειαίὲι.’
2565 5607 2623 5676 1³
2655 5605 2856 5673 Πατήρ
2878 5594 3050 5658 Abest
3071 5618 3102 5654 ει
3121 5599 3243 5656 cod.
3272 5599 3321 5652 1.
3355 5594 3428 5676 _
3447 5594 3663 5676 Ἐμνή-

398 5670 545 5809 ἓιῖη.
611 5674 732 5730 eod.
792 5670 968 5730 Vatic.
1036 5674 1198 5731 habet
1263 5677 1550 5750 μνήσθητι.

492 5761 539 5801 δ.

492 5761 539 5801 ὅ.

1675 5678 1721 5710 ⁵⁷
1752 5667 1881 5732 Καὶ⁷
1914 5667 1978 5717 -έ

2093 5678 2236 5732 iter”).
2310 5677 2475 5735 Hebr.
2552 5674 2664 5733 Nec
2741 5667 2990 5746 agnoscet
3040 5686 3161 5727 eum
3223 5667 3455 5741 amplius
3511 5668 3652 5723 locus
