4006 6198
512 355 644 427 εδει

1503 356 1994 421 TIIEODORETI
2031 352 2370 421 EPISCOPI
2415 362 2790 427 CYRENSIS

3617 376 3725 442 169?.

584 471 748 526 ηις.
780 472 867 538 17,
908 472 995 527 18.
1042 493 1061 524 ι
1101 470 1478 528 Misericordia
1518 479 1700 524 autem
1752 466 1967 521 Domini
2021 465 2090 520 ab

2265 468 2352 531 ιζ’,
2378 471 2467 540 ιη’.
2502 490 2522 523 ι
2562 472 2635 526 Τὸ
2665 475 2723 527 δὲ
2754 476 2904 540 ἕλεος
2937 477 3032 531 τοῦ
3065 480 3274 552 Κυρίου
3299 481 3407 536 ἀπὸ
3434 483 3526 536 τοῦ
3542 487 3724 553 αἰῶνος,

511 577 716 620 aeterno
778 581 953 635 usque
1003 568 1057 620 in
1098 577 1386 626 aeternum,
1422 577 1587 631 super
1616 561 1869 646 timentes
1915 573 2039 613 cum
2078 576 2091 612 :

511 668 567 710 et
591 657 810 722 justitia
842 658 989 712 illius
1017 659 1070 711 in
1107 659 1248 713 filios
1290 657 1548 710 filiorum.
1607 651 1701 706 llis
1732 650 1827 720 qui
1874 661 2098 707 servant

513 745 698 799 fmdus
736 745 878 815 ejus,
921 757 975 801 et
1015 762 1284 801 memores
1308 753 1436 801 sunt
1486 743 1873 797 mandatorum
1925 741 2097 809 ipsius

515 846 575 890 ut
607 837 811 892 faciant
832 852 918 893 ea.
965 857 983 889 ι
1031 837 1231 891 Natura
1284 838 1449 908 igitur
1490 837 1571 889 sic
1604 833 1813 904 fragilis
1849 841 1934 887 est
1963 849 1976 885 :
2002 830 2097 886 sed

514 929 699 984 divina
749 928 1134 985 misericordia
1181 930 1501 984 diuturnam
1550 927 1713 980 vitam
1745 925 1995 993 largitur,
2046 930 2101 975 et

512 1020 739 1089 iustitia:
805 1024 1311 1076 remunerationem
1371 1019 1677 1090 majoribus
1742 1016 1978 1070 debitam
2029 1013 2098 1068 ad

516 1122 767 1181 posteros
795 1128 968 1183 usque
1001 1123 1312 1169 conservat.
1350 1113 1441 1168 Sic
1470 1126 1698 1181 regnum
1747 1110 1817 1164 ad
1848 1119 2100 1178 quartam

522 1219 699 1272 usque
729 1205 1044 1275 progeniem
1071 1204 1205 1260 Jehu
1234 1205 1494 1266 servavit,
1520 1204 1643 1256 licet
1670 1200 1962 1271 perfectam
1990 1200 2102 1269 pie-

519 1304 684 1350 tatem
721 1297 950 1352 minime
982 1298 1254 1359 habuerit,
1289 1298 1383 1353 scd
1418 1298 1471 1352 in
1514 1295 1785 1367 principio
1825 1294 1977 1366 regni
2009 1309 2101 1349 ze-

516 1384 631 1441 lum
665 1390 993 1443 ostenderit.
1027 1387 1118 1444 Sic
1147 1389 1335 1443 divino
1364 1389 1555 1444 Davidi
1588 1388 1972 1444 inexstinctam
2004 1401 2100 1456 ge-

517 1480 663 1532 neris
690 1479 985 1534 scintillam
1033 1482 1349 1545 custodivit,
1400 1482 1618 1537 tametsi
1665 1480 1819 1535 multi
1857 1479 2009 1548 impii
2050 1477 2103 1531 in

516 1570 696 1625 medio
727 1571 1060 1627 exstiterint.
1102 1573 1255 1628 Hanc
1286 1584 1493 1629 autem.
1528 1574 1729 1642 inquit,
1775 1571 2100 1627 miscricor—

517 1663 661 1717 diam
693 1678 753 1717 se
783 1666 1228 1721 custotlientibus
1260 1666 1436 1721 ftedus
1465 1667 1584 1735 ejus
1627 1665 2002 1735 prmbitnrum.
2039 1661 2107 1717 Et

524 1765 636 1808 non
673 1752 996 1823 simpliciter
1028 1755 1113 1821 iis,
1143 1757 1235 1825 qui
1261 1756 1642 1809 mandatorum
1681 1755 1802 1824 ejus
1830 1766 2106 1808 memores

518 1839 732 1897 fuerint
762 1861 775 1896 :
808 1845 903 1899 sed
948 1845 1038 1910 iis,
1073 1846 1167 1914 qui
1201 1859 1365 1914 Opera
1401 1844 1614 1915 1329
1648 1843 1828 1898 verbis
1875 1842 2102 1906 addunt,

516 1940 573 1987 et
596 1935 898 1989 secundum
932 1950 995 1989 ea
1024 1950 1179 1990 suam
1215 1935 1457 2004 dirigunt
1490 1934 1679 1988 vitam.

600 2193 762 2250 Vens.
832 2197 915 2252 19.
976 2214 994 2248 ι
1034 2197 1297 2253 Dominus
1351 2197 1405 2252 in
1461 2199 1604 2254 cmlo
1657 2199 1870 2269 paravit
1918 2198 2101 2253 sedem

484 2306 489 2313 ν
519 2302 698 2351 suam,
729 2296 784 2342 et
810 2304 1038 2355 regnum
1078 2290 1250 2358 ipsius
1278 2290 1537 2345 omnibus
1566 2290 1905 2345 dominatur.
1933 2309 1952 2344 ι
1990 2288 2106 2345 Hoc

518 2377 701 2434 simile
724 2390 807 2434 est
841 2381 910 2435 iis
943 2395 1066 2450 qua:
1092 2380 1145 2433 in
1182 2381 1291 2434 alio
1318 2380 1529 2451 psalmo
1562 2380 1707 2436 dicta
1737 2390 1864 2435 sunt
1893 2398 1905 2434 :
1944 2399 1963 2432 ι
1997 2381 2103 2447 Qui

518 2469 576 2526 in
606 2471 840 2527 excelsis
871 2473 1078 2527 habitat
1098 2512 1113 2534 ,
1143 2484 1198 2527 et
1231 2472 1461 2527 humilia
1495 2472 1721 2542 respicit
1742 2481 1792 2528 ν.
1831 2494 1849 2524 ι
1890 2471 2103 2527 Etenim

518 2558 626 2614 hoc
651 2560 703 2614 in
737 2562 857 2615 lono
886 2575 1069 2616 sermo
1094 2563 1449 2632 propheticus
1473 2576 1576 2618 nos
1599 2563 1781 2624 docet,
1813 2562 2103 2620 universo-

518 2662 641 2702 rum
675 2648 967 2704 Dominum
999 2652 1055 2705 in
1084 2650 1224 2718 ctelo
1250 2652 1469 2721 quidem
1497 2652 1698 2707 habere
1726 2653 1947 2718 solium,
1983 2654 2106 2709 uni-

518 2741 664 2794 versi
714 2751 897 2797 autem
929 2744 1119 2799 mundi
1167 2745 1475 2800 machinam
1509 2745 1784 2814 inspicere
1822 2756 1878 2802 et
1912 2748 2103 2804 mode-

521 2833 659 2895 rari,
697 2834 897 2904 quippe
929 2834 1021 2904 qui
1074 2837 1318 2889 omnium
1370 2834 1553 2905 opifex
1595 2845 1721 2902 est,
1763 2846 1818 2892 et
1866 2853 1963 2892 rex
1991 2877 2006 2905 ,
2052 2848 2106 2894 et

520 2923 805 2979 dominus.

595 3009 760 3066 Vens.
780 3013 906 3068 204
935 3012 1245 3071 Benedicite
1267 3014 1522 3082 Domino,
1546 3032 1739 3073 omnes
1759 3018 1939 3090 angeli
1960 3019 2103 3090 ejus,

2200 560 2294 611 xui.
2348 561 2451 626 ἕως
2517 566 2614 618 τοῦ
2670 566 2871 632 αἰῶνος
2920 571 3014 623 ἐπὶ
3042 573 3173 638 τοὺς
3195 575 3548 646 φοϐουμένους
3573 580 3725 644 αὐτὸν,

2199 651 2295 704 καὶ
2323 653 2355 722 ἡ
2387 653 2709 727 δικαιοσύνη
2748 660 2915 714 αὐτοῦ
2958 662 3053 715 ἐπὶ
3086 665 3224 729 υἱοῖς
3250 666 3295 698 ⁸⁸
3322 667 3469 721 υίῶν.
3507 667 3617 732 Τοῖς
3645 687 3729 738 φυ-

2199 741 2462 799 λάσσουσι
2485 749 2583 819 τὴν
2615 750 2884 822 διαθήκην
2909 755 3100 819 αὐτοῦ,
3134 756 3227 810 καὶ
3273 760 3619 830 μεμνημένοις
3641 762 3729 814 τῶν

2199 835 2430 889 ἐντολῶν
2473 838 2640 893 αὐτοῦ
2671 882 2684 903 ,
2719 842 2816 896 τοῦ
2865 846 3091 914 ποιῆσαι
3142 848 3330 911 αὐτάς.
3370 867 3389 900 ι
3431 850 3491 903 Ἦ
3524 850 3611 919 μὲν
3655 851 3731 905 οὖν

2202 925 2365 992 φύσις
2394 926 2570 993 οὕτως
2600 932 2764 1003 ἐπίκη
2777 951 2868 1003 ρος
2897 952 2911 966 ·
2938 937 2971 1005 ἡ
3004 935 3062 988 δέ
3104 935 3226 990 θεία
3259 937 3617 1008 φιλανθρωπία
3656 941 3731 994 τὸν

2204 1017 2419 1087 μακρὸν
2446 1021 2623 1075 αἰῶνα
2651 1024 2938 1094 χαρίζεται
2975 1026 3149 1097 βιοῦν,
3182 1029 3278 1081 καὶ
3308 1030 3494 1100 μέχρις
3527 1031 3730 1099 ἐγγόνων

2200 1107 2451 1181 διατηρεῖ
2477 1109 2575 1182 τὴν
2602 1118 2716 1180 τοῖς
2747 1117 3039 1185 προγόνοις
3070 1119 3429 1190 ὀφειλομένην
3449 1122 3540 1192 τῆς
3557 1121 3731 1176 δικαιο-

2203 1198 2373 1269 σύνης
2393 1200 2688 1257 ἀντίδοσιν.
2720 1203 2879 1259 Οὓτω
2915 1205 2996 1278 τῷ
3030 1206 3172 1278 Ἰηοῦ
3204 1210 3251 1241 ⁵⁸
3306 1210 3466 1279 μέχρι
3503 1211 3730 1281 τετάρτης

2201 1292 2395 1357 γενεᾶς
2451 1292 2549 1364 τὴν
2587 1293 2868 1363 βασιλείαν
2928 1299 3225 1371 τετήρηκε,
3270 1300 3363 1354 καί
3403 1317 3484 1353 τοι
3516 1301 3636 1371 μηδὲ
3659 1319 3729 1356 τε·

2201 1381 2355 1436 λείαν
2401 1385 2688 1440 εὐσέϐειαν
2726 1392 3095 1463 κτησαμένῳ.
3131 1392 3251 1446 ἀλλ’
3279 1394 3337 1446 ἐν
3382 1395 3446 1464 τῇ
3499 1393 3624 1465 ἀρχῇ
3648 1393 3728 1464 τῆς

2206 1473 2488 1545 βασιλείας
2516 1479 2915 1554 ἐπιδειξαμένῳ
2939 1485 3031 1537 τὸν
3057 1483 3248 1555 ζῆλον.
3283 1484 3439 1538 Οὕτω
3470 1484 3543 1556 τῷ
3564 1485 3727 1544 θεσπε-

2208 1564 2309 1634 σίῳ
2339 1566 2507 1620 Δαϐὶδ
2539 1567 2803 1625 ἄσϐεστον
2833 1573 3126 1646 διετήρησε
3155 1575 3251 1628 τὸν
3279 1576 3372 1629 τοῦ
3407 1576 3586 1642 γένους
3606 1594 3728 1631 σπιν-

2207 1654 2373 1727 θῆρα,
2408 1659 2506 1712 καὶ
2534 1660 2709 1714 ταῦτα
2738 1662 2951 1717 πολλῶν
2979 1664 3268 1720 δυσσεϐὦν
3310 1667 3367 1721 ἐν
3404 1667 3545 1737 μέσῳ
3572 1666 3726 1736 βεϐλα-

2209 1748 2511 1817 στηκότων.
2544 1750 2746 1806 Τοῦτον
2778 1754 2857 1819 δὲ,
2909 1755 3091 1825 φησὶν,
3121 1755 3305 1826 ὀρέξει
3332 1756 3420 1810 τὸν
3474 1758 3605 1810 ἔλεον
3642 1762 3726 1821 τοῖς

2208 1840 2544 1908 φυλάσσουσι
2572 1843 2671 1915 τὴν
2699 1844 2967 1916 διαθήκην
3000 1846 3194 1901 αὐτοῦ.
3225 1849 3335 1901 Καὶ
3360 1847 3455 1917 οὐχ
3476 1847 3640 1912 ἁπλῶς
3654 1865 3726 1918 με·

2208 1932 2508 2003 μνημένοις
2554 1933 2664 1987 τῶν
2721 1936 2953 1990 ἐντολῶν
2980 1937 3170 2005 αὐτοῦ,
3207 1938 3325 1992 ἀλλ’
3348 1940 3615 1993 ἐπιτιθεῖσι
3641 1941 3724 2001 τοῖς

2204 2021 2387 2089 λόγοις
2418 2023 2488 2077 τὰ
2516 2023 2672 2094 ἔργα,
2698 2027 2793 2078 καὶ
2816 2026 2957 2081 κατὰ
2983 2027 3191 2091 ταύτας
3222 2028 3315 2082 τὸν
3350 2032 3541 2084 οἰκεῖον
3568 2028 3722 2101 ῥυθμί-

2206 2110 2359 2176 ζουσι
2390 2113 2523 2184 βίον.

2280 2205 2367 2260 ιθ’.
2406 2224 2426 2258 ι
2468 2208 2672 2278 Κύριος
2697 2209 2755 2261 ἐν
2779 2208 2857 2280 τῷ
2888 2211 3109 2282 οὐρανῷ
3138 2213 3408 2282 ἡτοίμασε
3455 2212 3539 2266 τὸν
3576 2210 3723 2282 θρόνον

2205 2298 2391 2362 αὐτοῦ,
2440 2299 2606 2371 καὶὴ
2658 2301 2908 2370 βασιλεία
2964 2302 3130 2356 αὐτοῦ
3183 2304 3402 2357 πάντων
3453 2304 3718 2366 δεσπόζει.»

2205 2388 2375 2442 Τοῦτο
2388 2389 2534 2444 ἔοικε
2560 2394 2676 2456 τοῖς
2696 2394 2756 2447 ἐν
2785 2394 2959 2465 ἑτέρῳ
2974 2395 3292 2466 εἰρημένοις
3315 2395 3503 2467 ψαλμῷ
3527 2412 3540 2425 ο
3570 2413 3586 2446 ι
3618 2395 3662 2447 '0
3679 2394 3721 2445 ἐν

2205 2480 2431 2551 ὑψηλοῖς
2485 2483 2774 2548 κατοικῶν,
2808 2485 3003 2539 καὶτὰ
3056 2487 3297 2540 ταπεινὰ
3341 2486 3560 2558 ἐφορῶν.
3599 2504 3614 2534 ι
3642 2482 3722 2535 Καὶ

2205 2572 2315 2643 γὰρ
2341 2572 2580 2628 ἐνταῦθα
2605 2575 2634 2628 ὀ
2664 2575 3003 2647 προφητικδς
3036 2577 3190 2646 ἡμᾶς
3226 2576 3460 2630 διδάσκει
3491 2575 3643 2640 λόγος,
3665 2571 3721 2634 ὡς

2205 2664 2265 2717 ἐν
2294 2665 2513 2737 οὐρανῷ
2545 2666 2644 2737 μὲν
2689 2667 2803 2738 ἔχει
2835 2668 2928 2721 τὸν
2959 2667 3155 2738 θρόνον
3189 2669 3301 2722 τῶν
3338 2669 3469 2723 ὅλων
3497 2669 3522 2721 ὀ
3543 2664 3719 2734 Κύριος.
3809 2710 3818 2725 ι

2206 2757 2384 2828 ἐφορᾷ
2428 2757 2488 2812 δὲ
2527 2759 2624 2813 καὶ
2650 2758 2982 2830 πρυτανεύει
3009 2762 3081 2830 τῇ
3127 2762 3313 2814 κτίσει
3340 2761 3406 2826 ⁸⁸,
3435 2758 3520 2813 ἅτε
3538 2758 3592 2828 δὴ
3617 2755 3720 2809 πώρ-

2205 2866 2313 2903 των
2380 2848 2457 2903 ὢν
2526 2851 2859 2924 δημιουργὸς
2891 2888 2908 2916 ,
2956 2851 3051 2905 καὶ
3109 2851 3393 2922 βασιλεὺς,
3438 2852 3523 2906 καὶ
3574 2847 3721 2903 δεσπό-

2204 2955 2348 3084 n;
2382 3047 2402 3081 ι
2430 3029 2717 3098 Εὐλογεῖτε
2737 3030 2829 3084 τὸν
2866 3029 3095 3102 Κύριον,
3130 3031 3336 3095 πάντες
3362 3031 3410 3083 οί
3432 3026 3623 3096 ἄγγελοι
3648 3022 3721 3078 αὖ·

521 3116 776 3177 potentes
798 3109 1022 3175 virtute,
1047 3109 1312 3169 facientes
1332 3113 1558 3169 verbum
1584 3114 1754 3179 illius,
1784 3117 1852 3172 ad
1876 3119 2103 3174 audien-

2207 3117 2317 3184 τούν
2352 3118 2570 3173 δυνατοὶ
2602 3118 2770 3190 ἰσχύϊ,
2799 3118 3082 3183 ποιοῦντες
3122 3120 3223 3173 τὸν
3257 3120 3411 3187 λόγον
3457 3115 3621 3178 αὐτοῦ,
3646 3110 3718 3165 τοῦ

523 3199 649 3255 dam
682 3215 871 3255 vocem
901 3216 1218 3258 sermonum
1244 3204 1387 3273 ejus.
1415 3223 1433 3257 ι
1476 3204 1672 3263 Merito
1706 3208 1960 3265 cmlestes
1993 3211 2107 3265 vir-

523 3301 668 3347 tutes
698 3290 750 3346 in
781 3293 1226 3348 communionem
1272 3296 1601 3366 hymnorum
1641 3299 1951 3356 accersivit.
1987 3301 2107 3357 Non

523 3383 670 3439 enim
710 3394 890 3454 potest
935 3386 1177 3441 humana
1219 3395 1415 3442 natura
1444 3389 1609 3461 digne
1640 3399 1691 3446 te
1721 3391 1974 3449 beneficii
2008 3410 2109 3449 au-

525 3487 730 3533 ctorem
761 3477 1016 3533 laudibus
1050 3480 1308 3551 prosequi
1340 3498 1353 3534 :
1382 3481 1718 3551 incorporea?
1749 3501 1878 3541 vero
1901 3495 1956 3542 et
1981 3502 2110 3542 san-

524 3575 629 3620 cta:
672 3575 915 3633 naturae,
949 3584 1073 3638 qua:
1122 3569 1353 3625 liberam
1389 3570 1458 3626 ab
1497 3571 1876 3631 affectionibus
1906 3576 2111 3632 habent

527 3656 739 3723 vitam,
795 3658 1007 3714 idonea:
1062 3668 1190 3714 sunt
1247 3662 1315 3716 ad
1379 3663 1564 3718 divina
1625 3664 1883 3721 mandata
1944 3667 2110 3738 peril-

525 3750 750 3807 cienda.

600 3840 761 3896 Vens.
799 3843 892 3898 2|.
932 3861 952 3896 ι
990 3842 1302 3899 Benedicitc
1351 3843 1617 3911 Domino,
1648 3862 1840 3906 omnes
1871 3851 2103 3910 virtutes

527 3930 682 3997 cjns,
727 3932 964 3987 ministri
1007 3933 1164 4001 ejus,
1196 3934 1291 4003 qui
1334 3932 1513 3991 facitis
1547 3938 1879 3995 voluntatem
1912 3944 2052 4012 ejus.
2084 3963 2104 3997 ι

528 4020 680 4074 Multi
710 4032 765 4076 et
793 4024 928 4078 varii
969 4035 1099 4080 sunt
1136 4026 1440 4081 cteleStium
1473 4029 1713 4085 ordines.
1763 4031 2106 4104 Principatus

527 4111 708 4177 enim,
749 4121 804 4167 et
833 4113 1136 4172 Potestates
1158 4158 1171 4179 ,
1213 4127 1267 4172 et
1289 4116 1496 4173 Throni
1519 4161 1534 4186 ,
1569 4132 1622 4175 ct
1663 4121 2066 4183 Dominationes
2091 4168 2106 4192 ,

526 4212 583 4259 et
616 4202 901 4275 Seraphim
927 4248 943 4274 ,
973 4219 1026 4263 et
1054 4208 1350 4265 Cherubim
1380 4250 1395 4274 ,
1429 4221 1484 4266 et
1512 4213 1620 4268 alia
1655 4219 1875 4271 nomina
1905 4221 1922 4239 ‘
1950 4220 2108 4276 nobis

530 4298 737 4370 ignota,
772 4308 832 4354 ut
861 4300 938 4355 ait
969 4301 1189 4359 divinus
1215 4304 1511 4374 Apostolus
1536 4315 1564 4344 κ
1588 4325 1603 4373 ;
1636 4307 1729 4363 sed
1757 4310 1940 4364 omnia
1964 4311 2109 4366 duo-

530 4388 634 4443 bus
662 4391 749 4446 his
777 4393 1092 4449 nominibus
1121 4395 1383 4465 propheta
1416 4399 1849 4468 comprehendit.
1880 4401 2105 4471 Angelos

529 4483 682 4535 enim
723 4485 971 4549 vocavit,
1020 4492 1281 4555 tanquam
1328 4487 1528 4544 divinis
1575 4491 1843 4547 mandatis
1886 4508 2106 4562 operam

531 4581 820 4637 navantes,
843 4575 1139 4646 divinaque
1170 4577 1337 4633 verba
1369 4582 1840 4637 transmittentes:
1875 4581 2107 4639 Virtutes

531 4679 657 4718 vero
680 4704 694 4728 ,
721 4674 981 4736 tanquam
1014 4669 1344 4726 sufficientes
1373 4671 1437 4726 ad
1472 4673 1739 4743 imperata
1765 4676 2071 4744 peragenda
2093 4716 2107 4744 ,

531 4761 585 4808 ct
611 4755 803 4824 agendi
833 4757 942 4811 vim
972 4772 1004 4813 a
1029 4761 1312 4816 conditore
1336 4777 1430 4832 per
1460 4762 1633 4833 ipsam
1669 4773 1923 4821 naturam
1955 4782 2112 4823 acce-

533 4852 753 4913 perunt.
1501 4856 1506 4863 '

602 5019 767 5076 Vens.
812 5021 904 5077 22.
949 5041 967 5075 ι
998 5021 1311 5080 Benedicite
1358 5027 1608 5095 Domino,
1660 5031 1874 5104 1330
1923 5037 2108 5091 omnia

531 5127 699 5182 Opera
725 5114 844 5183 ejus
867 5155 884 5180 ,
916 5113 970 5168 in
1005 5115 1156 5169 omni
1186 5115 1309 5172 loco
1339 5118 1734 5179 dominationis
1763 5124 1905 5194 cjus.
1945 5145 1961 5177 ι
1998 5125 2109 5183 Nc-

604 5297 629 5324 '
662 5288 803 5344 l‘sal.
834 5303 1010 5355 xxx",
1044 5292 1129 5347 l5.
1209 5305 1236 5335 ι
1270 5292 1486 5351 Coloss.
1515 5314 1554 5360 ι,
1592 5298 1680 5352 16.

2208 3211 2440 3267 ἀκοῦσαι
2489 3212 2592 3281 τῆς
2646 3212 2831 3282 φωνῆς
2867 3211 2977 3267 τῶν
3032 3210 3215 3281 λόγων
3258 3211 3441 3267 αὐτοῦ.
3486 3231 3504 3263 ι
3536 3207 3721 3267 sum

2208 3305 2310 3368 τὰς
2360 3302 2627 3375 ἁοράτους
2653 3305 2916 3374 δυνάμεις
2961 3306 3044 3367 εἰς
3075 3304 3369 3359 κοινωνίαν
3387 3304 3477 3374 τῆς
3502 3298 3721 3371 ὑμνῳδίαις

2209 3395 2491 3451 ἐκάλεσεν.
2523 3395 2639 3449 Οὐκ
2659 3394 2877 3466 ἀπόχρη
2901 3394 3009 3466 γὰρ
3033 3397 3066 3465 ἡ
3091 3395 3413 3465 ἀνθρωπεία
3434 3392 3575 3464 φύσις
3596 3388 3721 3456 ἀξίως

2210 3487 2402 3557 ὑμνεῖν
2435 3502 2494 3539 σε
2527 3486 2570 3518 ⁰¹
2592 3485 2685 3537 τὸν
2723 3485 3021 3557 εὐεργέτην
3044 3502 3058 3517 ·
3094 3486 3151 3539 αἱ
3182 3486 3240 3539 δέ
3271 3486 3536 3554 ἀσώματοι
3569 3481 3646 3533 καὶ
3678 3476 3720 3530 al

2210 3578 2368 3648 ἅγιαι
2389 3577 2604 3647 φύσεις,
2634 3575 2928 3647 ἐλευθέραν
2974 3576 3204 3646 ἔχουσαι
3254 3575 3572 3646 παθημάτων
3593 3567 3720 3638 ζωὴν.

2213 3670 2398 3724 ἱκαναὶ
2428 3667 2672 3741 πληροῦν
2693 3667 2762 3723 τὰ
2794 3668 2917 3722 θεῖα
2964 3668 3392 3739 προστάγματα.

2248 3828 2258 3838 ’
2283 3855 2390 3904 κα’.
2418 3867 2437 3901 ι
2466 3849 2757 3917 Εὐλογεῖτε
2779 3846 2872 3900 τδν
2889 3846 3118 3919 Κύριον,
3135 3849 3312 3903 πᾶσαι
3332 3848 3387 3902 αί
3407 3846 3635 3914 δυνάμεις
3646 3838 3719 3893 αὖ·

2211 3941 2332 4006 τοῦ,
2382 3941 2692 4011 λειτουργοὶ⁵
2744 3940 2911 3994 αὐτοῦ
2964 3941 3251 4005 ποιοῦντες
3278 3941 3338 3994 τὸ
3380 3939 3573 4009 θέλημα
3597 3935 3633 3965 ⁶¹
3653 3928 3721 3984 αὖσ

2213 4034 2331 4089 τοῦ.
2373 4053 2393 4086 ι
2429 4034 2608 4089 Πολλὰ
2634 4032 2731 4087 καὶ
2791 4032 3029 4103 διάφορα
3058 4031 3169 4087 τῶν
3204 4032 3463 4105 οὐρανίων
3487 4030 3526 4062 ⁸⁸
3547 4025 3605 4078 τὰ
3624 4021 3721 4087 τάγε

2217 4144 2366 4198 ματα
2391 4142 2405 4157 ⁸
2448 4126 2641 4198 Ἀρχαὶ
2682 4127 2790 4196 γὰρ
2835 4125 2932 4179 καὶ
2971 4124 3266 4189 Ἐξουσίαι,
3301 4126 3396 4180 καὶ
3436 4122 3620 4193 Θρόνοι,
3653 4111 3721 4167 καὶ

2214 4213 2576 4284 Κυριότητες,
2616 4215 2711 4267 καὶ
2738 4214 3014 4286 Σεραφὶμ,
3043 4214 3139 4267 καὶ
3164 4213 3465 4286 Χερουϐὶμ,
3492 4209 3577 4264 καὶ
3596 4206 3720 4272 ἔτερα

2214 4307 2349 4375 ἡμῖν
2381 4305 2621 4375 ὀνόματα
2647 4304 2925 4372 ἄγνωστα,
2952 4297 3173 4378 ᾗφησιν
3198 4307 3226 4358 ὀ
3264 4303 3406 4367 θεῖος
3433 4293 3719 4356 Ἀπόστολος’

2215 4394 2351 4448 ἀλλὰ
2376 4397 2552 4449 πάντα
2576 4394 2666 4448 διὰ
2688 4394 2798 4448 τῶν
2825 4392 2920 4448 δύο
2948 4393 3157 4448 τούτων
3199 4394 3475 4465 ὀνομάτων
3507 4392 3533 4445 ὀ
3555 4398 3721 4456 προφη-

2211 4485 2361 4551 τικδς
2427 4485 2834 4558 συμπεριέλαϐε
2854 4484 3015 4554 λόγος
3044 4485 3092 4519 ⁸⁸
3118 4528 3131 4542 .
3150 4486 3470 4556 Ἀγγέλους
3521 4480 3606 4551 μὲν
3643 4470 3721 4541 γὰρ

2212 4579 2491 4643 ἐκάλεσεν,
2544 4577 2619 4641 ὡς
2669 4579 2780 4640 τοῖς
2827 4577 2993 4641 θείοις
3044 4577 3451 4648 ὐπουργούντας
3500 4562 3721 4641 προστάτ’

2216 4685 2371 4740 μασι,
2399 4668 2493 4721 καὶ
2517 4671 2640 4731 τούς
2667 4667 2845 4729 θείους
2862 4667 3056 4735 λόγους
3091 4663 3577 4737 διαπορθμεύοντας
3601 4673 3613 4686 ⁸
3637 4656 3718 4740 Δυζ

2211 4736 2419 4830 adpete
2446 4760 2524 4823 δὲ,
2556 4760 2630 4823 ὡς
2660 4756 2853 4822 ἱκανὰς
2882 4756 2944 4811 τδ
2979 4736 3339 4826 κελευόμενον
3370 4755 3623 4823 πράττειν,
3648 4736 3718 4794 XII

2215 4852 2274 4906 τὸ
2308 4851 2533 4906 δυνατὸν
2562 4852 2618 4906 ἐν
2644 4853 2707 4923 τῇ
2748 4851 2910 4920 φύσει
2960 4848 3113 4921 παρά
3162 4845 3258 4901 τοῦ
3286 4839 3615 4914 πεποιηκότος
3647 4831 3710 4884 λα·

2217 4941 2428 5005 ϐόντας.
3612 5015 3621 5019 Α
3682 5007 3700 5019 ,

2285 5032 2390 5105 κβ’.
2427 5052 2446 5085 ι
2484 5033 2773 5101 Εὐλογεϊτε
2787 5030 2876 5086 τὸν
2891 5029 3118 5103 Κύριον,
3143 5028 3322 5083 πάντα
3346 5026 3413 5080 τὰ
3432 5015 3717 5112 ἔργαλαῦτςῦι

2216 5131 2275 5181 ἐν
2307 5129 2472 5182 παντὶ
2504 5124 2653 5196 τόπῳ
2673 5123 2776 5194 τῆς
2801 5122 3121 5186 δεσποτείας
3139 5122 3183 5155 ⁸⁵
3200 5118 3386 5175 αὐτοῦ.
3416 5134 3435 5170 ι
3460 5110 3581 5168 Οὐδὲ
3597 5110 3718 5158 τοῦτο

1649 5450 1884 5509 VARle
1918 5455 2299 5511 LECTIONES
2323 5455 2410 5510 ET
2439 5444 2672 5511 ΝΟΤΔΕ.

601 5591 804 5673 ’ίεξηίίυιτἰ
828 5599 987 5655 lectio
1015 5601 1070 5655 h.
1099 5601 1138 5655 l.
1174 5611 1260 5658 est
1291 5603 1461 5667 υἱούς.
1536 5607 1582 5638 ⁵⁸
1606 5608 1728 5662 cod.
1759 5611 1784 5662 ι
1825 5610 1995 5664 Ἰούδα
2031 5650 2046 5673 ,
2081 5626 2104 5665 ε

2207 5626 2383 5666 errore
2437 5610 2666 5671 librarii,
2706 5617 2765 5664 nt
2824 5610 3058 5665 videtur.

1574 5677 1618 5750 “_
1647 5678 1770 5731 cod.
1803 5678 1977 5750 Yatic.
2029 5682 2192 5736 habet
2243 5681 2313 5734 τὰ
2344 5681 2645 5750 θελήματα.

615 5660 842 5744 Ἰηξνεὶν
861 5651 979 5744 79’s.-

551 5725 710 5817 ἒζυδοί
744 5736 938 5813 χορός,
956 5740 1202 5825 ascripta
1238 5725 1456 5828 ἰειῖιοῐι
1498 5725 1769 5802 lectionem
1791 5725 1979 5807 altera:

3159 5604 3365 5703 “3.529.:
3392 5604 3410 5658 '
3445 5599 3533 5703 ’Ἦ
3550 5586 3710 5703 imi

2759 5656 2805 5714 δ’
2828 5656 3407 5746 Mittamus;
3483 5656 3525 5703 “
3543 5656 3709 5728 Δάτος·

2090 5752 2134 5785 ⁶¹
2163 5754 2344 5807 Δεσπ.
2376 5748 2496 5808 cod.
2528 5748 2700 5806 Vatic.
2740 5750 2901 5807 habet
2926 5748 3256 5811 δυναστείας.
