4006 6198
521 283 539 343 1
552 284 657 350 693

1869 290 1946 353 IN
1989 291 2195 352 PSAL.
2227 291 2391 351 CIII.

3626 291 3762 355 1694

515 397 635 459 τοῖς
674 396 946 463 Ἰουδαίοις
984 398 1269 472 ἁρμόττει.
1300 400 1538 455 Ἐκεῖνοι
1581 400 1690 472 γὰρ
1720 400 1826 455 ὑπὸ
1853 401 1966 455 τῶν
1991 402 2079 455 ἀν-

2188 416 2293 472 que
2329 402 2432 456 hoc
2458 399 2661 456 .Ittdzeis
2683 400 2957 471 congruit.
2986 400 3065 454 llli
3093 401 3241 456 enim
3274 416 3399 456 cum
3428 401 3499 456 ab
3528 403 3635 468 his,
3667 403 3761 471 qui

515 488 955 559 δραποδισάντων
990 488 1119 563 ᾆσαι
1172 493 1609 563 προσταχθέντες
1659 495 1723 546 ἐκ
1772 492 1881 545 τῶν
1930 492 2087 564 ᾠδῶν

518 577 675 643 Σιὼν,
713 580 920 649 ἔφασαν
977 583 1179 654 ἔννομα
1228 582 1485 655 δρῶντες,
1533 605 1550 636 t
1590 585 1712 649 Πῶς
1740 585 1948 657 ᾇσομεν
1985 586 2087 656 τὴν

517 669 657 739 ᾠδὴν
688 672 894 742 Κυρίου
925 675 1015 726 ἐπὶ
1042 676 1143 744 γῆς
1175 676 1461 747 ἀλλοτρίας
1488 694 1502 745 ;
1548 697 1566 728 ι
1618 678 1779 748 Ἡμῖν
1805 679 1860 731 δὲ
1884 680 1910 731 ὁ
1943 677 2087 739 θεῖος

525 755 850 828 Ἀπόστολος
895 772 1204 843 παρεγγυᾷ,
1234 774 1291 825 ἐν
1337 773 1501 825 παντὶ
1530 772 1682 842 τόπῳ
1712 773 2088 844 προσευχομέ-

516 872 637 918 νους
670 855 845 926 αἴρειν
873 859 1020 923 ὁσίας
1052 863 1094 893 σθ
1124 864 1334 936 χεῖρας.
1373 863 1544 917 Τοῦτο
1602 865 1698 918 καὶ
1750 867 1778 917 ὀ
1808 865 2084 934 Δεσπότης

515 945 751 1015 Χριστὸς
800 948 934 1019 πρὸς
971 951 1067 1021 τὴν
1124 954 1455 1025 Σαμαρεῖτιν
1490 955 1618 1026 ἔφη,
1650 974 1670 1007 t
1712 955 1906 1027 Ἀμὴν,
1935 955 2084 1026 ἀμὴν

518 1033 658 1103 λέγω
712 1056 793 1091 σοι
819 1079 833 1102 ,
878 1040 1057 1107 γύναι.
1087 1042 1168 1096 ὄτι
1204 1045 1423 1114 ἔρχεται
1474 1044 1596 1116 ὥρα
1624 1085 1641 1110 ,
1672 1047 1767 1099 καὶ
1793 1046 1885 1099 νῦν
1911 1046 2082 1111 ἔστιν,

516 1125 603 1177 ὅτε
627 1123 749 1179 οὔτε
780 1130 836 1180 ἐν
865 1128 943 1198 τῷ
971 1129 1121 1201 τόπῳ
1154 1132 1329 1203 τούτῳ
1350 1174 1363 1196 ,
1399 1132 1523 1188 οὔτε
1573 1136 1631 1186 ἐν
1688 1135 2086 1207 Ἱεροσολύμοις

518 1218 957 1288 προσκυνήσουσι
986 1219 1065 1290 τῷ
1099 1223 1293 1294 Πατρί.
1330 1223 1558 1295 Πνεῦμα
1603 1224 1714 1295 γὰρ
1742 1228 1769 1278 ό
1805 1225 1960 1292 Θεὸς,
1987 1226 2084 1279 καὶ

513 1306 639 1367 τοὺς
664 1310 1102 1376 προσκυνοῦντας
1136 1313 1299 1369 αὐτὸν
1344 1318 1401 1368 ἐν
1431 1316 1703 1386 πνεύματι
1729 1317 1824 1369 καὶ¹
1854 1316 2084 1389 ἀληθείᾳ

512 1392 944 1463 δεῖπροσκυνεῖν.
959 1419 1080 1450 ι-ι
1097 1402 1341 1470 Εύλόγει,
1358 1405 1390 1473 ἡ
1405 1404 1549 1475 ψυχή
1568 1422 1691 1474 μου,
1712 1406 1803 1458 τὸν
1820 1406 2044 1476 Κύριον.
2059 1423 2077 1455 ι

514 1484 812 1554 Σύμφωνον
845 1487 922 1556 τῷ
953 1491 1232 1561 προοιμίῳ
1257 1492 1317 1544 τὸ
1348 1492 1522 1557 τέλος.
1561 1496 1815 1558 Καλέσας
1845 1495 1953 1564 γὰρ
2003 1495 2085 1557 είς

514 1576 800 1629 κοινωνίαν
860 1576 962 1647 τῆς
1008 1579 1285 1650 ὑμνῳδίας
1325 1583 1424 1647 τὰς
1473 1586 1671 1654 νοητὰς
1694 1585 1903 1650 οὐσίας,
1935 1584 2083 1638 διδά-

515 1682 634 1718 σκει
663 1668 755 1720 καὶ
784 1671 952 1738 ἡμᾶς,
1002 1670 1077 1734 ὡς
1122 1671 1344 1727 δυνατὸν
1379 1676 1658 1747 γεραίρειν
1700 1677 1793 1729 τὸν
1818 1678 2080 1748 Ποιητὴν,

512 1757 605 1808 καὶ
638 1757 926 1829 ξσόμετρον
949 1763 1016 1832 τῇ
1070 1761 1300 1833 δυνάμει
1334 1766 1673 1836 προσφέρειν
1694 1767 1787 1821 τὸν
1812 1768 2080 1839 χαριστή-

515 1864 629 1915 ριον
660 1848 850 1920 ὕμνον.

818 1960 1083 2017 ΕΡΜΗΝ.
1116 1963 1254 2018 ΤΟΥ
1296 1965 1396 2017 ΡΓ¹
1459 1966 1776 2021 ΨᾹΛΜΟΥ.

580 2068 652 2116 α’.
687 2082 707 2114 t
751 2064 981 2136 Ψαλμὸς
1025 2071 1107 2139 τῷ
1166 2072 1330 2126 Δασίδ
1351 2075 1415 2128 ⁸⁷.
1457 2093 1476 2125 ι
1522 2076 1588 2129 'II
1630 2076 1728 2130 τοῦ
1808 2081 2078 2148 παναγίου

512 2153 830 2224 Πνεύματος
863 2158 1024 2227 χάρις
1061 2161 1123 2212 ού
1162 2161 1323 2230 μόνον
1342 2162 1541 2233 ἠθικὴν
1593 2167 1689 2218 καὶ
1741 2166 2080 2237 δογματικὴν

511 2244 860 2299 διδασκαλίαν
898 2249 1010 2311 τοῖς
1051 2249 1365 2320 ἀνθρώποις
1430 2254 1753 2324 προσφέρει,
1814 2256 1952 2310 ἀλλά
1980 2258 2080 2310 καὶ

510 2336 658 2397 ὅπως
695 2338 880 2406 ὑμνεῖν
911 2342 1176 2409 προσήκει
1226 2341 1318 2396 τὸν
1346 2343 1583 2414 Ποιητὴν
1609 2323 1855 2416 ἀκριϐῶς
1882 2323 2079 2402 exeas

511 2428 674 2478 δεύει.
713 2429 898 2483 mam
920 2431 1078 2485 τοῦτο
1106 2432 1256 2488 τόνδε
1302 2436 1655 2505 συγγέγραφε
1701 2436 1793 2491 τὸν
1838 2437 2076 2509 ψαλμὸν,

509 2516 586 2583 τῷ
619 2519 882 2590 μακαρίῳ
907 2520 1074 2574 Δαϐὶδ
1101 2523 1362 2595 ὑπουργῷ
1390 2527 1710 2598 χρησαμένη
1738 2542 1753 2557 ⁸
1776 2528 1853 2592 ὡς
1871 2530 1938 2584 ἂν
1971 2530 2079 2600 μά-

511 2616 697 2682 θοιμεν
759 2613 999 2680 ἅπαντες
1032 2655 1049 2681 ,
1078 2618 1219 2671 τίσιν
1272 2618 1464 2690 ὕμνοις
1514 2621 1621 2692 χρὴ
1658 2622 1751 2675 τὸν
1779 2622 2079 2694 εὐεργέτην

511 2704 854 2771 ἀμείϐεσθαι.
894 2707 1005 2770 Τὰς
1037 2709 1223 2780 μέντοι
1248 2711 1434 2775 κοινὰς
1482 2712 1802 2781 εὐεργεσίας
1840 2714 2078 2768 ἐνταῦθα

508 2792 751 2859 διέξεισι,
805 2798 902 2850 καὶ
952 2798 1195 2853 δείκνυσι
1241 2802 1473 2871 ποιητὴν
1501 2803 1759 2869 ἁπάντων
1787 2805 1947 2874 ὁμοῦ,
1982 2807 2080 2859 καὶ

512 2888 775 2956 πρύτανιν
794 2888 885 2942 τὸν
914 2890 1024 2943 τῶν
1047 2890 1185 2945 ὅλων
1208 2891 1362 2947 Θεόν.
1398 2913 1417 2947 ι
1446 2893 1740 2964 samem;
1770 2895 1915 2969 ψυχή
1947 2913 2076 2965 μου,

511 2980 602 3030 τὸν
625 2978 845 3049 Κύριον.
890 3001 910 3033 ι
951 2982 1223 3037 Ἕκαστον
1241 2983 1529 3048 εὐσεϐείας
1560 2987 1828 3055 τρόφιμον
1882 2988 2075 3057 ὑμνεῖν

2109 1728 2159 1787 Β

2185 508 2279 547 eos
2320 494 2370 546 in
2401 494 2723 549 servitutem
2755 493 3098 548 abduxerunt
3119 534 3135 557 ,
3163 493 3387 563 aliquod
3418 491 3762 569 Sionis_can-

2189 584 2352 639 ticum
2386 600 2584 640 canere
2610 585 2751 655 jussi
2788 593 3011 650 essent,
3036 585 3295 639 dixerunt
3321 584 3427 656 legi
3463 593 3711 653 parentes
3744 601 3756 635 :

2191 695 2210 729 ι
2238 677 2526 744 Quomodo
2569 678 2916 734 cantabimus
2959 679 3235 732 canticum
3279 675 3495 730 Domini
3528 677 3582 729 in
3616 685 3761 729 terra

2185 770 2467 839 peregrina
2496 770 2566 822 Π
2588 788 2607 819 ι
2656 767 2822 824 Nobis
2853 784 2980 823 vero
3005 768 3224 822 divinus
3257 767 3546 837 Apostolus
3574 767 3763 835 praeri~

2184 858 2264 926 pit
2290 867 2334 922 ι,
2368 859 2420 911 in
2451 860 2597 913 omni
2625 859 2746 914 loco
2771 870 2987 916 orantes
3020 860 3269 914 attollere
3299 874 3495 913 manus
3520 868 3760 912 sanctas.

2186 947 2301 1004 Hoc
2351 950 2513 1003 etiam
2568 951 2830 1006 Dominus
2875 951 3129 1006 Christus
3177 950 3538 1006 Samaritana:
3585 950 3757 1004 dicit:

2191 1060 2211 1094 ι
2240 1040 2540 1108 \’ere,vere
2574 1042 2698 1096 dico
2731 1042 2825 1096 tibi
2861 1040 2979 1096 fore
3033 1053 3090 1096 ut
3122 1043 3304 1096 veniat
3328 1043 3462 1097 hora
3484 1083 3498 1105 ,
3527 1049 3583 1096 et
3617 1057 3761 1094 nunc

2183 1141 2300 1201 est,
2334 1134 2554 1202 quando
2586 1149 2761 1202 neque
2792 1135 2845 1186 in
2887 1143 3070 1187 monte
3103 1135 3231 1197 hoc,
3269 1118 3444 1203 neque
3476 1134 3529 1186 in
3568 1131 3763 1185 Hiero-

2185 1224 2412 1295 solymis
2437 1224 2741 1279 adorabunt
2764 1224 3001 1279 Patrem.
3033 1225 3277 1294 Spiritus
3299 1225 3447 1279 enim
3474 1232 3561 1279 est
3587 1222 3755 1284 Deus,

2183 1324 2238 1370 et
2260 1329 2355 1371 eos
2388 1315 2481 1385 qui
2505 1316 2736 1370 adorant
2760 1331 2909 1381 eum,
2935 1316 2988 1370 in
3019 1316 3216 1384 spiritu
3245 1325 3300 1369 et
3334 1316 3566 1370 veritate
3589 1328 3759 1383 opor-

2185 1414 2259 1460 tet
2276 1406 2501 1461 adorare
2519 1418 2566 1462 ιι.
2603 1425 2622 1460 ι
2649 1435 2719 1446 --
2747 1426 2766 1459 ι
2796 1406 3055 1471 Benedic,
3085 1406 3265 1460 anima
3287 1422 3428 1471 mea,
3451 1405 3703 1460 Domino.
3735 1421 3755 1455 ι

2182 1495 2333 1553 Finis
2367 1496 3321 1554 aceommodatusestexordio.Cum
3351 1497 3494 1550 enim
3526 1497 3580 1551 in
3612 1511 3762 1551 com-

2184 1590 2497 1644 munionem
2528 1589 2728 1645 divinae
2774 1590 3115 1662 symphoniae
3152 1590 3469 1660 spirituales
3504 1590 3762 1644 substan-

2187 1684 2289 1738 tias
2321 1683 2643 1749 aecivisset,
2673 1684 2837 1739 docet
2876 1692 2930 1738 et
2966 1698 3067 1738 nos
3115 1698 3215 1752 pro
3258 1683 3468 1737 viribus
3499 1680 3761 1735 Condito-

2185 1786 2300 1826 rem
2335 1773 2609 1827 honorare
2629 1810 2644 1836 ,
2691 1772 3068 1843 hymnumque
3090 1772 3391 1841 gratiarum
3419 1770 3654 1826 actionis
3680 1766 3762 1823 Ia-

2181 1861 2372 1915 cultati
2402 1869 2607 1916 nostra:
2633 1874 2818 1929 parem
2851 1859 3073 1915 oﬂ'erre.

2567 1970 2888 2026 INTERPR.
2944 1970 3196 2026 PSALMI
3235 1969 3372 2028 CIII.

2252 2088 2417 2144 Vens.
2457 2089 2511 2143 1.
2586 2107 2605 2140 ι
2655 2089 2908 2144 Psalmus
2950 2088 3163 2145 Davidi.
3212 2107 3231 2140 ι
3291 2086 3532 2158 Spiritus
3584 2086 3761 2144 sancti

2179 2179 2350 2248 gratia
2396 2195 2505 2233 non
2541 2181 2703 2233 modo
2736 2180 3001 2236 moralem
3053 2188 3110 2234 et
3143 2180 3510 2250 dogmaticam
3557 2179 3762 2235 doctri-

2179 2284 2305 2323 nam
2337 2270 2649 2325 hominibus
2673 2270 2850 2333 εσσε-ι,
2878 2285 3071 2326 verum
3102 2271 3267 2325 etiam
3297 2271 3575 2341 quomodo
3595 2272 3762 2326 Crea-

2181 2366 2352 2413 torem
2396 2359 2618 2413 laudare
2643 2360 2953 2421 conveniat,
2973 2369 3232 2414 accurate
3276 2361 3458 2415 docet.
3498 2360 3761 2429 PrOpter-

2178 2462 2240 2502 ea
2269 2449 2415 2502 hunc
2442 2447 2776 2514 conscripsit
2817 2449 3107 2517 psalmum,
3146 2448 3307 2502 beato
3343 2449 3548 2501 Davide
3581 2448 3753 2501 mini-

2178 2545 2294 2593 stro
2308 2554 2433 2603 usa,
2453 2546 2511 2593 ut
2538 2537 2822 2592 discamus
2846 2551 3061 2601 omnes,
3082 2537 3285 2605 quibus
3315 2536 3572 2591 laudibus
3604 2537 3763 2591 bene-

2180 2626 2287 2682 ficii
2318 2635 2596 2683 auctorem
2627 2626 2961 2681 remunerari
2993 2635 3269 2696 oporteat.
3297 2625 3629 2682 Communia
3658 2625 3760 2694 igi-

2180 2724 2270 2766 tur
2298 2714 2556 2769 beneﬁcia
2589 2715 2690 2767 hoc
2718 2714 2839 2769 loco
2863 2715 3236 2783 persequitur,
3259 2712 3612 2782 ostenditque
3639 2711 3762 2765 uni-

2177 2818 2461 2857 versorum
2495 2804 2659 2858 simul
2705 2803 2956 2875 opiﬁcem
2979 2841 2997 2868 ,
3034 2811 3092 2858 et
3136 2804 3543 2859 moderatorem
3588 2800 3757 2855 Deum

2179 2907 2320 2949 esse.
2342 2911 2359 2943 ι
2384 2892 2636 2955 Benedic,
2654 2893 2861 2965 1331
2880 2892 3063 2948 anima
3084 2907 3227 2956 mea,
3250 2894 3533 2946 Domino.»
3563 2890 3764 2946 Unum-

2179 2997 2452 3053 quemque
2495 2982 2710 3051 pietatis
2737 2984 3025 3039 alumnum
3066 2982 3239 3038 Deum
3288 2981 3535 3037 beneficii
3571 2989 3762 3035 aucto-

508 3047 750 3123 διδάσκει
777 3070 868 3124 τὸν
909 3072 1207 3143 εὐεργέτην
1240 3073 1394 3128 Θεόν.
1439 3092 1459 3125 ι
1497 3047 1739 3146 1(οᾲέὸ
1774 3047 2075 3147 Osric-p.09,

2184 3047 2295 3126 rem
2335 3047 2587 3128 laudibus
2623 3073 2881 3143 prosequi
2927 3073 3113 3129 docet.
3167 3091 3187 3124 ι
3222 3071 3450 3127 Domine
3476 3071 3620 3125 Deus
3650 3070 3757 3137 nti,

510 3161 584 3223 ὠς
611 3162 656 3193 ⁸⁵
678 3162 1056 3232 ὲμεγαλύνθης
1117 3165 1357 3235 σφόδρα1
1398 3184 1419 3218 ι
1473 3167 1806 3232 Ἐπιτάσεως
1841 3169 1939 3224 καὶ
1993 3171 2081 3222 ἐν-

508 3249 687 3303 ταῦθα
738 3251 801 3304 τὸ
847 3252 948 3318 ὡς.
981 3253 1054 3305 Τὸ
1101 3253 1157 3307 δὲ
1206 3253 1620 3323 ἐμεταλύνθης
1658 3258 1725 3322 ⁸³,
1759 3260 1861 3311 ούκ
1906 3257 2077 3331 αὐξή-

513 3359 651 3406 σεως
682 3343 725 3375 ⁷⁸
753 3343 1068 3415 δηλωτικὸν,
1110 3344 1247 3400 ἀλλὰ
1298 3344 1394 3399 τοῦ
1419 3345 1765 3420 ’ἀμετρήτου
1815 3347 2079 3419 μεγέθους

514 3435 869 3503 σημαντικόν.
899 3434 1055 3491 Οὕτω
1083 3436 1192 3508 γὰρ
1219 3438 1314 3492 καὶ
1337 3439 1366 3492 ό
1404 3437 1704 3509 Σύμμαχος
1741 3440 2074 3511 ἡρμήνευσε,

512 3524 622 3578 Καὶ
649 3526 686 3557 ⁷¹
719 3528 753 3580 d
775 3527 1046 3597 Θεόςμου
1076 3531 1268 3599 μέγας
1299 3530 1345 3562 ’⁷⁸
1379 3530 1435 3584 εἳ
1460 3529 1719 3600 σφόδραο
1738 3532 1814 3585 υὺ
1843 3531 1953 3603 γὰρ
1983 3548 2077 3602 μι-

513 3615 646 3685 κρὸς
681 3613 757 3669 ὢν
809 3617 1179 3689 ὲμεγαλύνθη,
1209 3618 1350 3675 ἀλλά
1374 3620 1538 3690 φύσει
1595 3620 1772 3690 μέγας
1811 3619 1889 3674 ὢν
1917 3620 2077 3673 τοῦτο

510 3704 623 3766 τοῖς
645 3703 928 3759 εὐσεϐέσιν
946 3706 990 3737 ⁷³
1013 3707 1228 3779 ἐδείχθη
1256 3724 1270 3738 ο
1293 3708 1392 3779 ούχ
1406 3708 1554 3762 ἅπαν
1583 3709 1646 3761 τὸ
1673 3708 1929 3780 μέγεθος,
1959 3708 2077 3763 ἀλλ’

508 3794 631 3846 ὅσον
664 3795 697 3864 ἡ
730 3795 893 3864 φύσις
921 3796 1032 3849 τῶν
1065 3798 1372 3867 ἀνθρώπων
1407 3798 1621 3870 ἐχώρει.
1657 3818 1677 3853 t
1715 3799 2079 3871 Ἐξομολόγη-

512 3901 594 3937 σιν
634 3887 729 3939 καὶ
746 3888 1228 3958 μεγαλοπρέπειαν
1260 3890 1306 3921 ⁷⁸
1333 3892 1593 3946 ὲνεδύσω.
1629 3911 1647 3945 ›
1693 3893 1754 3945 ’0
1778 3892 2079 3963 Σύμμαχος

507 3970 700 4037 οὕτως,
736 3975 969 4045 ’Υμνον
1020 3980 1117 4033 καὶ
1180 3980 1463 4046 εὐδοξίαν
1512 3981 1812 4053 ἡμφιάσω.
1858 3983 1973 4037 Οὐκ
1996 3983 2078 4039 ἔτι

508 4065 616 4135 γάρ
652 4083 711 4118 σε
744 4067 1032 4132 ἀγνοοῦσιν
1063 4072 1110 4129 οἱ
1152 4070 1261 4123 τῶν
1311 4072 1419 4128 σῶν
1465 4073 1830 4140 ἀπολαύοντες
1860 4077 1905 4109 ⁷⁵
1936 4076 2078 4144 ἀγα-

510 4160 638 4226 θῶν,
667 4157 787 4210 οὐδὲ
827 4162 937 4219 τοῖς
975 4157 1213 4226 εἰδώλοις
1234 4162 1297 4216 τὸ
1326 4163 1418 4216 σὸν
1460 4164 1623 4228 σέϐας
1649 4165 2074 4237 προσφέρουσιν,

507 4250 645 4306 ἀλλά
689 4265 750 4301 σε
806 4248 1075 4319 ὑμνοῦσι,
1108 4253 1203 4306 καί
1246 4271 1328 4307 σοι
1353 4254 1415 4311 τὺ
1440 4256 1539 4325 τῆς
1589 4256 1896 4325 δοξολογίας
1929 4256 2075 4312 ὲκτίο

507 4359 660 4394 νουσι
699 4342 742 4373 ⁷⁸
781 4341 963 4410 χρέος.

579 4432 643 4502 β’.
681 4450 700 4483 t
751 4427 1216 4503 Ἀναϐαλλόμενος
1246 4435 1362 4502 φῶς
1401 4436 1476 4499 ὡς
1517 4437 1752 4507 ἱμάτιον.
1791 4456 1811 4487 ι
1852 4438 2072 4509 Συνῳδά

507 4517 714 4582 τούτοις
739 4520 782 4550 ⁷⁷
811 4521 953 4573 καὶὸ
994 4521 1316 4586 Ἀπόστολος
1349 4524 1451 4596 ἔφη
1493 4542 1508 4556 ο
1548 4545 1565 4578 ι
1620 4528 1678 4580 Ὀ
1713 4527 1874 4596 μόνος
1935 4528 2075 4598 ἔχων

505 4610 806 4665 ἀθανασίαν
832 4653 848 4677 ,
895 4613 1010 4680 φῶς
1064 4614 1228 4668 οίκῶν
1270 4617 1583 4686 ἀπρόσιτον.
1614 4637 1632 4669 ι
1657 4618 1924 4672 Τοσοῦτον
1966 4620 2075 4690 γάρ

505 4704 650 4759 ἐστιν
677 4705 853 4757 ἐκεῖνο
890 4704 953 4757 τὸ
994 4704 1129 4774 φῶς,
1170 4706 1246 4769 ὡς
1286 4708 1488 4778 μηδένα
1536 4709 1794 4774 πελάζειν
1828 4710 2071 4780 τολμᾷν·

504 4796 834 4866 ἀποστρέφει
869 4797 979 4867 γὰρ
1017 4798 1116 4861 τὰς
1146 4798 1298 4869 ὄψεις
1338 4802 1370 4869 ή
1408 4800 1508 4869 τῆς
1544 4800 1737 4870 αἴγλης
1770 4802 2070 4871 ὑπερϐολή.

506 4884 573 4938 Ei
599 4886 706 4959 γὰρ
732 4891 760 4941 ὁ
787 4889 1045 4960 αἰσθητὸς
1066 4890 1227 4943 τοῦτο
1250 4894 1425 4945 ποιεῖν
1443 4892 1595 4962 ἥλιος
1619 4892 1922 4961 ἀναγκάζει
1946 4893 2071 4954 τοὺς

581 5113 600 5152 9
645 5104 784 5159 l‘sal.
818 5122 1012 5162 cum
1034 5150 1048 5176 ,
1082 5109 1134 5162 1.

2178 3179 2344 3233 quam
2393 3163 2776 3234 magniﬁcatus
2843 3179 2904 3221 es
2939 3164 3118 3220 valde.
3148 3183 3169 3216 ι
3219 3164 3708 3234 Exaggerationem
3742 3165 3758 3185 ‘

2187 3256 2295 3311 hoc
2328 3257 2492 3311 etiam
2526 3256 2684 3323 loco,
2714 3272 2874 3327 quam
2905 3255 3197 3327 signiﬁcat.
3225 3255 3358 3310 Illud
3416 3269 3566 3317 vero,
3635 3252 3758 3306 Ma-

2176 3347 2456 3416 gniﬁcam:
2523 3363 2619 3410 es,
2688 3362 2798 3403 non
2853 3348 3249 3403 incrementum
3322 3344 3603 3417 designat,
3662 3342 3760 3398 sed

2178 3437 2500 3492 immensam
2529 3438 2960 3507 magnitudinem
2988 3437 3213 3493 indicat.
3237 3435 3330 3492 Sic
3355 3437 3500 3490 enim
3532 3444 3587 3489 et
3609 3434 3761 3505 Sym-

2177 3528 2406 3584 machus
2435 3529 2823 3599 interpretatus
2848 3539 2951 3595 est,
2978 3528 3119 3583 Deus
3149 3531 3243 3592 mi,
3264 3544 3487 3597 magnus
3509 3544 3564 3582 es
3583 3526 3758 3581 valde.

2177 3613 2297 3672 Non
2327 3616 2473 3671 enim
2503 3630 2627 3671 cum
2658 3625 2804 3672 esset
2838 3632 3039 3687 parvus
3067 3655 3084 3681 ,
3137 3632 3371 3687 magnus
3416 3615 3594 3670 Iactus
3639 3625 3757 3679 est,

2177 3708 2271 3764 sed
2304 3722 2427 3764 cum
2463 3717 2656 3764 natura
2692 3723 2922 3778 magnus
2952 3717 3127 3774 esset,
3162 3708 3267 3763 hoc
3296 3708 3403 3777 piis
3438 3706 3760 3762 hominibus

2177 3803 2617 3859 demonstratum
2650 3814 2736 3859 est
2762 3822 2776 3858 :
2814 3819 2925 3858 non
2957 3812 3065 3859 tota
3093 3803 3431 3872 magnitudo,
3465 3802 3557 3857 sed
3582 3814 3758 3870 quan-

2179 3902 2289 3947 tam
2333 3892 2574 3946 humana
2602 3901 2798 3946 natura
2829 3894 3297 3962 comprehendere
3328 3901 3526 3962 potest.
3564 3908 3584 3942 t
3611 3889 3759 3945 Con—

2179 3981 2475 4037 fessionem
2510 3989 2566 4035 et
2601 3981 2855 4035 decorem
2888 3980 3134 4035 induisti.
3166 3999 3185 4031 ι
3235 3981 3598 4050 Symmachus
3638 3980 3755 4033 sic:

2178 4071 2414 4127 Laudem
2441 4081 2492 4124 et
2522 4070 2749 4140 gloriam
2776 4069 3022 4124 induisti.
3058 4067 3175 4122 Non
3205 4071 3350 4123 enim
3380 4070 3641 4136 amplius,
3663 4066 3756 4136 qui

2179 4163 2290 4217 tuis
2329 4159 2689 4231 perfruuntur
2724 4160 2883 4214 bonis
2906 4200 2921 4225 ,
2970 4168 3022 4212 te
3061 4158 3314 4229 ignorant
3341 4199 3355 4219 ,
3402 4174 3573 4227 neque
3605 4168 3755 4210 tuum

2180 4254 2443 4307 honorem
2472 4250 2790 4306 simulacris
2818 4248 3096 4313 deferunt,
3122 4251 3212 4301 scd
3238 4256 3287 4301 te
3314 4248 3555 4311 laudant,
3584 4254 3638 4300 et
3663 4246 3758 4300 tibi

2109 4375 2153 4430 Β
2182 4345 2367 4416 glarize
2390 4344 2633 4398 debitum
2666 4343 2929 4412 pendunt.

2248 4432 2415 4493 Vens.
2453 4434 2509 4488 2.
2563 4452 2581 4485 t
2610 4436 2861 4488 Amictus
2910 4433 3119 4488 lumine
3163 4432 3306 4487 sicut
3358 4429 3705 4487 vestimento.
3733 4445 3752 4480 ι

2180 4524 2435 4582 Consona
2474 4524 2559 4579 his
2589 4523 2887 4593 Apostolus
2919 4537 3143 4595 quoque
3181 4523 3354 4579 dicit:
3406 4539 3425 4574 t
3460 4519 3566 4588 Qui
3608 4519 3760 4576 solus
3800 4512 3803 4515 ⁷

2182 4616 2345 4670 habet
2392 4614 2859 4669 immortalitatem
2883 4655 2898 4679 ,
2933 4615 3111 4670 lucem
3157 4614 3471 4669 inhabitans
3510 4611 3757 4667 inacces-

2182 4707 2397 4762 sibilem
2424 4706 2478 4759 δ.
2534 4724 2555 4758 ι
2591 4705 2764 4760 Tanta
2796 4705 2946 4761 enim
2975 4715 3060 4762 est
3096 4705 3187 4761 illa
3223 4706 3346 4765 lux.
3377 4714 3438 4759 ut
3474 4717 3634 4758 nemo
3665 4717 3761 4772 ap-

2181 4798 2546 4867 propinquare
2607 4797 2804 4851 audeat
2846 4815 2860 4851 :
2919 4795 3285 4852 redundantia
3332 4794 3479 4851 enim
3532 4791 3758 4848 luminis

2181 4889 2355 4943 visum
2389 4887 2604 4944 avertit.
2641 4887 2700 4942 Si
2725 4889 2870 4943 enim
2911 4889 2995 4943 sol
3032 4904 3195 4960 queat
3230 4889 3502 4946 sentimus
3534 4883 3640 4939 hoc
3675 4877 3758 4941 Ia-

1213 5118 1237 5145 ι
1275 5109 1292 5162 I
1329 5109 1472 5163 Tim.
1510 5125 1582 5173 tt,
1614 5110 1667 5163 8.
1745 5121 1771 5150 ο
1806 5107 1968 5162 Joan.
2007 5122 2079 5169 tv,

2184 5107 2228 5168 ι,
2257 5105 2328 5159 ‘25
2351 5145 2366 5168 ,
2402 5105 2492 5160 24.
2566 5107 2594 5145 1)
2624 5104 2639 5158 1
2670 5105 2811 5161 Tim.
2846 5122 2897 5159 Vt
2924 5145 2939 5169 ,
2978 5104 3065 5160 16.

1593 5280 1824 5338 VAle
1866 5280 2245 5337 LECTIONES
2284 5280 2371 5334 ET
2406 5279 2649 5335 NOTAE.

580 5445 624 5478 θ’
653 5448 774 5504 cod.
799 5449 1045 5511 1δοίους,
1073 5466 1192 5519 qute
1216 5459 1299 5505 est
1328 5447 1613 5519 rec._lectio
1642 5449 1757 5519 l._c_.
1784 5516 1796 5519 Α
1831 5449 1874 5482 ⁸⁷
1914 5448 2079 5519 Ψᾳλμ

2192 5445 2271 5519 τῷ
2296 5443 2633 5519 Δαϐίδφοᾲ.
2661 5439 3102 5519 ξΙ-ᾋλληλούῖαει
3232 5435 3350 5519 jac.
3381 5430 3757 5519 ῥῢεξει-ξοωᾶ.

509 5518 533 5587 ξ
566 5529 620 5574 ct
647 5536 678 5574 a
718 5530 862 5587 textu
888 5520 996 5570 τῶν
1021 5516 1104 5571 0⁷.
1208 5521 1252 5551 ⁶⁹
1290 5521 1409 5574 cod.
1442 5517 1465 5570 I
1505 5516 1866 5587 ἐμεγαλύνθη.

509 5660 856 5738 εὐπρέπειαν.
947 5658 996 5690 ’⁷⁸
1024 5658 1145 5712 cod.
1188 5659 1207 5710 1
1243 5658 1664 5721 ἀπολαύσαντες.

1978 5517 2023 5575 '.°
2043 5510 2392 5582 Ἀὺξήσεως.
2426 5515 2550 5570 cod.
2590 5512 2608 5582 1
2649 5510 2947 5582 ἀξιώσεως.

510 5568 872 5656 etiam.
903 5568 1093 5642 eam
1112 5568 1631 5659 ιμεγαπξλέιηξξτθε
1651 5568 1781 5659 eoa,
1799 5568 2079 5659 ιξέισειοδλ

2200 5568 2554 5659 Γπῃίζεπξάλ.
2588 5581 2663 5659 Ita
2698 5568 2860 5633 habet
2895 5568 3246 5659 codex-Alex.
3278 5574 3330 5656 In
3351 5573 3474 5630 cod.
3501 5568 3595 5627 Vat

1764 5658 1810 5688 ⁷⁸
1835 5656 2191 5711 Ἐκτίνουσι.
2225 5655 2344 5709 cod.
2373 5654 2393 5705 1
2435 5652 2790 5722 ἀπονέμουσι.

3714 5591 3752 5629 is

3057 5507 3103 5537 '”
3134 5506 3263 5558 Καί.
3310 5501 3496 5559 comi
3551 5501 3638 5556 Kti
3733 5540 3749 5562 .

3057 5591 3063 5626 :
3096 5575 3246 5628 Alex.
3278 5574 3330 5627 In
3351 5573 3474 5630 cod.
3501 5568 3595 5627 Vat
3644 5519 3749 5641 ftis.

2904 5647 2949 5677 ⁷⁷
2982 5645 3104 5700 cod.
3141 5643 3169 5695 I'
3207 5642 3399 5720 τούτῳ,
