4006 6198
481 293 616 368 1695

1433 299 1928 360 THEODORETI
1990 299 2329 362 EPISCOPI
2405 300 2777 362 CYRENSIS

3593 293 3711 360 1696

475 429 600 471 cere
632 414 778 487 cogit
811 430 942 482 eos,
991 415 1082 486 qui
1118 412 1331 469 avidius
1360 413 1562 469 intueri
1597 426 1887 479 conamur,
1926 415 2054 485 quis

2159 414 2452 484 ἀπλήστως
2470 414 2711 486 καθορᾷν
2737 410 3134 483 πειρωμένους,
3161 411 3244 476 τίς
3262 411 3444 475 ἱκανὸς
3465 408 3554 464 τοῦ
3570 410 3716 481 ἀπρο-

481 516 658 578 potest
703 511 1040 565 inaccessam
1091 510 1268 563 lucem
1315 505 1710 577 contemplari?
1761 506 1857 560 Est
1894 506 2059 577 igitur

478 610 531 654 et
559 601 673 670 ipse
703 602 793 656 lux
822 618 972 664 vera,
996 611 1050 657 et
1075 602 1332 657 amicitur
1358 599 1565 654 lumine
1596 601 1737 654 sicut
1758 600 2059 654 vestimen-

481 704 536 747 to
561 735 576 759 ,
604 706 658 748 et
691 695 867 749 lucem
910 692 1342 750 inaccessibilem
1376 692 1674 757 inhabitat,
1726 700 1779 745 et
1808 691 1978 746 nubes
2007 699 2062 746 et

479 784 660 855 caligo
686 787 739 840 in
770 787 1001 842 circuitu
1028 787 1166 857 ejus,
1194 795 1248 841 et
1275 785 1457 856 posuit
1490 784 1742 838 tenebras
1773 783 2057 837 latibulum

479 892 674 932 suum:
706 888 758 934 et
793 880 906 933 hinc
939 880 1165 934 minime
1199 887 1390 933 contra
1430 891 1488 931 se
1522 876 1750 930 invicem
1783 885 2056 946 pugnant,

480 969 742 1038 quoniam
769 971 1052 1026 inaccessa
1097 971 1188 1024 lux
1233 969 1302 1023 iis
1338 967 1431 1039 qui
1464 967 1675 1038 1332
1709 982 2058 1037 nequaquam

481 1061 656 1131 ipsam
694 1077 918 1118 cernere
963 1071 1226 1133 possunt,
1285 1061 1426 1115 idem
1477 1070 1557 1114 est
1597 1061 1744 1131 quod
1786 1061 1961 1132 caligo
2006 1071 2063 1118 et

481 1152 740 1209 tenebrae.
780 1153 919 1209 Nam
960 1167 1136 1224 neque
1165 1171 1225 1208 ea
1257 1169 1379 1222 quae
1414 1154 1467 1206 in
1501 1153 1614 1217 illo,
1644 1168 1820 1222 neque
1847 1169 1910 1208 ea
1939 1170 2062 1224 quae

481 1244 536 1296 in
565 1245 648 1300 his
673 1255 834 1308 sunt,
866 1245 1111 1316 conspici
1143 1254 1390 1315 possunt.
1426 1244 1489 1297 Et
1518 1245 1620 1300 hoc
1656 1245 1820 1315 igitur
1841 1255 1895 1301 et
1926 1247 2060 1304 illud

480 1330 722 1387 declarat
749 1335 990 1389 divinam
1025 1344 1276 1390 naturam
1325 1336 1551 1390 minime
1590 1336 1834 1406 conspici
1871 1353 2058 1408 posse.

488 1441 506 1474 ι
547 1421 860 1481 Extendens
881 1427 1080 1482 coelum
1113 1427 1255 1482 sicut
1285 1428 1500 1496 pellem.
1531 1447 1548 1478 ι
1595 1427 1699 1482 Per
1729 1427 1846 1483 haec
1879 1431 2062 1499 operis

483 1513 799 1571 facilitatem
835 1517 1042 1572 docuit.
1083 1519 1236 1573 Sicut
1283 1520 1430 1572 enim
1478 1519 1686 1572 homini
1733 1520 1923 1589 pellem
1969 1536 2063 1574 ex-

483 1606 704 1663 tendere
743 1605 900 1662 facile
946 1618 1066 1673 est,
1117 1620 1170 1664 et
1215 1610 1627 1664 tabernaculum
1674 1610 1888 1665 ellicere
1931 1630 1944 1664 :
1984 1611 2064 1666 sic

483 1696 629 1755 Deus
685 1715 869 1755 rerum
928 1705 1175 1756 omnium
1215 1703 1465 1757 conditor
1513 1704 1764 1773 ingentes
1795 1703 2061 1758 cmlorum

481 1791 646 1847 orbes
679 1793 924 1848 extendit
961 1796 1130 1849 verbo
1162 1795 1279 1850 solo
1307 1811 1460 1850 usus.

549 1879 718 1939 Vsus.
768 1885 822 1939 5.
882 1904 900 1936 ι
931 1885 1145 1956 Tegeus
1192 1887 1350 1955 aquis
1393 1887 1675 1940 eteuacula
1720 1902 1837 1941 sua.
1874 1905 1892 1937 ι
1947 1885 2060 1941 Hoc

479 1975 644 2028 etiam
673 1960 866 2032 beatus
897 1977 1071 2032 Moses
1093 1980 1299 2032 docuit.
1331 1977 1420 2030 Ait
1449 1978 1592 2030 enim
1627 1977 1792 2032 Deum
1817 1978 2053 2033 dixisse:

484 2082 503 2112 σ
538 2063 656 2119 Fiat
704 2066 1104 2121 ﬁrmamentum
1162 2069 1214 2120 in
1278 2067 1457 2121 medio
1510 2083 1776 2136 aquarum
1813 2079 1833 2107 ο
1869 2109 1884 2134 ,
1930 2087 1948 2120 ι
2007 2077 2060 2122 et

478 2154 886 2210 distinctionem
937 2156 1108 2212 faciat
1149 2157 1288 2211 inter
1322 2172 1527 2227 aquas,
1561 2174 1683 2228 quae
1727 2167 1855 2211 sunt
1896 2174 2060 2227 super

480 2246 904 2312 ﬁrmamentum,
935 2258 989 2304 et
1018 2249 1161 2303 inter
1189 2264 1381 2315 aquas,
1421 2265 1543 2319 qua:
1573 2259 1702 2304 sunt
1739 2251 1844 2303 sub
1872 2250 2058 2303 firma-

480 2347 686 2392 mento.
725 2357 744 2389 ι
780 2337 998 2395 Ponens
1038 2341 1237 2394 nubem
1281 2357 1569 2398 ascensum
1623 2359 1784 2397 suum
1811 2383 1826 2408 ,
1863 2343 2058 2397 ambu-

479 2427 598 2482 lans
629 2444 794 2498 super
823 2432 1017 2500 pennis
1047 2441 1356 2488 ventorum.
1393 2453 1413 2488 ι
1457 2434 1561 2490 Per
1611 2438 1726 2490 haec
1767 2437 2060 2504 providen-

477 2519 606 2572 ti-un
655 2536 987 2592 quocunque
1015 2531 1393 2591 penetrantem
1428 2525 1751 2581 declaravit.
1801 2525 2058 2582 Praesidct

474 2610 644 2677 enim,
677 2612 877 2683 inquit,
908 2623 962 2669 et
999 2615 1173 2669 ventis
1204 2624 1258 2670 et
1292 2617 1550 2681 nubibus,
1581 2627 1635 2670 et
1669 2617 1786 2686 ipse
1814 2633 1907 2672 eas
1937 2633 2057 2670 mo-

474 2706 736 2770 deratur,
799 2713 854 2761 et
899 2707 1205 2776 gubernat,
1259 2711 1278 2731 ⁶
1331 2718 1384 2763 et
1425 2710 1743 2770 utilitatem.
1785 2726 1907 2780 quae
1932 2710 2057 2765 hinc

474 2793 832 2862 producitur,
863 2806 1172 2866 Opportune
1201 2798 1449 2869 largitur.
1482 2797 1655 2853 Porro
1695 2799 1858 2871 simul
1900 2800 2058 2855 docet

473 2884 714 2939 divinam
743 2897 992 2942 naturam
1019 2889 1237 2957 ubique
1265 2889 1460 2944 adesse
1480 2929 1494 2952 ,
1539 2897 1594 2943 et
1625 2891 1690 2943 ad
1720 2891 1901 2944 omnia
1933 2905 2056 2960 per-

475 2974 680 3028 volare.
737 2973 1009 3041 Quoniam
1053 2978 1210 3031 enim
1265 2987 1557 3033 ventorum
1616 2988 1811 3034 natura
1870 2996 2052 3036 rerum

2168 506 2318 560 σίτου
2375 507 2554 576 φωτὸς
2615 509 2672 560 ἐν
2725 505 2978 578 περινοίᾳ
3008 503 3263 572 γενέσθαι
3300 504 3498 570 ;¹Ἐστι
3526 503 3614 571 μὲν
3638 498 3716 556 οὖν

2165 599 2260 650 καὶ
2287 598 2454 661 αὐτὸς
2486 598 2601 668 φῶς
2637 597 2892 668 ἀληθινόν
2917 612 2930 625 ·
2964 594 3331 649 ἀναϐάλλεται
3354 594 3410 648 δὲ
3433 596 3524 646 καὶ
3550 594 3591 625 ⁷⁸
3617 593 3716 660 φῶς

2164 690 2241 752 ὡς
2273 690 2510 758 ἱμάτιον,
2540 692 2635 744 καὶ
2663 690 2781 759 φῶς
2802 691 2940 741 οἰκεῖ
2965 688 3282 758 ἀπρόσιτον,
3308 687 3405 738 καὶ
3427 685 3614 754 νεφέλη
3637 686 3717 738 καὶ

2164 776 2365 846 γνόφος
2393 776 2580 848 κύκλῳ
2628 774 2794 830 αὐτοῦ
2816 815 2830 840 ,
2863 776 2959 828 καὶ
3005 774 3159 827 έθετο
3191 773 3380 836 σκότος
3421 772 3716 843 ἀποκρυφὴν

2164 867 2353 921 αὑτοῦ.
2378 867 2489 921 Καὶ
2510 867 2610 920 ούκ
2626 866 2845 920 ἐναντία
2862 865 3034 918 ταῦτα
3059 864 3334 934 ἀλλήλοις
3360 863 3421 916 τὸ
3441 862 3543 933 γὰρ
3565 864 3718 933 ἀπρό-

2165 973 2312 1012 σιτον
2344 958 2461 1027 φῶς
2485 960 2598 1022 τοῖς
2624 959 2760 1029 ὁρᾷν
2801 955 2876 1029 μὴ
2923 955 3256 1024 δυναμένοις
3307 953 3386 1025 τῷ
3419 955 3595 1025 γνόφῳ
3639 955 3717 1008 καὶ

2163 1048 2244 1118 τῷ
2274 1047 2460 1101 σκότει
2484 1047 2680 1102 ταυτόν
2712 1050 2882 1100 ἐστιν.
2914 1043 3054 1100 Ούτε
3080 1045 3190 1116 γάρ
3219 1043 3287 1096 τὰ
3315 1045 3374 1097 ἐν
3403 1043 3590 1113 τούτῳ,
3612 1041 3717 1095 οὔτε

2163 1141 2231 1196 τὰ
2259 1142 2318 1193 ἐν
2348 1139 2544 1209 ἐκείνῳ
2592 1137 2820 1193 δυνατὸν
2870 1136 3131 1190 κατιδεῖν.
3191 1134 3302 1188 Kal.
3353 1132 3508 1186 τοῦτο
3555 1134 3717 1203 μέντοι

2163 1233 2389 1285 κάκεῖνο
2421 1231 2520 1300 τῆς
2545 1229 2698 1292 θείας
2728 1228 2948 1298 φύσεως
2976 1225 3128 1298 δηλοῖ
3174 1224 3234 1278 τὸ
3263 1225 3513 1293 ἀόρατον.
3551 1242 3565 1273 ι
3614 1223 3717 1275 Ἐκ-

2162 1323 2358 1376 τείνων
2379 1321 2470 1374 τὸν
2503 1320 2732 1390 οὐρανὸν
2761 1319 2896 1372 ὡσεὶ
2924 1317 3131 1388 δέρριν.
3168 1335 3186 1367 ι
3225 1315 3339 1386 Τὴν
3364 1315 3461 1384 τῆς
3482 1314 3715 1384 δημιουρ-

2162 1413 2289 1481 γίας
2311 1411 2565 1466 εὐκολίαν
2594 1410 2686 1464 διὰ
2706 1409 2912 1463 τούτων
2940 1407 3196 1471 ἐδίδαξεν.
3226 1407 3320 1469 Ὠς
3347 1405 3456 1475 γὰρ
3473 1403 3714 1474 ἀνθρώπῳ

2165 1506 2349 1576 ρᾴδιον
2406 1505 2590 1576 δέρριν
2629 1505 2868 1556 ἐκτεῖναι
2922 1503 3018 1555 καὶ
3054 1500 3283 1570 ποιῆσαι
3311 1499 3531 1568 σκηνὴν,
3568 1497 3714 1559 οὕτως

2164 1595 2192 1645 ὁ
2231 1593 2339 1646 τῶν
2371 1594 2508 1647 ὅλων
2540 1592 2676 1656 Θεὸς
2713 1597 2781 1646 τά
2819 1591 3034 1662 μεγάλα
3061 1590 3170 1644 τῶν
3197 1588 3445 1660 οὐρανῶν
3460 1589 3710 1642 διεπέτασε

2166 1686 2329 1758 κήτη,
2362 1684 2506 1755 λόγῳ
2539 1684 2687 1754 μόνῳ
2722 1683 3095 1754 χρησάμενος.

2231 1887 2302 1948 γ’.
2401 1879 2459 1931 '0
2497 1879 2775 1946 στεγάζων
2825 1879 2881 1930 ἐν
2918 1875 3074 1930 ὕδασι
3107 1875 3178 1928 τὰ
3203 1875 3434 1946 ὑπερῷα
3486 1873 3654 1928 αὐτοῦ.
3685 1891 3701 1924 ι

2161 1971 2333 2024 Τοῦτο
2381 1971 2475 2024 καὶ
2530 1972 2559 2024 ὁ
2625 1969 2900 2040 μακάριος
2953 1967 3161 2034 ἐδίδαξε
3193 1967 3427 2036 Μωσῆς.
3458 1967 3592 2034 Ἔφη
3619 1966 3704 2034 γὰρ

2160 2063 2252 2116 τὸν
2280 2063 2413 2116 Θεὸν
2439 2061 2744 2132 εἰρηκέναι,
2784 2079 2802 2111 ι
2832 2061 3133 2130 Γενηθήτω
3182 2059 3476 2130 στερέωμα
3506 2061 3558 2110 ἐν
3583 2057 3704 2127 μέσῳ

2159 2155 2252 2208 τοῦ
2291 2153 2479 2216 ὕδατος
2501 2155 2567 2218 ⁷³,
2600 2172 2618 2205 ›
2656 2153 2749 2205 καὶ
2785 2151 2939 2205 ἔσται
2960 2149 3295 2223 διαχωρίζον
3319 2149 3578 2220 ἀναμέσον
3600 2148 3703 2200 ὓδα-

2157 2246 2287 2307 τοςί
2339 2244 2432 2296 τοῦ
2487 2246 2674 2298 ἐπάνω
2729 2243 2826 2296 τοῦ
2885 2241 3306 2313 στερεώματος,
3342 2241 3433 2295 καὶ
3471 2240 3703 2308 ἀναμέσων

2156 2337 2250 2389 τοῦ
2283 2335 2474 2397 ὓδατος
2504 2334 2599 2388 τοῦ
2618 2335 2881 2388 ὑποκάτω
2907 2333 3002 2386 τοῦ
3034 2331 3442 2404 περεώματος.
3458 2352 3475 2384 ι
3497 2332 3550 2383 Ὀ
3565 2330 3702 2391 τιθεὶς

2156 2426 2293 2496 νέφη
2317 2427 2417 2496 τὴν
2443 2425 2701 2480 ἐπίϐασιν
2722 2425 2888 2479 αὑτοῦ
2915 2425 2984 2490 ⁸⁰,
3011 2427 3040 2478 ὁ
3066 2425 3398 2496 περιπατῶν
3426 2425 3514 2478 ἐπὶ
3536 2420 3702 2492 πτερύ-

2157 2534 2270 2585 γων
2294 2518 2535 2587 ἀνέμων.
2572 2535 2590 2568 ι
2618 2517 2718 2570 Διά
2745 2517 2953 2571 τούτων
2990 2517 3092 2588 τὴν
3131 2534 3242 2570 παν
3256 2516 3425 2587 ταχοῦ
3453 2516 3700 2587 διήκουσαν

2157 2611 2392 2680 ἐδήλωσε
2415 2610 2698 2680 πρόνοιαν.
2723 2609 3030 2685 Ἐφέστηκε
3059 2607 3189 2679 γὰρ,
3205 2610 3370 2681 φησί,
3404 2609 3492 2663 καὶ
3517 2606 3700 2675 ἀνέμοις

2157 2705 2251 2756 καὶ
2276 2703 2498 2770 νέφεσιν
2524 2718 2539 2733 ο
2571 2704 2667 2754 καὶ
2695 2703 2858 2766 αὐτὸς
2885 2701 3058 2756 ἰθύνει
3092 2701 3300 2767 ταῦτα,
3333 2701 3426 2754 καὶ⁵
3459 2700 3666 2770 κυϐερνᾷ
3685 2713 3696 2726 ’

2156 2796 2252 2849 καὶ
2274 2795 2375 2866 τὴν
2399 2793 2652 2848 ἐντεῦθεν
2685 2794 2966 2866 φυομένην
2985 2795 3065 2857 εἰς
3090 2794 3295 2866 καιρὸν
3317 2795 3495 2847 δίδωσι
3524 2792 3696 2863 χρείαν.

2157 2889 2408 2942 Διδάσκει
2440 2887 2496 2939 δὲ
2526 2887 2671 2939 κατά
2693 2885 2913 2950 ταυτὸν,
2945 2885 3020 2949 ὡς
3041 2888 3074 2956 ή
3113 2886 3232 2939 θεία
3284 2888 3442 2956 φύσις
3464 2881 3696 2950 πανταχοῦ

2159 2982 2394 3049 πάρεστι
2424 3019 2440 3044 ,
2463 2977 2558 3030 καί⁵
2587 2981 2699 3039 τοῖς
2730 2979 2898 3030 πᾶσιν
2955 2978 3285 3046 ἐφίπταται..
3311 2979 3357 3011 ⁸⁸
3397 2977 3596 3047 Ἐπειδὴ
3614 2975 3699 3043 γὰρ

472 3062 716 3117 omnium
748 3065 1093 3120 sensibilium
1125 3081 1208 3122 εει
1239 3067 1579 3124 velocissima
1627 3070 1872 3139 (puncto
1901 3071 2048 3125 enim

2159 3071 2264 3125 τῶν
2297 3068 2576 3140 αἰσθητῶν
2622 3069 2879 3121 ἁπάντων
2922 3069 3161 3140 ὀξυτάτη
3205 3070 3327 3123 τῶν
3353 3064 3700 3139 ἀνέμωνὴφύο

471 3155 733 3222 temporis
761 3156 830 3210 ab
857 3170 1056 3212 occasu
1098 3159 1164 3212 ad
1194 3168 1376 3230 ortum
1403 3159 1702 3228 percurrit,
1743 3168 1797 3214 et
1834 3161 1902 3214 ab
1925 3171 2047 3215 ortu
2098 3196 2104 3201 -

416 3259 422 3266 ·
473 3243 540 3296 ad
565 3247 902 3314 occasum),
948 3262 1057 3300 non
1087 3247 1371 3302 inveniens
1400 3249 1454 3303 in
1488 3249 1840 3307 sensibilibus
1887 3251 2050 3306 aliam

473 3331 769 3386 celeritatis
823 3335 1159 3390 exactiorem
1203 3335 1658 3405 similitudinem,
1700 3339 1834 3394 dicit
1880 3339 2051 3395 Deum

471 3438 638 3494 super
663 3425 858 3494 pennis
884 3438 1170 3484 ventorum
1199 3429 1343 3494 vehi,
1371 3445 1466 3499 per
1498 3430 1612 3486 haec
1640 3431 1845 3500 ubique
1868 3430 2050 3500 ipsum

474 3515 666 3572 adesse
704 3517 1013 3575 declarans.
1052 3520 1367 3586 Invenimus
1405 3532 1588 3578 autem
1633 3523 1756 3578 liliis
1787 3523 1954 3580 Israel
1981 3526 2052 3582 εἰη

419 3657 423 3664 .
473 3606 621 3661 nube
641 3609 1020 3663 universorum
1047 3611 1218 3665 Deum
1245 3613 1596 3681 apparuisse,
1636 3620 1691 3666 et
1717 3613 1770 3666 in
1801 3613 2054 3670 taberna-

475 3695 602 3749 culo
651 3710 745 3764 per
791 3697 990 3752 nubem
1043 3713 1102 3754 se
1148 3701 1597 3769 conspiciendum
1649 3702 1952 3770 praebuisse
1982 3703 2050 3760 Α.

480 3785 690 3856 1333
744 3787 884 3852 Quin
924 3797 978 3843 et
1019 3804 1143 3843 cum
1184 3788 1443 3844 Salomon
1477 3789 1700 3844 domum
1737 3791 2052 3859 dedicaret,

426 3922 428 3924 ,
475 3875 650 3930 nubes
693 3877 915 3932 domum
957 3879 1170 3947 operuit
1197 3889 1256 3942 ο,
1303 3888 1358 3934 et
1399 3879 1664 3937 Dominus
1700 3881 1956 3941 Christus
1987 3886 2054 3940 -in

477 3977 662 4022 monte
691 3969 866 4026 tribus
895 3970 1156 4040 apostolis
1188 3971 1526 4040 splendidam
1559 3975 1705 4030 circa
1749 3991 1807 4031 se
1853 3977 2053 4033 nubem

477 4059 720 4114 ostendit
762 4060 822 4124 ε,
868 4071 921 4115 et
965 4075 1090 4119 cum
1133 4073 1508 4117 assumeretur
1540 4065 1564 4105 ε
1597 4107 1614 4131 ,
1661 4066 1836 4122 nubes
1875 4067 2056 4124 lucida

478 4151 718 4208 susceoit
749 4169 876 4210 eum
906 4154 974 4209 ab
1008 4154 1187 4212 oculis
1219 4171 1434 4212 eorum.

2159 3177 2278 3223 σις’
2309 3163 2366 3213 ἐν
2405 3161 2606 3230 ἀκαρεῖ
2627 3159 2734 3229 γὰρ
2759 3160 2866 3212 ἀπὸ
2911 3159 3020 3212 τῶν
3074 3161 3360 3228 ἐσπερίων
3392 3161 3479 3212 ἐπὶ
3519 3158 3605 3230 τὴν
3644 3156 3700 3207 ἕω

2154 3251 2450 3323 διατρέχει,
2478 3250 2703 3304 καὶάπὸ
2744 3254 2842 3321 τῆς
2876 3250 2952 3304 ἐω
2999 3251 3140 3321 πρὸς
3180 3251 3291 3324 τὴν
3337 3252 3591 3323 ἑσπέραν·
3623 3248 3698 3314 οὐχ

2154 3347 2332 3418 εὑρὼν
2359 3347 2553 3417 ἑτέραν
2610 3345 3015 3418 ἀκριϐεστέραν
3052 3347 3111 3401 ἐν
3141 3349 3265 3411 τοῖς
3313 3347 3573 3417 αἰσθητοῖς
3597 3340 3693 3406 ὀξύ-

2152 3456 2316 3511 τητος
2342 3437 2552 3503 εἰκόνα,
2581 3438 2677 3490 ἐπὶ
2727 3440 3021 3510 πτερύγων
3067 3439 3294 3509 ἀνέμων
3332 3440 3433 3509 ἐφη
3461 3439 3546 3492 τὸν
3588 3433 3694 3487 Θεὸν

2155 3530 2494 3602 ἐποχεῖσθαι,
2556 3529 2838 3599 πανταχοῦ
2881 3528 3046 3583 αὑτὸν
3097 3533 3362 3600 παρεῖναι
3399 3520 3484 3583 sui
3527 3525 3692 3580 τούτων

2155 3621 2503 3692 παραδηλῶν.
2559 3619 2902 3689 Εὑρίσκομεν
2941 3619 3001 3672 δὲ
3033 3620 3131 3674 καὶ
3177 3624 3296 3686 τοῖς
3347 3621 3480 3685 υίοῖς
3515 3613 3694 3688 Ἰσραὴλ

2157 3713 2214 3764 ἐν
2239 3711 2442 3783 νεφέλῃ
2467 3711 2557 3764 τὸν
2582 3710 2691 3763 τῶν
2714 3710 2853 3763 ὅλων
2891 3711 3235 3778 ἐπιφανέντα
3266 3713 3397 3765 Θεόν
3417 3727 3430 3740 ·
3461 3711 3547 3764 καὶ
3570 3711 3617 3760 ἐν
3641 3707 3690 3774 τῇ

2159 3807 2333 3875 σκηνῇ
2363 3803 2452 3856 διά
2480 3803 2714 3873 νεφέλης
2753 3803 2855 3873 τὴν
2893 3793 3103 3856 οἰκείαν
3133 3805 3500 3876 ποιησάμενον
3532 3797 3693 3868 ἐπιφά·

2155 3913 2326 3950 νειαν.
2353 3895 2466 3948 Ka‘l.
2493 3895 2677 3965 μέντοι
2731 3893 2828 3947 τοῦ
2859 3895 3212 3964 Σολομῶντος
3248 3897 3343 3951 τὸν
3373 3891 3513 3950 οἷκον
3538 3894 3692 3960 ὲγκαι·
3787 3959 3791 3963 ι

2156 3988 2417 4054 νίζοντος,
2447 3988 2649 4058 νεφέλη
2683 3987 2774 4041 τὸν
2797 3983 2949 4041 οἷκον
2985 3988 3229 4058 ἐκάλυψε
3250 4006 3264 4020 ο
3295 3991 3388 4042 καί
3413 3991 3439 4043 ό
3459 3986 3693 4052 Δεσπότης

2157 4079 2393 4151 Χριστὸς
2420 4081 2476 4133 ἐν
2501 4077 2580 4149 τῷ
2605 4078 2723 4150 ὄρει
2752 4081 2866 4142 τοῖς
2895 4079 3078 4148 τρισὶν
3108 4081 3438 4142 ἀποστόλοις
3464 4071 3692 4146 φωτεινὴν

2159 4172 2290 4243 περὶ
2315 4171 2477 4225 αὐτὸν
2503 4170 2738 4241 νεφέλην
2769 4169 3019 4237 ὑπέδειξε
3050 4186 3065 4202 ·
3092 4173 3189 4225 καὶ
3217 4169 3693 4242 ἀναλαμϐανόμςνον

2156 4264 2356 4334 νεφέλη
2411 4263 2652 4335 φωτεινὴ
2697 4262 2975 4318 ὑπέλαϐεν
3021 4263 3132 4318 ἀπὸ
3183 4266 3294 4319 τῶν
3318 4260 3596 4334 ὀφθαλμῶν
3615 4257 3691 4312 αὖ·

2160 4375 2289 4412 των.

553 4442 714 4500 Vsus.
747 4444 801 4501 4.
839 4464 857 4497 ι
892 4443 1122 4502 Faciens
1154 4448 1374 4517 angelos
1406 4464 1534 4504 suos
1570 4450 1826 4518 spiritus,
1860 4466 1912 4504 et
1945 4451 2048 4504 mi-

2225 4449 2288 4501 6'.
2327 4466 2344 4499 ι
2395 4446 2453 4500 '0
2501 4443 2674 4500 ποιῶν
2720 4448 2850 4509 τοὺς
2889 4446 3162 4515 ἀγγέλους
3199 4445 3367 4501 αὐτοῦ
3403 4443 3690 4512 πνεύματα·

373 4594 383 4607 ,
478 4536 684 4592 nistros
715 4552 845 4592 suos
874 4537 1050 4608 ignem
1086 4549 1350 4593 urentem.
1388 4560 1404 4591 ι
1445 4539 1695 4594 Ostendit
1727 4541 1905 4610 ipsum
1940 4542 2058 4612 opi-

479 4626 634 4679 licem
668 4643 789 4684 esse
827 4645 933 4681 non
975 4629 1137 4683 modo
1171 4628 1468 4683 visibilium
1504 4645 1684 4684 rerum
1707 4670 1720 4692 ,
1759 4629 1855 4684 sed
1884 4629 2053 4684 etiam

479 4712 856 4770 invisibilinm.
879 4715 1110 4771 Eosdem
1145 4730 1324 4772 autem
1351 4729 1404 4772 et
1428 4718 1651 4787 spiritus
1675 4727 1729 4773 et
1751 4718 1930 4787 ignem
1955 4735 2052 4788 ap-

479 4805 741 4875 pellavit,
784 4811 1078 4878 potentiam
1127 4819 1181 4865 et
1225 4811 1564 4865 velocitatem
1624 4826 1720 4880 per
1760 4819 2058 4881 utrumque

479 4898 706 4955 docens.
729 4898 896 4956 Velox
918 4905 1061 4957 enim
1091 4912 1174 4958 est
1203 4901 1427 4972 spiritus
1449 4910 1665 4968 natura,
1703 4913 1896 4972 potens
1927 4919 2058 4958 vero

471 4990 561 5046 ais
590 4993 1107 5064 ignis.’Angelorum
1133 5003 1313 5048 autem
1338 4992 1643 5048 ministerio
1670 4995 2059 5050 universorum

481 5081 624 5138 Deus
651 5084 845 5155 dignos
878 5086 1126 5141 homines
1159 5083 1434 5140 beneficiis
1461 5083 1664 5151 allicit,
1717 5095 1771 5139 et
1808 5084 2060 5155 indignos

611 5316 745 5365 (Leu.
780 5324 832 5372 ι,
875 5309 924 5362 7.

2154 4538 2246 4590 κκί
2279 4537 2412 4600 τοὺς
2441 4534 2790 4606 λειτουργοὺς
2827 4533 2994 4588 αὑτοῦ
3026 4535 3137 4606 πῦρ
3183 4535 3406 4604 φλέγον.
3439 4551 3456 4584 ι
3491 4527 3694 4591 Ἕδειξεν

2154 4629 2216 4681 οὐ
2241 4630 2349 4681 τῶν
2375 4627 2588 4698 ὁρατῶν
2621 4627 2785 4679 αὑτὸν
2814 4625 2997 4697 μόνον,
3034 4625 3171 4679 ἀλλά
3204 4626 3302 4678 καὶ
3349 4624 3457 4676 τῶν
3485 4618 3693 4691 ἀοράτων

2141 4713 2490 4791 ’δημιουργόν
2524 4733 2538 4748 ο
2593 4717 2719 4781 τοὺς
2769 4717 2826 4770 δὲ
2888 4717 3088 4780 αὐτοὺς
3128 4718 3225 4771 καὶ
3283 4715 3578 4786 πνεύματα,
3621 4705 3693 4760 καὶ

2163 4812 2272 4882 πῦρ
2295 4810 2734 4882 προσηγόρευσε,
2771 4809 2833 4862 τὸ
2859 4810 3086 4864 δυνατὸν
3108 4811 3203 4864 καὶ
3235 4811 3296 4863 τὸ
3347 4807 3479 4879 ταχὺ
3501 4803 3562 4859 δι’
3588 4803 3692 4854 ἑκα-

2163 4904 2339 4975 τέρων
2373 4903 2662 4958 διδάσκων.
2717 4903 2899 4967 Ὀξεῖα
2939 4903 3040 4971 μὲν
3073 4902 3183 4973 γὰρ
3211 4901 3309 4955 τοῦ
3372 4899 3648 4969 πνεύματος
3668 4887 3693 4956 η

2171 4996 2350 5064 φύσις,
2393 4993 2592 5066 ἰσχυρά
2620 4993 2678 5048 δέ
2725 4992 2819 5047 τοῦ
2860 4992 3094 5066 πυρδςή
3130 4991 3401 5064 ἐνέργεια.
3453 4982 3696 5056 ’Λγγέλοις

2164 5087 2222 5140 δὲ
2256 5084 2546 5157 χρώμενος
2569 5087 2869 5157 ύπουργοῖς
2901 5088 2930 5139 ό
2957 5085 3064 5139 τῶν
3089 5085 3228 5140 ὅλων
3255 5083 3407 5152 Θεὸς,
3440 5087 3526 5142 καὶ
3564 5073 3693 5139 εὗσεν

1026 5308 1052 5346 d
1089 5307 1260 5362 Exod.
1289 5325 1378 5372 XL,
1409 5307 1504 5367 ὄις
1539 5306 1701 5360 Num.
1734 5323 1808 5368 ix,
1842 5309 1928 5366 15.
1964 5306 2048 5357 16.

2191 5301 2232 5354 ΙΙ
2264 5303 2443 5358 Paral.
2476 5305 2644 5367 v.13.
2676 5305 2763 5359 14.
2848 5304 2867 5344 τ
2905 5304 3098 5362 Matth.
3120 5321 3251 5370 xv",
3285 5305 3335 5358 5.
3417 5304 3441 5343 ε
3469 5300 3578 5355 Act.
3601 5311 3631 5355 ι.
3652 5289 3691 5343 9.

1586 5464 1819 5520 VARIAE
1857 5463 2233 5519 LECTIONES
2275 5464 2360 5519 ET
2402 5463 2632 5519 NUTIE.

557 5618 600 5644 "'
637 5624 765 5690 Καὶ.
806 5627 972 5680 Abest
1001 5642 1028 5678 a
1054 5626 1242 5682 cod.l.
1321 5626 1367 5658 τ’
1394 5626 1659 5690 ’Ὺδατος.
1691 5627 1814 5680 cod.
1848 5626 1866 5678 Ι
1905 5623 2029 5678 add.

2169 5623 2385 5686 ὕδατος.

497 5683 538 5714 "
569 5688 690 5741 cod.
733 5693 753 5743 l
790 5695 1098 5763 ἐφίσταται.

2463 5625 2507 5655 ⁸ο
2544 5624 2660 5692 Τὴν
2688 5625 2844 5678 ἐπίϐ.
2877 5623 3258 5680 αὑτοῦ.Ηοί›ι·.
3287 5621 3503 5676 Currum
3547 5616 3690 5662 stium.
