  <div class='ocr_page' id='page_1' title='image "/cluster/home/n/w/nwhite01/storage/ocr_20150623/80/mdp.39015007044145/885.png"; bbox 0 0 4006 6198; ppageno 0'>
   <div class='ocr_carea' id='block_1_1' title="bbox 343 260 478 327">
    <p class='ocr_par' dir='ltr' id='par_1_1' title="bbox 343 260 478 327">
     <span class='ocr_line' id='line_1_1' title="bbox 343 260 478 327; baseline 0.037 -5"><span class='ocrx_word' id='word_1_1' title='bbox 343 260 478 327; x_wconf 73' lang='lat'><strong>1699</strong></span> 
     </span>
    </p>
   </div>
   <div class='ocr_carea' id='block_1_2' title="bbox 1327 256 2602 320">
    <p class='ocr_par' dir='ltr' id='par_1_2' title="bbox 1327 256 2602 320">
     <span class='ocr_line' id='line_1_2' title="bbox 1327 256 2602 320; baseline -0.002 0"><span class='ocrx_word' id='word_1_2' title='bbox 1327 257 1820 320; x_wconf 78' lang='lat' dir='ltr'><strong>TIIEODORETI</strong></span> <span class='ocrx_word' id='word_1_3' title='bbox 1865 256 2204 316; x_wconf 82' lang='lat' dir='ltr'><strong>EPlSCOPI</strong></span> <span class='ocrx_word' id='word_1_4' title='bbox 2235 258 2602 319; x_wconf 78' lang='lat' dir='ltr'><strong>CYRENSIS</strong></span> 
     </span>
    </p>
   </div>
   <div class='ocr_carea' id='block_1_3' title="bbox 3462 247 3596 312">
    <p class='ocr_par' dir='ltr' id='par_1_3' title="bbox 3462 247 3596 312">
     <span class='ocr_line' id='line_1_3' title="bbox 3462 247 3596 312; baseline -0.007 -1"><span class='ocrx_word' id='word_1_5' title='bbox 3462 247 3596 312; x_wconf 73' lang='grc' dir='ltr'><strong>Ποῦ</strong></span> 
     </span>
    </p>
   </div>
   <div class='ocr_carea' id='block_1_4' title="bbox 341 370 1931 452">
    <p class='ocr_par' dir='ltr' id='par_1_4' title="bbox 341 378 1928 452">
     <span class='ocr_line' id='line_1_4' title="bbox 341 378 1928 452; baseline -0.007 -14"><span class='ocrx_word' id='word_1_6' title='bbox 341 397 537 438; x_wconf 77' lang='lat' dir='ltr'><strong>secans</strong></span> <span class='ocrx_word' id='word_1_7' title='bbox 568 381 714 436; x_wconf 80' lang='lat' dir='ltr'><strong>viam</strong></span> <span class='ocrx_word' id='word_1_8' title='bbox 751 381 911 452; x_wconf 81' lang='lat' dir='ltr'><strong>aquis</strong></span> <span class='ocrx_word' id='word_1_9' title='bbox 967 381 1130 445; x_wconf 77' lang='lat' dir='ltr'><strong>fecit,</strong></span> <span class='ocrx_word' id='word_1_10' title='bbox 1182 392 1240 435; x_wconf 88' lang='lat' dir='ltr'><strong>ut</strong></span> <span class='ocrx_word' id='word_1_11' title='bbox 1288 397 1392 433; x_wconf 87' lang='lat' dir='ltr'><strong>non</strong></span> <span class='ocrx_word' id='word_1_12' title='bbox 1442 381 1619 433; x_wconf 81' lang='lat' dir='ltr'><strong>solum</strong></span> <span class='ocrx_word' id='word_1_13' title='bbox 1680 378 1928 429; x_wconf 82' lang='lat' dir='ltr'><strong>homines</strong></span> 
     </span>
    </p>
   </div>
   <div class='ocr_carea' id='block_1_5' title="bbox 2036 370 3596 452">
    <p class='ocr_par' dir='ltr' id='par_1_5' title="bbox 2036 370 3596 447">
     <span class='ocr_line' id='line_1_5' title="bbox 2036 370 3596 447; baseline -0.004 -18"><span class='ocrx_word' id='word_1_14' title='bbox 2036 377 2182 447; x_wconf 76' lang='grc' dir='ltr'>ροῦν.</span> <span class='ocrx_word' id='word_1_15' title='bbox 2217 378 2316 431; x_wconf 74' lang='grc' dir='ltr'>Διά</span> <span class='ocrx_word' id='word_1_16' title='bbox 2347 377 2509 430; x_wconf 79' lang='grc' dir='ltr'>τοῦτο</span> <span class='ocrx_word' id='word_1_17' title='bbox 2546 378 2646 446; x_wconf 71' lang='grc' dir='ltr'>ὅρη</span> <span class='ocrx_word' id='word_1_18' title='bbox 2701 377 2913 446; x_wconf 77' lang='grc' dir='ltr'><strong>τέμνων</strong></span> <span class='ocrx_word' id='word_1_19' title='bbox 2959 376 3220 445; x_wconf 62' lang='grc' dir='ltr'>παρόδους</span> <span class='ocrx_word' id='word_1_20' title='bbox 3254 377 3366 436; x_wconf 76' lang='grc' dir='ltr'>τοῖς</span> <span class='ocrx_word' id='word_1_21' title='bbox 3412 370 3596 426; x_wconf 68' lang='grc' dir='ltr'>ὕδασιν</span> 
     </span>
    </p>
   </div>
   <div class='ocr_carea' id='block_1_6' title="bbox 346 471 1921 538">
    <p class='ocr_par' dir='ltr' id='par_1_6' title="bbox 346 471 1921 538">
     <span class='ocr_line' id='line_1_6' title="bbox 346 471 1921 538; baseline -0.005 -10"><span class='ocrx_word' id='word_1_22' title='bbox 346 473 549 528; x_wconf 74' lang='lat' dir='ltr'><strong>aﬂatim</strong></span> <span class='ocrx_word' id='word_1_23' title='bbox 597 474 828 529; x_wconf 77' lang='lat' dir='ltr'><strong>fontium</strong></span> <span class='ocrx_word' id='word_1_24' title='bbox 879 475 1026 528; x_wconf 81' lang='lat' dir='ltr'><strong>rivus</strong></span> <span class='ocrx_word' id='word_1_25' title='bbox 1069 474 1362 537; x_wconf 85' lang='lat' dir='ltr'><strong>baberent,</strong></span> <span class='ocrx_word' id='word_1_26' title='bbox 1403 473 1491 524; x_wconf 87' lang='lat' dir='ltr'><strong>sed</strong></span> <span class='ocrx_word' id='word_1_27' title='bbox 1523 471 1683 522; x_wconf 79' lang='lat' dir='ltr'><strong>etiam</strong></span> <span class='ocrx_word' id='word_1_28' title='bbox 1725 483 1921 538; x_wconf 72' lang='lat' dir='ltr'><strong>genera</strong></span> 
     </span>
    </p>
   </div>
   <div class='ocr_carea' id='block_1_7' title="bbox 349 555 1924 629">
    <p class='ocr_par' dir='ltr' id='par_1_7' title="bbox 349 555 1924 629">
     <span class='ocr_line' id='line_1_7' title="bbox 349 555 1924 629; baseline -0.002 -17"><span class='ocrx_word' id='word_1_29' title='bbox 349 560 529 613; x_wconf 86' lang='lat' dir='ltr'><strong>omnia</strong></span> <span class='ocrx_word' id='word_1_30' title='bbox 572 562 916 616; x_wconf 87' lang='lat' dir='ltr'><strong>terrestrium</strong></span> <span class='ocrx_word' id='word_1_31' title='bbox 949 577 1342 629; x_wconf 82' lang='lat' dir='ltr'><strong>aereorumque</strong></span> <span class='ocrx_word' id='word_1_32' title='bbox 1376 560 1759 612; x_wconf 86' lang='lat' dir='ltr'><strong>animantium.</strong></span> <span class='ocrx_word' id='word_1_33' title='bbox 1790 555 1924 610; x_wconf 89' lang='lat' dir='ltr'><strong>Illud</strong></span> 
     </span>
    </p>
   </div>
   <div class='ocr_carea' id='block_1_8' title="bbox 351 642 1927 716">
    <p class='ocr_par' dir='ltr' id='par_1_8' title="bbox 351 642 1927 716">
     <span class='ocr_line' id='line_1_8' title="bbox 351 642 1927 716; baseline 0 -20"><span class='ocrx_word' id='word_1_34' title='bbox 351 653 528 698; x_wconf 73' lang='lat' dir='ltr'><strong>autem</strong></span> <span class='ocrx_word' id='word_1_35' title='bbox 551 687 565 709; x_wconf 93' lang='lat'><strong>,</strong></span> <span class='ocrx_word' id='word_1_36' title='bbox 615 664 635 697; x_wconf 78' lang='grc' dir='ltr'><strong>ι</strong></span> <span class='ocrx_word' id='word_1_37' title='bbox 669 646 1079 716; x_wconf 77' lang='lat' dir='ltr'><strong>Exspectabunt</strong></span> <span class='ocrx_word' id='word_1_38' title='bbox 1116 646 1307 714; x_wconf 74' lang='lat' dir='ltr'><strong>onagri</strong></span> <span class='ocrx_word' id='word_1_39' title='bbox 1341 647 1392 698; x_wconf 89' lang='lat' dir='ltr'><strong>in</strong></span> <span class='ocrx_word' id='word_1_40' title='bbox 1427 645 1514 699; x_wconf 85' lang='lat' dir='ltr'><strong>siti</strong></span> <span class='ocrx_word' id='word_1_41' title='bbox 1555 660 1676 699; x_wconf 89' lang='lat' dir='ltr'><strong>sua.</strong></span> <span class='ocrx_word' id='word_1_42' title='bbox 1707 664 1724 695; x_wconf 76' lang='grc' dir='ltr'><strong>ι</strong></span> <span class='ocrx_word' id='word_1_43' title='bbox 1767 642 1927 714; x_wconf 77' lang='lat' dir='ltr'><strong>Sym-</strong></span> 
     </span>
    </p>
   </div>
   <div class='ocr_carea' id='block_1_9' title="bbox 351 737 1856 806">
    <p class='ocr_par' dir='ltr' id='par_1_9' title="bbox 351 737 1856 806">
     <span class='ocr_line' id='line_1_9' title="bbox 351 737 1856 806; baseline -0.001 -16"><span class='ocrx_word' id='word_1_44' title='bbox 351 737 579 793; x_wconf 80' lang='lat' dir='ltr'><strong>machus</strong></span> <span class='ocrx_word' id='word_1_45' title='bbox 613 739 693 794; x_wconf 87' lang='lat' dir='ltr'><strong>sic</strong></span> <span class='ocrx_word' id='word_1_46' title='bbox 724 740 887 794; x_wconf 81' lang='lat' dir='ltr'><strong>vertit</strong></span> <span class='ocrx_word' id='word_1_47' title='bbox 919 756 934 794; x_wconf 90' lang='lat'><strong>:</strong></span> <span class='ocrx_word' id='word_1_48' title='bbox 973 739 1249 793; x_wconf 78' lang='lat' dir='ltr'><strong>Recrcabit</strong></span> <span class='ocrx_word' id='word_1_49' title='bbox 1281 755 1477 806; x_wconf 79' lang='lat' dir='ltr'><strong>onager</strong></span> <span class='ocrx_word' id='word_1_50' title='bbox 1507 739 1654 792; x_wconf 75' lang='lat' dir='ltr'><strong>sitim</strong></span> <span class='ocrx_word' id='word_1_51' title='bbox 1682 752 1856 791; x_wconf 80' lang='lat' dir='ltr'><strong>suam.</strong></span> 
     </span>
    </p>
   </div>
   <div class='ocr_carea' id='block_1_10' title="bbox 424 1010 1930 1082">
    <p class='ocr_par' dir='ltr' id='par_1_10' title="bbox 424 1010 1930 1082">
     <span class='ocr_line' id='line_1_10' title="bbox 424 1010 1930 1082; baseline -0.001 -19"><span class='ocrx_word' id='word_1_52' title='bbox 424 1011 591 1069; x_wconf 67' lang='lat' dir='ltr'><strong>Vens.</strong></span> <span class='ocrx_word' id='word_1_53' title='bbox 631 1011 722 1066; x_wconf 75' lang='grc'><strong>15.</strong></span> <span class='ocrx_word' id='word_1_54' title='bbox 764 1029 786 1063; x_wconf 80' lang='grc' dir='ltr'><strong>ι</strong></span> <span class='ocrx_word' id='word_1_55' title='bbox 825 1011 1035 1082; x_wconf 73' lang='lat' dir='ltr'><strong>Riguus</strong></span> <span class='ocrx_word' id='word_1_56' title='bbox 1059 1017 1275 1065; x_wconf 89' lang='lat' dir='ltr'><strong>montes</strong></span> <span class='ocrx_word' id='word_1_57' title='bbox 1302 1025 1332 1065; x_wconf 90' lang='lat' dir='ltr'><strong>e</strong></span> <span class='ocrx_word' id='word_1_58' title='bbox 1366 1010 1664 1065; x_wconf 75' lang='lat' dir='ltr'><strong>camaculis</strong></span> <span class='ocrx_word' id='word_1_59' title='bbox 1699 1010 1834 1072; x_wconf 87' lang='lat' dir='ltr'><strong>suis.</strong></span> <span class='ocrx_word' id='word_1_60' title='bbox 1865 1011 1930 1064; x_wconf 82' lang='lat' dir='ltr'><strong>de</strong></span> 
     </span>
    </p>
   </div>
   <div class='ocr_carea' id='block_1_11' title="bbox 355 1103 1931 1175">
    <p class='ocr_par' dir='ltr' id='par_1_11' title="bbox 355 1103 1931 1175">
     <span class='ocr_line' id='line_1_11' title="bbox 355 1103 1931 1175; baseline -0.004 -15"><span class='ocrx_word' id='word_1_61' title='bbox 355 1107 535 1160; x_wconf 81' lang='lat' dir='ltr'><strong>fructu</strong></span> <span class='ocrx_word' id='word_1_62' title='bbox 562 1120 788 1175; x_wconf 88' lang='lat' dir='ltr'><strong>operum</strong></span> <span class='ocrx_word' id='word_1_63' title='bbox 819 1114 1042 1160; x_wconf 89' lang='lat' dir='ltr'><strong>tuorum</strong></span> <span class='ocrx_word' id='word_1_64' title='bbox 1069 1105 1360 1159; x_wconf 72' lang='lat' dir='ltr'><strong>satiabitur</strong></span> <span class='ocrx_word' id='word_1_65' title='bbox 1385 1114 1552 1159; x_wconf 91' lang='lat' dir='ltr'><strong>terra.</strong></span> <span class='ocrx_word' id='word_1_66' title='bbox 1582 1123 1600 1154; x_wconf 77' lang='grc' dir='ltr'><strong>ι</strong></span> <span class='ocrx_word' id='word_1_67' title='bbox 1630 1103 1746 1156; x_wconf 80' lang='lat' dir='ltr'><strong>Non</strong></span> <span class='ocrx_word' id='word_1_68' title='bbox 1770 1103 1931 1157; x_wconf 92' lang='lat' dir='ltr'><strong>modo</strong></span> 
     </span>
    </p>
   </div>
   <div class='ocr_carea' id='block_1_12' title="bbox 354 1198 1929 1266">
    <p class='ocr_par' dir='ltr' id='par_1_12' title="bbox 354 1198 1929 1266">
     <span class='ocr_line' id='line_1_12' title="bbox 354 1198 1929 1266; baseline -0.004 -14"><span class='ocrx_word' id='word_1_69' title='bbox 354 1198 569 1252; x_wconf 78' lang='lat' dir='ltr'><strong>inferne</strong></span> <span class='ocrx_word' id='word_1_70' title='bbox 600 1213 868 1266; x_wconf 86' lang='lat' dir='ltr'><strong>aquarum</strong></span> <span class='ocrx_word' id='word_1_71' title='bbox 903 1207 1155 1251; x_wconf 88' lang='lat' dir='ltr'><strong>naturam</strong></span> <span class='ocrx_word' id='word_1_72' title='bbox 1191 1206 1480 1266; x_wconf 68' lang='lat' dir='ltr'><strong>praeparat,</strong></span> <span class='ocrx_word' id='word_1_73' title='bbox 1517 1206 1569 1250; x_wconf 84' lang='lat' dir='ltr'><strong>et</strong></span> <span class='ocrx_word' id='word_1_74' title='bbox 1599 1211 1769 1265; x_wconf 82' lang='lat' dir='ltr'><strong>aquas</strong></span> <span class='ocrx_word' id='word_1_75' title='bbox 1807 1211 1929 1249; x_wconf 85' lang='lat' dir='ltr'><strong>sca-</strong></span> 
     </span>
    </p>
   </div>
   <div class='ocr_carea' id='block_1_13' title="bbox 355 1291 1930 1362">
    <p class='ocr_par' dir='ltr' id='par_1_13' title="bbox 355 1291 1930 1362">
     <span class='ocr_line' id='line_1_13' title="bbox 355 1291 1930 1362; baseline -0.002 -16"><span class='ocrx_word' id='word_1_76' title='bbox 355 1294 524 1347; x_wconf 86' lang='lat' dir='ltr'><strong>turire</strong></span> <span class='ocrx_word' id='word_1_77' title='bbox 575 1291 730 1356; x_wconf 82' lang='lat' dir='ltr'><strong>facit,</strong></span> <span class='ocrx_word' id='word_1_78' title='bbox 783 1293 878 1347; x_wconf 86' lang='lat' dir='ltr'><strong>sed</strong></span> <span class='ocrx_word' id='word_1_79' title='bbox 915 1307 1148 1362; x_wconf 86' lang='lat' dir='ltr'><strong>superne</strong></span> <span class='ocrx_word' id='word_1_80' title='bbox 1195 1291 1358 1346; x_wconf 89' lang='lat' dir='ltr'><strong>etiam</strong></span> <span class='ocrx_word' id='word_1_81' title='bbox 1393 1306 1489 1362; x_wconf 89' lang='lat' dir='ltr'><strong>per</strong></span> <span class='ocrx_word' id='word_1_82' title='bbox 1523 1291 1699 1346; x_wconf 87' lang='lat' dir='ltr'><strong>nubes</strong></span> <span class='ocrx_word' id='word_1_83' title='bbox 1733 1291 1930 1360; x_wconf 77' lang='lat' dir='ltr'><strong>irriga-</strong></span> 
     </span>
    </p>
   </div>
   <div class='ocr_carea' id='block_1_14' title="bbox 356 1383 1928 1454">
    <p class='ocr_par' dir='ltr' id='par_1_14' title="bbox 356 1383 1928 1454">
     <span class='ocr_line' id='line_1_14' title="bbox 356 1383 1928 1454; baseline -0.002 -16"><span class='ocrx_word' id='word_1_84' title='bbox 356 1385 560 1439; x_wconf 87' lang='lat' dir='ltr'><strong>tionem</strong></span> <span class='ocrx_word' id='word_1_85' title='bbox 613 1384 792 1441; x_wconf 69' lang='lat' dir='ltr'><strong>affert.</strong></span> <span class='ocrx_word' id='word_1_86' title='bbox 836 1383 1042 1440; x_wconf 86' lang='lat' dir='ltr'><strong>Deinde</strong></span> <span class='ocrx_word' id='word_1_87' title='bbox 1077 1383 1389 1450; x_wconf 89' lang='lat' dir='ltr'><strong>utilitatem,</strong></span> <span class='ocrx_word' id='word_1_88' title='bbox 1423 1399 1546 1454; x_wconf 65' lang='lat' dir='ltr'><strong>qua:</strong></span> <span class='ocrx_word' id='word_1_89' title='bbox 1575 1383 1702 1437; x_wconf 92' lang='lat' dir='ltr'><strong>hinc</strong></span> <span class='ocrx_word' id='word_1_90' title='bbox 1733 1384 1928 1447; x_wconf 91' lang='lat' dir='ltr'><strong>oritur,</strong></span> 
     </span>
    </p>
   </div>
   <div class='ocr_carea' id='block_1_15' title="bbox 354 1473 647 1544">
    <p class='ocr_par' dir='ltr' id='par_1_15' title="bbox 354 1473 647 1544">
     <span class='ocr_line' id='line_1_15' title="bbox 354 1473 647 1544; baseline 0.007 -16"><span class='ocrx_word' id='word_1_91' title='bbox 354 1473 647 1544; x_wconf 80' lang='lat' dir='ltr'><strong>signiﬁcat.</strong></span> 
     </span>
    </p>
   </div>
   <div class='ocr_carea' id='block_1_16' title="bbox 427 1564 1932 1636">
    <p class='ocr_par' dir='ltr' id='par_1_16' title="bbox 427 1564 1932 1636">
     <span class='ocr_line' id='line_1_16' title="bbox 427 1564 1932 1636; baseline 0.003 -19"><span class='ocrx_word' id='word_1_92' title='bbox 427 1564 595 1620; x_wconf 67' lang='lat' dir='ltr'><strong>Vens.</strong></span> <span class='ocrx_word' id='word_1_93' title='bbox 631 1569 716 1620; x_wconf 77' lang='grc' dir='ltr'>Η.</span> <span class='ocrx_word' id='word_1_94' title='bbox 761 1584 779 1617; x_wconf 84' lang='grc' dir='ltr'><strong>ι</strong></span> <span class='ocrx_word' id='word_1_95' title='bbox 813 1565 1130 1622; x_wconf 87' lang='lat' dir='ltr'><strong>Producens</strong></span> <span class='ocrx_word' id='word_1_96' title='bbox 1166 1567 1350 1621; x_wconf 78' lang='lat' dir='ltr'><strong>fenum</strong></span> <span class='ocrx_word' id='word_1_97' title='bbox 1381 1567 1669 1636; x_wconf 86' lang='lat' dir='ltr'><strong>jumentis,</strong></span> <span class='ocrx_word' id='word_1_98' title='bbox 1716 1576 1770 1622; x_wconf 89' lang='lat' dir='ltr'><strong>et</strong></span> <span class='ocrx_word' id='word_1_99' title='bbox 1810 1567 1932 1622; x_wconf 89' lang='lat' dir='ltr'><strong>her-</strong></span> 
     </span>
    </p>
   </div>
   <div class='ocr_carea' id='block_1_17' title="bbox 354 1657 1925 1727">
    <p class='ocr_par' dir='ltr' id='par_1_17' title="bbox 354 1657 1925 1727">
     <span class='ocr_line' id='line_1_17' title="bbox 354 1657 1925 1727; baseline -0.001 -17"><span class='ocrx_word' id='word_1_100' title='bbox 354 1657 478 1710; x_wconf 90' lang='lat' dir='ltr'><strong>ham</strong></span> <span class='ocrx_word' id='word_1_101' title='bbox 513 1657 765 1710; x_wconf 79' lang='lat' dir='ltr'><strong>servituti</strong></span> <span class='ocrx_word' id='word_1_102' title='bbox 795 1660 1104 1722; x_wconf 86' lang='lat' dir='ltr'><strong>hominum,</strong></span> <span class='ocrx_word' id='word_1_103' title='bbox 1129 1667 1187 1711; x_wconf 93' lang='lat' dir='ltr'><strong>ut</strong></span> <span class='ocrx_word' id='word_1_104' title='bbox 1205 1659 1403 1712; x_wconf 88' lang='lat' dir='ltr'><strong>educas</strong></span> <span class='ocrx_word' id='word_1_105' title='bbox 1426 1674 1616 1727; x_wconf 85' lang='lat' dir='ltr'><strong>panem</strong></span> <span class='ocrx_word' id='word_1_106' title='bbox 1639 1659 1706 1713; x_wconf 89' lang='lat' dir='ltr'><strong>de</strong></span> <span class='ocrx_word' id='word_1_107' title='bbox 1729 1666 1925 1713; x_wconf 62' lang='lat' dir='ltr'><strong>terra.)</strong></span> 
     </span>
    </p>
   </div>
   <div class='ocr_carea' id='block_1_18' title="bbox 355 1745 1930 1820">
    <p class='ocr_par' dir='ltr' id='par_1_18' title="bbox 355 1745 1930 1820">
     <span class='ocr_line' id='line_1_18' title="bbox 355 1745 1930 1820; baseline 0.002 -18"><span class='ocrx_word' id='word_1_108' title='bbox 355 1745 544 1802; x_wconf 86' lang='lat' dir='ltr'><strong>Oritur</strong></span> <span class='ocrx_word' id='word_1_109' title='bbox 575 1748 720 1801; x_wconf 90' lang='lat' dir='ltr'><strong>enim</strong></span> <span class='ocrx_word' id='word_1_110' title='bbox 755 1749 942 1815; x_wconf 76' lang='lat' dir='ltr'><strong>herba,</strong></span> <span class='ocrx_word' id='word_1_111' title='bbox 968 1760 1022 1804; x_wconf 89' lang='lat' dir='ltr'><strong>et</strong></span> <span class='ocrx_word' id='word_1_112' title='bbox 1042 1749 1287 1820; x_wconf 84' lang='lat' dir='ltr'><strong>jumenta</strong></span> <span class='ocrx_word' id='word_1_113' title='bbox 1317 1750 1372 1804; x_wconf 94' lang='lat' dir='ltr'><strong>in</strong></span> <span class='ocrx_word' id='word_1_114' title='bbox 1407 1754 1423 1770; x_wconf 83' lang='lat'><em>‘</em></span> <span class='ocrx_word' id='word_1_115' title='bbox 1448 1766 1609 1805; x_wconf 90' lang='lat' dir='ltr'><strong>usum</strong></span> <span class='ocrx_word' id='word_1_116' title='bbox 1648 1751 1930 1805; x_wconf 87' lang='lat' dir='ltr'><strong>hominum</strong></span> 
     </span>
    </p>
   </div>
   <div class='ocr_carea' id='block_1_19' title="bbox 357 1839 1928 1911">
    <p class='ocr_par' dir='ltr' id='par_1_19' title="bbox 357 1839 1928 1911">
     <span class='ocr_line' id='line_1_19' title="bbox 357 1839 1928 1911; baseline 0.003 -21"><span class='ocrx_word' id='word_1_117' title='bbox 357 1845 483 1891; x_wconf 84' lang='lat' dir='ltr'><strong>nata</strong></span> <span class='ocrx_word' id='word_1_118' title='bbox 520 1839 690 1892; x_wconf 92' lang='lat' dir='ltr'><strong>nutrit</strong></span> <span class='ocrx_word' id='word_1_119' title='bbox 727 1856 740 1892; x_wconf 91' lang='lat'>:</span> <span class='ocrx_word' id='word_1_120' title='bbox 773 1839 995 1894; x_wconf 89' lang='lat' dir='ltr'><strong>aluntur</strong></span> <span class='ocrx_word' id='word_1_121' title='bbox 1025 1851 1206 1896; x_wconf 89' lang='lat' dir='ltr'><strong>autem</strong></span> <span class='ocrx_word' id='word_1_122' title='bbox 1240 1850 1295 1897; x_wconf 89' lang='lat' dir='ltr'><strong>et</strong></span> <span class='ocrx_word' id='word_1_123' title='bbox 1336 1840 1547 1896; x_wconf 78' lang='lat' dir='ltr'><strong>fructus</strong></span> <span class='ocrx_word' id='word_1_124' title='bbox 1579 1857 1676 1911; x_wconf 91' lang='lat' dir='ltr'><strong>per</strong></span> <span class='ocrx_word' id='word_1_125' title='bbox 1706 1842 1928 1908; x_wconf 86' lang='lat' dir='ltr'><strong>imbres,</strong></span> 
     </span>
    </p>
   </div>
   <div class='ocr_carea' id='block_1_20' title="bbox 2032 466 3599 539">
    <p class='ocr_par' dir='ltr' id='par_1_20' title="bbox 2032 466 3599 539">
     <span class='ocr_line' id='line_1_20' title="bbox 2032 466 3599 539; baseline -0.001 -19"><span class='ocrx_word' id='word_1_126' title='bbox 2032 472 2365 537; x_wconf 75' lang='grc' dir='ltr'>ἐτεκτήνατο</span> <span class='ocrx_word' id='word_1_127' title='bbox 2395 487 2407 499; x_wconf 74' lang='grc'><strong><em>⁸</em></strong></span> <span class='ocrx_word' id='word_1_128' title='bbox 2441 470 2582 522; x_wconf 78' lang='grc' dir='ltr'>ὥστε</span> <span class='ocrx_word' id='word_1_129' title='bbox 2627 471 2700 538; x_wconf 82' lang='grc' dir='ltr'>μὴ</span> <span class='ocrx_word' id='word_1_130' title='bbox 2736 470 2895 539; x_wconf 78' lang='grc' dir='ltr'>μόνον</span> <span class='ocrx_word' id='word_1_131' title='bbox 2941 468 3263 537; x_wconf 71' lang='grc' dir='ltr'>ἀνθρώπους</span> <span class='ocrx_word' id='word_1_132' title='bbox 3311 466 3455 535; x_wconf 83' lang='grc' dir='ltr'>ἔχειν</span> <span class='ocrx_word' id='word_1_133' title='bbox 3493 467 3599 529; x_wconf 58' lang='grc' dir='ltr'><strong>ἁν-</strong></span> 
     </span>
    </p>
   </div>
   <div class='ocr_carea' id='block_1_21' title="bbox 2032 557 3592 630">
    <p class='ocr_par' dir='ltr' id='par_1_21' title="bbox 2032 557 3592 630">
     <span class='ocr_line' id='line_1_21' title="bbox 2032 557 3592 630; baseline -0.004 -18"><span class='ocrx_word' id='word_1_134' title='bbox 2032 560 2201 624; x_wconf 78' lang='grc' dir='ltr'>θόνως</span> <span class='ocrx_word' id='word_1_135' title='bbox 2253 561 2322 614; x_wconf 78' lang='grc' dir='ltr'>τὰ</span> <span class='ocrx_word' id='word_1_136' title='bbox 2373 562 2589 630; x_wconf 82' lang='grc' dir='ltr'>νάματα</span> <span class='ocrx_word' id='word_1_137' title='bbox 2622 561 2730 614; x_wconf 84' lang='grc' dir='ltr'>τῶν</span> <span class='ocrx_word' id='word_1_138' title='bbox 2783 561 2974 628; x_wconf 80' lang='grc' dir='ltr'><strong>πηγῶν</strong></span> <span class='ocrx_word' id='word_1_139' title='bbox 3004 577 3018 590; x_wconf 77' lang='grc' dir='ltr'><strong>ο</strong></span> <span class='ocrx_word' id='word_1_140' title='bbox 3054 559 3191 613; x_wconf 78' lang='grc' dir='ltr'><strong>ἀλλά</strong></span> <span class='ocrx_word' id='word_1_141' title='bbox 3229 557 3451 610; x_wconf 78' lang='grc' dir='ltr'>καὶτῶν</span> <span class='ocrx_word' id='word_1_142' title='bbox 3475 572 3592 624; x_wconf 69' lang='grc' dir='ltr'>χερο</span> 
     </span>
    </p>
   </div>
   <div class='ocr_carea' id='block_1_22' title="bbox 2047 641 3594 722">
    <p class='ocr_par' dir='ltr' id='par_1_22' title="bbox 2047 641 3594 722">
     <span class='ocr_line' id='line_1_22' title="bbox 2047 641 3594 722; baseline -0.004 -19"><span class='ocrx_word' id='word_1_143' title='bbox 2047 653 2240 712; x_wconf 82' lang='grc' dir='ltr'>σαίων,</span> <span class='ocrx_word' id='word_1_144' title='bbox 2269 653 2365 705; x_wconf 66' lang='grc' dir='ltr'>καὶ</span> <span class='ocrx_word' id='word_1_145' title='bbox 2416 652 2524 705; x_wconf 86' lang='grc' dir='ltr'>τῶν</span> <span class='ocrx_word' id='word_1_146' title='bbox 2561 653 2882 722; x_wconf 81' lang='grc' dir='ltr'>ἀεροπόρων</span> <span class='ocrx_word' id='word_1_147' title='bbox 2913 650 3067 716; x_wconf 70' lang='grc' dir='ltr'>ζώων</span> <span class='ocrx_word' id='word_1_148' title='bbox 3102 652 3172 703; x_wconf 73' lang='grc' dir='ltr'><strong>τὰ</strong></span> <span class='ocrx_word' id='word_1_149' title='bbox 3221 650 3377 717; x_wconf 79' lang='grc' dir='ltr'>γένη.</span> <span class='ocrx_word' id='word_1_150' title='bbox 3409 641 3484 700; x_wconf 72' lang='grc' dir='ltr'><strong>Τὸ</strong></span> <span class='ocrx_word' id='word_1_151' title='bbox 3518 648 3594 706; x_wconf 81' lang='grc' dir='ltr'><strong>δὲ,</strong></span> 
     </span>
    </p>
   </div>
   <div class='ocr_carea' id='block_1_23' title="bbox 2038 739 3595 814">
    <p class='ocr_par' dir='ltr' id='par_1_23' title="bbox 2038 739 3595 814">
     <span class='ocr_line' id='line_1_23' title="bbox 2038 739 3595 814; baseline -0.002 -20"><span class='ocrx_word' id='word_1_152' title='bbox 2038 764 2055 794; x_wconf 79' lang='grc' dir='ltr'><strong>ι</strong></span> <span class='ocrx_word' id='word_1_153' title='bbox 2097 745 2496 814; x_wconf 80' lang='grc' dir='ltr'>Προσδὲξονται</span> <span class='ocrx_word' id='word_1_154' title='bbox 2519 745 2742 814; x_wconf 83' lang='grc' dir='ltr'>ὅναγροι</span> <span class='ocrx_word' id='word_1_155' title='bbox 2766 747 2846 807; x_wconf 85' lang='grc' dir='ltr'><strong>είς</strong></span> <span class='ocrx_word' id='word_1_156' title='bbox 2876 745 3036 813; x_wconf 66' lang='grc' dir='ltr'>δίψαν</span> <span class='ocrx_word' id='word_1_157' title='bbox 3095 743 3298 796; x_wconf 80' lang='grc' dir='ltr'>αὐτῶν.</span> <span class='ocrx_word' id='word_1_158' title='bbox 3345 761 3363 793; x_wconf 72' lang='grc' dir='ltr'><strong>ι</strong></span> <span class='ocrx_word' id='word_1_159' title='bbox 3393 744 3420 793; x_wconf 81' lang='grc' dir='ltr'><strong>ό</strong></span> <span class='ocrx_word' id='word_1_160' title='bbox 3446 739 3595 807; x_wconf 76' lang='grc' dir='ltr'>Σύμ-</span> 
     </span>
    </p>
   </div>
   <div class='ocr_carea' id='block_1_24' title="bbox 2035 831 3600 906">
    <p class='ocr_par' dir='ltr' id='par_1_24' title="bbox 2035 831 3600 906">
     <span class='ocr_line' id='line_1_24' title="bbox 2035 831 3600 906; baseline -0.004 -18"><span class='ocrx_word' id='word_1_161' title='bbox 2035 851 2204 905; x_wconf 73' lang='grc' dir='ltr'>μαχος</span> <span class='ocrx_word' id='word_1_162' title='bbox 2252 835 2425 897; x_wconf 73' lang='grc' dir='ltr'>οὕτως</span> <span class='ocrx_word' id='word_1_163' title='bbox 2462 839 2836 906; x_wconf 85' lang='grc' dir='ltr'>ήρμήνευσεν,</span> <span class='ocrx_word' id='word_1_164' title='bbox 2871 835 3299 899; x_wconf 78' lang='grc' dir='ltr'>’Λνακτήσεται</span> <span class='ocrx_word' id='word_1_165' title='bbox 3350 831 3600 900; x_wconf 78' lang='grc' dir='ltr'>ὄναγρος</span> 
     </span>
    </p>
   </div>
   <div class='ocr_carea' id='block_1_25' title="bbox 2030 929 2516 995">
    <p class='ocr_par' dir='ltr' id='par_1_25' title="bbox 2030 929 2516 995">
     <span class='ocr_line' id='line_1_25' title="bbox 2030 929 2516 995; baseline 0.01 -16"><span class='ocrx_word' id='word_1_166' title='bbox 2030 930 2224 995; x_wconf 64' lang='grc' dir='ltr'>δίψαν</span> <span class='ocrx_word' id='word_1_167' title='bbox 2242 929 2431 982; x_wconf 84' lang='grc' dir='ltr'>αὐτοῦ</span> <span class='ocrx_word' id='word_1_168' title='bbox 2453 932 2516 984; x_wconf 78' lang='grc' dir='ltr'>θ’.</span> 
     </span>
    </p>
   </div>
   <div class='ocr_carea' id='block_1_26' title="bbox 2103 1015 3601 1092">
    <p class='ocr_par' dir='ltr' id='par_1_26' title="bbox 2103 1015 3601 1092">
     <span class='ocr_line' id='line_1_26' title="bbox 2103 1015 3601 1092; baseline -0.003 -20"><span class='ocrx_word' id='word_1_169' title='bbox 2103 1028 2193 1087; x_wconf 87' lang='grc' dir='ltr'>ιγ’.</span> <span class='ocrx_word' id='word_1_170' title='bbox 2232 1041 2249 1071; x_wconf 79' lang='grc' dir='ltr'><strong>ι</strong></span> <span class='ocrx_word' id='word_1_171' title='bbox 2291 1022 2534 1084; x_wconf 77' lang='grc' dir='ltr'>Ποτίζων</span> <span class='ocrx_word' id='word_1_172' title='bbox 2555 1022 2658 1092; x_wconf 81' lang='grc' dir='ltr'>ὅρη</span> <span class='ocrx_word' id='word_1_173' title='bbox 2685 1024 2747 1074; x_wconf 81' lang='grc' dir='ltr'><strong>ἐκ</strong></span> <span class='ocrx_word' id='word_1_174' title='bbox 2779 1023 2886 1074; x_wconf 85' lang='grc' dir='ltr'><strong>τῶν</strong></span> <span class='ocrx_word' id='word_1_175' title='bbox 2929 1020 3195 1089; x_wconf 74' lang='grc' dir='ltr'>ὑπερῴων</span> <span class='ocrx_word' id='word_1_176' title='bbox 3230 1017 3398 1071; x_wconf 82' lang='grc' dir='ltr'>αὐτοῦ</span> <span class='ocrx_word' id='word_1_177' title='bbox 3428 1035 3442 1048; x_wconf 89' lang='grc'><strong>·</strong></span> <span class='ocrx_word' id='word_1_178' title='bbox 3493 1015 3601 1069; x_wconf 70' lang='grc' dir='ltr'><strong>ἀπὸ</strong></span> 
     </span>
    </p>
   </div>
   <div class='ocr_carea' id='block_1_27' title="bbox 2032 1109 3600 1182">
    <p class='ocr_par' dir='ltr' id='par_1_27' title="bbox 2032 1109 3600 1182">
     <span class='ocr_line' id='line_1_27' title="bbox 2032 1109 3600 1182; baseline -0.003 -18"><span class='ocrx_word' id='word_1_179' title='bbox 2032 1113 2250 1181; x_wconf 83' lang='grc' dir='ltr'>καρποῦ</span> <span class='ocrx_word' id='word_1_180' title='bbox 2280 1112 2389 1164; x_wconf 81' lang='grc' dir='ltr'>τῶν</span> <span class='ocrx_word' id='word_1_181' title='bbox 2413 1113 2592 1182; x_wconf 76' lang='grc' dir='ltr'>ἔργων</span> <span class='ocrx_word' id='word_1_182' title='bbox 2643 1129 2736 1165; x_wconf 91' lang='grc' dir='ltr'><strong>σου</strong></span> <span class='ocrx_word' id='word_1_183' title='bbox 2761 1112 3197 1182; x_wconf 84' lang='grc' dir='ltr'>χορτασθήσεται</span> <span class='ocrx_word' id='word_1_184' title='bbox 3241 1112 3274 1180; x_wconf 89' lang='grc' dir='ltr'><strong>ή</strong></span> <span class='ocrx_word' id='word_1_185' title='bbox 3317 1110 3411 1179; x_wconf 78' lang='grc' dir='ltr'><strong>γῆ.</strong></span> <span class='ocrx_word' id='word_1_186' title='bbox 3449 1128 3466 1160; x_wconf 77' lang='grc' dir='ltr'><strong>ι</strong></span> <span class='ocrx_word' id='word_1_187' title='bbox 3521 1109 3600 1161; x_wconf 81' lang='grc' dir='ltr'>Ού</span> 
     </span>
    </p>
   </div>
   <div class='ocr_carea' id='block_1_28' title="bbox 2031 1201 3600 1272">
    <p class='ocr_par' dir='ltr' id='par_1_28' title="bbox 2031 1201 3600 1272">
     <span class='ocr_line' id='line_1_28' title="bbox 2031 1201 3600 1272; baseline -0.001 -18"><span class='ocrx_word' id='word_1_188' title='bbox 2031 1205 2139 1272; x_wconf 81' lang='grc' dir='ltr'>γὰρ</span> <span class='ocrx_word' id='word_1_189' title='bbox 2173 1204 2333 1272; x_wconf 87' lang='grc' dir='ltr'>μόνον</span> <span class='ocrx_word' id='word_1_190' title='bbox 2367 1204 2614 1258; x_wconf 77' lang='grc' dir='ltr'><strong>κάτωθεν</strong></span> <span class='ocrx_word' id='word_1_191' title='bbox 2643 1204 2958 1266; x_wconf 75' lang='grc' dir='ltr'>ἀναϐλύζει,</span> <span class='ocrx_word' id='word_1_192' title='bbox 3002 1203 3095 1256; x_wconf 75' lang='grc' dir='ltr'><strong>καὶ</strong></span> <span class='ocrx_word' id='word_1_193' title='bbox 3114 1204 3159 1234; x_wconf 80' lang='grc'>⁹⁶</span> <span class='ocrx_word' id='word_1_194' title='bbox 3186 1201 3600 1271; x_wconf 73' lang='grc' dir='ltr'><strong>παρασκευάζει</strong></span> 
     </span>
    </p>
   </div>
   <div class='ocr_carea' id='block_1_29' title="bbox 2030 1291 3603 1364">
    <p class='ocr_par' dir='ltr' id='par_1_29' title="bbox 2030 1291 3603 1364">
     <span class='ocr_line' id='line_1_29' title="bbox 2030 1291 3603 1364; baseline -0.003 -18"><span class='ocrx_word' id='word_1_195' title='bbox 2030 1293 2139 1346; x_wconf 79' lang='grc' dir='ltr'>τῶν</span> <span class='ocrx_word' id='word_1_196' title='bbox 2173 1293 2384 1346; x_wconf 79' lang='grc' dir='ltr'>ὑδάτων</span> <span class='ocrx_word' id='word_1_197' title='bbox 2415 1293 2514 1364; x_wconf 82' lang='grc' dir='ltr'>τὴν</span> <span class='ocrx_word' id='word_1_198' title='bbox 2550 1294 2747 1362; x_wconf 86' lang='grc' dir='ltr'>φύσιν·</span> <span class='ocrx_word' id='word_1_199' title='bbox 2805 1295 2985 1346; x_wconf 47' lang='lat' dir='ltr'><strong>dit?&quot;</strong></span> <span class='ocrx_word' id='word_1_200' title='bbox 3037 1292 3246 1346; x_wconf 89' lang='grc' dir='ltr'>ἄνωθεν</span> <span class='ocrx_word' id='word_1_201' title='bbox 3294 1293 3380 1343; x_wconf 79' lang='grc' dir='ltr'>διὰ</span> <span class='ocrx_word' id='word_1_202' title='bbox 3425 1291 3603 1360; x_wconf 80' lang='grc' dir='ltr'>νεφῶν</span> 
     </span>
    </p>
   </div>
   <div class='ocr_carea' id='block_1_30' title="bbox 2031 1383 3604 1459">
    <p class='ocr_par' dir='ltr' id='par_1_30' title="bbox 2031 1383 3604 1459">
     <span class='ocr_line' id='line_1_30' title="bbox 2031 1383 3604 1459; baseline -0.004 -19"><span class='ocrx_word' id='word_1_203' title='bbox 2031 1388 2131 1458; x_wconf 86' lang='grc' dir='ltr'>τὴν</span> <span class='ocrx_word' id='word_1_204' title='bbox 2164 1389 2385 1458; x_wconf 88' lang='grc' dir='ltr'>ἀρδείαν</span> <span class='ocrx_word' id='word_1_205' title='bbox 2437 1389 2762 1459; x_wconf 79' lang='grc' dir='ltr'><strong>προσφέρει.</strong></span> <span class='ocrx_word' id='word_1_206' title='bbox 2801 1383 2935 1442; x_wconf 83' lang='grc' dir='ltr'>Εἶτα</span> <span class='ocrx_word' id='word_1_207' title='bbox 2969 1387 3070 1458; x_wconf 82' lang='grc' dir='ltr'><strong>τὴν</strong></span> <span class='ocrx_word' id='word_1_208' title='bbox 3103 1385 3357 1439; x_wconf 81' lang='grc' dir='ltr'>ἐντεῦθεν</span> <span class='ocrx_word' id='word_1_209' title='bbox 3392 1383 3604 1436; x_wconf 81' lang='grc' dir='ltr'>ὑποδεί-</span> 
     </span>
    </p>
   </div>
   <div class='ocr_carea' id='block_1_31' title="bbox 2035 1478 2544 1547">
    <p class='ocr_par' dir='ltr' id='par_1_31' title="bbox 2035 1478 2544 1547">
     <span class='ocr_line' id='line_1_31' title="bbox 2035 1478 2544 1547; baseline 0.002 -16"><span class='ocrx_word' id='word_1_210' title='bbox 2035 1496 2224 1532; x_wconf 85' lang='grc' dir='ltr'>κνυσιν</span> <span class='ocrx_word' id='word_1_211' title='bbox 2252 1478 2544 1547; x_wconf 82' lang='grc' dir='ltr'>ὠφέλειαν.</span> 
     </span>
    </p>
   </div>
   <div class='ocr_carea' id='block_1_32' title="bbox 2108 1570 3604 1640">
    <p class='ocr_par' dir='ltr' id='par_1_32' title="bbox 2108 1570 3604 1640">
     <span class='ocr_line' id='line_1_32' title="bbox 2108 1570 3604 1640; baseline -0.001 -16"><span class='ocrx_word' id='word_1_212' title='bbox 2108 1572 2166 1624; x_wconf 87' lang='grc' dir='ltr'>ιδ’</span> <span class='ocrx_word' id='word_1_213' title='bbox 2176 1613 2189 1625; x_wconf 95' lang='grc'><strong>.</strong></span> <span class='ocrx_word' id='word_1_214' title='bbox 2229 1591 2246 1622; x_wconf 82' lang='grc' dir='ltr'><strong>ι</strong></span> <span class='ocrx_word' id='word_1_215' title='bbox 2283 1572 2340 1625; x_wconf 85' lang='grc' dir='ltr'><strong>ὐ</strong></span> <span class='ocrx_word' id='word_1_216' title='bbox 2377 1570 2744 1635; x_wconf 80' lang='grc' dir='ltr'>ἐξανατέλλων</span> <span class='ocrx_word' id='word_1_217' title='bbox 2793 1570 2986 1640; x_wconf 80' lang='grc' dir='ltr'><strong>χόρτον</strong></span> <span class='ocrx_word' id='word_1_218' title='bbox 3021 1573 3136 1632; x_wconf 83' lang='grc' dir='ltr'>τοῖς</span> <span class='ocrx_word' id='word_1_219' title='bbox 3192 1571 3414 1638; x_wconf 76' lang='grc' dir='ltr'><strong>κτήνεσι</strong></span> <span class='ocrx_word' id='word_1_220' title='bbox 3440 1587 3454 1600; x_wconf 89' lang='grc'>·</span> <span class='ocrx_word' id='word_1_221' title='bbox 3507 1570 3604 1622; x_wconf 78' lang='grc' dir='ltr'>καὶ</span> 
     </span>
    </p>
   </div>
   <div class='ocr_carea' id='block_1_33' title="bbox 2033 1660 3602 1735">
    <p class='ocr_par' dir='ltr' id='par_1_33' title="bbox 2033 1660 3602 1735">
     <span class='ocr_line' id='line_1_33' title="bbox 2033 1660 3602 1735; baseline -0.003 -19"><span class='ocrx_word' id='word_1_222' title='bbox 2033 1664 2200 1734; x_wconf 82' lang='grc' dir='ltr'>χλόην</span> <span class='ocrx_word' id='word_1_223' title='bbox 2233 1667 2298 1735; x_wconf 86' lang='grc' dir='ltr'>τῇ</span> <span class='ocrx_word' id='word_1_224' title='bbox 2358 1664 2575 1733; x_wconf 77' lang='grc' dir='ltr'>δουλείᾳ</span> <span class='ocrx_word' id='word_1_225' title='bbox 2616 1664 2726 1715; x_wconf 84' lang='grc' dir='ltr'><strong>τῶν</strong></span> <span class='ocrx_word' id='word_1_226' title='bbox 2784 1661 3110 1731; x_wconf 78' lang='grc' dir='ltr'>ἀνθρώπων,</span> <span class='ocrx_word' id='word_1_227' title='bbox 3169 1660 3264 1714; x_wconf 75' lang='grc' dir='ltr'>τοῦ</span> <span class='ocrx_word' id='word_1_228' title='bbox 3310 1661 3602 1728; x_wconf 79' lang='grc' dir='ltr'>ἐξαγαγεῐν</span> 
     </span>
    </p>
   </div>
   <div class='ocr_carea' id='block_1_34' title="bbox 2034 1752 3606 1826">
    <p class='ocr_par' dir='ltr' id='par_1_34' title="bbox 2034 1752 3606 1826">
     <span class='ocr_line' id='line_1_34' title="bbox 2034 1752 3606 1826; baseline -0.003 -18"><span class='ocrx_word' id='word_1_229' title='bbox 2034 1755 2202 1826; x_wconf 90' lang='grc' dir='ltr'>ἄρτον</span> <span class='ocrx_word' id='word_1_230' title='bbox 2223 1755 2288 1807; x_wconf 87' lang='grc' dir='ltr'><strong>ἐκ</strong></span> <span class='ocrx_word' id='word_1_231' title='bbox 2310 1754 2409 1822; x_wconf 81' lang='grc' dir='ltr'>τῆς</span> <span class='ocrx_word' id='word_1_232' title='bbox 2446 1756 2569 1824; x_wconf 83' lang='grc' dir='ltr'>γῆς.</span> <span class='ocrx_word' id='word_1_233' title='bbox 2610 1773 2628 1805; x_wconf 71' lang='grc' dir='ltr'><strong>ι</strong></span> <span class='ocrx_word' id='word_1_234' title='bbox 2658 1753 2984 1822; x_wconf 81' lang='grc' dir='ltr'>Φύεταιγάρ</span> <span class='ocrx_word' id='word_1_235' title='bbox 3018 1755 3048 1821; x_wconf 85' lang='grc' dir='ltr'>ἡ</span> <span class='ocrx_word' id='word_1_236' title='bbox 3083 1753 3210 1815; x_wconf 79' lang='grc' dir='ltr'>πόα,</span> <span class='ocrx_word' id='word_1_237' title='bbox 3253 1754 3348 1804; x_wconf 77' lang='grc' dir='ltr'><strong>καὶ</strong></span> <span class='ocrx_word' id='word_1_238' title='bbox 3395 1752 3606 1820; x_wconf 77' lang='grc' dir='ltr'>διατρέ-</span> 
     </span>
    </p>
   </div>
   <div class='ocr_carea' id='block_1_35' title="bbox 2035 1843 3602 1915">
    <p class='ocr_par' dir='ltr' id='par_1_35' title="bbox 2035 1843 3602 1915">
     <span class='ocr_line' id='line_1_35' title="bbox 2035 1843 3602 1915; baseline -0.002 -18"><span class='ocrx_word' id='word_1_239' title='bbox 2035 1863 2126 1914; x_wconf 86' lang='grc' dir='ltr'><strong>φει</strong></span> <span class='ocrx_word' id='word_1_240' title='bbox 2151 1847 2219 1897; x_wconf 77' lang='grc' dir='ltr'>τὰ</span> <span class='ocrx_word' id='word_1_241' title='bbox 2247 1847 2442 1914; x_wconf 85' lang='grc' dir='ltr'><strong>κτήνη,</strong></span> <span class='ocrx_word' id='word_1_242' title='bbox 2464 1846 2534 1898; x_wconf 83' lang='grc' dir='ltr'>τὰ</span> <span class='ocrx_word' id='word_1_243' title='bbox 2562 1847 2643 1907; x_wconf 85' lang='grc' dir='ltr'><strong>είς</strong></span> <span class='ocrx_word' id='word_1_244' title='bbox 2665 1845 2854 1915; x_wconf 79' lang='grc' dir='ltr'>χρείαν</span> <span class='ocrx_word' id='word_1_245' title='bbox 2879 1843 3184 1914; x_wconf 79' lang='grc' dir='ltr'>ἀνθρώπων</span> <span class='ocrx_word' id='word_1_246' title='bbox 3213 1844 3558 1912; x_wconf 78' lang='grc' dir='ltr'>γεγενημένα</span> <span class='ocrx_word' id='word_1_247' title='bbox 3586 1858 3602 1872; x_wconf 88' lang='grc'><strong>·</strong></span> 
     </span>
    </p>
   </div>
   <div class='ocr_carea' id='block_1_36' title="bbox 355 1926 1931 2004">
    <p class='ocr_par' dir='ltr' id='par_1_36' title="bbox 355 1926 1931 2000">
     <span class='ocr_line' id='line_1_36' title="bbox 355 1926 1931 2000; baseline 0.004 -20"><span class='ocrx_word' id='word_1_248' title='bbox 355 1937 409 1980; x_wconf 83' lang='lat' dir='ltr'><strong>et</strong></span> <span class='ocrx_word' id='word_1_249' title='bbox 443 1926 646 1981; x_wconf 85' lang='lat' dir='ltr'><strong>maturi</strong></span> <span class='ocrx_word' id='word_1_250' title='bbox 697 1928 852 1993; x_wconf 88' lang='lat' dir='ltr'><strong>liunt,</strong></span> <span class='ocrx_word' id='word_1_251' title='bbox 908 1939 962 1983; x_wconf 90' lang='lat' dir='ltr'><strong>et</strong></span> <span class='ocrx_word' id='word_1_252' title='bbox 1013 1931 1328 1986; x_wconf 89' lang='lat' dir='ltr'><strong>hominibus</strong></span> <span class='ocrx_word' id='word_1_253' title='bbox 1370 1942 1768 2000; x_wconf 90' lang='lat' dir='ltr'><strong>pr0ponuntur.</strong></span> <span class='ocrx_word' id='word_1_254' title='bbox 1821 1931 1931 1986; x_wconf 83' lang='lat' dir='ltr'><strong>Hoc</strong></span> 
     </span>
    </p>
   </div>
   <div class='ocr_carea' id='block_1_37' title="bbox 2036 1926 3608 2004">
    <p class='ocr_par' dir='ltr' id='par_1_37' title="bbox 2036 1931 3608 2004">
     <span class='ocr_line' id='line_1_37' title="bbox 2036 1931 3608 2004; baseline -0.002 -18"><span class='ocrx_word' id='word_1_255' title='bbox 2036 1935 2328 2003; x_wconf 79' lang='grc' dir='ltr'>τρέφονται</span> <span class='ocrx_word' id='word_1_256' title='bbox 2368 1935 2426 1986; x_wconf 83' lang='grc' dir='ltr'>δὲ</span> <span class='ocrx_word' id='word_1_257' title='bbox 2481 1935 2574 1987; x_wconf 76' lang='grc' dir='ltr'>καὶ</span> <span class='ocrx_word' id='word_1_258' title='bbox 2612 1935 2661 1986; x_wconf 77' lang='grc' dir='ltr'>οἱ</span> <span class='ocrx_word' id='word_1_259' title='bbox 2706 1934 2908 2004; x_wconf 77' lang='grc' dir='ltr'>καρποὶ</span> <span class='ocrx_word' id='word_1_260' title='bbox 2963 1935 3050 1986; x_wconf 70' lang='grc' dir='ltr'><strong>διὰ</strong></span> <span class='ocrx_word' id='word_1_261' title='bbox 3108 1934 3215 1986; x_wconf 85' lang='grc' dir='ltr'><strong>τῶν</strong></span> <span class='ocrx_word' id='word_1_262' title='bbox 3272 1933 3462 1994; x_wconf 82' lang='grc' dir='ltr'>ὑετῶν,</span> <span class='ocrx_word' id='word_1_263' title='bbox 3512 1931 3608 1984; x_wconf 70' lang='grc' dir='ltr'><strong>καὶ</strong></span> 
     </span>
    </p>
   </div>
   <div class='ocr_carea' id='block_1_38' title="bbox 353 2017 1934 2089">
    <p class='ocr_par' dir='ltr' id='par_1_38' title="bbox 353 2017 1934 2089">
     <span class='ocr_line' id='line_1_38' title="bbox 353 2017 1934 2089; baseline 0.004 -20"><span class='ocrx_word' id='word_1_264' title='bbox 353 2025 408 2070; x_wconf 89' lang='lat' dir='ltr'><strong>et</strong></span> <span class='ocrx_word' id='word_1_265' title='bbox 441 2017 493 2069; x_wconf 90' lang='lat' dir='ltr'><strong>in</strong></span> <span class='ocrx_word' id='word_1_266' title='bbox 529 2017 639 2070; x_wconf 87' lang='lat' dir='ltr'><strong>alio</strong></span> <span class='ocrx_word' id='word_1_267' title='bbox 667 2018 747 2071; x_wconf 93' lang='lat' dir='ltr'><strong>ait</strong></span> <span class='ocrx_word' id='word_1_268' title='bbox 775 2020 985 2086; x_wconf 85' lang='lat' dir='ltr'><strong>psalmo</strong></span> <span class='ocrx_word' id='word_1_269' title='bbox 1019 2037 1032 2072; x_wconf 89' lang='lat'><strong>:</strong></span> <span class='ocrx_word' id='word_1_270' title='bbox 1071 2039 1088 2070; x_wconf 82' lang='grc' dir='ltr'><strong>ι</strong></span> <span class='ocrx_word' id='word_1_271' title='bbox 1129 2019 1391 2076; x_wconf 82' lang='lat' dir='ltr'><strong>Homines</strong></span> <span class='ocrx_word' id='word_1_272' title='bbox 1431 2029 1485 2075; x_wconf 87' lang='lat' dir='ltr'><strong>et</strong></span> <span class='ocrx_word' id='word_1_273' title='bbox 1528 2021 1776 2089; x_wconf 88' lang='lat' dir='ltr'><strong>jumenta</strong></span> <span class='ocrx_word' id='word_1_274' title='bbox 1821 2024 1934 2078; x_wconf 87' lang='lat' dir='ltr'><strong>sal-</strong></span> 
     </span>
    </p>
   </div>
   <div class='ocr_carea' id='block_1_39' title="bbox 358 2104 1932 2168">
    <p class='ocr_par' dir='ltr' id='par_1_39' title="bbox 358 2104 1932 2168">
     <span class='ocr_line' id='line_1_39' title="bbox 358 2104 1932 2168; baseline 0.006 -9"><span class='ocrx_word' id='word_1_275' title='bbox 358 2105 531 2167; x_wconf 73' lang='lat' dir='ltr'><strong>vebis,</strong></span> <span class='ocrx_word' id='word_1_276' title='bbox 555 2105 785 2159; x_wconf 76' lang='lat' dir='ltr'><strong>nomine</strong></span> <span class='ocrx_word' id='word_1_277' title='bbox 813 2104 856 2157; x_wconf 88' lang='lat' dir='ltr'><strong>i.</strong></span> <span class='ocrx_word' id='word_1_278' title='bbox 892 2125 910 2157; x_wconf 76' lang='grc' dir='ltr'><strong>ι</strong></span> <span class='ocrx_word' id='word_1_279' title='bbox 949 2107 1329 2162; x_wconf 84' lang='lat' dir='ltr'><strong>Verumtamen</strong></span> <span class='ocrx_word' id='word_1_280' title='bbox 1359 2109 1429 2163; x_wconf 94' lang='lat' dir='ltr'><strong>ob</strong></span> <span class='ocrx_word' id='word_1_281' title='bbox 1455 2109 1736 2165; x_wconf 91' lang='lat' dir='ltr'><strong>hominum</strong></span> <span class='ocrx_word' id='word_1_282' title='bbox 1773 2129 1837 2168; x_wconf 87' lang='lat' dir='ltr'><strong>us</strong></span> <span class='ocrx_word' id='word_1_283' title='bbox 1895 2129 1932 2168; x_wconf 87' lang='lat' dir='ltr'><strong>n</strong></span> 
     </span>
    </p>
   </div>
   <div class='ocr_carea' id='block_1_40' title="bbox 356 2195 1722 2270">
    <p class='ocr_par' dir='ltr' id='par_1_40' title="bbox 356 2195 1722 2270">
     <span class='ocr_line' id='line_1_40' title="bbox 356 2195 1722 2270; baseline 0.007 -22"><span class='ocrx_word' id='word_1_284' title='bbox 356 2197 519 2248; x_wconf 79' lang='lat' dir='ltr'><strong>e&#39;ia&#39;n</strong></span> <span class='ocrx_word' id='word_1_285' title='bbox 552 2196 799 2266; x_wconf 73' lang='lat' dir='ltr'><strong>iumenta</strong></span> <span class='ocrx_word' id='word_1_286' title='bbox 831 2195 1187 2266; x_wconf 81' lang='lat' dir='ltr'><strong>perfruuntur</strong></span> <span class='ocrx_word' id='word_1_287' title='bbox 1224 2199 1325 2254; x_wconf 88' lang='lat' dir='ltr'><strong>hac</strong></span> <span class='ocrx_word' id='word_1_288' title='bbox 1358 2200 1722 2270; x_wconf 82' lang='lat' dir='ltr'><strong>providentia.</strong></span> 
     </span>
    </p>
   </div>
   <div class='ocr_carea' id='block_1_41' title="bbox 435 2461 1937 2535">
    <p class='ocr_par' dir='ltr' id='par_1_41' title="bbox 435 2461 1937 2535">
     <span class='ocr_line' id='line_1_41' title="bbox 435 2461 1937 2535; baseline 0.009 -21"><span class='ocrx_word' id='word_1_289' title='bbox 435 2461 597 2517; x_wconf 69' lang='lat' dir='ltr'><strong>Vens.</strong></span> <span class='ocrx_word' id='word_1_290' title='bbox 635 2464 724 2518; x_wconf 83' lang='grc'><strong>15.</strong></span> <span class='ocrx_word' id='word_1_291' title='bbox 771 2483 790 2515; x_wconf 83' lang='grc' dir='ltr'><strong>ι</strong></span> <span class='ocrx_word' id='word_1_292' title='bbox 828 2464 896 2518; x_wconf 87' lang='lat' dir='ltr'><strong>Et</strong></span> <span class='ocrx_word' id='word_1_293' title='bbox 925 2466 1113 2520; x_wconf 86' lang='lat' dir='ltr'><strong>vinum</strong></span> <span class='ocrx_word' id='word_1_294' title='bbox 1161 2466 1404 2523; x_wconf 71' lang='lat' dir='ltr'><strong>laetiﬁcat</strong></span> <span class='ocrx_word' id='word_1_295' title='bbox 1449 2484 1544 2525; x_wconf 90' lang='lat' dir='ltr'><strong>cor</strong></span> <span class='ocrx_word' id='word_1_296' title='bbox 1582 2471 1840 2535; x_wconf 77' lang='lat' dir='ltr'><strong>hominis,</strong></span> <span class='ocrx_word' id='word_1_297' title='bbox 1876 2481 1937 2527; x_wconf 93' lang='lat' dir='ltr'><strong>ut</strong></span> 
     </span>
    </p>
   </div>
   <div class='ocr_carea' id='block_1_42' title="bbox 357 2555 1938 2630">
    <p class='ocr_par' dir='ltr' id='par_1_42' title="bbox 357 2555 1938 2630">
     <span class='ocr_line' id='line_1_42' title="bbox 357 2555 1938 2630; baseline 0.006 -20"><span class='ocrx_word' id='word_1_298' title='bbox 357 2555 630 2610; x_wconf 75' lang='lat' dir='ltr'><strong>exitilaret</strong></span> <span class='ocrx_word' id='word_1_299' title='bbox 679 2555 874 2610; x_wconf 80' lang='lat' dir='ltr'><strong>faciem</strong></span> <span class='ocrx_word' id='word_1_300' title='bbox 914 2558 1037 2612; x_wconf 91' lang='lat' dir='ltr'><strong>oleo</strong></span> <span class='ocrx_word' id='word_1_301' title='bbox 1068 2575 1082 2612; x_wconf 91' lang='lat'><strong>:</strong></span> <span class='ocrx_word' id='word_1_302' title='bbox 1114 2567 1170 2613; x_wconf 94' lang='lat' dir='ltr'><strong>et</strong></span> <span class='ocrx_word' id='word_1_303' title='bbox 1213 2560 1372 2630; x_wconf 84' lang='lat' dir='ltr'><strong>panis</strong></span> <span class='ocrx_word' id='word_1_304' title='bbox 1403 2576 1498 2616; x_wconf 88' lang='lat' dir='ltr'><strong>cor</strong></span> <span class='ocrx_word' id='word_1_305' title='bbox 1535 2562 1776 2619; x_wconf 87' lang='lat' dir='ltr'><strong>hominis</strong></span> <span class='ocrx_word' id='word_1_306' title='bbox 1805 2579 1938 2619; x_wconf 86' lang='lat' dir='ltr'><strong>con-</strong></span> 
     </span>
    </p>
   </div>
   <div class='ocr_carea' id='block_1_43' title="bbox 360 2640 1936 2714">
    <p class='ocr_par' dir='ltr' id='par_1_43' title="bbox 360 2640 1936 2714">
     <span class='ocr_line' id='line_1_43' title="bbox 360 2640 1936 2714; baseline 0.007 -19"><span class='ocrx_word' id='word_1_307' title='bbox 360 2640 559 2696; x_wconf 83' lang='lat' dir='ltr'><strong>ﬁrmat.</strong></span> <span class='ocrx_word' id='word_1_308' title='bbox 607 2661 624 2693; x_wconf 75' lang='grc' dir='ltr'><strong>ι</strong></span> <span class='ocrx_word' id='word_1_309' title='bbox 692 2641 1057 2714; x_wconf 86' lang='lat' dir='ltr'><strong>Symmachus</strong></span> <span class='ocrx_word' id='word_1_310' title='bbox 1114 2646 1319 2702; x_wconf 88' lang='lat' dir='ltr'><strong>clarius</strong></span> <span class='ocrx_word' id='word_1_311' title='bbox 1375 2647 1517 2704; x_wconf 83' lang='lat' dir='ltr'><strong>dixit</strong></span> <span class='ocrx_word' id='word_1_312' title='bbox 1566 2668 1580 2704; x_wconf 89' lang='lat'><strong>:</strong></span> <span class='ocrx_word' id='word_1_313' title='bbox 1632 2649 1936 2706; x_wconf 73' lang='lat' dir='ltr'><strong>Producens</strong></span> 
     </span>
    </p>
   </div>
   <div class='ocr_carea' id='block_1_44' title="bbox 358 2735 1938 2806">
    <p class='ocr_par' dir='ltr' id='par_1_44' title="bbox 358 2735 1938 2806">
     <span class='ocr_line' id='line_1_44' title="bbox 358 2735 1938 2806; baseline 0.006 -20"><span class='ocrx_word' id='word_1_314' title='bbox 358 2735 538 2804; x_wconf 74' lang='lat' dir='ltr'><strong>fenum</strong></span> <span class='ocrx_word' id='word_1_315' title='bbox 567 2736 829 2804; x_wconf 78' lang='lat' dir='ltr'><strong>jumeutis</strong></span> <span class='ocrx_word' id='word_1_316' title='bbox 851 2778 866 2803; x_wconf 96' lang='lat'><strong>,</strong></span> <span class='ocrx_word' id='word_1_317' title='bbox 911 2746 961 2791; x_wconf 82' lang='lat' dir='ltr'><strong>et</strong></span> <span class='ocrx_word' id='word_1_318' title='bbox 995 2737 1209 2792; x_wconf 82' lang='lat' dir='ltr'><strong>herbam</strong></span> <span class='ocrx_word' id='word_1_319' title='bbox 1243 2741 1367 2793; x_wconf 74' lang='lat' dir='ltr'><strong>usui</strong></span> <span class='ocrx_word' id='word_1_320' title='bbox 1399 2739 1687 2806; x_wconf 80' lang='lat' dir='ltr'><strong>hominum,</strong></span> <span class='ocrx_word' id='word_1_321' title='bbox 1722 2755 1776 2795; x_wconf 87' lang='lat' dir='ltr'><strong>ut</strong></span> <span class='ocrx_word' id='word_1_322' title='bbox 1805 2743 1938 2796; x_wconf 81' lang='lat' dir='ltr'><strong>edu-</strong></span> 
     </span>
    </p>
   </div>
   <div class='ocr_carea' id='block_1_45' title="bbox 356 2825 1934 2902">
    <p class='ocr_par' dir='ltr' id='par_1_45' title="bbox 356 2825 1934 2902">
     <span class='ocr_line' id='line_1_45' title="bbox 356 2825 1934 2902; baseline 0.008 -23"><span class='ocrx_word' id='word_1_323' title='bbox 356 2841 446 2881; x_wconf 74' lang='lat' dir='ltr'><strong>cas</strong></span> <span class='ocrx_word' id='word_1_324' title='bbox 485 2825 656 2880; x_wconf 79' lang='lat' dir='ltr'><strong>cibum</strong></span> <span class='ocrx_word' id='word_1_325' title='bbox 689 2843 753 2881; x_wconf 80' lang='lat' dir='ltr'><strong>ea:</strong></span> <span class='ocrx_word' id='word_1_326' title='bbox 790 2839 954 2896; x_wconf 80' lang='lat' dir='ltr'><strong>terra,</strong></span> <span class='ocrx_word' id='word_1_327' title='bbox 987 2839 1035 2883; x_wconf 80' lang='lat' dir='ltr'><strong>et</strong></span> <span class='ocrx_word' id='word_1_328' title='bbox 1065 2832 1247 2884; x_wconf 78' lang='lat' dir='ltr'><strong>uinum</strong></span> <span class='ocrx_word' id='word_1_329' title='bbox 1278 2831 1511 2902; x_wconf 64' lang='lat' dir='ltr'><strong>laetiﬁcat</strong></span> <span class='ocrx_word' id='word_1_330' title='bbox 1545 2850 1638 2887; x_wconf 86' lang='lat' dir='ltr'><strong>cor</strong></span> <span class='ocrx_word' id='word_1_331' title='bbox 1677 2835 1934 2901; x_wconf 72' lang='lat' dir='ltr'><strong>hominis,</strong></span> 
     </span>
    </p>
   </div>
   <div class='ocr_carea' id='block_1_46' title="bbox 357 2917 1932 2992">
    <p class='ocr_par' dir='ltr' id='par_1_46' title="bbox 357 2917 1932 2992">
     <span class='ocr_line' id='line_1_46' title="bbox 357 2917 1932 2992; baseline 0.006 -21"><span class='ocrx_word' id='word_1_332' title='bbox 357 2917 590 2972; x_wconf 69' lang='lat' dir='ltr'><strong>illustre!</strong></span> <span class='ocrx_word' id='word_1_333' title='bbox 623 2920 814 2989; x_wconf 80' lang='lat' dir='ltr'><strong>[aciem</strong></span> <span class='ocrx_word' id='word_1_334' title='bbox 846 2921 982 2984; x_wconf 86' lang='lat' dir='ltr'><strong>oleo,</strong></span> <span class='ocrx_word' id='word_1_335' title='bbox 1013 2932 1060 2975; x_wconf 83' lang='lat' dir='ltr'><strong>et</strong></span> <span class='ocrx_word' id='word_1_336' title='bbox 1091 2924 1240 2990; x_wconf 78' lang='lat' dir='ltr'><strong>panis</strong></span> <span class='ocrx_word' id='word_1_337' title='bbox 1268 2940 1359 2976; x_wconf 84' lang='lat' dir='ltr'><strong>cor</strong></span> <span class='ocrx_word' id='word_1_338' title='bbox 1380 2924 1610 2978; x_wconf 76' lang='lat' dir='ltr'><strong>hominis</strong></span> <span class='ocrx_word' id='word_1_339' title='bbox 1641 2927 1932 2992; x_wconf 78' lang='lat' dir='ltr'><strong>conﬁrmet.</strong></span> 
     </span>
    </p>
   </div>
   <div class='ocr_carea' id='block_1_47' title="bbox 358 3007 1936 3088">
    <p class='ocr_par' dir='ltr' id='par_1_47' title="bbox 358 3007 1936 3088">
     <span class='ocr_line' id='line_1_47' title="bbox 358 3007 1936 3088; baseline 0.007 -27"><span class='ocrx_word' id='word_1_340' title='bbox 358 3007 438 3062; x_wconf 81' lang='lat' dir='ltr'><strong>Ad</strong></span> <span class='ocrx_word' id='word_1_341' title='bbox 472 3009 576 3065; x_wconf 88' lang='lat' dir='ltr'><strong>hoc</strong></span> <span class='ocrx_word' id='word_1_342' title='bbox 610 3011 778 3076; x_wconf 89' lang='lat' dir='ltr'><strong>enim,</strong></span> <span class='ocrx_word' id='word_1_343' title='bbox 813 3011 1011 3081; x_wconf 90' lang='lat' dir='ltr'><strong>inquit,</strong></span> <span class='ocrx_word' id='word_1_344' title='bbox 1048 3011 1190 3068; x_wconf 90' lang='lat' dir='ltr'><strong>Deus</strong></span> <span class='ocrx_word' id='word_1_345' title='bbox 1223 3017 1604 3071; x_wconf 86' lang='lat' dir='ltr'><strong>universorum</strong></span> <span class='ocrx_word' id='word_1_346' title='bbox 1639 3027 1794 3071; x_wconf 68' lang='lat' dir='ltr'><strong>terra:</strong></span> <span class='ocrx_word' id='word_1_347' title='bbox 1816 3019 1936 3088; x_wconf 84' lang='lat' dir='ltr'><strong>plu-</strong></span> 
     </span>
    </p>
   </div>
   <div class='ocr_carea' id='block_1_48' title="bbox 359 3101 1934 3178">
    <p class='ocr_par' dir='ltr' id='par_1_48' title="bbox 359 3101 1934 3178">
     <span class='ocr_line' id='line_1_48' title="bbox 359 3101 1934 3178; baseline 0.006 -23"><span class='ocrx_word' id='word_1_348' title='bbox 359 3101 477 3156; x_wconf 81' lang='lat' dir='ltr'><strong>vias</strong></span> <span class='ocrx_word' id='word_1_349' title='bbox 510 3102 772 3156; x_wconf 88' lang='lat' dir='ltr'><strong>continue</strong></span> <span class='ocrx_word' id='word_1_350' title='bbox 804 3103 1139 3174; x_wconf 88' lang='lat' dir='ltr'><strong>suppeditat,</strong></span> <span class='ocrx_word' id='word_1_351' title='bbox 1175 3116 1234 3159; x_wconf 92' lang='lat' dir='ltr'><strong>ut</strong></span> <span class='ocrx_word' id='word_1_352' title='bbox 1266 3106 1479 3178; x_wconf 76' lang='lat'><strong>1336</strong></span> <span class='ocrx_word' id='word_1_353' title='bbox 1501 3108 1682 3162; x_wconf 89' lang='lat' dir='ltr'><strong>omnis</strong></span> <span class='ocrx_word' id='word_1_354' title='bbox 1717 3110 1934 3178; x_wconf 80' lang='lat' dir='ltr'><strong>generis</strong></span> 
     </span>
    </p>
   </div>
   <div class='ocr_carea' id='block_1_49' title="bbox 358 3190 1935 3268">
    <p class='ocr_par' dir='ltr' id='par_1_49' title="bbox 358 3190 1935 3268">
     <span class='ocr_line' id='line_1_49' title="bbox 358 3190 1935 3268; baseline 0.005 -22"><span class='ocrx_word' id='word_1_355' title='bbox 358 3190 572 3246; x_wconf 78' lang='lat' dir='ltr'><strong>fructus</strong></span> <span class='ocrx_word' id='word_1_356' title='bbox 612 3192 896 3260; x_wconf 86' lang='lat' dir='ltr'><strong>producat,</strong></span> <span class='ocrx_word' id='word_1_357' title='bbox 929 3203 985 3248; x_wconf 91' lang='lat' dir='ltr'><strong>et</strong></span> <span class='ocrx_word' id='word_1_358' title='bbox 1021 3211 1158 3263; x_wconf 87' lang='lat' dir='ltr'><strong>pane</strong></span> <span class='ocrx_word' id='word_1_359' title='bbox 1185 3197 1402 3268; x_wconf 87' lang='lat' dir='ltr'><strong>quidem</strong></span> <span class='ocrx_word' id='word_1_360' title='bbox 1451 3198 1732 3252; x_wconf 87' lang='lat' dir='ltr'><strong>hominum</strong></span> <span class='ocrx_word' id='word_1_361' title='bbox 1775 3210 1935 3255; x_wconf 91' lang='lat' dir='ltr'><strong>natu-</strong></span> 
     </span>
    </p>
   </div>
   <div class='ocr_carea' id='block_1_50' title="bbox 360 3281 2004 3358">
    <p class='ocr_par' dir='ltr' id='par_1_50' title="bbox 360 3281 2004 3358">
     <span class='ocr_line' id='line_1_50' title="bbox 360 3281 2004 3358; baseline 0.007 -23"><span class='ocrx_word' id='word_1_362' title='bbox 360 3296 480 3336; x_wconf 86' lang='lat' dir='ltr'><strong>ram</strong></span> <span class='ocrx_word' id='word_1_363' title='bbox 513 3284 801 3339; x_wconf 80' lang='lat' dir='ltr'><strong>conﬁrmet</strong></span> <span class='ocrx_word' id='word_1_364' title='bbox 831 3295 887 3339; x_wconf 91' lang='lat' dir='ltr'><strong>et</strong></span> <span class='ocrx_word' id='word_1_365' title='bbox 913 3287 1045 3351; x_wconf 89' lang='lat' dir='ltr'><strong>alat,</strong></span> <span class='ocrx_word' id='word_1_366' title='bbox 1091 3287 1220 3341; x_wconf 83' lang='lat' dir='ltr'><strong>vino</strong></span> <span class='ocrx_word' id='word_1_367' title='bbox 1269 3304 1396 3343; x_wconf 79' lang='lat' dir='ltr'><strong>vero</strong></span> <span class='ocrx_word' id='word_1_368' title='bbox 1431 3289 1685 3354; x_wconf 74' lang='lat' dir='ltr'><strong>laetilicet,</strong></span> <span class='ocrx_word' id='word_1_369' title='bbox 1721 3291 1934 3358; x_wconf 85' lang='lat' dir='ltr'><strong>jucun—</strong></span> <span class='ocrx_word' id='word_1_370' title='bbox 1960 3281 2004 3339; x_wconf 68' lang='grc' dir='ltr'><strong>(Ξ</strong></span> 
     </span>
    </p>
   </div>
   <div class='ocr_carea' id='block_1_51' title="bbox 360 3374 1933 3446">
    <p class='ocr_par' dir='ltr' id='par_1_51' title="bbox 360 3374 1933 3446">
     <span class='ocr_line' id='line_1_51' title="bbox 360 3374 1933 3446; baseline 0.005 -18"><span class='ocrx_word' id='word_1_371' title='bbox 360 3374 682 3446; x_wconf 89' lang='lat' dir='ltr'><strong>dioremque</strong></span> <span class='ocrx_word' id='word_1_372' title='bbox 729 3375 926 3432; x_wconf 76' lang='lat' dir='ltr'><strong>etiiciat</strong></span> <span class='ocrx_word' id='word_1_373' title='bbox 963 3377 1150 3444; x_wconf 87' lang='lat' dir='ltr'><strong>vitam,</strong></span> <span class='ocrx_word' id='word_1_374' title='bbox 1194 3379 1317 3434; x_wconf 92' lang='lat' dir='ltr'><strong>oleo</strong></span> <span class='ocrx_word' id='word_1_375' title='bbox 1363 3389 1542 3435; x_wconf 86' lang='lat' dir='ltr'><strong>autem</strong></span> <span class='ocrx_word' id='word_1_376' title='bbox 1599 3398 1704 3436; x_wconf 89' lang='lat' dir='ltr'><strong>non</strong></span> <span class='ocrx_word' id='word_1_377' title='bbox 1756 3384 1933 3437; x_wconf 84' lang='lat' dir='ltr'><strong>solum</strong></span> 
     </span>
    </p>
   </div>
   <div class='ocr_carea' id='block_1_52' title="bbox 362 3465 1936 3539">
    <p class='ocr_par' dir='ltr' id='par_1_52' title="bbox 362 3465 1936 3539">
     <span class='ocr_line' id='line_1_52' title="bbox 362 3465 1936 3539; baseline 0.004 -21"><span class='ocrx_word' id='word_1_378' title='bbox 362 3465 511 3521; x_wconf 87' lang='lat' dir='ltr'><strong>intus</strong></span> <span class='ocrx_word' id='word_1_379' title='bbox 557 3467 764 3523; x_wconf 88' lang='lat' dir='ltr'><strong>nutriat</strong></span> <span class='ocrx_word' id='word_1_380' title='bbox 823 3482 1096 3539; x_wconf 91' lang='lat' dir='ltr'><strong>corpora,</strong></span> <span class='ocrx_word' id='word_1_381' title='bbox 1161 3484 1348 3525; x_wconf 80' lang='lat' dir='ltr'><strong>verum</strong></span> <span class='ocrx_word' id='word_1_382' title='bbox 1405 3469 1567 3524; x_wconf 89' lang='lat' dir='ltr'><strong>etiam</strong></span> <span class='ocrx_word' id='word_1_383' title='bbox 1621 3471 1750 3526; x_wconf 82' lang='lat' dir='ltr'><strong>foris</strong></span> <span class='ocrx_word' id='word_1_384' title='bbox 1810 3473 1936 3525; x_wconf 90' lang='lat' dir='ltr'><strong>illu-</strong></span> 
     </span>
    </p>
   </div>
   <div class='ocr_carea' id='block_1_53' title="bbox 360 3564 516 3612">
    <p class='ocr_par' dir='ltr' id='par_1_53' title="bbox 360 3564 516 3612">
     <span class='ocr_line' id='line_1_53' title="bbox 360 3564 516 3612; baseline 0.006 -1"><span class='ocrx_word' id='word_1_385' title='bbox 360 3564 516 3612; x_wconf 75' lang='lat' dir='ltr'><strong>stt-et.</strong></span> 
     </span>
    </p>
   </div>
   <div class='ocr_carea' id='block_1_54' title="bbox 437 3815 1935 3893">
    <p class='ocr_par' dir='ltr' id='par_1_54' title="bbox 437 3815 1935 3893">
     <span class='ocr_line' id='line_1_54' title="bbox 437 3815 1935 3893; baseline 0.009 -25"><span class='ocrx_word' id='word_1_386' title='bbox 437 3815 597 3870; x_wconf 75' lang='lat' dir='ltr'><strong>VERS.</strong></span> <span class='ocrx_word' id='word_1_387' title='bbox 631 3817 718 3871; x_wconf 79' lang='grc'><strong>16.</strong></span> <span class='ocrx_word' id='word_1_388' title='bbox 752 3815 1158 3874; x_wconf 88' lang='lat' dir='ltr'><strong>Saturahuntur</strong></span> <span class='ocrx_word' id='word_1_389' title='bbox 1189 3819 1335 3889; x_wconf 78' lang='lat' dir='ltr'><strong>ligna</strong></span> <span class='ocrx_word' id='word_1_390' title='bbox 1366 3823 1564 3893; x_wconf 89' lang='lat' dir='ltr'><strong>campi.</strong></span> <span class='ocrx_word' id='word_1_391' title='bbox 1601 3841 1621 3876; x_wconf 72' lang='grc' dir='ltr'><strong>ι</strong></span> <span class='ocrx_word' id='word_1_392' title='bbox 1658 3823 1935 3893; x_wconf 71' lang='lat' dir='ltr'><strong>llebrzeus,</strong></span> 
     </span>
    </p>
   </div>
   <div class='ocr_carea' id='block_1_55' title="bbox 359 3907 1936 3987">
    <p class='ocr_par' dir='ltr' id='par_1_55' title="bbox 359 3907 1936 3987">
     <span class='ocr_line' id='line_1_55' title="bbox 359 3907 1936 3987; baseline 0.008 -26"><span class='ocrx_word' id='word_1_393' title='bbox 359 3916 416 3962; x_wconf 88' lang='lat' dir='ltr'><strong>et</strong></span> <span class='ocrx_word' id='word_1_394' title='bbox 471 3907 652 3960; x_wconf 72' lang='lat' dir='ltr'><strong>caueri</strong></span> <span class='ocrx_word' id='word_1_395' title='bbox 703 3907 1067 3977; x_wconf 86' lang='lat' dir='ltr'><strong>interpretes,</strong></span> <span class='ocrx_word' id='word_1_396' title='bbox 1128 3909 1301 3982; x_wconf 85' lang='lat' dir='ltr'><strong>Ligna</strong></span> <span class='ocrx_word' id='word_1_397' title='bbox 1348 3913 1562 3968; x_wconf 81' lang='lat' dir='ltr'><strong>Domini</strong></span> <span class='ocrx_word' id='word_1_398' title='bbox 1613 3929 1936 3987; x_wconf 81' lang='lat' dir='ltr'><strong>posuerunt.</strong></span> 
     </span>
    </p>
   </div>
   <div class='ocr_carea' id='block_1_56' title="bbox 361 3996 1938 4076">
    <p class='ocr_par' dir='ltr' id='par_1_56' title="bbox 361 3996 1938 4076">
     <span class='ocr_line' id='line_1_56' title="bbox 361 3996 1938 4076; baseline 0.008 -23"><span class='ocrx_word' id='word_1_399' title='bbox 361 3996 502 4053; x_wconf 88' lang='lat' dir='ltr'><strong>Cum</strong></span> <span class='ocrx_word' id='word_1_400' title='bbox 551 3998 716 4067; x_wconf 71' lang='lat' dir='ltr'><strong>igitur</strong></span> <span class='ocrx_word' id='word_1_401' title='bbox 768 3999 1078 4057; x_wconf 80' lang='lat' dir='ltr'><strong>fructuosas</strong></span> <span class='ocrx_word' id='word_1_402' title='bbox 1122 4005 1350 4060; x_wconf 88' lang='lat' dir='ltr'><strong>arbores</strong></span> <span class='ocrx_word' id='word_1_403' title='bbox 1401 4009 1762 4076; x_wconf 84' lang='lat' dir='ltr'><strong>exposuisset,</strong></span> <span class='ocrx_word' id='word_1_404' title='bbox 1806 4013 1938 4066; x_wconf 88' lang='lat' dir='ltr'><strong>satis</strong></span> 
     </span>
    </p>
   </div>
   <div class='ocr_carea' id='block_1_57' title="bbox 361 4090 1937 4172">
    <p class='ocr_par' dir='ltr' id='par_1_57' title="bbox 361 4090 1937 4172">
     <span class='ocr_line' id='line_1_57' title="bbox 361 4090 1937 4172; baseline 0.008 -28"><span class='ocrx_word' id='word_1_405' title='bbox 361 4090 608 4160; x_wconf 89' lang='lat' dir='ltr'><strong>apposite</strong></span> <span class='ocrx_word' id='word_1_406' title='bbox 655 4091 820 4145; x_wconf 86' lang='lat' dir='ltr'><strong>etiam</strong></span> <span class='ocrx_word' id='word_1_407' title='bbox 870 4095 1138 4150; x_wconf 88' lang='lat' dir='ltr'><strong>sterilium</strong></span> <span class='ocrx_word' id='word_1_408' title='bbox 1189 4099 1516 4153; x_wconf 86' lang='lat' dir='ltr'><strong>mentionem</strong></span> <span class='ocrx_word' id='word_1_409' title='bbox 1569 4100 1716 4168; x_wconf 76' lang='lat' dir='ltr'><strong>fecit,</strong></span> <span class='ocrx_word' id='word_1_410' title='bbox 1753 4113 1937 4172; x_wconf 91' lang='lat' dir='ltr'><strong>utpote</strong></span> 
     </span>
    </p>
   </div>
   <div class='ocr_carea' id='block_1_58' title="bbox 361 4181 1935 4254">
    <p class='ocr_par' dir='ltr' id='par_1_58' title="bbox 361 4181 1935 4254">
     <span class='ocr_line' id='line_1_58' title="bbox 361 4181 1935 4254; baseline 0.01 -21"><span class='ocrx_word' id='word_1_411' title='bbox 361 4181 507 4250; x_wconf 93' lang='lat' dir='ltr'><strong>quod</strong></span> <span class='ocrx_word' id='word_1_412' title='bbox 537 4181 668 4250; x_wconf 70' lang='lat' dir='ltr'><strong>ipsae</strong></span> <span class='ocrx_word' id='word_1_413' title='bbox 689 4198 908 4252; x_wconf 90' lang='lat' dir='ltr'><strong>quoque</strong></span> <span class='ocrx_word' id='word_1_414' title='bbox 935 4187 1211 4254; x_wconf 65' lang='lat' dir='ltr'><strong>praebeant</strong></span> <span class='ocrx_word' id='word_1_415' title='bbox 1232 4190 1544 4246; x_wconf 86' lang='lat' dir='ltr'><strong>hominibus</strong></span> <span class='ocrx_word' id='word_1_416' title='bbox 1565 4197 1935 4248; x_wconf 84' lang='lat' dir='ltr'><strong>necessarium</strong></span> 
     </span>
    </p>
   </div>
   <div class='ocr_carea' id='block_1_59' title="bbox 363 4271 1939 4356">
    <p class='ocr_par' dir='ltr' id='par_1_59' title="bbox 363 4271 1939 4356">
     <span class='ocr_line' id='line_1_59' title="bbox 363 4271 1939 4356; baseline 0.01 -29"><span class='ocrx_word' id='word_1_417' title='bbox 363 4287 547 4328; x_wconf 86' lang='lat' dir='ltr'><strong>usum.</strong></span> <span class='ocrx_word' id='word_1_418' title='bbox 595 4271 809 4331; x_wconf 85' lang='lat' dir='ltr'><strong>Idcirco</strong></span> <span class='ocrx_word' id='word_1_419' title='bbox 839 4285 894 4331; x_wconf 89' lang='lat' dir='ltr'><strong>et</strong></span> <span class='ocrx_word' id='word_1_420' title='bbox 927 4277 1138 4332; x_wconf 85' lang='lat' dir='ltr'><strong>Domini</strong></span> <span class='ocrx_word' id='word_1_421' title='bbox 1189 4281 1334 4348; x_wconf 85' lang='lat' dir='ltr'><strong>ipsas</strong></span> <span class='ocrx_word' id='word_1_422' title='bbox 1368 4284 1658 4352; x_wconf 81' lang='lat' dir='ltr'><strong>appellavit</strong></span> <span class='ocrx_word' id='word_1_423' title='bbox 1695 4303 1707 4339; x_wconf 90' lang='lat'><strong>:</strong></span> <span class='ocrx_word' id='word_1_424' title='bbox 1741 4287 1939 4356; x_wconf 83' lang='lat' dir='ltr'><strong>quippe</strong></span> 
     </span>
    </p>
   </div>
   <div class='ocr_carea' id='block_1_60' title="bbox 362 4369 1935 4440">
    <p class='ocr_par' dir='ltr' id='par_1_60' title="bbox 362 4369 1935 4440">
     <span class='ocr_line' id='line_1_60' title="bbox 362 4369 1935 4440; baseline 0.006 -20"><span class='ocrx_word' id='word_1_425' title='bbox 362 4374 485 4436; x_wconf 66' lang='lat' dir='ltr'><strong>qum</strong></span> <span class='ocrx_word' id='word_1_426' title='bbox 520 4369 653 4438; x_wconf 63' lang='lat' dir='ltr'><strong>ipsa:</strong></span> <span class='ocrx_word' id='word_1_427' title='bbox 699 4384 799 4424; x_wconf 86' lang='lat' dir='ltr'><strong>sua</strong></span> <span class='ocrx_word' id='word_1_428' title='bbox 852 4379 1049 4440; x_wconf 88' lang='lat' dir='ltr'><strong>sponte</strong></span> <span class='ocrx_word' id='word_1_429' title='bbox 1084 4373 1354 4439; x_wconf 86' lang='lat' dir='ltr'><strong>oriantur,</strong></span> <span class='ocrx_word' id='word_1_430' title='bbox 1394 4386 1446 4428; x_wconf 72' lang='lat' dir='ltr'><strong>rt</strong></span> <span class='ocrx_word' id='word_1_431' title='bbox 1480 4390 1585 4429; x_wconf 89' lang='lat' dir='ltr'><strong>non</strong></span> <span class='ocrx_word' id='word_1_432' title='bbox 1620 4391 1784 4428; x_wconf 87' lang='lat' dir='ltr'><strong>manu</strong></span> <span class='ocrx_word' id='word_1_433' title='bbox 1823 4378 1935 4429; x_wconf 84' lang='lat' dir='ltr'><strong>cla-</strong></span> 
     </span>
    </p>
   </div>
   <div class='ocr_carea' id='block_1_61' title="bbox 362 4457 1934 4534">
    <p class='ocr_par' dir='ltr' id='par_1_61' title="bbox 362 4457 1934 4534">
     <span class='ocr_line' id='line_1_61' title="bbox 362 4457 1934 4534; baseline 0.006 -23"><span class='ocrx_word' id='word_1_434' title='bbox 362 4457 590 4522; x_wconf 73' lang='lat' dir='ltr'><strong>boratte,</strong></span> <span class='ocrx_word' id='word_1_435' title='bbox 627 4461 721 4514; x_wconf 86' lang='lat' dir='ltr'><strong>sed</strong></span> <span class='ocrx_word' id='word_1_436' title='bbox 763 4461 952 4516; x_wconf 77' lang='lat' dir='ltr'><strong>divino</strong></span> <span class='ocrx_word' id='word_1_437' title='bbox 988 4463 1154 4516; x_wconf 88' lang='lat' dir='ltr'><strong>verbo</strong></span> <span class='ocrx_word' id='word_1_438' title='bbox 1181 4467 1288 4518; x_wconf 88' lang='lat' dir='ltr'><strong>sint</strong></span> <span class='ocrx_word' id='word_1_439' title='bbox 1322 4467 1618 4534; x_wconf 71' lang='lat' dir='ltr'><strong>productae.</strong></span> <span class='ocrx_word' id='word_1_440' title='bbox 1647 4465 1934 4534; x_wconf 77' lang='lat' dir='ltr'><strong>Propterea</strong></span> 
     </span>
    </p>
   </div>
   <div class='ocr_carea' id='block_1_62' title="bbox 361 4547 1932 4626">
    <p class='ocr_par' dir='ltr' id='par_1_62' title="bbox 361 4547 1932 4626">
     <span class='ocr_line' id='line_1_62' title="bbox 361 4547 1932 4626; baseline 0.005 -23"><span class='ocrx_word' id='word_1_441' title='bbox 361 4547 570 4605; x_wconf 70' lang='lat' dir='ltr'><strong>intert:</strong></span> <span class='ocrx_word' id='word_1_442' title='bbox 612 4569 630 4602; x_wconf 89' lang='grc' dir='ltr'><strong>ι</strong></span> <span class='ocrx_word' id='word_1_443' title='bbox 672 4552 736 4606; x_wconf 88' lang='lat' dir='ltr'><strong>Et</strong></span> <span class='ocrx_word' id='word_1_444' title='bbox 786 4552 933 4607; x_wconf 87' lang='lat' dir='ltr'><strong>cedri</strong></span> <span class='ocrx_word' id='word_1_445' title='bbox 980 4552 1200 4620; x_wconf 88' lang='lat' dir='ltr'><strong>Libani,</strong></span> <span class='ocrx_word' id='word_1_446' title='bbox 1247 4573 1383 4624; x_wconf 84' lang='lat' dir='ltr'><strong>quas</strong></span> <span class='ocrx_word' id='word_1_447' title='bbox 1434 4558 1712 4626; x_wconf 64' lang='lat' dir='ltr'><strong>plantazti.</strong></span> <span class='ocrx_word' id='word_1_448' title='bbox 1750 4577 1767 4608; x_wconf 78' lang='grc' dir='ltr'><strong>ι</strong></span> <span class='ocrx_word' id='word_1_449' title='bbox 1816 4557 1932 4611; x_wconf 83' lang='lat' dir='ltr'><strong>Non</strong></span> 
     </span>
    </p>
   </div>
   <div class='ocr_carea' id='block_1_63' title="bbox 362 4640 1934 4718">
    <p class='ocr_par' dir='ltr' id='par_1_63' title="bbox 362 4640 1934 4718">
     <span class='ocr_line' id='line_1_63' title="bbox 362 4640 1934 4718; baseline 0.006 -24"><span class='ocrx_word' id='word_1_450' title='bbox 362 4640 508 4694; x_wconf 90' lang='lat' dir='ltr'><strong>enim</strong></span> <span class='ocrx_word' id='word_1_451' title='bbox 546 4655 833 4697; x_wconf 87' lang='lat' dir='ltr'><strong>nemorum</strong></span> <span class='ocrx_word' id='word_1_452' title='bbox 867 4644 1108 4700; x_wconf 91' lang='lat' dir='ltr'><strong>cultores</strong></span> <span class='ocrx_word' id='word_1_453' title='bbox 1139 4647 1307 4716; x_wconf 81' lang='lat' dir='ltr'><strong>aliqui</strong></span> <span class='ocrx_word' id='word_1_454' title='bbox 1338 4648 1436 4702; x_wconf 84' lang='lat' dir='ltr'><strong>bas</strong></span> <span class='ocrx_word' id='word_1_455' title='bbox 1465 4649 1800 4718; x_wconf 81' lang='lat' dir='ltr'><strong>plantarum,</strong></span> <span class='ocrx_word' id='word_1_456' title='bbox 1841 4651 1934 4704; x_wconf 88' lang='lat' dir='ltr'><strong>sed</strong></span> 
     </span>
    </p>
   </div>
   <div class='ocr_carea' id='block_1_64' title="bbox 361 4729 1936 4794">
    <p class='ocr_par' dir='ltr' id='par_1_64' title="bbox 361 4729 1936 4794">
     <span class='ocr_line' id='line_1_64' title="bbox 361 4729 1936 4794; baseline 0.007 -11"><span class='ocrx_word' id='word_1_457' title='bbox 361 4729 602 4785; x_wconf 85' lang='lat' dir='ltr'><strong>divinum</strong></span> <span class='ocrx_word' id='word_1_458' title='bbox 663 4731 906 4790; x_wconf 83' lang='lat' dir='ltr'><strong>Verbum</strong></span> <span class='ocrx_word' id='word_1_459' title='bbox 961 4739 1232 4793; x_wconf 90' lang='lat' dir='ltr'><strong>montium</strong></span> <span class='ocrx_word' id='word_1_460' title='bbox 1289 4740 1528 4794; x_wconf 83' lang='lat' dir='ltr'><strong>culmina</strong></span> <span class='ocrx_word' id='word_1_461' title='bbox 1586 4741 1672 4794; x_wconf 90' lang='lat' dir='ltr'><strong>bis</strong></span> <span class='ocrx_word' id='word_1_462' title='bbox 1720 4739 1936 4794; x_wconf 83' lang='lat' dir='ltr'><strong>abunde</strong></span> 
     </span>
    </p>
   </div>
   <div class='ocr_carea' id='block_1_65' title="bbox 360 4821 1931 4900">
    <p class='ocr_par' dir='ltr' id='par_1_65' title="bbox 360 4821 1931 4900">
     <span class='ocr_line' id='line_1_65' title="bbox 360 4821 1931 4900; baseline 0.006 -24"><span class='ocrx_word' id='word_1_463' title='bbox 360 4821 700 4900; x_wconf 85' lang='lat' dir='ltr'><strong>convestivit.</strong></span> <span class='ocrx_word' id='word_1_464' title='bbox 759 4823 825 4880; x_wconf 84' lang='lat' dir='ltr'><strong>Et</strong></span> <span class='ocrx_word' id='word_1_465' title='bbox 872 4827 1067 4882; x_wconf 87' lang='lat' dir='ltr'><strong>Libani</strong></span> <span class='ocrx_word' id='word_1_466' title='bbox 1116 4831 1336 4899; x_wconf 87' lang='lat' dir='ltr'><strong>quidem</strong></span> <span class='ocrx_word' id='word_1_467' title='bbox 1396 4833 1543 4885; x_wconf 78' lang='lat' dir='ltr'><strong>velut</strong></span> <span class='ocrx_word' id='word_1_468' title='bbox 1597 4830 1931 4886; x_wconf 86' lang='lat' dir='ltr'><strong>celeberrimi</strong></span> 
     </span>
    </p>
   </div>
   <div class='ocr_carea' id='block_1_66' title="bbox 361 4915 1932 4994">
    <p class='ocr_par' dir='ltr' id='par_1_66' title="bbox 361 4915 1932 4994">
     <span class='ocr_line' id='line_1_66' title="bbox 361 4915 1932 4994; baseline 0.007 -27"><span class='ocrx_word' id='word_1_469' title='bbox 361 4915 690 4968; x_wconf 87' lang='lat' dir='ltr'><strong>mentionem</strong></span> <span class='ocrx_word' id='word_1_470' title='bbox 723 4917 955 4986; x_wconf 82' lang='lat' dir='ltr'><strong>faciens,</strong></span> <span class='ocrx_word' id='word_1_471' title='bbox 988 4931 1042 4976; x_wconf 85' lang='lat' dir='ltr'><strong>et</strong></span> <span class='ocrx_word' id='word_1_472' title='bbox 1075 4923 1364 4976; x_wconf 81' lang='lat' dir='ltr'><strong>cedrorum</strong></span> <span class='ocrx_word' id='word_1_473' title='bbox 1398 4939 1520 4992; x_wconf 70' lang='lat' dir='ltr'><strong>quae</strong></span> <span class='ocrx_word' id='word_1_474' title='bbox 1550 4923 1603 4978; x_wconf 90' lang='lat' dir='ltr'><strong>in</strong></span> <span class='ocrx_word' id='word_1_475' title='bbox 1632 4923 1752 4994; x_wconf 85' lang='lat' dir='ltr'><strong>ipso</strong></span> <span class='ocrx_word' id='word_1_476' title='bbox 1782 4932 1932 4991; x_wconf 91' lang='lat' dir='ltr'><strong>sunt,</strong></span> 
     </span>
    </p>
   </div>
   <div class='ocr_carea' id='block_1_67' title="bbox 359 5006 1893 5084">
    <p class='ocr_par' dir='ltr' id='par_1_67' title="bbox 359 5006 1893 5084">
     <span class='ocr_line' id='line_1_67' title="bbox 359 5006 1893 5084; baseline 0.006 -23"><span class='ocrx_word' id='word_1_477' title='bbox 359 5006 497 5061; x_wconf 84' lang='lat' dir='ltr'><strong>alios</strong></span> <span class='ocrx_word' id='word_1_478' title='bbox 526 5007 690 5060; x_wconf 90' lang='lat' dir='ltr'><strong>etiam</strong></span> <span class='ocrx_word' id='word_1_479' title='bbox 727 5018 941 5066; x_wconf 85' lang='lat' dir='ltr'><strong>montes</strong></span> <span class='ocrx_word' id='word_1_480' title='bbox 984 5021 1039 5066; x_wconf 90' lang='lat' dir='ltr'><strong>et</strong></span> <span class='ocrx_word' id='word_1_481' title='bbox 1075 5015 1300 5070; x_wconf 87' lang='lat' dir='ltr'><strong>arbores</strong></span> <span class='ocrx_word' id='word_1_482' title='bbox 1337 5029 1431 5084; x_wconf 89' lang='lat' dir='ltr'><strong>per</strong></span> <span class='ocrx_word' id='word_1_483' title='bbox 1469 5015 1582 5070; x_wconf 74' lang='lat' dir='ltr'><strong>hznc</strong></span> <span class='ocrx_word' id='word_1_484' title='bbox 1615 5015 1893 5071; x_wconf 82' lang='lat' dir='ltr'><strong>indicavit.</strong></span> 
     </span>
    </p>
   </div>
   <div class='ocr_carea' id='block_1_68' title="bbox 455 5197 950 5266">
    <p class='ocr_par' dir='ltr' id='par_1_68' title="bbox 455 5197 950 5266">
     <span class='ocr_line' id='line_1_68' title="bbox 455 5197 950 5266; baseline 0.002 -14"><span class='ocrx_word' id='word_1_485' title='bbox 455 5205 470 5246; x_wconf 73' lang='grc' dir='ltr'><strong>ι</strong></span> <span class='ocrx_word' id='word_1_486' title='bbox 516 5197 662 5253; x_wconf 86' lang='lat' dir='ltr'><strong>Psal.</strong></span> <span class='ocrx_word' id='word_1_487' title='bbox 701 5214 864 5266; x_wconf 78' lang='lat' dir='ltr'><strong>xxxv,</strong></span> <span class='ocrx_word' id='word_1_488' title='bbox 894 5199 950 5253; x_wconf 86' lang='lat'><strong>6.</strong></span> 
     </span>
    </p>
   </div>
   <div class='ocr_carea' id='block_1_69' title="bbox 2036 2025 3601 2097">
    <p class='ocr_par' dir='ltr' id='par_1_69' title="bbox 2036 2025 3601 2097">
     <span class='ocr_line' id='line_1_69' title="bbox 2036 2025 3601 2097; baseline -0.001 -17"><span class='ocrx_word' id='word_1_489' title='bbox 2036 2027 2240 2097; x_wconf 81' lang='grc' dir='ltr'>ὧριμοι</span> <span class='ocrx_word' id='word_1_490' title='bbox 2273 2027 2538 2094; x_wconf 86' lang='grc' dir='ltr'>γίνονται,</span> <span class='ocrx_word' id='word_1_491' title='bbox 2571 2027 2666 2079; x_wconf 71' lang='grc' dir='ltr'>καὶ</span> <span class='ocrx_word' id='word_1_492' title='bbox 2695 2030 2806 2088; x_wconf 81' lang='grc' dir='ltr'>τοῖς</span> <span class='ocrx_word' id='word_1_493' title='bbox 2828 2025 3140 2096; x_wconf 85' lang='grc' dir='ltr'>ἀνθρώποις</span> <span class='ocrx_word' id='word_1_494' title='bbox 3181 2025 3601 2096; x_wconf 82' lang='grc' dir='ltr'>προσφέρονται.</span> 
     </span>
    </p>
   </div>
   <div class='ocr_carea' id='block_1_70' title="bbox 2036 2117 3607 2189">
    <p class='ocr_par' dir='ltr' id='par_1_70' title="bbox 2036 2117 3607 2189">
     <span class='ocr_line' id='line_1_70' title="bbox 2036 2117 3607 2189; baseline -0.003 -17"><span class='ocrx_word' id='word_1_495' title='bbox 2036 2121 2206 2174; x_wconf 79' lang='grc' dir='ltr'>Τοῦτο</span> <span class='ocrx_word' id='word_1_496' title='bbox 2235 2121 2331 2173; x_wconf 76' lang='grc' dir='ltr'>καὶ</span> <span class='ocrx_word' id='word_1_497' title='bbox 2363 2121 2422 2172; x_wconf 81' lang='grc' dir='ltr'>ἐν</span> <span class='ocrx_word' id='word_1_498' title='bbox 2470 2119 2642 2189; x_wconf 85' lang='grc' dir='ltr'>ἐτέρῳ</span> <span class='ocrx_word' id='word_1_499' title='bbox 2673 2122 2775 2188; x_wconf 78' lang='grc' dir='ltr'>ἔφη</span> <span class='ocrx_word' id='word_1_500' title='bbox 2804 2117 3034 2188; x_wconf 65' lang='grc' dir='ltr'>ψαλμῷ’</span> <span class='ocrx_word' id='word_1_501' title='bbox 3073 2139 3091 2168; x_wconf 82' lang='grc' dir='ltr'><strong>ι</strong></span> <span class='ocrx_word' id='word_1_502' title='bbox 3143 2118 3486 2188; x_wconf 78' lang='grc' dir='ltr'>Ἀνθρώπους</span> <span class='ocrx_word' id='word_1_503' title='bbox 3512 2117 3607 2168; x_wconf 81' lang='grc' dir='ltr'>καὶ</span> 
     </span>
    </p>
   </div>
   <div class='ocr_carea' id='block_1_71' title="bbox 2035 2207 3608 2284">
    <p class='ocr_par' dir='ltr' id='par_1_71' title="bbox 2035 2207 3608 2284">
     <span class='ocr_line' id='line_1_71' title="bbox 2035 2207 3608 2284; baseline -0.002 -23"><span class='ocrx_word' id='word_1_504' title='bbox 2035 2210 2209 2279; x_wconf 84' lang='grc' dir='ltr'>κτήνη</span> <span class='ocrx_word' id='word_1_505' title='bbox 2260 2208 2479 2274; x_wconf 84' lang='grc' dir='ltr'>σώσεις,</span> <span class='ocrx_word' id='word_1_506' title='bbox 2500 2207 2694 2284; x_wconf 67' lang='grc' dir='ltr'>Κύριε.</span> <span class='ocrx_word' id='word_1_507' title='bbox 2732 2228 2748 2260; x_wconf 78' lang='grc' dir='ltr'><strong>ι</strong></span> <span class='ocrx_word' id='word_1_508' title='bbox 2792 2209 2933 2261; x_wconf 82' lang='grc' dir='ltr'>Ἀλλ’</span> <span class='ocrx_word' id='word_1_509' title='bbox 2971 2211 3120 2278; x_wconf 83' lang='grc' dir='ltr'>ὅμως</span> <span class='ocrx_word' id='word_1_510' title='bbox 3149 2209 3235 2262; x_wconf 74' lang='grc' dir='ltr'><strong>διὰ</strong></span> <span class='ocrx_word' id='word_1_511' title='bbox 3254 2209 3349 2278; x_wconf 71' lang='grc' dir='ltr'>τὴν</span> <span class='ocrx_word' id='word_1_512' title='bbox 3376 2208 3483 2260; x_wconf 82' lang='grc' dir='ltr'><strong>τῶν</strong></span> <span class='ocrx_word' id='word_1_513' title='bbox 3513 2209 3608 2260; x_wconf 86' lang='grc' dir='ltr'>ἀν-</span> 
     </span>
    </p>
   </div>
   <div class='ocr_carea' id='block_1_72' title="bbox 2035 2300 3606 2372">
    <p class='ocr_par' dir='ltr' id='par_1_72' title="bbox 2035 2300 3606 2372">
     <span class='ocr_line' id='line_1_72' title="bbox 2035 2300 3606 2372; baseline -0.001 -18"><span class='ocrx_word' id='word_1_514' title='bbox 2035 2300 2271 2372; x_wconf 84' lang='grc' dir='ltr'>θρώπων</span> <span class='ocrx_word' id='word_1_515' title='bbox 2291 2301 2486 2372; x_wconf 85' lang='grc' dir='ltr'>χρείαν</span> <span class='ocrx_word' id='word_1_516' title='bbox 2523 2303 2713 2354; x_wconf 76' lang='grc' dir='ltr'>καὶτὰ</span> <span class='ocrx_word' id='word_1_517' title='bbox 2742 2303 2916 2372; x_wconf 82' lang='grc' dir='ltr'>κτήνη</span> <span class='ocrx_word' id='word_1_518' title='bbox 2953 2301 3158 2372; x_wconf 80' lang='grc' dir='ltr'>ταύτης</span> <span class='ocrx_word' id='word_1_519' title='bbox 3209 2300 3470 2353; x_wconf 79' lang='grc' dir='ltr'>ἀπολαύει</span> <span class='ocrx_word' id='word_1_520' title='bbox 3510 2302 3606 2368; x_wconf 82' lang='grc' dir='ltr'>τῆς</span> 
     </span>
    </p>
   </div>
   <div class='ocr_carea' id='block_1_73' title="bbox 2036 2389 2405 2463">
    <p class='ocr_par' dir='ltr' id='par_1_73' title="bbox 2036 2389 2405 2463">
     <span class='ocr_line' id='line_1_73' title="bbox 2036 2389 2405 2463; baseline 0.005 -19"><span class='ocrx_word' id='word_1_521' title='bbox 2036 2389 2405 2463; x_wconf 69' lang='grc' dir='ltr'>προμηθείας.</span> 
     </span>
    </p>
   </div>
   <div class='ocr_carea' id='block_1_74' title="bbox 2111 2479 3605 2554">
    <p class='ocr_par' dir='ltr' id='par_1_74' title="bbox 2111 2479 3605 2554">
     <span class='ocr_line' id='line_1_74' title="bbox 2111 2479 3605 2554; baseline -0.003 -18"><span class='ocrx_word' id='word_1_522' title='bbox 2111 2483 2193 2538; x_wconf 86' lang='grc' dir='ltr'>ιε’.</span> <span class='ocrx_word' id='word_1_523' title='bbox 2227 2502 2246 2534; x_wconf 73' lang='grc' dir='ltr'><strong>ι</strong></span> <span class='ocrx_word' id='word_1_524' title='bbox 2280 2484 2388 2536; x_wconf 76' lang='grc' dir='ltr'>Καὶ</span> <span class='ocrx_word' id='word_1_525' title='bbox 2425 2479 2569 2548; x_wconf 82' lang='grc' dir='ltr'>οῐνος</span> <span class='ocrx_word' id='word_1_526' title='bbox 2601 2483 2882 2553; x_wconf 74' lang='grc' dir='ltr'>εὐφραίνει</span> <span class='ocrx_word' id='word_1_527' title='bbox 2911 2483 3141 2554; x_wconf 79' lang='grc' dir='ltr'>καρδίαν</span> <span class='ocrx_word' id='word_1_528' title='bbox 3161 2482 3470 2553; x_wconf 67' lang='grc' dir='ltr'>ἀνθρώπου.</span> <span class='ocrx_word' id='word_1_529' title='bbox 3511 2479 3605 2532; x_wconf 75' lang='grc' dir='ltr'>τοῦ</span> 
     </span>
    </p>
   </div>
   <div class='ocr_carea' id='block_1_75' title="bbox 2040 2574 3606 2646">
    <p class='ocr_par' dir='ltr' id='par_1_75' title="bbox 2040 2574 3606 2646">
     <span class='ocr_line' id='line_1_75' title="bbox 2040 2574 3606 2646; baseline -0.004 -16"><span class='ocrx_word' id='word_1_530' title='bbox 2040 2575 2287 2646; x_wconf 82' lang='grc' dir='ltr'>ίλαρῦναι</span> <span class='ocrx_word' id='word_1_531' title='bbox 2325 2575 2620 2646; x_wconf 82' lang='grc' dir='ltr'>πρόσωπον</span> <span class='ocrx_word' id='word_1_532' title='bbox 2665 2578 2722 2628; x_wconf 82' lang='grc' dir='ltr'><strong>ἐν</strong></span> <span class='ocrx_word' id='word_1_533' title='bbox 2756 2575 2926 2644; x_wconf 77' lang='grc' dir='ltr'>ἐλαίῳ</span> <span class='ocrx_word' id='word_1_534' title='bbox 2953 2591 2968 2606; x_wconf 81' lang='grc' dir='ltr'><strong>ο</strong></span> <span class='ocrx_word' id='word_1_535' title='bbox 3030 2576 3125 2628; x_wconf 76' lang='grc' dir='ltr'><strong>καὶ</strong></span> <span class='ocrx_word' id='word_1_536' title='bbox 3155 2575 3324 2645; x_wconf 82' lang='grc' dir='ltr'>ἄρτος</span> <span class='ocrx_word' id='word_1_537' title='bbox 3375 2574 3606 2644; x_wconf 84' lang='grc' dir='ltr'>καρδίαν</span> 
     </span>
    </p>
   </div>
   <div class='ocr_carea' id='block_1_76' title="bbox 2037 2667 3602 2738">
    <p class='ocr_par' dir='ltr' id='par_1_76' title="bbox 2037 2667 3602 2738">
     <span class='ocr_line' id='line_1_76' title="bbox 2037 2667 3602 2738; baseline -0.003 -16"><span class='ocrx_word' id='word_1_538' title='bbox 2037 2667 2328 2738; x_wconf 84' lang='grc' dir='ltr'>ἀνθρώπου</span> <span class='ocrx_word' id='word_1_539' title='bbox 2364 2667 2632 2736; x_wconf 74' lang='grc' dir='ltr'>στηρίξει.</span> <span class='ocrx_word' id='word_1_540' title='bbox 2667 2687 2686 2718; x_wconf 72' lang='grc' dir='ltr'><strong>ι</strong></span> <span class='ocrx_word' id='word_1_541' title='bbox 2745 2667 3086 2737; x_wconf 80' lang='grc' dir='ltr'>Σαφέστερον</span> <span class='ocrx_word' id='word_1_542' title='bbox 3143 2667 3198 2718; x_wconf 79' lang='grc' dir='ltr'>δὲ</span> <span class='ocrx_word' id='word_1_543' title='bbox 3229 2669 3258 2719; x_wconf 88' lang='grc' dir='ltr'><strong>ὁ</strong></span> <span class='ocrx_word' id='word_1_544' title='bbox 3312 2667 3602 2735; x_wconf 81' lang='grc' dir='ltr'>Σύμμαχος</span> 
     </span>
    </p>
   </div>
   <div class='ocr_carea' id='block_1_77' title="bbox 2035 2757 3600 2832">
    <p class='ocr_par' dir='ltr' id='par_1_77' title="bbox 2035 2757 3600 2832">
     <span class='ocr_line' id='line_1_77' title="bbox 2035 2757 3600 2832; baseline -0.004 -18"><span class='ocrx_word' id='word_1_545' title='bbox 2035 2763 2259 2832; x_wconf 81' lang='grc' dir='ltr'>εἴρηκεν</span> <span class='ocrx_word' id='word_1_546' title='bbox 2287 2777 2300 2788; x_wconf 90' lang='grc'><strong>·</strong></span> <span class='ocrx_word' id='word_1_547' title='bbox 2344 2759 2730 2814; x_wconf 73' lang='grc' dir='ltr'>Ἐκσλαστῶν</span> <span class='ocrx_word' id='word_1_548' title='bbox 2771 2761 2990 2829; x_wconf 80' lang='grc' dir='ltr'>χόρτον</span> <span class='ocrx_word' id='word_1_549' title='bbox 3027 2759 3150 2824; x_wconf 82' lang='grc' dir='ltr'>τοῖς</span> <span class='ocrx_word' id='word_1_550' title='bbox 3192 2758 3462 2824; x_wconf 75' lang='grc' dir='ltr'>κτήνεσι,</span> <span class='ocrx_word' id='word_1_551' title='bbox 3506 2757 3600 2808; x_wconf 77' lang='grc' dir='ltr'>καὶ</span> 
     </span>
    </p>
   </div>
   <div class='ocr_carea' id='block_1_78' title="bbox 2035 2845 3601 2919">
    <p class='ocr_par' dir='ltr' id='par_1_78' title="bbox 2035 2845 3601 2919">
     <span class='ocr_line' id='line_1_78' title="bbox 2035 2845 3601 2919; baseline -0.004 -16"><span class='ocrx_word' id='word_1_552' title='bbox 2035 2851 2235 2919; x_wconf 74' lang='grc' dir='ltr'>χλόην</span> <span class='ocrx_word' id='word_1_553' title='bbox 2249 2849 2325 2916; x_wconf 81' lang='grc' dir='ltr'>τῇ</span> <span class='ocrx_word' id='word_1_554' title='bbox 2356 2849 2603 2916; x_wconf 77' lang='grc' dir='ltr'>δουλείᾳ</span> <span class='ocrx_word' id='word_1_555' title='bbox 2632 2847 2748 2900; x_wconf 83' lang='grc' dir='ltr'>τῶν</span> <span class='ocrx_word' id='word_1_556' title='bbox 2766 2848 3090 2915; x_wconf 82' lang='grc' dir='ltr'>ἀνθρώπων</span> <span class='ocrx_word' id='word_1_557' title='bbox 3111 2863 3124 2878; x_wconf 88' lang='grc'><strong>·</strong></span> <span class='ocrx_word' id='word_1_558' title='bbox 3148 2847 3237 2912; x_wconf 80' lang='grc' dir='ltr'><strong>είς</strong></span> <span class='ocrx_word' id='word_1_559' title='bbox 3259 2848 3322 2899; x_wconf 81' lang='grc' dir='ltr'>τὸ</span> <span class='ocrx_word' id='word_1_560' title='bbox 3348 2845 3601 2914; x_wconf 69' lang='grc' dir='ltr'>ἐκφῦσαι</span> 
     </span>
    </p>
   </div>
   <div class='ocr_carea' id='block_1_79' title="bbox 2033 2936 3602 3011">
    <p class='ocr_par' dir='ltr' id='par_1_79' title="bbox 2033 2936 3602 3011">
     <span class='ocr_line' id='line_1_79' title="bbox 2033 2936 3602 3011; baseline -0.005 -15"><span class='ocrx_word' id='word_1_561' title='bbox 2033 2941 2265 3011; x_wconf 60' lang='grc' dir='ltr'>τροφὴν</span> <span class='ocrx_word' id='word_1_562' title='bbox 2294 2941 2412 2995; x_wconf 80' lang='grc' dir='ltr'>ἀπὸ</span> <span class='ocrx_word' id='word_1_563' title='bbox 2441 2939 2574 3009; x_wconf 79' lang='grc' dir='ltr'>γῆς,</span> <span class='ocrx_word' id='word_1_564' title='bbox 2606 2940 2701 2993; x_wconf 74' lang='grc' dir='ltr'><strong>καί</strong></span> <span class='ocrx_word' id='word_1_565' title='bbox 2742 2936 2911 2992; x_wconf 82' lang='grc' dir='ltr'>οἶνον</span> <span class='ocrx_word' id='word_1_566' title='bbox 2959 2939 3305 3006; x_wconf 61' lang='grc' dir='ltr'>εὐφραίνειν</span> <span class='ocrx_word' id='word_1_567' title='bbox 3359 2936 3602 3003; x_wconf 73' lang='grc' dir='ltr'>καρδίαν</span> 
     </span>
    </p>
   </div>
   <div class='ocr_carea' id='block_1_80' title="bbox 2033 3027 3600 3102">
    <p class='ocr_par' dir='ltr' id='par_1_80' title="bbox 2033 3027 3600 3102">
     <span class='ocr_line' id='line_1_80' title="bbox 2033 3027 3600 3102; baseline -0.006 -13"><span class='ocrx_word' id='word_1_568' title='bbox 2033 3035 2350 3102; x_wconf 83' lang='grc' dir='ltr'>ἀνθρώπου</span> <span class='ocrx_word' id='word_1_569' title='bbox 2371 3050 2385 3064; x_wconf 85' lang='grc'><strong>·</strong></span> <span class='ocrx_word' id='word_1_570' title='bbox 2429 3035 2702 3086; x_wconf 77' lang='grc' dir='ltr'>στίλϐειν</span> <span class='ocrx_word' id='word_1_571' title='bbox 2742 3035 3071 3100; x_wconf 77' lang='grc' dir='ltr'>πρόσωπον</span> <span class='ocrx_word' id='word_1_572' title='bbox 3094 3031 3224 3082; x_wconf 80' lang='grc' dir='ltr'>ἑν⁹⁸</span> <span class='ocrx_word' id='word_1_573' title='bbox 3256 3030 3457 3093; x_wconf 79' lang='grc' dir='ltr'>ἐλαίῳ,</span> <span class='ocrx_word' id='word_1_574' title='bbox 3507 3027 3600 3080; x_wconf 68' lang='grc' dir='ltr'>καὶ</span> 
     </span>
    </p>
   </div>
   <div class='ocr_carea' id='block_1_81' title="bbox 2033 3116 3600 3194">
    <p class='ocr_par' dir='ltr' id='par_1_81' title="bbox 2033 3116 3600 3194">
     <span class='ocr_line' id='line_1_81' title="bbox 2033 3116 3600 3194; baseline -0.008 -15"><span class='ocrx_word' id='word_1_575' title='bbox 2033 3125 2218 3194; x_wconf 81' lang='grc' dir='ltr'>ἄρτον</span> <span class='ocrx_word' id='word_1_576' title='bbox 2265 3125 2519 3193; x_wconf 76' lang='grc' dir='ltr'>καρδίαν</span> <span class='ocrx_word' id='word_1_577' title='bbox 2562 3121 2878 3190; x_wconf 80' lang='grc' dir='ltr'>ἀνθρώπου</span> <span class='ocrx_word' id='word_1_578' title='bbox 2917 3116 3239 3187; x_wconf 78' lang='grc' dir='ltr'>στηρίζειν,</span> <span class='ocrx_word' id='word_1_579' title='bbox 3293 3119 3418 3169; x_wconf 71' lang='grc' dir='ltr'><strong>Ἐπὶ</strong></span> <span class='ocrx_word' id='word_1_580' title='bbox 3452 3116 3600 3169; x_wconf 76' lang='grc' dir='ltr'>τοῦτο</span> 
     </span>
    </p>
   </div>
   <div class='ocr_carea' id='block_1_82' title="bbox 2033 3207 3599 3288">
    <p class='ocr_par' dir='ltr' id='par_1_82' title="bbox 2033 3207 3599 3288">
     <span class='ocr_line' id='line_1_82' title="bbox 2033 3207 3599 3288; baseline -0.007 -19"><span class='ocrx_word' id='word_1_581' title='bbox 2033 3216 2164 3288; x_wconf 88' lang='grc' dir='ltr'><strong>γάρ,</strong></span> <span class='ocrx_word' id='word_1_582' title='bbox 2205 3218 2390 3287; x_wconf 66' lang='grc' dir='ltr'>φησιν,</span> <span class='ocrx_word' id='word_1_583' title='bbox 2428 3217 2456 3268; x_wconf 88' lang='grc' dir='ltr'>ὁ</span> <span class='ocrx_word' id='word_1_584' title='bbox 2483 3216 2592 3267; x_wconf 85' lang='grc' dir='ltr'><strong>τῶν</strong></span> <span class='ocrx_word' id='word_1_585' title='bbox 2617 3216 2752 3267; x_wconf 79' lang='grc' dir='ltr'>ὅλων</span> <span class='ocrx_word' id='word_1_586' title='bbox 2779 3213 2908 3274; x_wconf 72' lang='grc' dir='ltr'>Θεὸς</span> <span class='ocrx_word' id='word_1_587' title='bbox 2939 3215 3004 3282; x_wconf 81' lang='grc' dir='ltr'>τῇ</span> <span class='ocrx_word' id='word_1_588' title='bbox 3042 3213 3112 3281; x_wconf 81' lang='grc' dir='ltr'>γῇ</span> <span class='ocrx_word' id='word_1_589' title='bbox 3150 3211 3277 3272; x_wconf 79' lang='grc' dir='ltr'>τοὺς</span> <span class='ocrx_word' id='word_1_590' title='bbox 3307 3209 3495 3269; x_wconf 81' lang='grc' dir='ltr'>ὑετοὺς</span> <span class='ocrx_word' id='word_1_591' title='bbox 3521 3207 3599 3259; x_wconf 86' lang='grc' dir='ltr'>δι-</span> 
     </span>
    </p>
   </div>
   <div class='ocr_carea' id='block_1_83' title="bbox 2035 3301 3600 3378">
    <p class='ocr_par' dir='ltr' id='par_1_83' title="bbox 2035 3301 3600 3378">
     <span class='ocr_line' id='line_1_83' title="bbox 2035 3301 3600 3378; baseline -0.006 -17"><span class='ocrx_word' id='word_1_592' title='bbox 2035 3307 2250 3378; x_wconf 85' lang='grc' dir='ltr'>ηνεκῶς</span> <span class='ocrx_word' id='word_1_593' title='bbox 2272 3309 2522 3378; x_wconf 87' lang='grc' dir='ltr'>χορηγεῖ,</span> <span class='ocrx_word' id='word_1_594' title='bbox 2557 3305 2698 3358; x_wconf 83' lang='grc' dir='ltr'>ὥστε</span> <span class='ocrx_word' id='word_1_595' title='bbox 2732 3305 2860 3367; x_wconf 68' lang='grc' dir='ltr'>τοὺς</span> <span class='ocrx_word' id='word_1_596' title='bbox 2905 3301 3282 3364; x_wconf 81' lang='grc' dir='ltr'>παντοδαποὺς</span> <span class='ocrx_word' id='word_1_597' title='bbox 3311 3301 3600 3371; x_wconf 78' lang='grc' dir='ltr'>βλαστῆσαι</span> 
     </span>
    </p>
   </div>
   <div class='ocr_carea' id='block_1_84' title="bbox 2039 3390 3600 3472">
    <p class='ocr_par' dir='ltr' id='par_1_84' title="bbox 2039 3390 3600 3472">
     <span class='ocr_line' id='line_1_84' title="bbox 2039 3390 3600 3472; baseline -0.008 -18"><span class='ocrx_word' id='word_1_598' title='bbox 2039 3402 2310 3472; x_wconf 78' lang='grc' dir='ltr'>καρποὺς,</span> <span class='ocrx_word' id='word_1_599' title='bbox 2349 3400 2445 3452; x_wconf 72' lang='grc' dir='ltr'>καὶ</span> <span class='ocrx_word' id='word_1_600' title='bbox 2478 3397 2630 3468; x_wconf 82' lang='grc' dir='ltr'>ἄρτῳ</span> <span class='ocrx_word' id='word_1_601' title='bbox 2675 3398 2772 3466; x_wconf 81' lang='grc' dir='ltr'>μὲν</span> <span class='ocrx_word' id='word_1_602' title='bbox 2819 3393 3072 3466; x_wconf 80' lang='grc' dir='ltr'>στηρίξαι</span> <span class='ocrx_word' id='word_1_603' title='bbox 3099 3394 3144 3425; x_wconf 73' lang='grc'>⁸³</span> <span class='ocrx_word' id='word_1_604' title='bbox 3176 3393 3272 3444; x_wconf 80' lang='grc' dir='ltr'><strong>καὶ</strong></span> <span class='ocrx_word' id='word_1_605' title='bbox 3317 3390 3600 3460; x_wconf 63' lang='grc' dir='ltr'>διαθρέψαι</span> 
     </span>
    </p>
   </div>
   <div class='ocr_carea' id='block_1_85' title="bbox 2038 3479 3602 3560">
    <p class='ocr_par' dir='ltr' id='par_1_85' title="bbox 2038 3479 3602 3560">
     <span class='ocr_line' id='line_1_85' title="bbox 2038 3479 3602 3560; baseline -0.01 -17"><span class='ocrx_word' id='word_1_606' title='bbox 2038 3491 2144 3544; x_wconf 82' lang='grc' dir='ltr'>τῶν</span> <span class='ocrx_word' id='word_1_607' title='bbox 2191 3489 2498 3560; x_wconf 86' lang='grc' dir='ltr'>ἀνθρώπων</span> <span class='ocrx_word' id='word_1_608' title='bbox 2554 3487 2652 3557; x_wconf 86' lang='grc' dir='ltr'><strong>τὴν</strong></span> <span class='ocrx_word' id='word_1_609' title='bbox 2685 3487 2846 3554; x_wconf 84' lang='grc' dir='ltr'>φύσιν</span> <span class='ocrx_word' id='word_1_610' title='bbox 2875 3502 2888 3516; x_wconf 88' lang='grc'><strong>·</strong></span> <span class='ocrx_word' id='word_1_611' title='bbox 2925 3485 3052 3553; x_wconf 76' lang='grc' dir='ltr'>οἴνῳ</span> <span class='ocrx_word' id='word_1_612' title='bbox 3105 3483 3160 3536; x_wconf 77' lang='grc' dir='ltr'>δὲ</span> <span class='ocrx_word' id='word_1_613' title='bbox 3192 3481 3462 3550; x_wconf 76' lang='grc' dir='ltr'>εὐφρᾶναι</span> <span class='ocrx_word' id='word_1_614' title='bbox 3513 3479 3602 3532; x_wconf 57' lang='grc' dir='ltr'><strong>καὶ⁸</strong></span> 
     </span>
    </p>
   </div>
   <div class='ocr_carea' id='block_1_86' title="bbox 2041 3570 3600 3652">
    <p class='ocr_par' dir='ltr' id='par_1_86' title="bbox 2041 3570 3600 3652">
     <span class='ocr_line' id='line_1_86' title="bbox 2041 3570 3600 3652; baseline -0.009 -17"><span class='ocrx_word' id='word_1_615' title='bbox 2041 3580 2454 3652; x_wconf 86' lang='grc' dir='ltr'>θυμηρεστέραν</span> <span class='ocrx_word' id='word_1_616' title='bbox 2485 3577 2826 3647; x_wconf 80' lang='grc' dir='ltr'>ἐργάσασθαι</span> <span class='ocrx_word' id='word_1_617' title='bbox 2865 3577 2964 3646; x_wconf 76' lang='grc' dir='ltr'>τὴν</span> <span class='ocrx_word' id='word_1_618' title='bbox 2991 3576 3169 3643; x_wconf 76' lang='grc' dir='ltr'>ζωήν·</span> <span class='ocrx_word' id='word_1_619' title='bbox 3230 3572 3396 3642; x_wconf 88' lang='grc' dir='ltr'>ἐλαίῳ</span> <span class='ocrx_word' id='word_1_620' title='bbox 3442 3571 3497 3624; x_wconf 83' lang='grc' dir='ltr'>δὲ</span> <span class='ocrx_word' id='word_1_621' title='bbox 3544 3570 3600 3622; x_wconf 80' lang='grc' dir='ltr'>οὐ</span> 
     </span>
    </p>
   </div>
   <div class='ocr_carea' id='block_1_87' title="bbox 2042 3660 3604 3742">
    <p class='ocr_par' dir='ltr' id='par_1_87' title="bbox 2042 3660 3604 3742">
     <span class='ocr_line' id='line_1_87' title="bbox 2042 3660 3604 3742; baseline -0.006 -20"><span class='ocrx_word' id='word_1_622' title='bbox 2042 3674 2202 3742; x_wconf 85' lang='grc' dir='ltr'>μόνον</span> <span class='ocrx_word' id='word_1_623' title='bbox 2224 3671 2434 3723; x_wconf 81' lang='grc' dir='ltr'>ἔνδοθεν</span> <span class='ocrx_word' id='word_1_624' title='bbox 2464 3667 2778 3739; x_wconf 69' lang='grc' dir='ltr'>διαθρέψαι,</span> <span class='ocrx_word' id='word_1_625' title='bbox 2795 3668 2930 3720; x_wconf 76' lang='grc' dir='ltr'>ἀλλὰ</span> <span class='ocrx_word' id='word_1_626' title='bbox 2954 3670 3046 3719; x_wconf 74' lang='grc' dir='ltr'>καὶ</span> <span class='ocrx_word' id='word_1_627' title='bbox 3064 3663 3266 3732; x_wconf 72' lang='grc' dir='ltr'>ἔξωθεν</span> <span class='ocrx_word' id='word_1_628' title='bbox 3293 3660 3604 3732; x_wconf 74' lang='grc' dir='ltr'>λαμπρῦναι</span> 
     </span>
    </p>
   </div>
   <div class='ocr_carea' id='block_1_88' title="bbox 2037 3763 2387 3832">
    <p class='ocr_par' dir='ltr' id='par_1_88' title="bbox 2037 3763 2387 3832">
     <span class='ocr_line' id='line_1_88' title="bbox 2037 3763 2387 3832; baseline 0 -16"><span class='ocrx_word' id='word_1_629' title='bbox 2037 3765 2108 3816; x_wconf 77' lang='grc' dir='ltr'>τὰ</span> <span class='ocrx_word' id='word_1_630' title='bbox 2138 3763 2387 3832; x_wconf 81' lang='grc' dir='ltr'>σώματα.</span> 
     </span>
    </p>
   </div>
   <div class='ocr_carea' id='block_1_89' title="bbox 2113 3845 3608 3924">
    <p class='ocr_par' dir='ltr' id='par_1_89' title="bbox 2113 3845 3608 3924">
     <span class='ocr_line' id='line_1_89' title="bbox 2113 3845 3608 3924; baseline -0.005 -18"><span class='ocrx_word' id='word_1_631' title='bbox 2113 3860 2210 3919; x_wconf 85' lang='grc' dir='ltr'>ις’.</span> <span class='ocrx_word' id='word_1_632' title='bbox 2245 3873 2263 3904; x_wconf 79' lang='grc' dir='ltr'><strong>ι</strong></span> <span class='ocrx_word' id='word_1_633' title='bbox 2305 3851 2783 3924; x_wconf 77' lang='grc' dir='ltr'>Χορτασοήσονται</span> <span class='ocrx_word' id='word_1_634' title='bbox 2810 3850 2879 3901; x_wconf 80' lang='grc' dir='ltr'>τὰ</span> <span class='ocrx_word' id='word_1_635' title='bbox 2931 3849 3063 3913; x_wconf 81' lang='grc' dir='ltr'>ξύλα</span> <span class='ocrx_word' id='word_1_636' title='bbox 3095 3847 3190 3900; x_wconf 79' lang='grc' dir='ltr'>τοῦ</span> <span class='ocrx_word' id='word_1_637' title='bbox 3249 3847 3456 3901; x_wconf 86' lang='grc' dir='ltr'>πεδίου.</span> <span class='ocrx_word' id='word_1_638' title='bbox 3491 3865 3510 3898; x_wconf 79' lang='grc' dir='ltr'><strong>ι</strong></span> <span class='ocrx_word' id='word_1_639' title='bbox 3552 3845 3608 3899; x_wconf 81' lang='lat'><strong>&#39;0</strong></span> 
     </span>
    </p>
   </div>
   <div class='ocr_carea' id='block_1_90' title="bbox 2037 3937 3605 4014">
    <p class='ocr_par' dir='ltr' id='par_1_90' title="bbox 2037 3937 3605 4014">
     <span class='ocr_line' id='line_1_90' title="bbox 2037 3937 3605 4014; baseline -0.004 -18"><span class='ocrx_word' id='word_1_640' title='bbox 2037 3944 2094 3997; x_wconf 87' lang='grc' dir='ltr'><strong>δέ</strong></span> <span class='ocrx_word' id='word_1_641' title='bbox 2132 3943 2406 4014; x_wconf 76' lang='grc' dir='ltr'>Ἐϐραῖος,</span> <span class='ocrx_word' id='word_1_642' title='bbox 2449 3942 2546 3994; x_wconf 69' lang='grc' dir='ltr'>καὶ</span> <span class='ocrx_word' id='word_1_643' title='bbox 2567 3943 2619 3993; x_wconf 86' lang='grc' dir='ltr'>οἱ</span> <span class='ocrx_word' id='word_1_644' title='bbox 2648 3943 2828 3993; x_wconf 75' lang='grc' dir='ltr'>λοιποὶ</span> <span class='ocrx_word' id='word_1_645' title='bbox 2849 3943 2890 4002; x_wconf 75' lang='grc'><strong>⁸,</strong></span> <span class='ocrx_word' id='word_1_646' title='bbox 2912 3941 3023 3993; x_wconf 86' lang='grc' dir='ltr'><strong>τοῦ</strong></span> <span class='ocrx_word' id='word_1_647' title='bbox 3055 3940 3278 4006; x_wconf 82' lang='grc' dir='ltr'>Κυρίου</span> <span class='ocrx_word' id='word_1_648' title='bbox 3306 3937 3605 3991; x_wconf 85' lang='grc' dir='ltr'>τεθείκασι.</span> 
     </span>
    </p>
   </div>
   <div class='ocr_carea' id='block_1_91' title="bbox 2038 4028 3612 4104">
    <p class='ocr_par' dir='ltr' id='par_1_91' title="bbox 2038 4028 3612 4104">
     <span class='ocr_line' id='line_1_91' title="bbox 2038 4028 3612 4104; baseline -0.007 -15"><span class='ocrx_word' id='word_1_649' title='bbox 2038 4036 2332 4100; x_wconf 78' lang='grc' dir='ltr'>Διεξελθὼν</span> <span class='ocrx_word' id='word_1_650' title='bbox 2366 4037 2433 4088; x_wconf 83' lang='grc' dir='ltr'>τὰ</span> <span class='ocrx_word' id='word_1_651' title='bbox 2461 4035 2738 4104; x_wconf 85' lang='grc' dir='ltr'>κάρπιμα,</span> <span class='ocrx_word' id='word_1_652' title='bbox 2801 4031 3117 4099; x_wconf 84' lang='grc' dir='ltr'>ἀναγκαίως</span> <span class='ocrx_word' id='word_1_653' title='bbox 3151 4031 3480 4099; x_wconf 82' lang='grc' dir='ltr'>μνημονεύει</span> <span class='ocrx_word' id='word_1_654' title='bbox 3519 4028 3612 4080; x_wconf 78' lang='grc' dir='ltr'><strong>καὶ</strong></span> 
     </span>
    </p>
   </div>
   <div class='ocr_carea' id='block_1_92' title="bbox 2036 4119 3610 4196">
    <p class='ocr_par' dir='ltr' id='par_1_92' title="bbox 2036 4119 3610 4196">
     <span class='ocr_line' id='line_1_92' title="bbox 2036 4119 3610 4196; baseline -0.007 -15"><span class='ocrx_word' id='word_1_655' title='bbox 2036 4128 2145 4182; x_wconf 83' lang='grc' dir='ltr'><strong>τῶν</strong></span> <span class='ocrx_word' id='word_1_656' title='bbox 2200 4127 2493 4196; x_wconf 84' lang='grc' dir='ltr'>ἀκάρπων,</span> <span class='ocrx_word' id='word_1_657' title='bbox 2527 4125 2604 4186; x_wconf 85' lang='grc' dir='ltr'>ὡς</span> <span class='ocrx_word' id='word_1_658' title='bbox 2637 4123 2945 4190; x_wconf 82' lang='grc' dir='ltr'>ἀναγκαίαν</span> <span class='ocrx_word' id='word_1_659' title='bbox 3004 4126 3112 4183; x_wconf 85' lang='grc' dir='ltr'>τοῖς</span> <span class='ocrx_word' id='word_1_660' title='bbox 3160 4120 3470 4190; x_wconf 82' lang='grc' dir='ltr'>ἀνθρώποις</span> <span class='ocrx_word' id='word_1_661' title='bbox 3520 4119 3610 4171; x_wconf 71' lang='grc' dir='ltr'>καὶ</span> 
     </span>
    </p>
   </div>
   <div class='ocr_carea' id='block_1_93' title="bbox 2037 4213 3609 4288">
    <p class='ocr_par' dir='ltr' id='par_1_93' title="bbox 2037 4213 3609 4288">
     <span class='ocr_line' id='line_1_93' title="bbox 2037 4213 3609 4288; baseline -0.004 -16"><span class='ocrx_word' id='word_1_662' title='bbox 2037 4221 2216 4272; x_wconf 74' lang='grc' dir='ltr'>αὐτῶν</span> <span class='ocrx_word' id='word_1_663' title='bbox 2257 4219 2605 4288; x_wconf 68' lang='grc' dir='ltr'>παρεχόντων</span> <span class='ocrx_word' id='word_1_664' title='bbox 2651 4217 2863 4286; x_wconf 87' lang='grc' dir='ltr'>χρείαν.</span> <span class='ocrx_word' id='word_1_665' title='bbox 2921 4215 3021 4267; x_wconf 82' lang='grc' dir='ltr'><strong>Διὰ</strong></span> <span class='ocrx_word' id='word_1_666' title='bbox 3081 4213 3238 4265; x_wconf 77' lang='grc' dir='ltr'>τοῦτο</span> <span class='ocrx_word' id='word_1_667' title='bbox 3273 4214 3366 4266; x_wconf 71' lang='grc' dir='ltr'><strong>καὶ</strong></span> <span class='ocrx_word' id='word_1_668' title='bbox 3403 4214 3609 4281; x_wconf 81' lang='grc' dir='ltr'>Κυρίου</span> 
     </span>
    </p>
   </div>
   <div class='ocr_carea' id='block_1_94' title="bbox 2037 4305 3611 4380">
    <p class='ocr_par' dir='ltr' id='par_1_94' title="bbox 2037 4305 3611 4380">
     <span class='ocr_line' id='line_1_94' title="bbox 2037 4305 3611 4380; baseline -0.006 -15"><span class='ocrx_word' id='word_1_669' title='bbox 2037 4312 2176 4367; x_wconf 73' lang='grc' dir='ltr'><strong>αὑτά</strong></span> <span class='ocrx_word' id='word_1_670' title='bbox 2227 4311 2676 4380; x_wconf 83' lang='grc' dir='ltr'>προσηγόρευσεν</span> <span class='ocrx_word' id='word_1_671' title='bbox 2703 4325 2714 4336; x_wconf 87' lang='grc'>·</span> <span class='ocrx_word' id='word_1_672' title='bbox 2762 4307 2837 4370; x_wconf 86' lang='grc' dir='ltr'>ὡς</span> <span class='ocrx_word' id='word_1_673' title='bbox 2877 4306 3146 4372; x_wconf 80' lang='grc' dir='ltr'>αὑτοφυᾶ,</span> <span class='ocrx_word' id='word_1_674' title='bbox 3189 4306 3284 4358; x_wconf 74' lang='grc' dir='ltr'>καὶ</span> <span class='ocrx_word' id='word_1_675' title='bbox 3316 4305 3379 4358; x_wconf 83' lang='grc' dir='ltr'><strong>οὐ</strong></span> <span class='ocrx_word' id='word_1_676' title='bbox 3432 4305 3611 4374; x_wconf 83' lang='grc' dir='ltr'>χειρό-</span> 
     </span>
    </p>
   </div>
   <div class='ocr_carea' id='block_1_95' title="bbox 2037 4393 3611 4473">
    <p class='ocr_par' dir='ltr' id='par_1_95' title="bbox 2037 4393 3611 4473">
     <span class='ocr_line' id='line_1_95' title="bbox 2037 4393 3611 4473; baseline -0.008 -16"><span class='ocrx_word' id='word_1_677' title='bbox 2037 4419 2245 4473; x_wconf 82' lang='grc' dir='ltr'>κμητα,</span> <span class='ocrx_word' id='word_1_678' title='bbox 2294 4400 2431 4453; x_wconf 85' lang='grc' dir='ltr'><strong>ἀλλά</strong></span> <span class='ocrx_word' id='word_1_679' title='bbox 2479 4398 2556 4468; x_wconf 83' lang='grc' dir='ltr'><strong>τῷ</strong></span> <span class='ocrx_word' id='word_1_680' title='bbox 2585 4397 2717 4468; x_wconf 88' lang='grc' dir='ltr'>θείῳ</span> <span class='ocrx_word' id='word_1_681' title='bbox 2763 4397 2906 4467; x_wconf 82' lang='grc' dir='ltr'>λόγῳ</span> <span class='ocrx_word' id='word_1_682' title='bbox 2938 4396 3338 4466; x_wconf 74' lang='grc' dir='ltr'>βλαστήσαντα.</span> <span class='ocrx_word' id='word_1_683' title='bbox 3397 4393 3488 4449; x_wconf 86' lang='grc' dir='ltr'>Διδ</span> <span class='ocrx_word' id='word_1_684' title='bbox 3513 4397 3611 4446; x_wconf 81' lang='grc' dir='ltr'>καὶ</span> 
     </span>
    </p>
   </div>
   <div class='ocr_carea' id='block_1_96' title="bbox 2037 4486 3607 4564">
    <p class='ocr_par' dir='ltr' id='par_1_96' title="bbox 2037 4486 3607 4564">
     <span class='ocr_line' id='line_1_96' title="bbox 2037 4486 3607 4564; baseline -0.007 -18"><span class='ocrx_word' id='word_1_685' title='bbox 2037 4495 2319 4564; x_wconf 78' lang='grc' dir='ltr'>ἐπήγαγεν</span> <span class='ocrx_word' id='word_1_686' title='bbox 2339 4511 2351 4524; x_wconf 89' lang='grc'><strong>·</strong></span> <span class='ocrx_word' id='word_1_687' title='bbox 2379 4511 2397 4543; x_wconf 79' lang='grc' dir='ltr'><strong>ι</strong></span> <span class='ocrx_word' id='word_1_688' title='bbox 2419 4492 2482 4544; x_wconf 81' lang='grc' dir='ltr'>Δί</span> <span class='ocrx_word' id='word_1_689' title='bbox 2503 4492 2684 4559; x_wconf 88' lang='grc' dir='ltr'>κέδροι</span> <span class='ocrx_word' id='word_1_690' title='bbox 2700 4488 2795 4542; x_wconf 78' lang='grc' dir='ltr'>τοῦ</span> <span class='ocrx_word' id='word_1_691' title='bbox 2814 4488 3070 4546; x_wconf 77' lang='grc' dir='ltr'>Λιϐάνου,</span> <span class='ocrx_word' id='word_1_692' title='bbox 3105 4486 3169 4548; x_wconf 82' lang='grc' dir='ltr'><strong>ἂς</strong></span> <span class='ocrx_word' id='word_1_693' title='bbox 3194 4486 3497 4552; x_wconf 76' lang='grc' dir='ltr'>ἐφύτευσας</span> <span class='ocrx_word' id='word_1_694' title='bbox 3517 4487 3558 4537; x_wconf 79' lang='grc'><strong>².</strong></span> <span class='ocrx_word' id='word_1_695' title='bbox 3590 4504 3607 4533; x_wconf 75' lang='grc' dir='ltr'><strong>ι</strong></span> 
     </span>
    </p>
   </div>
   <div class='ocr_carea' id='block_1_97' title="bbox 2042 4576 3612 4652">
    <p class='ocr_par' dir='ltr' id='par_1_97' title="bbox 2042 4576 3612 4652">
     <span class='ocr_line' id='line_1_97' title="bbox 2042 4576 3612 4652; baseline -0.006 -16"><span class='ocrx_word' id='word_1_696' title='bbox 2042 4583 2180 4637; x_wconf 81' lang='grc' dir='ltr'>Οὔτε</span> <span class='ocrx_word' id='word_1_697' title='bbox 2215 4584 2322 4652; x_wconf 79' lang='grc' dir='ltr'>γὰρ</span> <span class='ocrx_word' id='word_1_698' title='bbox 2357 4580 2655 4649; x_wconf 86' lang='grc' dir='ltr'>ἀλσοκόμοι</span> <span class='ocrx_word' id='word_1_699' title='bbox 2709 4580 2854 4642; x_wconf 83' lang='grc' dir='ltr'>τινὲς</span> <span class='ocrx_word' id='word_1_700' title='bbox 2901 4578 3106 4632; x_wconf 88' lang='grc' dir='ltr'>τούτων</span> <span class='ocrx_word' id='word_1_701' title='bbox 3161 4576 3463 4646; x_wconf 83' lang='grc' dir='ltr'>γεγένηντο</span> <span class='ocrx_word' id='word_1_702' title='bbox 3507 4592 3612 4643; x_wconf 81' lang='grc' dir='ltr'>φυ-</span> 
     </span>
    </p>
   </div>
   <div class='ocr_carea' id='block_1_98' title="bbox 2040 4665 3614 4746">
    <p class='ocr_par' dir='ltr' id='par_1_98' title="bbox 2040 4665 3614 4746">
     <span class='ocr_line' id='line_1_98' title="bbox 2040 4665 3614 4746; baseline -0.01 -16"><span class='ocrx_word' id='word_1_703' title='bbox 2040 4675 2261 4746; x_wconf 82' lang='grc' dir='ltr'>τουργοί</span> <span class='ocrx_word' id='word_1_704' title='bbox 2287 4674 2435 4728; x_wconf 75' lang='grc' dir='ltr'>’ἀλλ’</span> <span class='ocrx_word' id='word_1_705' title='bbox 2486 4675 2514 4724; x_wconf 84' lang='grc' dir='ltr'><strong>ό</strong></span> <span class='ocrx_word' id='word_1_706' title='bbox 2552 4673 2697 4733; x_wconf 85' lang='grc' dir='ltr'>θεῖος</span> <span class='ocrx_word' id='word_1_707' title='bbox 2737 4671 2908 4736; x_wconf 84' lang='grc' dir='ltr'>Λόγος</span> <span class='ocrx_word' id='word_1_708' title='bbox 2953 4669 3292 4739; x_wconf 73' lang='grc' dir='ltr'>ἀμφιλαφεῖς</span> <span class='ocrx_word' id='word_1_709' title='bbox 3351 4667 3450 4727; x_wconf 81' lang='grc' dir='ltr'>τὰς</span> <span class='ocrx_word' id='word_1_710' title='bbox 3503 4665 3614 4716; x_wconf 82' lang='grc' dir='ltr'>τῶν</span> 
     </span>
    </p>
   </div>
   <div class='ocr_carea' id='block_1_99' title="bbox 2040 4755 3616 4836">
    <p class='ocr_par' dir='ltr' id='par_1_99' title="bbox 2040 4755 3616 4836">
     <span class='ocr_line' id='line_1_99' title="bbox 2040 4755 3616 4836; baseline -0.008 -18"><span class='ocrx_word' id='word_1_711' title='bbox 2040 4767 2182 4836; x_wconf 85' lang='grc' dir='ltr'>ὀρῶν</span> <span class='ocrx_word' id='word_1_712' title='bbox 2210 4763 2453 4835; x_wconf 72' lang='grc' dir='ltr'>κορυφὰς</span> <span class='ocrx_word' id='word_1_713' title='bbox 2489 4763 2807 4831; x_wconf 80' lang='grc' dir='ltr'>εἰργάσατο.</span> <span class='ocrx_word' id='word_1_714' title='bbox 2860 4759 2967 4812; x_wconf 80' lang='grc' dir='ltr'><strong>Τοῦ</strong></span> <span class='ocrx_word' id='word_1_715' title='bbox 3026 4760 3210 4828; x_wconf 84' lang='grc' dir='ltr'>μέντοι</span> <span class='ocrx_word' id='word_1_716' title='bbox 3264 4757 3498 4810; x_wconf 74' lang='grc' dir='ltr'>Λιϐάνου</span> <span class='ocrx_word' id='word_1_717' title='bbox 3539 4755 3616 4815; x_wconf 81' lang='grc' dir='ltr'>ὡς</span> 
     </span>
    </p>
   </div>
   <div class='ocr_carea' id='block_1_100' title="bbox 2040 4846 3613 4926">
    <p class='ocr_par' dir='ltr' id='par_1_100' title="bbox 2040 4846 3613 4926">
     <span class='ocr_line' id='line_1_100' title="bbox 2040 4846 3613 4926; baseline -0.008 -17"><span class='ocrx_word' id='word_1_718' title='bbox 2040 4857 2316 4926; x_wconf 76' lang='grc' dir='ltr'>ἐπισήμου</span> <span class='ocrx_word' id='word_1_719' title='bbox 2355 4853 2756 4925; x_wconf 82' lang='grc' dir='ltr'>μνημονεύσας,</span> <span class='ocrx_word' id='word_1_720' title='bbox 2817 4852 2912 4903; x_wconf 71' lang='grc' dir='ltr'><strong>καὶ</strong></span> <span class='ocrx_word' id='word_1_721' title='bbox 2940 4850 3050 4901; x_wconf 86' lang='grc' dir='ltr'><strong>τῶν</strong></span> <span class='ocrx_word' id='word_1_722' title='bbox 3080 4851 3138 4901; x_wconf 88' lang='grc' dir='ltr'><strong>ἐν</strong></span> <span class='ocrx_word' id='word_1_723' title='bbox 3190 4848 3340 4916; x_wconf 80' lang='grc' dir='ltr'>αὐτῷ</span> <span class='ocrx_word' id='word_1_724' title='bbox 3385 4846 3613 4916; x_wconf 83' lang='grc' dir='ltr'>κέδρων,</span> 
     </span>
    </p>
   </div>
   <div class='ocr_carea' id='block_1_101' title="bbox 2043 4937 3517 5016">
    <p class='ocr_par' dir='ltr' id='par_1_101' title="bbox 2043 4937 3517 5016">
     <span class='ocr_line' id='line_1_101' title="bbox 2043 4937 3517 5016; baseline -0.007 -16"><span class='ocrx_word' id='word_1_725' title='bbox 2043 4951 2136 5001; x_wconf 74' lang='grc' dir='ltr'><strong>καὶ</strong></span> <span class='ocrx_word' id='word_1_726' title='bbox 2159 4948 2330 5002; x_wconf 83' lang='grc' dir='ltr'>τᾶλλα</span> <span class='ocrx_word' id='word_1_727' title='bbox 2364 4946 2464 5016; x_wconf 76' lang='grc' dir='ltr'>ὅρη</span> <span class='ocrx_word' id='word_1_728' title='bbox 2495 4945 2588 4998; x_wconf 75' lang='grc' dir='ltr'><strong>καὶ</strong></span> <span class='ocrx_word' id='word_1_729' title='bbox 2619 4943 2813 5013; x_wconf 80' lang='grc' dir='ltr'>δένδρα</span> <span class='ocrx_word' id='word_1_730' title='bbox 2841 4941 2929 4994; x_wconf 84' lang='grc' dir='ltr'>διὰ</span> <span class='ocrx_word' id='word_1_731' title='bbox 2956 4939 3158 4993; x_wconf 89' lang='grc' dir='ltr'>τούτων</span> <span class='ocrx_word' id='word_1_732' title='bbox 3185 4938 3453 5008; x_wconf 84' lang='grc' dir='ltr'>ἐδήλωσεν</span> <span class='ocrx_word' id='word_1_733' title='bbox 3477 4937 3517 4989; x_wconf 83' lang='grc'>³.</span> 
     </span>
    </p>
   </div>
   <div class='ocr_carea' id='block_1_102' title="bbox 1412 5349 2472 5409">
    <p class='ocr_par' dir='ltr' id='par_1_102' title="bbox 1412 5349 2472 5409">
     <span class='ocr_line' id='line_1_102' title="bbox 1412 5349 2472 5409; baseline -0.002 -2"><span class='ocrx_word' id='word_1_734' title='bbox 1412 5353 1648 5409; x_wconf 70' lang='grc' dir='ltr'>νΑιιιΑε</span> <span class='ocrx_word' id='word_1_735' title='bbox 1705 5351 2088 5407; x_wconf 71' lang='lat' dir='ltr'><strong>LECTIONES</strong></span> <span class='ocrx_word' id='word_1_736' title='bbox 2111 5351 2213 5406; x_wconf 83' lang='lat' dir='ltr'><strong>ET</strong></span> <span class='ocrx_word' id='word_1_737' title='bbox 2245 5349 2472 5407; x_wconf 63' lang='lat' dir='ltr'><strong>NOTIE.</strong></span> 
     </span>
    </p>
   </div>
   <div class='ocr_carea' id='block_1_103' title="bbox 441 5485 1931 5586">
    <p class='ocr_par' dir='ltr' id='par_1_103' title="bbox 441 5507 1931 5586">
     <span class='ocr_line' id='line_1_103' title="bbox 441 5507 1931 5586; baseline -0.003 -21"><span class='ocrx_word' id='word_1_738' title='bbox 441 5511 484 5540; x_wconf 68' lang='grc'><strong><em>’⁵</em></strong></span> <span class='ocrx_word' id='word_1_739' title='bbox 505 5511 724 5586; x_wconf 71' lang='grc' dir='ltr'>ᾼὺτοῦ.</span> <span class='ocrx_word' id='word_1_740' title='bbox 751 5509 875 5586; x_wconf 83' lang='lat' dir='ltr'><strong>cod.</strong></span> <span class='ocrx_word' id='word_1_741' title='bbox 909 5509 932 5560; x_wconf 76' lang='lat' dir='ltr'><strong>i</strong></span> <span class='ocrx_word' id='word_1_742' title='bbox 961 5509 1182 5586; x_wconf 68' lang='grc' dir='ltr'>ἑαυτοῦ.</span> <span class='ocrx_word' id='word_1_743' title='bbox 1282 5507 1897 5586; x_wconf 36' lang='lat' dir='ltr'><strong>’°_lifgl._:_\_best‘a_cod_.</strong></span> <span class='ocrx_word' id='word_1_744' title='bbox 1925 5526 1931 5538; x_wconf 66' lang='grc' dir='ltr'><strong>λ</strong></span> 
     </span>
    </p>
   </div>
   <div class='ocr_carea' id='block_1_104' title="bbox 2036 5485 3620 5586">
    <p class='ocr_par' dir='ltr' id='par_1_104' title="bbox 2036 5485 3620 5586">
     <span class='ocr_line' id='line_1_104' title="bbox 2036 5485 3620 5586; baseline 0.001 -26"><span class='ocrx_word' id='word_1_745' title='bbox 2036 5507 2097 5586; x_wconf 30' lang='grc' dir='ltr'><strong>ιον</strong></span> <span class='ocrx_word' id='word_1_746' title='bbox 2147 5507 2321 5586; x_wconf 40' lang='grc' dir='ltr'>ζΑἶιλς.</span> <span class='ocrx_word' id='word_1_747' title='bbox 2357 5506 2537 5586; x_wconf 36' lang='grc' dir='ltr'><strong>(δοιῇ-1</strong></span> <span class='ocrx_word' id='word_1_748' title='bbox 2573 5506 2869 5586; x_wconf 42' lang='grc' dir='ltr'>ἀλλά-,καίη</span> <span class='ocrx_word' id='word_1_749' title='bbox 2921 5500 2968 5586; x_wconf 50' lang='grc' dir='ltr'>ξε</span> <span class='ocrx_word' id='word_1_750' title='bbox 2997 5508 3124 5586; x_wconf 62' lang='grc' dir='ltr'>Ἑν.</span> <span class='ocrx_word' id='word_1_751' title='bbox 3150 5485 3369 5586; x_wconf 27' lang='grc' dir='ltr'><strong>Αλιρρειρ</strong></span> <span class='ocrx_word' id='word_1_752' title='bbox 3397 5504 3522 5586; x_wconf 79' lang='lat' dir='ltr'><strong>cod.</strong></span> <span class='ocrx_word' id='word_1_753' title='bbox 3560 5503 3620 5561; x_wconf 70' lang='lat' dir='ltr'><strong>i.</strong></span> 
     </span>
    </p>
   </div>
   <div class='ocr_carea' id='block_1_105' title="bbox 363 5575 1931 5648">
    <p class='ocr_par' dir='ltr' id='par_1_105' title="bbox 363 5575 1931 5648">
     <span class='ocr_line' id='line_1_105' title="bbox 363 5575 1931 5648; baseline 0.001 -20"><span class='ocrx_word' id='word_1_754' title='bbox 363 5575 410 5606; x_wconf 82' lang='lat'><strong>&quot;</strong></span> <span class='ocrx_word' id='word_1_755' title='bbox 437 5578 560 5648; x_wconf 78' lang='lat' dir='ltr'><strong>cod.</strong></span> <span class='ocrx_word' id='word_1_756' title='bbox 593 5582 608 5629; x_wconf 89' lang='lat' dir='ltr'><strong>l</strong></span> <span class='ocrx_word' id='word_1_757' title='bbox 649 5578 944 5648; x_wconf 51' lang='lat' dir='ltr'><strong>emptam.</strong></span> <span class='ocrx_word' id='word_1_758' title='bbox 1004 5581 1020 5610; x_wconf 83' lang='grc'>¹</span> <span class='ocrx_word' id='word_1_759' title='bbox 1057 5582 1120 5632; x_wconf 75' lang='lat' dir='ltr'><strong>Ol</strong></span> <span class='ocrx_word' id='word_1_760' title='bbox 1147 5580 1367 5632; x_wconf 74' lang='grc' dir='ltr'>λοιποί.</span> <span class='ocrx_word' id='word_1_761' title='bbox 1397 5580 1500 5632; x_wconf 84' lang='lat' dir='ltr'><strong>Sed</strong></span> <span class='ocrx_word' id='word_1_762' title='bbox 1526 5578 1716 5648; x_wconf 74' lang='lat' dir='ltr'><strong>Montl‘.</strong></span> <span class='ocrx_word' id='word_1_763' title='bbox 1755 5579 1806 5630; x_wconf 88' lang='lat' dir='ltr'><strong>in</strong></span> <span class='ocrx_word' id='word_1_764' title='bbox 1843 5577 1931 5631; x_wconf 83' lang='lat' dir='ltr'><strong>Ile:</strong></span> 
     </span>
    </p>
   </div>
   <div class='ocr_carea' id='block_1_106' title="bbox 2036 5575 3621 5648">
    <p class='ocr_par' dir='ltr' id='par_1_106' title="bbox 2036 5575 3621 5648">
     <span class='ocr_line' id='line_1_106' title="bbox 2036 5575 3621 5648; baseline 0.003 -18"><span class='ocrx_word' id='word_1_765' title='bbox 2036 5578 2066 5630; x_wconf 94' lang='lat' dir='ltr'><strong>I.</strong></span> <span class='ocrx_word' id='word_1_766' title='bbox 2103 5577 2165 5630; x_wconf 92' lang='lat' dir='ltr'><strong>ad</strong></span> <span class='ocrx_word' id='word_1_767' title='bbox 2199 5579 2260 5648; x_wconf 77' lang='grc' dir='ltr'><strong>ιι.</strong></span> <span class='ocrx_word' id='word_1_768' title='bbox 2286 5577 2334 5648; x_wconf 50' lang='grc' dir='ltr'>Ι.</span> <span class='ocrx_word' id='word_1_769' title='bbox 2355 5577 2571 5648; x_wconf 54' lang='lat' dir='ltr'><strong>Aquila;</strong></span> <span class='ocrx_word' id='word_1_770' title='bbox 2605 5585 2661 5648; x_wconf 85' lang='lat' dir='ltr'><strong>ct</strong></span> <span class='ocrx_word' id='word_1_771' title='bbox 2686 5576 3047 5630; x_wconf 84' lang='lat' dir='ltr'><strong>Theodotioni</strong></span> <span class='ocrx_word' id='word_1_772' title='bbox 3077 5576 3314 5630; x_wconf 83' lang='lat' dir='ltr'><strong>vindicat</strong></span> <span class='ocrx_word' id='word_1_773' title='bbox 3345 5575 3621 5643; x_wconf 84' lang='lat' dir='ltr'><strong>interpre-</strong></span> 
     </span>
    </p>
   </div>
   <div class='ocr_carea' id='block_1_107' title="bbox 365 5643 1931 5721">
    <p class='ocr_par' dir='ltr' id='par_1_107' title="bbox 365 5643 1931 5721">
     <span class='ocr_line' id='line_1_107' title="bbox 365 5643 1931 5721; baseline 0.004 -26"><span class='ocrx_word' id='word_1_774' title='bbox 365 5643 625 5698; x_wconf 73' lang='lat' dir='ltr'><strong>tationem</strong></span> <span class='ocrx_word' id='word_1_775' title='bbox 658 5643 766 5698; x_wconf 64' lang='grc' dir='ltr'><strong>τού</strong></span> <span class='ocrx_word' id='word_1_776' title='bbox 784 5647 968 5702; x_wconf 87' lang='grc' dir='ltr'>πεδίου</span> <span class='ocrx_word' id='word_1_777' title='bbox 1000 5649 1228 5721; x_wconf 83' lang='grc' dir='ltr'>Κυρίου.</span> <span class='ocrx_word' id='word_1_778' title='bbox 1329 5648 1348 5676; x_wconf 78' lang='grc'>⁸</span> <span class='ocrx_word' id='word_1_779' title='bbox 1387 5648 1581 5715; x_wconf 58' lang='grc' dir='ltr'>Ἐφύτ.</span> <span class='ocrx_word' id='word_1_780' title='bbox 1631 5647 1794 5702; x_wconf 80' lang='lat' dir='ltr'><strong>Hebr.</strong></span> <span class='ocrx_word' id='word_1_781' title='bbox 1833 5647 1931 5716; x_wconf 72' lang='lat' dir='ltr'><strong>pla:</strong></span> 
     </span>
    </p>
   </div>
   <div class='ocr_carea' id='block_1_108' title="bbox 2036 5643 3120 5721">
    <p class='ocr_par' dir='ltr' id='par_1_108' title="bbox 2036 5643 3120 5715">
     <span class='ocr_line' id='line_1_108' title="bbox 2036 5643 3120 5715; baseline -0.004 -14"><span class='ocrx_word' id='word_1_782' title='bbox 2036 5649 2118 5702; x_wconf 53' lang='lat' dir='ltr'><strong>ait.</strong></span> <span class='ocrx_word' id='word_1_783' title='bbox 2193 5647 2213 5678; x_wconf 88' lang='grc'><strong><em>⁸</em></strong></span> <span class='ocrx_word' id='word_1_784' title='bbox 2243 5643 2446 5712; x_wconf 24' lang='grc' dir='ltr'>Ἐδήλί.</span> <span class='ocrx_word' id='word_1_785' title='bbox 2476 5646 2596 5700; x_wconf 82' lang='lat' dir='ltr'><strong>cod.</strong></span> <span class='ocrx_word' id='word_1_786' title='bbox 2637 5647 2662 5700; x_wconf 84' lang='grc'><strong>1</strong></span> <span class='ocrx_word' id='word_1_787' title='bbox 2693 5648 3120 5715; x_wconf 68' lang='grc' dir='ltr'>ἄμνημόνευσεν.</span> 
     </span>
    </p>
   </div>
  </div>
