4006 6198
393 242 515 309 ίῖῡί

1778 245 1860 308 ΙΝ
1895 248 2098 307 PSAL.
2136 245 2293 306 CIII.

3515 249 3652 315 1702

463 359 548 421 ιζ’.
594 375 612 409 ι
659 357 807 410 Ἐκεῖ
831 356 1090 425 στρουθία
1109 358 1520 412 ἐννοσσεύσουσι
1546 377 1559 390 ·
1588 359 1683 412 τοῦ
1706 357 1930 429 ὲρωδιοῦ
1948 358 1969 387 ⁸

2149 355 2315 412 Vens.
2370 356 2451 410 l7.
2509 374 2527 407 ι
2564 356 2641 411 lbi
2689 372 2940 426 passeres
2989 357 3394 414 nidiﬁcabunt:
3438 358 3649 416 her-odii

387 452 418 518 η
454 448 715 501 κατοικία
749 449 968 518 ἡγεῖται
988 447 1193 502 αὐτῶν.
1231 468 1249 500 ι
1296 448 1355 502 '0
1377 450 1433 502 δὲ
1479 451 1710 513 ’Δκύλας
1755 450 1967 514 οὕτως⁹

400 540 562 593 Ἐκεῖ
584 538 764 607 ὄρνεα
797 539 1257 593 νοσσεύσουσιν
1279 557 1294 572 ο
1340 540 1557 610 ἐρωδιῷ
1577 545 1598 575 ⁵
1629 541 1838 596 ἐλάται
1883 538 1967 594 οἵ·

394 648 500 695 κος
554 629 737 694 αὐτῷ.
784 629 884 682 '0‘
940 629 996 682 δὲ
1050 630 1368 702 Σύμμαχος,
1429 633 1647 686 Ὀπου⁷
1684 633 1971 700 στρουθία

385 725 810 785 ἐννοσσεύσει.
871 722 953 789 τῷ
1002 724 1226 777 latere“
1267 724 1534 790 βόρατον
1584 723 1844 788 clamate.
1889 723 1970 776 Τὰ

385 819 493 887 γὰρ
523 817 663 870 αὐτὰ
687 818 881 888 δένδρα
913 817 1082 886 ἄλλην
1112 817 1209 886 μὲν
1227 813 1535 885 ἀνθρώποις
1562 817 1773 885 χρείαν,
1803 815 1968 885 ἄλλην

385 905 442 958 δὲ
476 909 593 968 τοῖς
621 907 834 974 ὀρνέοις
886 908 1159 976 παρέχει·
1209 903 1518 974 ἀνθρώποις
1575 906 1674 972 μὲν
1722 905 1832 973 γὰρ
1891 908 1969 966 εἰς

387 996 736 1067 κατασκευὴν
764 997 956 1050 οἰκιῶν
995 997 1282 1068 ἐπιτήδεια
1305 1012 1320 1028 ο
1354 995 1466 1049 τῶν
1496 996 1554 1049 δὲ
1601 997 1802 1065 ὀρνέων
1831 996 1971 1050 αὐτὰ

387 1085 602 1154 δέχεται
631 1088 730 1150 τὰς
765 1089 1030 1158 οἰκήσεις.

462 1181 553 1245 ιη’.
594 1193 612 1226 ι
647 1177 787 1245 Ὀρη
813 1177 882 1228 τὰ
905 1177 1087 1246 ὑψηλά
1115 1179 1238 1239 ταῖς
1267 1177 1487 1246 ἐλάφοις
1511 1177 1531 1208 ⁸
1556 1194 1572 1208 ο
1605 1176 1782 1248 πέτρα
1801 1195 1970 1230 κατα-

391 1264 539 1331 φυγὴ
561 1265 674 1326 τοῖς
704 1263 936 1332 λαγωοῖς
967 1267 1032 1319 ³⁸.
1072 1285 1092 1318 ι
1133 1268 1208 1320 Οὐ
1230 1269 1447 1340 παρορᾷ
1483 1285 1598 1332 σου,
1629 1273 1815 1340 φησὶν,
1852 1271 1970 1324 οὐδὲ

387 1356 455 1406 τὰ
485 1356 696 1425 σμικρά
727 1357 769 1387 ¹¹
806 1357 914 1410 τῶν
943 1356 1099 1420 ζώων
1147 1360 1182 1430 ἡ
1219 1361 1470 1428 πρόνοια,
1511 1361 1646 1414 ἀλλά
1701 1363 1821 1424 ταῖς
1872 1364 1970 1432 μὲν

387 1443 608 1512 ἐλάφοις
627 1444 837 1510 ἔδωκας
857 1448 1185 1520 ἐνδιαίτημα
1209 1449 1310 1513 τὰς
1347 1451 1457 1504 τῶν
1507 1451 1649 1522 ὀρῶν
1672 1452 1926 1524 ’κορυφάς
1953 1471 1966 1485 ·

387 1537 501 1595 τοῖς
525 1535 582 1588 δὲ
627 1537 1015 1608 σμικροτέροις
1045 1538 1155 1594 τῶν
1195 1539 1374 1605 ζώων,
1431 1541 1533 1605 τὰς
1585 1541 1695 1596 τῶν
1751 1543 1972 1614 πετρῶν

389 1626 717 1691 καταδύσεις

2071 449 2266 503 domus
2292 449 2402 504 dux
2436 459 2522 503 est
2565 464 2776 504 eorum.
2817 468 2835 502 ι
2885 450 3078 520 Aquila
3113 467 3239 504 vero
3265 453 3386 506 sic:
3421 453 3502 506 lbi
3528 470 3648 508 area

2071 539 2443 608 nidi/icabunt,
2469 540 2671 594 herodii
2691 541 2878 594 domus
2902 543 3095 596 abieles
3116 552 3256 595 sunt.
3287 543 3649 612 Symmachus

2070 648 2200 685 vero
2233 651 2246 686 :
2290 631 2390 686 Ubi
2422 649 2660 700 passeres
2695 633 3066 700 nidi/icabunt,
3109 636 3266 688 milvo
3302 636 3447 688 abies
3496 637 3648 688 habi-

2073 727 2227 776 tatio.
2270 722 2404 777 Nam
2440 724 2666 778 arbores
2695 724 2896 778 eaedem
2929 727 3094 778 alium
3141 727 3454 780 hominibus
3486 741 3645 780 nsunt

2073 815 2331 881 praebent,
2367 825 2420 868 et
2470 817 2636 868 alium
2680 817 2920 870 avibus:
2966 818 3274 870 hominibus
3317 819 3534 885 quidem
3579 820 3646 872 ad

2073 909 2362 960 domorum
2395 918 2733 962 structuram
2767 919 2892 963 sunt
2924 920 3082 979 aptae,
3115 912 3294 963 arium
3333 922 3511 965 autem
3545 913 3647 965 do-

2072 1017 2191 1055 mos
2228 1005 2356 1072 ipsae
2384 1005 2676 1072 rccipiunt.

2150 1179 2310 1233 Vens.
2345 1182 2427 1233 18.
2463 1200 2481 1232 ι
2515 1181 2722 1235 Montes
2751 1185 2950 1237 excelsi
2979 1185 3176 1250 cervis,
3197 1197 3347 1254 petra
3373 1187 3644 1256 refugium

2076 1273 2284 1342 1337
2325 1273 2626 1340 leporibus.
2667 1293 2685 1324 ι
2749 1274 2866 1329 Tua
2921 1279 3278 1344 providentia,
3327 1280 3533 1348 inquit,
3580 1296 3648 1334 ne

2074 1363 2360 1430 perexigua
2402 1363 2619 1431 quidem
2674 1365 2903 1434 despicit
2953 1367 3252 1422 animantia
3289 1387 3302 1422 :
3341 1370 3435 1424 sed
3471 1371 3648 1424 cervis

2071 1454 2290 1523 quidem
2349 1454 2617 1508 montium
2663 1455 2790 1524 juga
2844 1457 3142 1526 hospitium
3172 1460 3188 1478 ‘
3220 1458 3387 1524 dedit,
3437 1460 3648 1529 exiguis

2073 1561 2203 1599 vero
2232 1547 2560 1601 animalibus
2599 1562 2856 1602 saxorum
2890 1566 3174 1603 cavernas.

463 1717 550 1770 ιθ’.
593 1737 609 1768 ι
657 1718 912 1790 Ἐποίησε
944 1719 1178 1791 σελήνην
1230 1723 1313 1785 είς
1360 1726 1610 1795 καιρούς.
1642 1741 1662 1776 ι
1719 1725 1802 1778 Τὰ
1829 1726 1968 1779 κατά

2143 1724 2306 1780 Vens.
2342 1727 2428 1781 19.
2471 1745 2490 1778 ι
2529 1725 2675 1781 Fecit
2709 1729 2892 1781 Ionam
2925 1747 3020 1796 pro
3057 1732 3413 1798 temporibus.
3449 1751 3467 1783 ι
3499 1733 3639 1788 Cum

388 1811 492 1877 γῆν
531 1809 749 1864 ἅπαντα
796 1810 1109 1876 διεξελθὼν,
1159 1814 1401 1868 καὶτῶν
1447 1815 1701 1883 ἀοράτων
1754 1817 1971 1885 φύσεων

389 1899 490 1968 τὴν
525 1899 897 1970 δημιουργίαν
923 1899 1127 1965 δείξας,
1155 1903 1252 1955 καὶ
1283 1902 1391 1956 τῶν
1413 1905 1660 1974 οὐρανῶν
1685 1906 1972 1973 ὑποδείξας

387 1989 486 2058 τὴν
502 1989 743 2060 ποίησιν,
761 1989 860 2044 τιιαὶ⁵
879 1990 992 2044 τῶν
1008 1994 1315 2064 φωστήρων
1333 1997 1570 2048 ποιεῖται
1595 1995 1697 2066 τὴν
1721 1998 1968 2067 μνήμην,

389 2079 439 2130 οἳ
475 2079 618 2132 κατά
677 2079 778 2150 τὴν
824 2081 1095 2150 τετάρτην
1127 2084 1346 2153 ἡμέραν
1379 2086 1652 2153 ἐγένοντο.
1682 2089 1792 2141 Καὶ
1819 2087 1970 2156 λέγει

389 2167 488 2237 τὴν
516 2169 614 2238 τῆς
647 2169 878 2240 σελήνης
906 2171 1272 2241 δημιουργίαν
1326 2173 1416 2227 διὰ
1452 2176 1551 2244 τὴν
1598 2177 1706 2228 τῶν
1764 2180 1972 2247 καιρῶν

391 2259 722 2332 γεγενῆσθαι
776 2261 1129 2316 διδασκαλίαν
1155 2278 1172 2296 ο
1223 2265 1278 2316 ai
1323 2265 1432 2333 γὰρ
1470 2266 1644 2335 αὐτῆς
1669 2269 1711 2299 ¹²
1746 2269 1971 2322 ἀλλοιώ-

393 2369 506 2415 σεις
559 2352 876 2423 μετρεῖσθαι
934 2353 1027 2407 τὸν
1070 2355 1264 2425 χρόνον
1307 2357 1814 2427 παρασκευάζουσι.
1863 2362 1972 2414 Τοῦ

391 2444 500 2516 γὰρ
527 2446 699 2515 μηνὸς
724 2447 786 2499 τὸ
817 2445 1018 2517 μέτρον
1051 2446 1192 2518 αὑτὴ
1227 2450 1394 2512 ποιεῖ,
1422 2450 1482 2502 ἐν
1511 2449 1804 2514 τοσαύταις
1831 2454 1972 2522 ἠμέ-

393 2553 514 2606 ραις
537 2537 581 2568 ⁸³
608 2535 852 2602 αὖξουσά
880 2555 943 2590 τε
971 2539 1066 2591 καὶ⁵
1120 2538 1408 2608 φθίνουσα.
1442 2559 1461 2594 ι
1525 2541 1586 2595 '0
1615 2542 1772 2612 ἥλιος
1831 2544 1973 2612 ἔγνω

391 2628 492 2697 τὴν
519 2627 672 2681 δύσιν
697 2627 885 2684 αὑτοῦ.
922 2647 943 2680 ι
976 2631 1091 2682 Οὐκ
1106 2629 1350 2701 ἔμψυχος
1381 2631 1480 2700 ὢν,
1515 2633 1636 2686 οὐδὲ
1660 2633 1804 2704 λόγῳ
1830 2635 1971 2704 χρώ-

397 2735 592 2788 μενος·
624 2719 761 2773 ἀλλὰ
792 2719 938 2772 κατά
981 2720 1073 2774 τὸν
1135 2720 1282 2775 θεῖον
1342 2723 1469 2793 ὅρον
1518 2724 1742 2788 ὁδεύων,
1799 2724 1972 2789 οὕτως

395 2807 670 2878 ποιεῖτὴν
709 2808 926 2879 ἡμέραν
955 2810 1306 2879 φαινόμενος,
1344 2814 1442 2866 καὶ
1467 2812 1569 2881 τὴν
1609 2812 1784 2867 νύκτα
1833 2831 1972 2884 κρυ-

396 2899 664 2968 πτόμενος
693 2912 708 2927 ⁸
739 2899 836 2953 καὶ
868 2900 960 2954 τὸν
993 2900 1158 2954 αὑτὸν
1205 2901 1403 2973 δρόμον
1441 2901 1555 2974 ἔχει
1602 2904 1710 2968 ἀεὶ,
1751 2903 1848 2958 καὶ
1901 2906 1972 2959 τὰ

400 2989 576 3059 μέτρα
607 2989 888 3058 φυλάττει.

467 3078 539 3131 κ’.
585 3097 602 3130 ι
636 3079 802 3133 Ἐθου
834 3079 1046 3147 σκότος,
1074 3080 1166 3134 καὶ
1189 3081 1408 3150 ἐγένετο
1443 3083 1560 3150 νύξ.
1595 3103 1614 3136 ι
1670 3086 1973 3155 Ἀναγκαία

279 3245 290 3253 ν
397 3171 490 3223 καὶ
521 3170 728 3241 ταύτης
755 3173 790 3242 ἡ
823 3172 988 3243 χρεία
1018 3187 1032 3203 ⁸
1065 3175 1131 3244 τῇ
1170 3173 1270 3244 μὲν
1295 3174 1391 3227 τοῦ
1423 3178 1599 3244 φωτὸς
1623 3177 1972 3250 ὑποχωρήσει

401 3264 767 3334 συνισταμένη
796 3279 810 3295 ·
840 3265 1154 3319 ἀνάπαυσιν
1172 3266 1216 3296 ⁸⁵
1242 3264 1301 3319 δὲ
1321 3268 1433 3330 τοῖς
1465 3267 1772 3338 ἀνθρώποις
1832 3287 1973 3340 παρ-

399 3351 654 3421 εχομένη.

376 3468 380 3472 -
483 3464 500 3493 ι
557 3445 647 3497 Ἑν
677 3445 815 3516 αὐτῇ
846 3443 1213 3500 διελεύσονται
1242 3449 1286 3479 ¹⁸
1327 3448 1506 3501 πάντα
1559 3450 1628 3502 τά
1659 3451 1824 3521 θηρία
1877 3452 1972 3505 τοῦ

401 3534 632 3603 δρυμοῦ.
668 3533 824 3606 [κα’.]
853 3537 1091 3606 Σκύμνοι
1131 3535 1434 3608 ὠρυόμενοι
1457 3538 1554 3591 τοῦ
1591 3540 1975 3609 ἀρπάσαι,καὶ

403 3627 635 3697 ζητῆσαι
665 3628 818 3698 παρὰ
854 3628 950 3680 τοῦ
977 3628 1114 3682 Θεοῦ
1139 3630 1182 3661 ¹⁶
1215 3627 1418 3700 βρῶσιν
1455 3631 1662 3694 αὐτοῖς.
1692 3650 1711 3682 ι
1763 3633 1823 3685 Ἡ
1866 3635 1974 3704 γὰρ

403 3715 499 3779 νὺξ
523 3717 638 3778 τοῖς
674 3716 772 3785 μὲν
801 3715 1112 3786 ἀνθρώποις
1137 3719 1458 3772 ἀνάπαυλαν
1502 3722 1972 3791 πραγματεύεται,

401 3806 584 3858 ἄδειαν
621 3806 679 3859 δὲ
711 3809 824 3869 τοῖς
883 3806 1098 3877 θηρίοις
1164 3809 1418 3879 παρέχει,
1451 3810 1591 3864 ὥστε
1635 3797 1962 3875 πεινώσας¹’

403 3898 678 3967 ἐμπλῆσαι
705 3896 1090 3968 γαστέρας.Τὸ
1109 3899 1187 3962 δὲ,
1227 3916 1247 3950 ι
1275 3902 1514 3971 Ζητῆσαι
1536 3902 1686 3974 παρά
1714 3903 1806 3956 τοῦ
1838 3903 1973 3957 Θεοῦ

405 3989 830 4060 βμῦσιναύτοῖς,
864 4007 883 4039 ι
917 3989 1041 4042 ἀντὶ
1058 3988 1174 4052 τοῦ,
1202 3991 1312 4043 Καὶ
1325 3991 1538 4056 τούτοις
1555 3996 1588 4064 ἡ
1604 3994 1724 4047 θεία
1747 3995 1975 4064 Πρόνοια

403 4080 632 4150 παρέχει
675 4079 774 4148 τὴν
823 4080 1037 4148 χρείαν.
1080 4081 1154 4132 Τὸ
1209 4081 1308 4151 μὲν
1344 4083 1454 4154 γὰρ
1510 4085 1662 4154 παρά
1700 4085 1795 4138 τοῦ
1841 4086 1973 4138 Θεοῦ

401 4174 595 4235 αἰτεῖν,
631 4170 902 4239 λογικῶν⁹
953 4170 1016 4222 τὸ
1062 4171 1120 4224 δὲ
1155 4173 1364 4242 ζητεῖν,
1420 4175 1517 4228 καὶ
1557 4175 1667 4229 τῶν
1710 4177 1923 4246 ἀλόγων
1957 4193 1970 4206 ·

403 4263 518 4315 ἀλλ’
550 4265 700 4330 ὅμως
730 4262 824 4314 καὶ
849 4261 1062 4325 τούτοις
1086 4264 1115 4315 ὁ
1134 4261 1270 4326 Θεὸς
1331 4262 1430 4334 τὴν
1478 4265 1782 4334 ἀναγκαίαν
1831 4284 1970 4339 παρ-

403 4354 517 4423 έχει
543 4355 772 4424 τροφήν.

474 4444 579 4512 κβ’,
614 4453 722 4512 κγ’.
769 4463 788 4496 ι
831 4444 1129 4498 Ἀνέτειλεν
1159 4446 1188 4498 ὁ
1217 4445 1390 4514 ἥλιος,
1422 4447 1516 4498 καὶ
1544 4448 1966 4518 συνήχθησαν¹⁸,

403 4537 498 4588 καὶ
531 4536 610 4598 είς
647 4535 748 4598 τὰς
816 4535 1058 4605 μάνδρας
1103 4535 1287 4588 αὐτῶν
1345 4535 1815 4604 κοιτασοήσονται.
1859 4537 1975 4602 Ἐξ-

403 4626 680 4680 ελεύσεται
725 4625 1011 4695 ἄνθρωπος
1060 4625 1153 4677 ἐπὶ
1190 4624 1250 4678 τὸ
1284 4624 1447 4696 ἔργον
1495 4627 1660 4679 αὑτοῦ
1688 4645 1701 4658 ·
1739 4630 1834 4682 καὶ
1881 4631 1974 4682 ἐπὶ

402 4718 497 4788 τὴν
529 4717 790 4787 ἐργασίαν
825 4714 992 4770 αὑτοῦ
1032 4715 1136 4778 ἓως
1158 4716 1419 4786 ἑσπέρας.
1458 4733 1477 4767 ι
1545 4717 1725 4770 Ἠλίου
1786 4719 1840 4772 δὲ
1884 4721 1980 4772 ἀν-

406 4810 669 4878 ίσχοντος,
699 4807 768 4860 τὰ
799 4807 897 4877 μὲν
927 4807 1019 4869 ἐίς
1047 4806 1145 4869 τὰς
1174 4807 1381 4869 οἰκείας
1410 4807 1735 4869 καταδύσεις
1761 4811 1931 4880 χωρεί
1956 4823 1969 4838 ⁸

403 4902 451 4950 οἱ
510 4900 564 4950 δὲ
603 4899 883 4966 ἄνθρωποι
933 4898 1026 4949 τὸν
1061 4898 1164 4966 τῆς
1212 4898 1548 4967 προτεραίας
1573 4897 1614 4930 ‘9
1644 4899 1970 4962 ἀποθέμενοι

407 4987 590 5051 πόνον,
648 4987 951 5056 προθύμως
1020 4985 1183 5039 πάλιν
1245 4987 1303 5037 ὲν
1357 4986 1474 5047 τοῖς
1539 4985 1722 5055 ἔργοις
1779 4987 1968 5056 διημε-

410 5089 678 5139 ρευουσιν.

2081 1817 2357 1871 terrestria
2394 1820 2578 1872 omnia
2623 1833 2941 1888 persecutns
2973 1831 3138 1888 esset,
3183 1823 3651 1893 im'isihiliomque

2073 1915 2390 1958 naturarum
2423 1906 2782 1969 creationem,
2826 1922 2890 1960 ac
2921 1908 3186 1960 caelorum
3233 1909 3648 1976 productionem

2070 1994 2700 2056 demonstrasset,etiam
2739 1996 3089 2049 luminarium
3128 1999 3458 2051 mentionem
3499 1998 3647 2062 facit,

2072 2101 2193 2154 quae
2219 2097 2422 2155 quarto
2452 2087 2544 2140 die
2575 2085 2718 2140 facta
2751 2086 2904 2140 fuere
2933 2105 2946 2140 :
2976 2096 3030 2140 et
3077 2088 3210 2142 dicit
3244 2089 3388 2143 luna:
3414 2091 3650 2144 creatio-

2074 2194 2194 2230 nem
2223 2177 2291 2230 ob
2321 2187 2624 2246 temporum
2657 2177 2961 2230 doctrinam
2996 2177 3195 2231 factam
3223 2194 3375 2246 esse;
3407 2181 3654 2248 quando-

2072 2266 2290 2332 quidem
2342 2266 2461 2332 ejus
2514 2266 2842 2319 mutationes
2882 2267 2983 2321 hoc
3033 2266 3292 2334 eﬂiciont,
3333 2279 3391 2324 ut
3437 2282 3652 2340 tempus

2075 2354 2180 2409 sub
2214 2369 2528 2409 mensuram
2559 2357 2740 2410 cadat.
2777 2358 2894 2426 Ipsa
2929 2361 3073 2412 enim
3106 2375 3417 2412 mensuram
3447 2362 3652 2414 mensis

2074 2443 2257 2508 eﬂicit,
2291 2461 2414 2499 cum
2443 2455 2522 2500 tot
2553 2447 2748 2501 diebus
2781 2457 2996 2502 crescat
3056 2457 3110 2502 et
3161 2451 3459 2504 decrescat.
3504 2469 3522 2502 ι
3559 2452 3652 2506 Sol

2075 2537 2331 2606 cognovit
2355 2552 2611 2592 occasum
2641 2554 2824 2593 suum.
2867 2559 2886 2592 ι
2923 2539 3039 2594 Non
3077 2542 3220 2609 quod
3250 2543 3524 2597 animatus
3559 2544 3650 2610 sit,

2076 2643 2252 2699 neque
2299 2630 2444 2699 quod
2503 2631 2713 2684 ratione
2765 2632 3119 2687 utatur:sed
3169 2634 3314 2702 quod
3360 2648 3427 2688 ex
3462 2635 3652 2690 divino

2075 2723 2392 2794 prteseripto
2425 2724 2528 2778 iter
2559 2722 2802 2790 faciens,
2848 2724 2929 2778 sic
2971 2739 3239 2794 apparens
3283 2728 3425 2780 diem
3457 2726 3648 2792 elilcit,

2076 2823 2130 2869 et
2158 2823 2396 2881 noctem,
2429 2818 2772 2881 delitescens,
2811 2834 3081 2889 suumque
3125 2836 3346 2875 cursum
3397 2827 3648 2877 eumdem

2077 2921 2294 2978 semper
2324 2917 2493 2976 tenet,
2527 2920 2577 2965 et
2605 2926 2890 2966 mensuras
2914 2922 3224 2967 conservat.

2000 3047 2042 3104 C
2147 3081 2313 3138 Vens.
2347 3083 2436 3138 20.
2469 3101 2490 3137 ι
2528 3083 2766 3138 Posuisti
2801 3083 3074 3149 tenebras,
3104 3094 3158 3139 et
3191 3082 3328 3140 facta
3366 3095 3449 3140 est
3481 3101 3641 3141 nox.»

2076 3174 2431 3230 Necessarius
2470 3187 2553 3230 est
2581 3176 2742 3229 etiam
2778 3175 2940 3244 hujus
2977 3192 3150 3231 usus:
3185 3177 3320 3232 lucis
3367 3179 3510 3232 enim
3563 3197 3644 3237 re-

2075 3282 2233 3322 cessu
2267 3279 2386 3322 orta
2417 3283 2546 3331 nox,
2582 3271 2825 3337 requiem
2860 3268 3185 3322 mortalibus
3210 3271 3433 3338 praebet.

2153 3463 2171 3494 ι
2227 3443 2282 3497 In
2336 3445 2452 3508 ipsa
2507 3446 2923 3514 pertransibunt
2977 3459 3169 3500 omnes
3230 3445 3421 3501 bestiae
3476 3447 3643 3502 silva}.

2076 3533 2286 3606 [Vt-ms.
2344 3533 2437 3606 21]
2480 3535 2660 3590 Catuli
2706 3535 2924 3591 leonum
2973 3535 3270 3607 rugientes,
3324 3545 3384 3590 ut
3412 3538 3644 3607 rapiant,

2074 3634 2128 3679 et
2157 3637 2404 3694 quaerant
2431 3639 2462 3680 a
2497 3625 2607 3681 Deo
2635 3642 2818 3682 escam
2853 3627 2978 3682 sibi.
3015 3644 3034 3678 ι
3084 3625 3203 3680 Nox
3243 3627 3386 3681 enim
3418 3630 3649 3682 homini-

2077 3717 2178 3772 bus
2211 3717 2450 3787 quietem
2489 3728 2777 3786 procurat,
2817 3718 3166 3774 securitatem
3203 3733 3331 3773 vero
3371 3717 3501 3774 feris
3536 3719 3648 3776 lar-

2067 3811 2241 3886 gitur,
2289 3821 2348 3865 ut
2379 3811 2683 3865 esurientes
2720 3818 2938 3864 ventres
2986 3809 3259 3879 expleant.
3307 3809 3442 3864 Illud
3483 3825 3646 3874 vero,

2087 3901 2295 3970 [338
2329 3919 2347 3952 ι
2381 3908 2442 3954 ιιι
2469 3909 2715 3968 quaerant
2746 3915 2776 3953 a
2806 3899 2914 3954 Deo
2943 3914 3126 3954 escam
3172 3900 3298 3962 sibi,
3333 3919 3353 3951 ι
3388 3900 3530 3954 idem
3568 3911 3652 3954 est

2076 3996 2246 4064 quod,
2275 3994 2449 4048 Etiam
2485 3995 2570 4046 his
2592 3993 2774 4046 divina
2799 3991 3148 4046 Providentia
3180 3992 3486 4045 necessaria
3511 4007 3650 4060 pra:-

2075 4084 2189 4138 bet.
2212 4081 2348 4136 Nam
2381 4096 2410 4135 a
2438 4081 2548 4135 Deo
2573 4079 2793 4149 quidem
2820 4079 3117 4147 postulare,
3142 4088 3226 4132 est
3252 4080 3462 4133 ratione
3489 4093 3648 4134 uten-

2077 4177 2240 4238 tium,
2272 4188 2521 4243 quaarere
2547 4187 2699 4236 vero,
2735 4172 2900 4224 etiam
2933 4171 3146 4223 ratione
3180 4173 3479 4224 carentium
3515 4190 3528 4225 :
3558 4189 3649 4226 re-

2079 4279 2386 4319 rumtamen
2408 4264 2568 4317 etiam
2594 4263 2678 4316 his
2703 4262 2842 4314 Deus
2863 4263 3228 4313 tret'essal'ittttt
3258 4262 3646 4316 nutrimentum

1999 4380 2042 4434 ι)
2078 4359 2262 4412 donat.

2145 4446 2310 4501 Vens.
2343 4445 2432 4510 22,
2469 4445 2560 4498 25.
2641 4463 2658 4494 ι
2703 4443 2868 4497 Ortus
2917 4451 3003 4497 est
3055 4443 3168 4507 sol,
3229 4450 3280 4496 et
3336 4443 3648 4511 congregati

2073 4547 2239 4601 sunt,
2292 4535 2440 4590 etin
2492 4533 2763 4588 cubilibus
2812 4533 2928 4587 suis
2986 4532 3417 4586 collocabuntur.
3471 4533 3650 4587 Exibit

2077 4629 2242 4682 homo
2279 4625 2348 4680 ad
2393 4641 2530 4696 opus
2562 4641 2745 4690 suum,
2785 4635 2840 4680 et
2869 4628 2935 4679 ad
2966 4627 3338 4694 operationem
3369 4641 3524 4681 suam
3556 4642 3645 4680 us-

2077 4734 2185 4788 que
2214 4721 2280 4773 ad
2313 4733 2618 4788 vesperam.
2661 4737 2679 4769 ι
2717 4715 2942 4772 Oriente
2975 4717 3122 4780 sole,
3173 4718 3289 4773 haec
3328 4719 3545 4788 quidem
3592 4719 3644 4772 in

2079 4826 2179 4865 sua
2227 4811 2396 4866 lustra
2455 4808 2742 4864 discedunt
2783 4823 2800 4863 :
2843 4807 3091 4864 homines
3141 4824 3270 4865 vero
3322 4824 3351 4863 a
3397 4810 3646 4879 pridiano

2076 4902 2260 4955 labore
2285 4901 2534 4965 recreati,
2580 4908 2832 4970 prompte
2860 4915 3053 4955 rursus
3093 4900 3147 4955 in
3191 4901 3472 4958 laboribus
3499 4901 3640 4956 diem

2074 4995 2302 5048 ducunt.

1505 5163 1738 5217 VARIIE
1780 5165 2158 5222 LEC'l‘lONES
2203 5168 2286 5221 ET
2324 5167 2558 5222 ΝΟΤᾸΞ-

471 5260 626 5329 ξΤοῦ
651 5288 720 5329 -έ
750 5258 963 5329 αὐτῶν.
992 5259 1154 5314 Hebr.
1212 5258 1450 5323 Ciconia,
1512 5261 1704 5313 abicies
1743 5261 1928 5313 domus
1967 5262 2099 5329 ejus.

406 5331 427 5359 ⁸
466 5328 518 5378 '0
550 5355 620 5365 ———
649 5327 904 5392 οἴκησις.
936 5327 1058 5382 Des.
1100 5331 1152 5381 in
1179 5330 1298 5382 cod.
1333 5330 1381 5380 1.

407 5395 572 5450 Hebr.
613 5395 865 5449 Ibicibus.

405 5537 604 5658 res
634 5544 1030 5663 Caesar;
1054 5538 1430 5674 semitr-

404 5675 694 5744 pratum-dc
773 5675 810 5705 ³⁸
841 5675 961 5729 cod.
1004 5674 1173 5730 Vatic.
1207 5678 1650 5747 συναχθήσονται.

1488 5331 1506 5359 ⁷
1549 5329 1752 5382 Ὅπου.
1795 5329 1985 5384 Montf.
2023 5332 2058 5384 l.
2105 5348 2152 5386 c.
2197 5334 2331 5385 ἐκεῖ.

973 5398 1329 5472 ιο-Λαγωοῖς,
1369 5397 1515 5472 Hanc
1546 5400 1748 5472 codicis
1783 5401 1948 5472 Alex.

2081 5401 2256 5472 ionem
2303 5404 2413 5464 τοῖς
2442 5402 2764 5472 Οςγὶηιιὶοοι
2809 5402 3026 5456 llieron.
3082 5403 3132 5454 in
3185 5403 3324 5472 epist
3354 5402 3417 5453 ad
3451 5397 3560 5472 Son
3585 5414 3638 5455 et

405 5466 549 5519 Fret.
582 5465 638 5519 In
666 5469 788 5519 cod.
825 5464 995 5521 Vatic.
1034 5464 1606 5537 Ιοεζχοιρογρυλλίοις.
1656 5469 1858 5522 'l‘extus
1909 5469 2072 5524 llebr.
2112 5471 2272 5523 habet
2311 5464 2527 5531 ενδειυί)
2558 5473 2836 5526 cuniculis.

405 5537 602 5591 μικρὰ.
634 5544 687 5588 et
718 5545 837 5591 post
864 5551 1030 5591 Dauca
1068 5538 1430 5591 μικροτέροις.
1507 5539 1550 5568 ι’
1580 5540 1699 5591 cod.
1741 5541 1758 5591 -l
1790 5539 2011 5591 ταύτης.
2110 5540 2153 5578 ¹³
2197 5539 2476 5591 'Huéomr.
2499 5543 2662 5591 Abest
2689 5558 2717 5591 τι
2749 5546 2836 5591 cod

1508 5557 1550 5568 "
1580 5557 1699 5591 COU.
1741 5557 1758 5591 'l
1790 5557 2011 5609 ταύτης.
2110 5557 2153 5578 ⁵³
2202 5557 2476 5606 υμεραις.
2499 5557 2662 5594 Αυεει
2689 5558 2717 5594 3
2749 5557 2864 5596 (ευα.
2900 5557 2944 5594 1.
3025 5557 3066 5571 ⁵⁹
3095 5557 3214 5595 (300.
3245 5557 3267 5594 1
3295 5557 3631 5596 αναπαυιαν.

1504 5611 1546 5640 ¹⁶
1569 5610 1690 5662 cod.
1719 5609 1741 5662 1
1770 5608 1846 5677 τῷ
1875 5609 2014 5676 Θεῷ,
2050 5625 2168 5676 qum
2195 5621 2273 5662 est
2317 5613 2470 5666 lectio
2504 5612 2631 5665 edit.
2675 5611 2797 5665 Ald.
2839 5622 2889 5666 ct
2923 5611 3130 5677 Compl.
3209 5610 3249 5642 ¹⁷
3273 5613 3430 5665 Us».
3463 5611 3631 5666 cod.t

1504 5695 1650 5730 mat.
1731 5680 1771 5710 η
1802 5680 1921 5730 rod.
1957 5681 1976 5732 ί
2017 5680 2306 5732 προτέρας.

1802 5693 1921 5730 eoa.
1957 5693 1976 5732 ι
2017 5693 2306 5750 προτέρας.

2201 5263 2222 5292 ⁸
2259 5265 2380 5316 eod.
2427 5265 2446 5314 1
2493 5263 2734 5331 ἐρωδιοῦ.
2792 5262 2982 5316 Monti’.
3024 5267 3057 5317 l.
3086 5282 3133 5318 c.
3194 5263 3354 5315 habet
3408 5263 3636 5331 εριυδὲῳ.

2429 5333 2450 5364 ⁸
2482 5332 2670 5384 Monlf.
2709 5335 2742 5385 Ι.
2781 5348 2829 5386 c.
2867 5335 3047 5386 ίκτίνι.
3153 5333 3173 5362 ⁸
3205 5331 3341 5394 Ταῖς
3367 5331 3634 5398 ἐλάφοις.

2918 5475 2954 5502 ¹¹
2992 5471 3234 5538 Σμικρά.
3267 5472 3382 5524 Cod.
3423 5472 3447 5523 1
3481 5471 3638 5526 habet

2110 5540 2153 5578 ¹³
2197 5539 2476 5606 Ἡμέραις.
2499 5543 2662 5594 Abest
2689 5558 2717 5594 a
2749 5543 2864 5596 cod.
2900 5542 2944 5594 l.
3025 5543 3066 5571 “
3095 5541 3214 5595 eod.
3245 5542 3267 5594 1
3295 5539 3632 5596 ἀνάπαυλαν.
