4006 6198
510 260 650 328 I703

1507 255 1992 323 THEODORETI
2031 246 2372 314 EPISCOPI
2423 243 2790 312 CYRENSIS

3589 250 3696 319 ιτοι

574 367 741 427 Vna.
760 369 851 426 24.
878 389 896 423 ι
922 369 1096 437 Quam
1125 371 1467 442 magniﬁcam
1485 383 1612 427 sunt
1647 385 1810 440 opera
1841 379 1954 434 tua,
1985 368 2090 421 Do-

2265 365 2362 419 κδ’.
2387 383 2403 414 t
2453 364 2539 425 Ὠς
2573 356 2919 432 ἐμεγαλύνθη
2943 357 3015 412 τὰ
3043 355 3178 425 ἔργα
3211 371 3321 420 σου,
3344 358 3504 430 Κύριε
3524 363 3536 414 ι
3556 368 3696 419 πάντα

505 462 674 528 mine,
707 462 894 517 omnia
928 462 1208 532 sapienter
1246 461 1444 517 fecisti.
1483 480 1502 512 ι
1542 461 1766 531 Singula
1792 476 1915 530 qua:
1941 459 2084 514 dicta

507 565 639 610 sunt
667 554 1016 623 perpendens
1073 553 1369 625 Propheta,
1403 563 1460 610 et
1481 569 1732 624 magnam
1773 554 1867 606 Dei
1907 553 2087 621 prori-

505 645 746 700 dentiam
797 647 1067 714 cogitans,
1123 645 1176 698 in
1225 645 1401 699 media
1445 643 1757 698 narratione
1802 643 1857 697 in
1899 642 2087 696 laudes

507 734 782 803 prorupit,
812 734 1022 798 dicens,
1059 735 1242 788 omnia
1281 734 1372 788 Dei
1417 749 1580 800 opera
1621 732 1994 796 admirabilia,
2035 743 2088 786 et

507 827 874 880 admiratione
920 826 1112 896 digna,
1173 836 1337 894 atque
1390 826 1658 894 sapientia
1707 825 1902 879 referta
1944 840 2085 879 esse.

507 917 644 974 Nam
691 931 901 975 noctem
941 937 970 975 a
1017 922 1298 975 nonnullis
1345 922 1527 990 impiis
1572 920 1863 976 calumniis
1901 920 2091 990 exagi-

510 1021 702 1076 tatam,
749 1013 1044 1066 admodum
1088 1014 1272 1066 utilem
1320 1013 1546 1076 invenit,
1595 1017 1612 1034 ⁶
1645 1013 1968 1080 sterilesque
2001 1027 2092 1064 ar-

512 1105 670 1157 bores
698 1104 860 1156 aliam
895 1105 1187 1158 utilitatem
1218 1104 1526 1166 all'ereutes,
1552 1117 1604 1158 et
1627 1119 1824 1174 genera
1850 1104 2088 1157 ferarum

514 1193 567 1246 in
619 1192 810 1248 multis
862 1193 1230 1247 conducibilia
1285 1193 1621 1246 hominibus.
1685 1212 1702 1242 ι
1738 1193 1959 1260 lmplcta
2008 1200 2092 1246 est

513 1293 656 1337 terra
705 1285 1056 1353 possessione
1106 1293 1216 1338 tua.
1257 1303 1273 1334 ι
1328 1284 1656 1352 lnterpretes
1689 1284 1780 1337 alii
1826 1285 2092 1337 creatione

511 1386 841 1446 posuerunt,
900 1376 1058 1445 quasi
1113 1377 1321 1430 diceret
1366 1394 1380 1430 :
1431 1373 1622 1430 Omnis
1669 1376 1883 1445 generis
1935 1374 2092 1428 bonis

511 1465 686 1534 ipsam
741 1467 1060 1536 implevisti.
1117 1470 1159 1518 Α
1195 1477 1343 1520 terra
1395 1482 1559 1536 porro
1611 1466 1676 1520 ad
1725 1467 2090 1535 propinquum

514 1573 664 1612 mare
696 1558 912 1623 transit,
945 1567 1000 1612 et
1029 1558 1103 1612 ait
1129 1577 1143 1612 :

2189 459 2247 509 ἐν
2276 456 2440 526 σοφίᾳ
2470 455 2758 522 ἐποίησας.
2797 471 2815 504 ι
2857 451 3131 504 Ἕκαστον
3171 447 3278 503 τῶν
3317 452 3594 522 εἰρημένων
3625 455 3698 510 λο.

2187 547 2484 618 γισὰμενος
2534 547 2563 597 ὁ
2589 545 2906 614 Προφήτης,
2954 541 3049 594 καὶ
3092 539 3190 610 τὴν
3223 539 3415 610 πολλὴν
3466 543 3550 597 τοῦ
3593 547 3700 600 Θεοῦ

2189 637 2515 709 κηδεμονίαν
2545 632 2901 703 καταμαθὼν,
2936 633 2992 686 ἐν
3027 631 3176 702 μέσῳ
3202 630 3299 700 τῆς
3321 630 3598 704 διηγήσεως
3622 641 3696 690 τῂν

2191 728 2358 799 ὕμνον
2381 727 2698 796 ἀνέπεμψε·
2737 724 3048 794 θαυμαστὰ,
3115 721 3208 774 καὶ
3258 720 3372 775 λίαν
3421 724 3702 792 ἀξιάγαστα,

2191 806 2510 887 καῖ’σοφίας
2541 817 2716 888 μεστὰ
2751 818 2932 886 φήσας
2977 810 3120 867 εἷναι
3164 812 3340 866 πάντα
3392 815 3480 866 τοῦ
3507 817 3624 868 Geo-3
3653 822 3704 871 τὰ

2191 912 2498 982 ποιήματα.
2524 902 2668 978 Εὗρε
2690 906 2800 978 γὰρ
2842 905 2939 960 καὶ
2975 908 3075 977 τὴν
3109 905 3214 958 ὑπό
3265 922 3422 958 τινων
3471 906 3703 962 ﬂuam-.6th

2189 1002 2622 1072 διαϐαλλομένην
2643 1000 2816 1053 νύκτα
2853 998 3062 1069 σφόδρα
3093 999 3523 1068 χρησιμωτάτην,
3550 1004 3629 1052 καὶ
3651 1003 3705 1056 τὰ

2191 1096 2421 1166 ἄκαρπα
2471 1094 2608 1162 ξύλα
2644 1095 2836 1166 χρείαν
2891 1093 3089 1164 ἑτέραν
3137 1094 3480 1164 εἰσφέροντα·
3505 1098 3706 1151 καὶτῶν

2194 1185 2400 1256 Θηρίων
2426 1185 2497 1238 τὰ
2530 1188 2663 1255 γένη
2698 1186 2778 1248 εἰς
2818 1183 2993 1238 πολλὰ
3023 1186 3138 1248 τοῖς
3170 1182 3468 1253 ἀνθρώποις
3495 1188 3705 1254 ἁρμόδια.

2202 1296 2220 1328 ι
2277 1277 2606 1347 Ἐπληρὼθη
2639 1279 2672 1347 ἡ
2702 1278 2774 1347 γῆ
2798 1277 2901 1346 τῆς
2933 1274 3182 1346 κτήσεώς
3213 1294 3326 1330 σου.
3367 1295 3384 1327 ι
3422 1279 3482 1330 Οί
3507 1279 3556 1331 δέ
3589 1279 3708 1333 ἄλλοι

2194 1371 2534 1441 ἐρμηνευταὶ
2556 1372 2812 1434 κτίσεως
2838 1369 3151 1423 τεθείκασιν
3177 1385 3192 1402 ⁸
3254 1370 3370 1422 ἀντὶ
3397 1369 3504 1436 τοῦ,
3542 1373 3708 1424 ﬂam-

2199 1461 2390 1516 δαπῶν
2424 1462 2600 1532 αὐτὴν
2630 1460 2938 1531 ἐνέπλησας
2967 1460 3211 1529 ἀγαθῶν.
3266 1461 3395 1514 Ἀπὸ
3435 1462 3596 1532 μέντοι
3634 1465 3709 1530 τῆς

2197 1554 2323 1621 γῆς,
2355 1555 2449 1607 καὶ
2481 1555 2620 1624 πρὸς
2640 1556 2684 1589 ²⁰
2714 1555 2816 1625 τὴν
2847 1555 3069 1622 γείτονα
3101 1552 3378 1608 θάλασσαν
3413 1555 3706 1624 μεταϐαίνει,

2200 1647 2293 1698 καί
2325 1664 2492 1716 φησιν
2519 1661 2534 1676 ⁸

585 1734 751 1789 Vens.
794 1733 886 1790 25.
939 1751 957 1784 ι
1004 1733 1117 1788 Hoc
1171 1748 1319 1786 mare
1363 1745 1620 1802 magnum
1673 1739 1726 1784 ct
1773 1731 2094 1800 spatiosum,

2271 1736 2372 1790 κε’.
2421 1755 2440 1788 ι
2474 1736 2626 1809 Αὕτη
2651 1737 2972 1809 ἠθάλασσα,
2997 1739 3030 1806 ἡ
3053 1737 3270 1807 μεγάλη
3302 1739 3397 1792 καὶ
3417 1738 3682 1809 εὐρύχωρος
3697 1753 3707 1766 ·

516 1827 585 1880 ibi
641 1827 889 1896 reptilia,
930 1840 1165 1894 quorum
1217 1840 1326 1878 non
1374 1833 1457 1878 est
1509 1837 1793 1886 numerus,
1836 1821 2095 1876 animalia

512 1918 704 1985 pusilla
733 1933 857 1972 cutn
889 1916 1119 1984 magnis.
1161 1935 1178 1966 ι
1215 1916 1484 1968 Cteterum
1520 1913 1627 1966 hoc
1653 1928 1869 1981 quoque
1901 1912 2099 1966 divinae

513 2007 876 2062 Providentiae
892 2014 976 2060 est
998 2016 1402 2076 argumentum,
1422 2006 1566 2073 quod
1583 2005 1870 2073 perexigua
1899 2020 2095 2073 genera

513 2114 637 2152 cum
677 2097 932 2150 maximis
964 2106 1276 2161 versentur,
1317 2106 1370 2149 et
1401 2108 1745 2164 nequaquam
1780 2094 2006 2148 omnino
2028 2093 2098 2149 ab

515 2187 623 2242 illis
653 2196 1073 2242 consumantur.

590 2274 800 2346 1339
832 2272 996 2330 Vens.
1045 2272 1135 2327 26.
1169 2291 1188 2325 ι
1224 2273 1302 2328 lbI
1349 2289 1514 2330 naves
1543 2283 1951 2343 pertranseunt.
1987 2291 2006 2326 ι
2034 2273 2100 2329 Ει

517 2368 634 2422 ha-c
683 2382 903 2436 (pioque
929 2366 1166 2420 maxima
1199 2374 1283 2420 est
1308 2366 1592 2421 hominum
1629 2367 1855 2422 utilitas.
1886 2366 1988 2420 Per
2012 2383 2101 2421 ar-

519 2468 628 2513 tem
667 2459 815 2512 enim
849 2455 1302 2512 fabricandarum
1327 2457 1577 2521 navium,
1608 2466 1661 2510 et
1688 2472 1782 2526 per
1809 2456 2097 2527 navigandi

519 2553 830 2616 scientiam,
874 2553 966 2607 alii
1017 2557 1084 2606 ab
1135 2547 1260 2607 aliis
1309 2567 1374 2608 ea
1427 2567 1550 2622 quae
1587 2551 1748 2607 nobis
1795 2566 1932 2622 opus
1971 2560 2101 2608 sunt

523 2645 880 2714 percipimus,
941 2642 1265 2712 fructusque
1315 2644 1406 2711 qui
1453 2642 1598 2713 apud
1647 2658 1747 2698 nos
1798 2651 2102 2697 nascuntur

521 2737 646 2792 aliis
679 2736 1120 2806 suppeditamus,
1153 2747 1209 2791 et
1235 2736 1304 2792 ab
1330 2735 1460 2801 illis,
1496 2736 1588 2805 qui
1611 2735 1751 2805 apud
1781 2735 1928 2805 ipsos
1951 2745 2099 2801 sunt,

521 2832 846 2900 recipimus.
876 2849 895 2881 ι
933 2829 1108 2885 Draco
1139 2831 1262 2895 iste,
1294 2846 1454 2900 quem
1487 2829 1732 2886 formasti
1765 2831 1830 2885 ad
1867 2830 2101 2886 illuden-

521 2922 652 2978 d-um
690 2923 762 2976 ei.
800 2940 817 2973 ι
869 2921 976 2976 Per
1019 2924 1304 2975 draconem
1345 2935 1578 2991 magnos
1608 2930 1758 2976 cetus
1805 2920 2099 2985 indicavit,

523 3013 617 3083 qui
654 3014 707 3066 in
738 3015 952 3081 magnis
983 3013 1184 3082 pelagis
1219 3022 1520 3066 morantur.
1555 3013 1701 3067 Istud
1730 3022 1934 3076 autem,
1965 3030 1983 3063 ι
2019 3010 2100 3065 Ad

521 3105 856 3159 illudendum
889 3105 973 3168 ei,
1012 3122 1030 3154 ι
1088 3120 1186 3173 pro
1227 3104 1363 3173 αὐτῇ
1398 3106 1466 3174 τῇ
1501 3103 1748 3176 θαλάσσῃ
1796 3104 2100 3160 masculino

523 3210 720 3264 genere
754 3194 889 3248 dixit
919 3213 930 3246 :
965 3195 1087 3263 quia
1121 3194 1378 3248 Hebraeus
1413 3203 1468 3248 et
1498 3194 1670 3264 Syrus
1699 3209 1850 3248 mare
1878 3209 2101 3249 mascu-

523 3287 637 3340 lino
664 3302 860 3356 genere
881 3285 1287 3350 vocant.Adeo,
1343 3286 1540 3355 inquit,
1579 3294 1663 3340 est
1712 3301 1992 3355 magnum,
2041 3293 2103 3339 ut

523 3378 735 3433 infinita
773 3377 1004 3445 piscium
1046 3392 1246 3448 genera
1292 3379 1590 3443 contineat,
1643 3386 1697 3430 et
1742 3377 1963 3431 maximi
1996 3376 2102 3432 ceti

521 3477 638 3522 tuto
689 3469 742 3521 in
795 3468 914 3537 ipso
973 3478 1178 3521 natent.
1237 3468 1292 3520 Si
1349 3483 1478 3522 vero
1522 3469 1846 3537 quibusdam
1896 3468 2104 3538 placeat

520 3565 808 3616 draconem
843 3575 937 3628 per
965 3559 1282 3628 allegoriam
1317 3573 1609 3627 exponere,
1641 3569 1924 3628 propterea
1957 3559 2100 3627 quod

521 3653 659 3707 dicit
703 3652 878 3706 Isaias
913 3670 926 3704 :
967 3670 984 3702 ι
1022 3650 1276 3704 Gladium
1321 3665 1599 3720 magnum,
1647 3658 1702 3702 et
1740 3659 2013 3713 sanctum,
2049 3656 2104 3702 et

521 3752 800 3813 potentem
841 3744 894 3796 in
929 3743 1226 3796 draconem
1259 3743 1469 3796 irruere
1501 3758 1515 3794 :
1548 3751 1855 3811 serpentem
1887 3750 2101 3795 tortuo-

523 3848 669 3897 sum,
698 3832 792 3902 qui
829 3833 882 3884 in
913 3833 1052 3886 mari
1090 3832 1300 3885 habitat
1325 3832 1376 3892 ιι,
1422 3850 1439 3881 ι
1488 3845 1588 3884 nos
1631 3831 1945 3901 huiusmodi
1973 3846 2101 3885 seu-

521 3925 748 3979 tentiam
799 3939 1148 3994 nequaquam
1221 3923 1632 3990 repudiamus:
1678 3938 1802 3976 cum
1853 3933 1908 3977 et
1959 3923 2100 3992 apud

521 4015 718 4073 Jobum
743 4017 809 4056 ι’
848 4016 1196 4070 inveniamus
1229 4013 1332 4067 hoc
1358 4014 1561 4067 animal
1587 4029 1620 4068 a
1657 4015 1856 4072 divinis
1895 4004 2102 4087 angelis

523 4106 762 4162 ludibrio
811 4107 1096 4170 habitum;
1151 4115 1206 4158 et
1245 4104 1506 4158 Dominus
1535 4115 1856 4175 potestatem
1897 4108 2103 4165 dederit

524 4200 644 4254 suis
685 4198 974 4266 discipulis
1005 4193 1026 4234 ι
1046 4236 1060 4258 ,
1097 4205 1155 4250 ιιι
1187 4195 1502 4250 incederent
1523 4212 1684 4266 supra
1713 4209 2023 4267 serpentes,
2049 4211 2105 4256 et

2199 1831 2318 1884 ἐκεῖ
2345 1831 2551 1901 ἑρπετὰ
2569 1823 2646 1884 ὧν
2677 1831 2780 1884 οὐκ
2810 1829 2959 1884 ἐστιν
2987 1829 3224 1899 ἀριθμός
3247 1845 3262 1862 ·
3289 1829 3402 1892 ζῶα
3429 1829 3582 1900 μικρὰ
3607 1829 3710 1899 μετὰ

2202 1922 2478 1991 μεγάλων.
2511 1939 2530 1973 ι
2585 1922 2697 1976 Καὶ
2753 1921 2915 1974 τοῦτο
2972 1922 3030 1974 δέ
3078 1922 3181 1991 τῆς
3232 1920 3392 1986 θείας
3430 1922 3711 1991 Κηδεμονίας

2198 2013 2500 2083 τεκμήριον
2517 2026 2533 2042 ⁸
2568 2015 2630 2066 τδ
2654 2012 2724 2066 τὰ
2745 2013 2962 2084 σμικρὰ
3000 2012 3134 2082 γένη
3163 2015 3282 2072 τοῖς
3307 2012 3545 2082 μεγαλοις
3561 2013 3707 2067 ἐνδιαι-

2198 2103 2422 2168 τᾶσθαι,
2468 2105 2564 2158 καὶ
2617 2106 2694 2173 μὴ
2749 2104 3032 2168 παντελῶς
3068 2103 3162 2157 ὑπ’
3207 2103 3428 2159 ἐκείνων
3480 2102 3713 2156 καταναλί-

2202 2195 2449 2250 σκεσθαι.

2273 2295 2389 2353 κς¹.
2423 2305 2444 2340 ι
2481 2287 2628 2340 Ἐκεῖ
2662 2287 2825 2340 πλοῖα
2856 2286 3285 2356 διαπορεύονται
3314 2288 3378 2341 ’³.
3416 2305 3434 2339 ι
3473 2287 3620 2356 Χρεία
3641 2285 3710 2342 καί

2202 2381 2344 2450 αὐτὴ
2369 2380 2481 2434 τῶν
2504 2379 2814 2450 ἀνθρώπων
2847 2379 3103 2450 μεγίστη.
3137 2380 3244 2433 Διὰ
3273 2377 3590 2448 ναυπηγικῆς
3633 2374 3711 2444 γὰρ

2203 2471 2422 2542 τέχνης,
2464 2473 2561 2525 καὶ
2609 2471 3016 2542 κυϐερνητικῆς
3065 2471 3398 2538 ἐπιστήμης,
3441 2469 3559 2538 παρ’
3588 2464 3710 2536 ἀλλή-

2204 2564 2314 2618 λων
2334 2566 2380 2596 ²²
2431 2563 2779 2634 κομιζόμεθα
2809 2564 2914 2626 xuii
2947 2563 3018 2617 τὰ
3057 2563 3312 2617 ἐνδέοντα
3363 2561 3454 2614 καὶ
3495 2561 3575 2613 τὸν
3617 2557 3710 2626 παρ’

2208 2655 2344 2725 ἡμῖν
2403 2654 2675 2723 φυόμενον
2725 2653 2938 2724 καρπὸν
2995 2654 3347 2726 χορηγοῦμεν
3401 2652 3600 2722 ἑτέροις,
3640 2649 3710 2702 καὶ

2204 2741 2476 2812 δεχόμεθα
2510 2741 2603 2794 τὺν
2635 2743 2764 2810 παρ’
2796 2743 3026 2806 ἐκείνοις
3070 2744 3361 2813 γινόμενον
3382 2743 3444 2794 ³³.
3483 2759 3500 2793 ι
3536 2738 3709 2810 Δράκων

2209 2826 2365 2896 οὗτος
2391 2833 2453 2886 ὃν
2476 2833 2718 2897 ἔπλασας
2747 2833 3046 2903 ἐμπαίζειν
3081 2834 3260 2906 αὐτῷ.
3297 2854 3316 2886 ι
3365 2832 3460 2886 Διὰ
3489 2830 3569 2885 τοῦ
3610 2825 3712 2895 δρὸ-

2208 2942 2428 2992 κοντος
2452 2924 2522 2978 τὰ
2559 2926 2774 2996 μεγάλα
2791 2925 3148 2996 παρεδήλωσε
3195 2925 3356 2996 κήτη,
3383 2923 3418 2979 ἃ
3451 2926 3551 2986 τοῖς
3582 2917 3710 2990 μετά-

2202 3017 2317 3080 λοις
2364 3017 2662 3086 πελάγεσιν
2715 3017 3105 3088 ἐμφιλοχωρεί.
3175 3017 3252 3072 To
3296 3017 3370 3083 δέ,
3428 3035 3446 3068 ι
3484 3012 3710 3085 ἐμπαίζειν

2203 3107 2374 3179 αὐτῷ,
2413 3127 2432 3161 ι
2465 3109 2586 3162 ἀντὶ
2613 3110 2709 3162 τοῦ
2731 3109 2796 3176 ³⁸,
2827 3107 2984 3177 αὐτῇ
3017 3108 3092 3177 τῇ
3115 3109 3401 3176 θαλάσσῃ
3428 3125 3442 3140 ⁸
3465 3098 3710 3177 ἀρρενικῶς

2207 3202 2318 3270 γὰρ
2363 3199 2536 3271 αὐτὴν
2590 3203 2618 3254 ὁ
2655 3201 2908 3271 Ἐϐραῖος
2961 3201 3058 3254 καὶ
3105 3203 3132 3253 ὁ
3169 3201 3340 3271 Σύρος
3377 3199 3538 3253 καλεῖ.
3577 3193 3710 3253 οὕτω,

2205 3293 2396 3362 φησὶν,
2421 3293 2540 3345 ἐστὶ
2565 3292 2802 3362 μεγάλη,
2837 3293 2919 3346 ὅτι
2957 3293 3054 3346 καὶ
3105 3295 3181 3346 τὰ
3237 3294 3402 3364 μύρια
3431 3289 3530 3342 τῶν
3560 3285 3711 3356 ἰχθύων

2206 3383 2516 3452 περίκειται
2546 3383 2701 3451 γένη,
2735 3382 2914 3434 καὶτὰ
2946 3382 3188 3451 μέγιστα
3208 3385 3347 3452 κήτη
3381 3379 3535 3440 ἀδεῶς
3567 3377 3615 3429 ἐν
3639 3374 3711 3426 σὺ·

2204 3476 2270 3543 τῇ
2303 3475 2549 3543 νήχεται.
2581 3475 2644 3526 Εί
2684 3473 2743 3526 δέ
2787 3490 2898 3526 τισι
2945 3473 3096 3526 δοκεῖ
3144 3475 3245 3527 καὶ
3278 3469 3612 3541 ἁλληγορῆσαι
3647 3465 3711 3516 τὸν

2203 3559 2523 3628 δράκοντα,
2555 3560 2644 3614 διὰ
2669 3560 2730 3612 τὸ
2757 3561 2852 3613 καὶ
2878 3561 2936 3614 ἐν
2959 3561 3039 3630 τῷ
3080 3561 3282 3629 Ἡσαΐᾳ
3300 3575 3344 3610 'I
3372 3560 3474 3628 Τὴν
3498 3557 3712 3626 μάχαιραν

2207 3649 2307 3720 τὴν
2347 3648 2612 3718 μεγάλην,
2652 3649 2747 3702 καὶ
2775 3649 2875 3717 τὴν
2909 3649 3096 3716 ἁγίαν,
3131 3649 3230 3702 καὶ
3267 3649 3363 3718 τὴν
3397 3644 3615 3714 ἰσχυρὰν,
3647 3638 3714 3690 ἐπὶ

2204 3737 2296 3790 τὸν
2321 3737 2593 3808 δράκοντα
2627 3739 2827 3809 χωρεῖν
2856 3755 2869 3768 ·
2895 3737 2988 3791 τὸν
3022 3738 3146 3806 ὅφιν
3186 3737 3280 3791 τὸν
3316 3734 3538 3800 σκολιὸν,
3559 3731 3634 3786 τὸν
3672 3729 3712 3780 ὲν

2204 3827 2270 3896 τῇ
2338 3823 2579 3895 Θαλάττῃ
2614 3841 2627 3856 ·
2682 3843 2700 3875 ι
2762 3825 2884 3897 οὐδὲ
2944 3825 3107 3894 ἡμεῖς
3160 3821 3594 3897 παραιτησόμεθα
3645 3815 3713 3884 τὴν

2203 3916 2460 3986 τοιαύτην
2501 3915 2746 3969 διάνοιαν
2772 3933 2785 3946 ’
2845 3916 3035 3986 ἐπειδὴ
3066 3916 3166 3974 καὶ
3208 3916 3358 3988 παρὰ
3405 3914 3479 3984 τῷ
3523 3909 3624 3964 ’1ὼὸ
3648 3907 3712 3959 εὐ-

2208 4011 2474 4078 ρίσκομεν
2507 4007 2668 4060 τοῦτο
2716 4005 2775 4059 τὸ
2816 4007 2958 4071 ζῶον
2989 4008 3100 4061 ἀπὸ
3159 4008 3274 4062 τῶν
3319 4007 3473 4062 θείων
3512 3999 3712 4070 ,ἀγγέλων

2205 4103 2706 4173 καταπαιςόμενον.
2739 4104 2848 4156 Καὶ
2870 4105 2900 4157 ὁ
2939 4105 3147 4176 Κύριος
3178 4105 3426 4170 ἐξουσίαν
3454 4101 3600 4155 ἔδωκε
3634 4095 3713 4155 τοῖς

2209 4196 2408 4250 ἐαυτοῦ
2440 4197 2733 4267 μαθηταῖς,
2793 4199 2988 4251 πατεῖν
3035 4199 3224 4254 ἐπάνω
3249 4198 3445 4266 ὄφεων,
3488 4192 3571 4247 καὶ
3596 4202 3714 4254 σκαρ-

521 4295 772 4363 scnrpios
795 4335 808 4356 ,
845 4304 899 4346 et
931 4307 1094 4360 super
1125 4307 1343 4345 omnetn
1375 4293 1672 4361 potentiam
1708 4295 1937 4350 inimici.

2205 4290 2368 4349 πίων,
2394 4289 2487 4342 καὶ
2518 4289 2613 4342 ἐπὶ
2639 4291 2822 4341 πᾶσαν
2851 4289 2951 4358 τὴν
2973 4288 3205 4359 δύναμιν
3228 4286 3324 4341 τοῦ
3355 4282 3557 4358 ἐχθροῦ.

597 4362 764 4436 νέης.
796 4383 888 4435 2⁸7.
926 4401 943 4432 ι
982 4381 1178 4434 Omnia
1211 4396 1240 4434 a
1275 4388 1325 4434 te
1355 4391 1692 4450 exspectant,
1751 4393 1811 4437 ut
1853 4384 1950 4439 des
1995 4383 2096 4439 illis

2280 4379 2385 4443 κζ’.
2450 4395 2468 4428 ι
2506 4377 2694 4430 Πάντα
2729 4376 2865 4446 πρὸς
2909 4376 2968 4428 σὲ
3019 4375 3382 4447 προσδοκῶσι,
3432 4371 3595 4426 δοῦναι
3642 4362 3714 4426 τὴν

521 4475 706 4530 cibum
742 4474 798 4527 in
854 4483 1118 4542 tempore.
1158 4491 1176 4523 ι
1227 4477 1270 4524 Α
1309 4482 1383 4535 te.
1425 4474 1522 4537 ait,
1575 4486 1878 4543 opportune
1915 4476 2096 4531 omnia

2207 4470 2416 4542 τροφὴν
2445 4469 2623 4522 αὐτῶν
2649 4470 2728 4531 είς
2757 4467 3034 4538 εὔκαιρον.
3078 4487 3097 4520 ι
3136 4468 3296 4539 Παρὰ
3333 4465 3444 4530 σοῦ,
3479 4459 3635 4532 φησὶν,
3655 4453 3712 4514 εἷς

521 4580 644 4634 qua:
670 4579 811 4633 opus
847 4571 980 4618 sunt
1010 4573 1314 4632 reportant.
1362 4564 1675 4618 Animantia
1706 4566 1850 4619 enim
1889 4567 2096 4621 ratione

2207 4563 2401 4633 καιρὸν
2441 4563 2660 4616 ἅπαντα
2687 4561 2786 4630 τὴν
2815 4561 3004 4630 χρείαν
3031 4560 3339 4631 κομίζεται.
3363 4558 3443 4611 Τὰ
3463 4555 3560 4624 γὰρ
3587 4548 3714 4634 ἀλπὲ

521 4632 763 4709 carentia
809 4654 994 4708 cibum
1029 4652 1247 4722 quidem
1293 4663 1565 4722 quierunt,
1612 4654 1924 4724 largitorem
1970 4670 2096 4709 vero

2207 4632 2365 4724 ζητέῖ
2392 4655 2492 4723 μὲν
2517 4655 2619 4722 τὴν
2645 4652 2855 4723 τροφήν
2875 4667 2890 4681 ο
2914 4652 3098 4718 ἀγνοεῖ
3133 4651 3192 4704 δὲ
3237 4650 3331 4703 τὸν
3363 4642 3612 4718 χορηγόν·
3651 4632 3714 4687 δέ’

525 4745 783 4814 ignorant
811 4763 824 4797 :
853 4745 1133 4812 accipiunt
1152 4753 1346 4799 tamen
1383 4745 1531 4799 hunc
1559 4759 1588 4798 a
1621 4744 1896 4800 Creatore.

2206 4760 2365 4814 χεται
2399 4742 2457 4795 δὲ
2484 4743 2634 4812 ὅμως
2662 4741 2868 4812 ταύτην
2897 4740 3052 4810 παρὰ
3082 4739 3190 4796 τοῦ,
3209 4735 3458 4808 Ποιητοῦ.

589 4837 760 4893 Vens.
788 4837 890 4892 28.
928 4856 947 4888 ι
985 4837 1157 4893 Dante
1187 4845 1241 4893 te
1269 4836 1398 4901 illis,
1443 4835 1715 4906 colligent.
1746 4851 1768 4888 ι
1803 4837 1818 4856 ·
1855 4834 1929 4890 Te
1962 4852 2096 4906 prae-

2277 4841 2388 4903 κη¹.
2425 4853 2444 4886 ι
2479 4835 2674 4896 Δόντος
2694 4850 2788 4886 σου
2823 4833 3032 4898 αὐτοῖς,
3063 4830 3424 4896 συλλέξουσιν.
3449 4845 3467 4878 ι
3491 4819 3579 4876 Σοῦ
3607 4827 3712 4906 παρέ

520 4932 684 4986 ben‘te
722 4932 864 4984 lianc
894 4931 1251 4996 aﬂluentiam,
1293 4899 1488 4983 borum
1521 4899 2096 5001 unumquodque-per-

2213 4899 2437 4998 έχον-τος
2462 4925 2560 4994 τὴν
2590 4924 2875 4993 ἀφθονίαν,
2898 4923 3111 4977 τούτων
3134 4923 3368 4977 ἕκαστον
3382 4899 3713 5001 καρποῦται.τά

520 5020 728 5078 fruitur
782 5022 946 5076 bonis
991 5021 1096 5077 sibi
1145 4995 1596 5076 accommodatis.
1909 5037 1928 5069 ς
1965 4995 2096 5084 Ape-

2214 4995 2525 5090 πρόσφορα.
2559 5036 2578 5069 ι
2625 5015 2966 5083 Ἀνοίξαντος
2981 5017 3038 5070 δέ
3075 5033 3169 5069 σου
3203 5014 3303 5084 τὴν
3332 5014 3500 5085 χεῖρα,
3527 5003 3588 5058 τὰ
3607 4995 3712 5064 σύμ·

592 5201 624 5243 ι
663 5213 772 5262 tsa.
808 5216 983 5263 xxvn,
1026 5201 1077 5254 Ι.
1156 5200 1220 5235 ι·
1259 5200 1360 5256 Job
1390 5216 1497 5266 xu,
1539 5204 1628 5257 43.

1628 5401 1861 5459 νΑΗΙΑΞ
1901 5397 2292 5457 LECTIONES
2330 5398 2424 5454 ET
2459 5398 2686 5457 ΝΟΤᾸΞ.

589 5567 640 5598 ’⁸
680 5573 784 5624 Kal
819 5572 986 5638 πρός.
1053 5566 1176 5624 cod.
1210 5567 1232 5621 Ι
1292 5565 1412 5638 ἐπί.
1520 5566 1563 5638 ’ξ
1595 5565 1769 5638 cod._l
1844 5561 2096 5638 δεαπρρεύ

2200 5579 2245 5614 ι.
2305 5629 2319 5638 _
2343 5559 2398 5638 “_
2420 5559 2545 5617 cod;
2579 5559 2600 5612 i
2667 5525 2937 5628 ἀλληλοις.
3037 5556 3084 5590 υ
3112 5556 3246 5610 Γιν.
3281 5548 3398 5608 cod.
3428 5545 3451 5600 1
3483 5535 3707 5610 φυόμενον*

519 5638 755 5703 ascripta
789 5629 969 5694 tamen
997 5639 1227 5694 lectione
1255 5637 1446 5694 altera.
1524 5635 1570 5668 “
1604 5635 1765 5690 Ἀντί
1801 5633 1930 5688 τοῦ.
1965 5629 2096 5689 Abas

2220 5629 2344 5688 cod.
2379 5631 2421 5684 t.
