4006 6198
348 284 494 352 1705

1710 263 1792 325 IN
1821 262 2031 324 PSAL.
2086 257 2254 320 CIII.

3480 243 3623 309 1⁸106

350 417 532 459 παντα
552 401 599 433 ⁸⁸
651 395 1057 466 πλησθήσονται
1088 388 1138 421 ⁸⁸
1184 384 1581 458 χρηστότητος.
1618 401 1636 434 ›
1671 382 1785 452 Τὴν
1841 381 1929 435 εὐο
1963 389 1983 445 Α

2076 377 2215 432 lente
2245 385 2298 430 te
2325 384 2552 428 manum
2594 377 2768 433 tnam,
2810 365 2994 421 omnia
3037 363 3413 435 implebantur
3461 360 3623 417 boni-

350 493 544 551 κολίαν
574 491 674 561 τῆς
695 487 804 542 τῶν
841 483 1064 555 ἀγαθῶν
1091 479 1365 552 χορηγίας
1403 477 1496 531 διὰ
1547 478 1757 529 τούτων
1802 473 1933 545 ἐδή-

348 588 546 643 λωσεν.
590 585 807 652 Ὥσπερ
832 578 944 650 γὰρ
972 574 1209 638 εὐπετὲς
1239 571 1374 626 εἴσω
1402 569 1728 632 νενευκότας
1758 567 1935 620 ἐκτεῖ-

2036 477 2173 524 tate.
2225 483 2247 519 ι
2313 462 2654 518 Facilitatem
2705 455 3163 528 sappeditationis
3210 454 3481 509 bonorum
3525 464 3624 521 per

2038 559 2156 613 haec
2186 553 2511 610 declaravit.
2562 549 2719 604 Sicut
2757 548 2907 604 enim
2953 545 3113 603 facile
3160 553 3245 600 est
3284 543 3490 613 digitos
3533 541 3622 596 iu-

354 633 801 737 Emeisi;
845 633 995 723 οὕτω
1046 633 1228 738 ῥᾴδιόν
1255 665 1335 733 τῷ
1387 660 1507 732 Θεῷ
1550 659 1662 713 τῶν
1712 655 1937 727 ἀγαθῶν

2076 662 2282 703 rorsum
2340 643 2571 700 inﬂexus
2625 641 2922 697 extendere
2968 658 2983 693 :
3035 638 3118 695 sic
3167 638 3327 694 facile
3381 644 3467 693 est
3511 633 3624 690 Deo

354 769 616 826 ἁπάντων
649 762 1006 837 δωρήσασθαι
1032 759 1130 830 τὴν
1154 755 1350 829 φοράν.
1930 814 1937 821 .

427 862 534 919 x‘l'.
577 882 596 914 ι
647 856 1120 928 Ἀποστρέιξραντος
1144 852 1202 906 δέ
1231 868 1327 904 σου
1372 849 1436 903 τὸ
1475 847 1795 920 πρόσωπον,
1840 862 1937 898 τα-

360 954 751 1028 ραχθήσονται.
790 969 809 1000 ι
842 946 1114 1015 Καθάπερ
1141 943 1200 997 δὲ
1234 942 1417 1013 πάσης
1464 941 1730 1012 ὲμφορεῐς
1762 936 1942 1012 θυμη-

349 1049 479 1111 δίας
512 1046 640 1108 τοὺς
687 1042 796 1098 τῶν
829 1037 1057 1107 ἀγαθῶν
1108 1035 1511 1100 ἀπολαύοντας,
1570 1035 1630 1087 ὲν
1677 1030 1942 1103 εὐμενείᾳ

360 1139 537 1193 ταῦτα
562 1133 906 1206 δωρούμενος
932 1147 948 1162 ο
974 1128 1149 1193 οὕτως
1182 1124 1669 1199 ἀποστρεφομένου
1703 1140 1818 1184 σου,
1847 1138 1944 1175 τα-

366 1229 540 1302 ραχῆς
562 1227 783 1282 ἅπαντα
811 1224 908 1276 καὶ
935 1221 1093 1284 δέους
1119 1219 1492 1290 ἐμπίπλαται.
1541 1236 1561 1269 ι
1602 1212 1944 1276 ’Λντανελεῖς

361 1324 429 1375 τὸ
463 1318 685 1388 πνεῦμα
708 1314 910 1380 αὐτῶν,
938 1312 1031 1368 καὶ
1062 1311 1395 1380 ἐκλείψουσι,
1429 1309 1525 1364 καὶ
1571 1311 1654 1373 εἰς
1688 1308 1780 1362 τὸν
1813 1305 1945 1379 χοῦν

2040 738 2286 793 omnium
2326 738 2601 792 bonorum
2635 732 2848 802 copiam
2880 730 3088 799 largiri.

2114 830 2285 887 Vens.
2318 828 2412 884 29.
2462 846 2483 880 ι
2521 830 2816 881 Avertente
2846 833 3027 879 autem
3077 832 3130 875 te
3162 820 3389 882 faciem,
3436 816 3626 873 turba-

2039 925 2268 981 buntur.
2302 940 2322 975 ›
2357 916 2830 988 Quemadmodum
2876 922 3056 970 autem
3097 914 3246 967 omni
3295 911 3482 967 laetitia
3531 923 3630 964 eos

2044 1017 2264 1089 imples,
2298 1015 2392 1086 qui
2426 1013 2588 1068 bonis
2615 1009 2995 1083 perfruuntur,
3046 1007 3310 1062 benevole
3362 1005 3479 1059 haec
3520 1003 3632 1057 lar-

2046 1112 2201 1182 giens
2227 1126 2242 1163 :
2269 1108 2461 1164 eodem
2508 1104 2676 1161 modo
2707 1109 2992 1158 avertente
3027 1110 3098 1166 te,
3136 1096 3548 1170 perturbatione
3577 1106 3634 1150 et

2047 1203 2246 1257 timore
2270 1199 2456 1254 omnia
2484 1199 2804 1269 implentur.
2837 1213 2857 1247 ‹
2883 1191 3114 1248 Auferes
3138 1190 3392 1262 spiritum
3414 1203 3630 1254 eorum,

2046 1308 2104 1352 et
2151 1295 2428 1360 deficient,
2475 1302 2532 1349 et
2586 1292 2641 1347 in
2678 1290 2954 1360 pulverem
2995 1302 3179 1344 suum
3206 1291 3565 1339 revertentur.
3607 1300 3628 1333 ι

364 1413 549 1468 αὐτῶν
569 1376 989 1480 ἐπιστρέφουσι.
1030 1426 1048 1458 ι
1086 1404 1189 1459 Σοῦ
1221 1376 1336 1477 γὰρ
1384 1403 1735 1475 βουλομένου,
1776 1376 1872 1455 καὶ
1917 1400 1948 1452 ὁ

2076 1389 2128 1445 l‘e
2150 1390 2297 1446 enim
2318 1387 2560 1452 volente,
2585 1393 2639 1440 et
2663 1384 2860 1438 anima:
2886 1390 2941 1437 et
2956 1380 3204 1451 corporis
3224 1378 3284 1433 fit
3302 1376 3632 1432 divortium:

364 1509 465 1578 τῆς
487 1504 668 1576 ψυχῆς
698 1503 793 1556 καὶ
834 1503 862 1553 ὁ
887 1500 984 1554 τοῦ
1050 1497 1309 1569 σώματος
1362 1495 1575 1565 γίνεται
1619 1491 1900 1565 χωρισμός
1928 1507 1941 1522 .

2050 1491 2178 1556 post
2222 1482 2369 1554 quod
2435 1494 2638 1551 corpus
2689 1475 3084 1545 corrumpitur,
3130 1482 3184 1528 et
3219 1472 3274 1526 in
3335 1472 3636 1542 pristinum

370 1564 735 1670 μέὸίδξιῖτδ
764 1594 923 1664 σῶμα
943 1564 1534 1664 φθορᾷ-παραδίδοται,
1572 1564 1667 1640 καλ.
1719 1586 1801 1648 είς
1857 1583 1950 1638 τὸν

2076 1579 2338 1632 pulverem
2385 1573 2730 1630 dissolvitur.
2783 1569 3045 1641 Spiritum
3094 1567 3303 1623 scilicet
3362 1565 3467 1619 lioc
3516 1564 3639 1617 loco

364 1665 641 1762 πρόγονον
680 1684 981 1741 ἀναλύεται
1009 1683 1162 1754 χοῦν.
1196 1681 1442 1750 Πνεῦμα
1478 1678 1537 1733 δὲ
1573 1675 1811 1732 ἐνταῦθα
1851 1674 1952 1746 τὴν

2076 1671 2294 1724 ιιιὶιιιειιιι
2339 1665 2649 1739 appellavit.

368 1780 548 1852 ψυχὴν
572 1777 1043 1849 προσηγόρευσεν.

438 1867 505 1923 λ’.
553 1887 571 1920 ι
625 1864 1045 1930 Ἐξαποστελείς
1068 1862 1131 1914 τὸ
1160 1859 1383 1929 πνεῦμά
1406 1874 1527 1921 σου,
1581 1858 1676 1910 καὶ
1725 1856 1952 1926 κτισθή-

2133 1850 2303 1905 Vsns.
2342 1847 2433 1903 '50.
2472 1866 2491 1899 ι
2527 1847 2757 1901 Emittcs
2789 1840 3043 1912 spiritum
3074 1850 3251 1903 tuum,
3291 1846 3345 1894 et
3366 1837 3644 1893 creaban-

374 1979 581 2025 σονται,
639 1929 739 2011 καὶ
785 1955 1123 2016 ἀνακαινιεῖς
1171 1951 1233 2005 τὸ
1280 1949 1574 2022 πρόσωπον
1626 1947 1726 2018 τῆς
1759 1948 1883 2017 γῆς.
1929 1964 1949 1996 ι

2076 1957 2169 2006 ,ur,
2206 1950 2262 1995 et
2290 1936 2584 1993 renovabis
2618 1935 2811 1990 faciem
2851 1944 3031 1988 terrai.
3068 1949 3090 1983 ι
3136 1929 3250 1985 lloc
3280 1929 3333 1984 in
3377 1929 3498 1985 loco
3528 1944 3647 1984 ma-

387 2050 660 2106 Ἐνταῦθα
690 2047 880 2116 σαφῶς
922 2047 1060 2117 ἡμῖν
1091 2042 1190 2115 τὴν
1248 2040 1550 2096 ἀνάστασιν
1585 2035 1953 2109 προεκήρυξε,

377 2145 473 2195 καὶ
502 2143 602 2211 τὴν
631 2140 720 2192 διᾶ
738 2139 831 2191 τοῦ
867 2135 1140 2203 παναγίου
1166 2134 1213 2166 ⁸⁸
1259 2131 1580 2202 Πνεύματος
1628 2129 1953 2184 ἀναϐίωσιν.

378 2228 539 2283 Οὕτω
565 2228 621 2282 δὲ
651 2226 747 2279 καὶ
789 2224 980 2285 Ἠλίας
1010 2225 1038 2275 ὁ
1064 2222 1207 2275 πάνυ
1246 2223 1344 2290 τῆς
1401 2221 1578 2289 χήρας
1632 2219 1755 2288 τρὶς
1776 2218 1823 2250 ⁸³
1852 2219 1959 2286 ἒμ-

382 2320 637 2391 φυσήσας
658 2315 737 2386 τῷ
764 2313 1065 2385 παιδαρίῳ,
1089 2313 1187 2364 καὶ
1212 2309 1301 2362 διὰ
1329 2309 1428 2379 τῆς
1443 2306 1764 2375 ὲνοικούσης
1793 2322 1961 2360 πνευο

386 2410 630 2482 ματικῆς
682 2410 909 2480 χάριτος
962 2400 1333 2471 ἐπαναγαγὼν
1390 2399 1639 2472 ζωήν⁸⁹⁶
1688 2399 1833 2453 οὕτω
1868 2397 1964 2452 καὶ

393 2501 698 2563 Ἐλισσαῖος
717 2498 811 2551 τὸν
832 2496 931 2563 τῆς
950 2492 1334 2563 Σουμανίτιδος
1348 2491 1686 2562 ὲζωοποίησε
1705 2489 1748 2521 ³³
1776 2488 1963 2550 παῖδα,

381 2595 460 2664 τῷ
503 2589 863 2662 πνευματικῷ
906 2587 1262 2658 χρησάμενος
1312 2583 1696 2655 ἐμφυσήματι,
1741 2578 1839 2634 καὶ
1889 2577 1968 2648 τῷ

386 2683 642 2753 ζωοποιῷ
692 2681 969 2752 πνεύματι
1015 2676 1593 2749 πραγματευσάμενος
1646 2671 1746 2743 τὴν
1793 2668 1965 2740 ζωήν.

380 2776 546 2831 ιυῦτω
576 2776 677 2845 τῆς
712 2774 862 2837 θείας
885 2771 1193 2841 δυνάμεως,
1227 2770 1320 2823 καὶ
1347 2768 1505 2840 τήνδε
1550 2767 1649 2837 τὴν
1682 2765 1969 2838 ἐνέργειαν

387 2866 591 2935 δείξας,
626 2869 705 2930 είς
734 2863 1011 2936 ὑμνῳδίαν
1056 2858 1489 2933 μεταφέρειτὴν
1515 2856 1765 2927 γλῶτταν
1779 2855 1848 2909 ³⁸.

2059 2031 2260 2088 nifeste
2313 2030 2776 2086 resurrectionem
2833 2026 2993 2081 nobis
3051 2026 3337 2096 praedixit,
3411 2034 3466 2079 et
3520 2023 3648 2079 vitae

2058 2123 2503 2187 restitutionem,
2545 2135 2668 2191 qua:
2718 2119 3057 2174 sanctissimi
3099 2117 3337 2189 Spiritus
3379 2115 3650 2172 beneficio

2061 2214 2350 2282 contingit.
2397 2212 2491 2267 Sic
2537 2221 2721 2266 autem
2755 2219 2804 2265 et
2854 2210 3001 2266 Elias
3051 2210 3141 2266 ille
3172 2224 3404 2280 magnus
3434 2206 3562 2263 fecit
3582 2215 3645 2271 πο,

2063 2321 2189 2359 cum
2242 2304 2474 2373 puerulo
2526 2303 2704 2358 viduae
2742 2312 2821 2357 ter
2874 2303 3522 2372 inspirasset,seumque
3555 2314 3650 2369 per

2065 2396 2298 2465 gratiam
2348 2393 2596 2463 spiritus,
2627 2407 2749 2461 qua:
2793 2393 2848 2446 in
2896 2393 3016 2461 ipso
3050 2392 3349 2456 habitabat,
3393 2392 3449 2445 in
3479 2390 3649 2444 vitam

2066 2486 2422 2541 reduxisset:
2467 2484 2549 2538 sic
2595 2483 2759 2537 etiam
2808 2482 3037 2537 Eliszeus
3075 2482 3247 2536 filium
3285 2480 3652 2535 Sumanitidis

2066 2580 2250 2633 vivum
2283 2577 2462 2633 eﬂ‘ecit
2493 2585 2584 2644 η-ο,
2638 2591 2764 2632 cum
2819 2575 3046 2644 spiritus
3102 2575 3471 2631 insuﬂlatione
3515 2588 3651 2629 usus

2068 2682 2235 2737 esset,
2301 2681 2356 2725 et
2417 2669 2585 2725 vitam
2642 2667 2859 2722 vivifico
2913 2666 3104 2736 spiritu
3162 2673 3532 2737 procurasset.
3589 2663 3652 2720 In

2071 2766 2222 2821 hunc
2247 2764 2471 2818 modum
2499 2762 2744 2817 divinam
2769 2760 3089 2831 potentiam,
3122 2759 3352 2830 ejusque
3386 2759 3493 2813 vim
3524 2773 3653 2814 cum

2071 2857 2445 2924 ostendisset,
2503 2855 2748 2927 linguam
2800 2853 2869 2909 ad
2918 2851 3272 2909 celebrandas
3324 2852 3416 2907 Dei
3463 2850 3657 2908 laudes

2071 2949 2359 3005 convertit.

462 3046 565 3102 λα’.
604 3065 624 3098 ι
660 3045 869 3113 "iit-mi;
894 3041 1022 3107 δόξα
1048 3039 1259 3109 Κυρίου
1311 3040 1393 3105 είς
1430 3038 1557 3101 τοὺς
1604 3035 1810 3100 αἰῶνας
1830 3035 1896 3088 ⁸³.
1938 3053 1960 3086 δ

2145 3041 2311 3097 Vens.
2332 3041 2426 3096 5i.
2457 3060 2475 3093 ι
2506 3039 2588 3094 Sit
2619 3040 2793 3110 gloria
2821 3037 3038 3094 Domini
3067 3037 3122 3092 in
3158 3039 3413 3093 saicula.»
3443 3034 3653 3108 1341

403 3139 540 3204 ‘Ast,
567 3138 755 3207 φησὶν,
778 3134 944 3187 αὑτὸν
968 3130 1122 3204 παρὰ
1151 3131 1375 3185 πάντων
1399 3125 1686 3199 ὑμνεῖσθαι
1734 3126 1966 3180 δίκαιον.

388 3228 850 3300 Εὐφρανθήσεται
880 3225 1085 3297 Κύριος
1115 3224 1209 3279 ἐπὶ
1239 3225 1352 3287 τοίς
1375 3221 1558 3291 ἔργοις
1585 3218 1776 3275 αὑτοῦ.
1802 3239 1821 3273 ι
1856 3219 1969 3290 Τὴν

396 3321 666 3391 ἐσομένην
718 3319 829 3371 τῶν
876 3317 1184 3388 ἀνθρώπων
1236 3313 1570 3384 θεογνωσίαν
1625 3311 1714 3366 διὰ
1764 3310 1970 3364 τούτων

396 3413 673 3464 ἐθέσπισε.
706 3409 819 3479 Τῆς
837 3408 950 3478 γὰρ
971 3409 1243 3478 προτέρας
1268 3407 1487 3477 ἀπάτης
1508 3405 1619 3459 τῶν
1665 3404 1970 3475 ἀνθρώπων

398 3500 849 3568 ἀπαλλαγέντων,
875 3500 971 3551 καὶ
1002 3496 1317 3569 δεξαμένων
1344 3495 1440 3551 τοῦ
1485 3494 1623 3548 Θεοῦ
1663 3493 1763 3564 τὴν
1846 3491 1968 3544 ὲπί-

401 3608 628 3659 γνωσιν,
654 3588 1098 3660 εὐφρανθήσεται
1117 3586 1164 3619 ³⁸
1198 3587 1352 3651 Θεὸς,
1388 3587 1450 3639 ού
1472 3584 1968 3656 προσκυνούμενος,

396 3680 538 3734 ἀλλὰ
569 3680 915 3750 σωζομένους
948 3679 1112 3750 ὁρῶν.

466 3769 564 3840 λβ⁹.
620 3789 639 3821 ι
702 3771 762 3824 '0
818 3769 1134 3823 ἐπιϐλέπων
1184 3769 1278 3822 ἐπὶ
1320 3767 1420 3839 τὴν
1468 3769 1594 3837 γῆν,
1657 3767 1752 3820 καὶ
1806 3765 1973 3818 ποιῶν

399 3861 570 3931 αὐτὴν
595 3861 852 3931 τρέμειν·
895 3861 925 3913 ὁ
953 3859 1259 3928 ἁπτόμενος
1284 3857 1393 3910 τῶν
1429 3857 1626 3927 ὀρέων,
1650 3856 1743 3910 καὶ
1772 3856 1972 3909 καπνί-

401 3952 607 4015 ζονται.
651 3970 671 4003 ι
710 3952 955 4015 Εἰκότως
997 3951 1173 4004 ταῦτα
1208 3949 1589 4020 προστέθεικε,
1621 3948 1683 4001 τὸ
1728 3948 1975 4011 ἀνενδεὲς

397 4044 668 4098 διδάσκων
718 4046 820 4114 τῆς
868 4042 1019 4107 θείας
1059 4042 1295 4112 φύσεως.
1329 4044 1406 4095 Ού
1449 4042 1559 4113 γὰρ
1594 4043 1669 4104 ὡς
1721 4040 1975 4110 δεόμενος

397 4136 660 4207 τέρπεται
708 4135 1191 4207 προσκυνούμενος
1217 4152 1232 4167 ·
1283 4133 1398 4187 ἀλλ’
1426 4134 1505 4197 ὡς
1538 4133 1733 4200 σώζειν
1778 4132 1978 4203 βουλό-

394 4244 585 4298 μενος,
621 4226 721 4297 τὴν
763 4225 1021 4298 ἀλήθειαν
1061 4226 1344 4279 δείκνυσι·
1396 4226 1491 4279 καὶ
1537 4226 1784 4291 κολάζειν
1816 4225 1977 4280 δυνά-

403 4336 587 4388 μενος,
630 4320 732 4372 οὐκ
766 4317 1019 4388 ἐπιφέρει
1063 4318 1162 4388 τὴν
1203 4317 1461 4371 κόλασιν
1496 4318 1589 4371 καί
1618 4334 1701 4371 τοι
1741 4319 1875 4389 μόνῃ
1909 4319 1975 4387 τῇ

2079 3129 2330 3203 Semper,
2360 3133 2456 3199 ait,
2481 3132 2551 3187 ab
2576 3133 2832 3187 omnibus
2853 3146 2982 3186 eum
3001 3130 3255 3186 laudibus
3284 3130 3421 3185 allici
3446 3129 3656 3200 justum

2076 3232 2179 3277 est.
2214 3241 2232 3273 ι
2272 3220 2574 3276 Laetabitur
2606 3221 2876 3277 Dominus
2907 3219 2976 3276 de
3015 3221 3274 3290 operibus
3320 3221 3456 3277 suis.
3487 3240 3506 3273 ο
3547 3218 3661 3276 Fu-

2078 3322 2258 3366 turam
2292 3310 2387 3364 Dei
2415 3309 2784 3380 cognitionem
2815 3309 2873 3364 in
2903 3308 3220 3365 hominibus
3248 3324 3345 3379 per
3376 3308 3493 3365 haec
3516 3310 3659 3364 vati-

2080 3403 2300 3458 cinatus
2357 3412 2461 3458 est.
2536 3400 2866 3458 Hominibus
2915 3402 3064 3457 enim
3115 3418 3148 3456 a
3199 3402 3432 3472 pristino
3473 3418 3661 3458 errore

2078 3495 2349 3561 liberatis,
2377 3493 2581 3563 Deique
2602 3494 2976 3564 cognitionem
3000 3494 3233 3565 adeptis,
3255 3495 3469 3549 laetatur
3490 3493 3659 3559 Deus.

2080 3602 2192 3641 non
2231 3591 2359 3657 quia
2386 3586 2609 3651 colitur,
2652 3586 2747 3642 sed
2781 3586 2911 3659 quia
2955 3586 3101 3642 videt
3139 3587 3393 3643 betnines
3426 3589 3659 3643 salutem

2079 3694 2316 3735 COIISOCH
2326 3688 2428 3735 [08.

2152 3770 2320 3828 Vens.
2352 3773 2442 3828 52.
2497 3791 2515 3824 ι
2545 3771 2655 3838 Qui
2705 3772 2931 3842 respicit
2971 3782 3211 3838 terram,
3264 3784 3317 3828 et
3367 3772 3501 3829 facit
3538 3788 3661 3829 eam

2080 3873 2315 3917 tremere
2354 3879 2374 3915 ι
2411 3861 2507 3931 qui
2555 3863 2728 3933 tangit
2769 3872 3017 3929 montes,
3049 3872 3104 3918 et
3147 3863 3435 3932 lumigant.
3478 3880 3498 3916 ι
3531 3861 3664 3920 iure

2083 3953 2202 4008 haec
2235 3954 2510 4023 apposuit,
2553 3953 2759 4010 docens
2805 3955 3047 4010 divinam
3096 3966 3351 4010 naturam
3404 3956 3553 4010 nulla
3605 3972 3666 4011 re

2085 4043 2348 4112 indigere.
2408 4042 2530 4098 Non
2580 4045 2726 4099 enim
2781 4056 2839 4101 ut
2885 4046 3136 4116 indigens
3185 4047 3484 4102 delectatur
3538 4062 3662 4102 cum

2085 4134 2283 4190 colitur
2310 4142 2338 4184 Ρ
2371 4152 2384 4186 :
2422 4135 2515 4189 sed
2544 4144 2605 4189 ut
2646 4137 2877 4190 salutem
2922 4136 3167 4206 praebere
3210 4138 3417 4200 volens,
3466 4139 3665 4191 verita-

2085 4236 2194 4281 tem
2240 4227 2510 4291 ostendit,
2563 4238 2619 4281 et
2655 4243 2780 4282 cum
2815 4228 3056 4298 plectere
3082 4228 3282 4298 possit,
3330 4242 3437 4281 non
3470 4228 3668 4298 inﬂigit

2086 4333 2327 4388 ptenam,
2373 4320 2474 4374 etsi
2533 4320 2653 4375 sola
2681 4321 2700 4342 ‘
2731 4335 2831 4375 sua
2865 4320 3159 4390 praesentia
3199 4329 3400 4374 terram
3432 4320 3662 4390 quatiat,

403 4409 701 4480 ἐπιφανείᾳ
737 4409 899 4462 σείων
924 4409 1022 4479 τὴν
1072 4408 1199 4479 γῆν,
1229 4408 1323 4463 καὶ
1356 4407 1528 4479 πυρὸς
1559 4410 1652 4462 καὶ
1675 4409 1884 4464 καπνοῦ
1914 4412 1983 4465 τὰ

2087 4421 2143 4467 et
2185 4411 2308 4481 igne
2355 4426 2425 4466 ac
2464 4411 2618 4466 fumo
2654 4420 2869 4467 montes
2899 4411 3140 4481 impleat.
3173 4410 3287 4466 Hoc
3331 4427 3463 4468 sane
3508 4421 3562 4466 et
3608 4411 3664 4466 in

396 4501 507 4570 ὅρη
535 4499 779 4570 πληρῶν.
806 4498 980 4554 Τοῦτο
997 4499 1058 4553 δὲ
1089 4499 1183 4552 καὶ
1212 4500 1271 4553 ὲν
1299 4498 1374 4568 τῷ
1405 4499 1537 4570 Σινᾷ
1550 4500 1665 4572 lipsi
1689 4502 1979 4572 πεποίηκε’

402 4593 504 4662 τὴν
555 4591 768 4645 οἰκείαν
808 4592 917 4662 γὰρ
958 4590 1329 4661 ποιησάμενος
1370 4592 1715 4660 ἐπιφάνειαν,
1749 4593 1810 4647 τὸ
1856 4594 1982 4666 ὅρος

407 4684 557 4737 ἅπαν
584 4681 753 4746 ἔδειξε
786 4682 1208 4752 καπνιζόμενον.

473 4771 576 4842 λγ’.
622 4793 641 4826 ι
679 4773 831 4845 ’ᾼσω
860 4772 938 4843 τῷ
973 4773 1161 4844 Κυρίῳ
1199 4776 1256 4826 ἐν
1295 4775 1361 4843 τῇ
1405 4772 1516 4844 ζωῇ
1550 4791 1677 4845 μου,
1713 4776 1869 4846 ψαλῶ
1906 4778 1983 4849 τῷ

405 4863 524 4933 Θεῷ
565 4881 667 4933 μου
708 4864 816 4927 ἕως
852 4863 1104 4935 ὑπάρχω.
1132 4882 1155 4915 θ
1198 4863 1311 4916 Καὶ
1342 4863 1519 4917 ταῦτα
1555 4864 1780 4930 εἰκότως
1810 4885 1983 4937 προσ-

405 4953 667 5010 τέθεικεν.
712 4975 730 5008 ι
777 4956 852 5009 UO
890 4956 1000 5026 γάρ
1057 4958 1205 5009 ἐστιν
1237 4958 1294 5008 ὲν
1353 4956 1433 5026 τῷ
1468 4955 1738 5027 θανάτῳό
1770 4976 1987 5032 μνημο-

410 5041 579 5095 νεύων
634 5046 841 5113 αὑτοῢ,
888 5049 945 5102 ἐν
998 5046 1056 5100 δὲ
1097 5046 1176 5118 τῷ
1236 5047 1340 5120 ᾄδῃ
1402 5048 1485 5112 τίς
1525 5049 1982 5121 ἐξομολογήσεται

482 5241 523 5269 ω
561 5229 626 5285 111
664 5231 796 5304 lieg.
829 5249 958 5299 xvn,
994 5235 1084 5287 2|.

2087 4516 2275 4561 monte
2307 4504 2460 4560 Sinai
2495 4506 2624 4562 fecit
2658 4525 2673 4561 :
2704 4522 2830 4561 cum
2880 4509 3028 4562 enim
3078 4507 3444 4577 apparuisset,
3489 4517 3666 4565 totum

2086 4609 2335 4654 montem
2381 4598 2686 4654 fumantem
2718 4600 2972 4655 reddidit.

2161 4772 2332 4829 τελε.
2362 4774 2457 4829 55.
2497 4792 2516 4824 ι
2556 4774 2803 4829 Cantabo
2837 4774 3068 4831 Domino
3106 4777 3161 4831 in
3186 4778 3299 4832 vita
3330 4792 3473 4845 mea,
3521 4779 3668 4848 psal-

2086 4867 2197 4921 lam
2249 4866 2361 4921 Deo
2409 4883 2535 4922 meo
2585 4868 2825 4937 quandiu
2870 4866 3048 4924 fuero.
3100 4888 3121 4922 ι
3181 4867 3249 4925 Et
3293 4869 3409 4925 bazc
3472 4871 3668 4926 merito

2096 4959 2328 5014 addidit.
2360 4959 2496 5013 Nam
2534 4978 2557 5010 ι
2596 4976 2703 5014 non
2737 4970 2823 5016 est
2864 4960 2920 5015 in
2958 4971 3167 5027 morte,
3212 4964 3306 5033 qui
3348 4977 3560 5019 memor
3597 4961 3670 5018 sit

2093 5049 2233 5118 ejus,
2279 5049 2333 5103 in
2379 5049 2597 5104 inferno
2631 5061 2818 5106 autem
2863 5051 2988 5122 quis
3027 5052 3374 5110 confitebitur
3414 5052 3519 5121 ipsi
3547 5048 3610 5102 tl?
3640 5064 3661 5101 δ

1176 5240 1263 5269 ιιοο
1305 5230 1370 5287 tv
1409 5231 1547 5303 neg.
1591 5247 1665 5298 IV,
1705 5231 1795 5286 ει.
1875 5241 1903 5281 ρ
1939 5232 2180 5302 ιεωιι,
2221 5237 2315 5293 9.0.
2384 5248 2412 5287 ει
2452 5236 2594 5294 Psal.
2636 5253 2714 5305 vs.
2754 5238 2809 5292 5-

1536 5391 1775 5454 νΑιιιιΕ
1808 5396 2192 5455 LECTIONES
2220 5397 2309 5452 ET
2334 5397 2566 5454 ΝΟΤΑ..

476 5512 522 5544 ⁸⁸
545 5520 627 5596 Τὰ
646 5523 990 5596 σύμπαντα.
1024 5524 1190 5580 Abest
1248 5543 1278 5580 a
1323 5536 1471 5582 textu
1510 5528 1677 5586 Hebr.
1755 5534 1800 5564 ³⁸
1828 5535 1983 5596 Πληί

2076 5531 2237 5593 llebr.
2286 5534 2646 5590 satiabuntur.

413 5590 458 5669 ξξ
491 5593 646 5669 Ζζρις.
681 5590 804 5669 cod.
840 5591 863 5643 1
910 5607 1096 5669 prtem.
1119 5597 1408 5669 ﬂvis-mss
1466 5601 1559 5655 τὸν
1620 5604 1754 5657 υίόν.
1832 5603 1877 5636 ³⁵
1912 5590 1983 5655 Ζιι

2136 5606 2257 5658 cod.
2306 5604 2332 5656 1

414 5655 458 5686 ³⁸
489 5655 614 5730 Τὴνῖ
637 5655 928 5731 γλῶτταν.
955 5664 1077 5718 cod.
1112 5664 1134 5715 1
1171 5666 1262 5718 τὸν
1300 5655 1479 5735 λόγον.

734 5759 1011 5818 ΡΑτιιοῐ..
1054 5760 1167 5820 Gn.
1191 5760 1429 5825 LXXX.

2745 5537 2789 5569 ³⁷
2817 5535 2938 5590 cod.
2974 5535 2999 5588 1
3028 5528 3112 5588 οὗ.
3187 5532 3235 5565 ³⁸
3262 5534 3384 5587 cod.
3418 5534 3442 5588 1
3482 5535 3661 5602 ἁγίου.

2806 5607 2850 5638 ιι
2881 5602 3115 5664 Ἐζωοπ.
3173 5604 3339 5659 Abest
3376 5619 3408 5659 a
3448 5606 3569 5663 co‘d.
3605 5606 3657 5666 ί.

3230 5763 3305 5827 54

2392 5620 2579 5674 prtem.
2631 5608 2731 5670 εἰς.

1581 5673 1624 5705 ³³
1655 5673 1779 5729 cod.
1815 5670 1987 5728 Vatic.
2018 5672 2109 5729 τὸν
2144 5675 2337 5730 αἰῶνα.
2392 5670 2404 5674 ⁷
2427 5675 2471 5705 ³δ
2491 5676 2614 5731 cod.
2643 5676 2673 5731 1
2707 5674 3082 5747 εὐφραίνεται.
