4006 6198
419 265 560 333 ιτοτ

1416 250 1909 315 THEODORETI
1940 250 2281 311 EPISCOPI
2312 248 2682 310 CYRENSIS

3533 233 3684 319 nos

415 379 514 435 Sic
552 376 722 435 fatuis
757 373 1069 447 virginibus
1104 368 1332 427 thalami
1368 368 1540 440 ianua
1575 364 1796 420 occlusa
1832 363 1935 419 iuit
1958 373 1995 430 τ,

2109 363 2299 434 αύτῷς
2332 383 2352 414 ι
2400 362 2590 426 Οῦτως
2614 357 2957 429 ἀπεκλείσθη
2992 357 3115 421 ταῖς
3148 357 3359 428 μωραῖς
3397 354 3689 423 παρθένοις

416 487 543 531 cum
575 442 929 527 ferendarum
968 466 1283 536 lampadem
1326 471 1540 532 tempus
1586 462 1693 519 olei
1727 458 1995 529 emptione

2105 456 2201 508 τοῦ
2267 454 2559 524 νυμφῶνος
2595 454 2640 485 ³³
2695 454 2731 524 ἡ
2793 450 2956 521 θύρα,
3015 449 3108 502 τὸν
3172 446 3271 517 τῆς
3334 442 3692 515 λαμπαόοφο-

418 563 830 620 eontrivissent.

489 737 658 793 Vens.
694 735 787 791 54.
827 752 845 787 ι
882 730 1196 789 iucundum
1226 731 1301 785 sit
1329 731 1379 783 ei
1420 727 1703 798 eloquium
1736 740 1939 781 meum.
1977 743 1997 777 ι

419 830 748 900 Eloquium,
822 824 1186 898 Symmachus
1248 818 1747 875 sermocinationem
1823 818 1998 873 dixit:

416 921 614 993 Aquila
655 935 786 976 vero
834 918 1177 988 colloquium.
1222 913 1495 969 Caeterum
1533 926 1750 981 precor,
1798 910 1896 975 ait,
1942 918 2002 963 ιιι

419 1015 503 1069 ha
540 1028 679 1068 mea:
722 1011 913 1066 laudes
950 1005 1291 1064 dulcissima
1348 1012 1403 1059 et
1452 1002 1869 1073 jucundissimm
1919 1002 2002 1054 vi-

416 1106 670 1162 deantur.
700 1123 719 1156 ι
760 1103 872 1174 Ego
911 1116 1041 1158 vero
1084 1097 1397 1155 delectabar
1426 1096 1481 1150 in
1515 1095 1768 1151 Domino.
1808 1112 1827 1146 ι
1864 1092 2000 1148 Nam

417 1201 543 1266 hoc,
574 1201 672 1263 ait,
722 1194 998 1267 perfecto,
1048 1193 1175 1246 hinc
1216 1190 1458 1244 lmtitiam
1501 1188 1822 1259 percipiant.

489 1376 653 1429 Vens.
687 1372 779 1428 35.
817 1388 836 1422 ι
872 1366 1138 1423 Deﬁciant
1173 1371 1491 1435 peccatores
1521 1376 1553 1416 a
1591 1359 1803 1431 1342
1834 1370 2001 1424 terra,

404 1479 468 1523 et
521 1465 717 1536 iniqui,
771 1464 844 1517 ita
898 1469 958 1514 ut
1000 1474 1109 1514 non
1169 1458 1300 1512 sint.
1336 1475 1355 1507 ι
1417 1453 1714 1523 Postquam
1759 1451 2000 1505 divinam

413 1556 883 1633 pulchritudinem
931 1549 1458 1621 inexplicabilcsque
1529 1545 1785 1611 divitias,
1831 1552 1887 1597 ut
1934 1544 2001 1596 ab

415 1632 656 1707 humana
701 1658 905 1701 natura
943 1642 1060 1697 lieri
1101 1640 1294 1711 potuit,
1330 1637 1632 1705 enarravit,
1669 1650 1860 1690 omnes
1902 1632 2001 1687 ho-

2107 547 2230 618 ρίας
2260 546 2303 579 ⁸⁸
2353 546 2545 617 καιρὸν
2608 545 2691 607 εἰς
2750 540 3055 614 ἀγορασίαν
3123 538 3309 593 ἐλαίου
3369 537 3691 606 δαπανησα-

2106 657 2252 702 σαις.

2174 733 2266 786 λδ’.
2311 749 2330 780 ι
2401 729 2687 799 Ἦδυνθείη
2736 726 2890 798 αύτῷ
2952 727 2985 796 ἡ
3037 724 3262 797 διαλογή
3320 742 3447 795 μου.
3506 742 3525 776 ι
3570 721 3690 789 Τὴν

2102 823 2420 896 διαλογὴν,
2478 822 2754 887 διάλεξιν
2802 823 2831 874 ὁ
2884 819 3189 888 Σύμμαχος
3244 817 3504 889 εἴρηκεν·
3550 817 3576 869 ὀ
3630 815 3691 867 δὲ

2117 919 2373 985 Ἀκύλας,
2405 917 2668 988 ὁμιλίαν.
2706 914 2952 986 Εθχομαι
3008 912 3087 976 δὲ,
3134 909 3291 981 φησὶ,
3340 907 3543 977 ταύτην
3579 923 3689 975 μου

2103 1012 2203 1083 τὴν
2252 1013 2528 1084 ὑμνῳδίαν
2568 1012 2796 1082 ἡδίστην
2845 1007 2942 1060 καὶ
2992 1003 3372 1076 τερπνοτάτην
3432 999 3687 1071 ὀφθῆναι.

2109 1123 2126 1156 ι
2169 1103 2314 1173 Ἐγὼ
2346 1103 2403 1156 δὲ
2438 1101 2895 1174 εὐφρανθήσομαι
2930 1100 3022 1153 ἐπὶ
3047 1098 3125 1169 τῷ
3154 1097 3368 1168 Κυρίῳ.
3407 1115 3426 1149 ι
3478 1094 3688 1149 Τούτου

2103 1196 2235 1266 γὰρ,
2269 1196 2456 1267 φησὶν,
2502 1193 2816 1264 γινομένου,
2857 1192 2970 1262 ἐγὼ
2993 1193 3092 1262 τὴν
3120 1187 3377 1247 ἐντεῦθεν
3412 1185 3683 1258 εὐθυμίαν

2102 1306 2172 1342 κα
2181 1287 2494 1360 ρπὼσομαι.

2174 1378 2270 1434 λε’.
2311 1398 2329 1431 ι
2376 1378 2722 1433 Ἐκλείποιεν
2766 1378 2813 1410 ³⁷
2872 1375 3189 1448 ἁμαρτωλοὶ
3222 1374 3334 1429 ἀπὸ
3390 1375 3487 1443 τῆς
3533 1370 3642 1441 γῆς
3668 1387 3683 1399 ·

2102 1472 2200 1527 καὶ
2231 1471 2449 1544 ἄνομοι,
2500 1471 2643 1525 ὥστε
2691 1468 2771 1540 μὴ
2803 1469 3078 1540 ὑπάρχειν
3108 1466 3327 1530 αὐτούς.
3364 1485 3383 1516 ι
3426 1464 3498 1517 Τδ
3538 1463 3689 1517 θεῖον

2103 1563 2321 1629 κάλλος,
2374 1562 2473 1616 καὶ
2514 1562 2609 1615 τὸν
2641 1562 2882 1633 ἀρῥητον
2930 1559 3163 1613 πλοῦτον
3195 1558 3273 1622 ὡς
3314 1557 3442 1628 ἐνῆν
3472 1555 3690 1625 ἀνθρωο

2104 1656 2236 1727 πείᾳ
2272 1657 2434 1726 φύσει
2473 1650 2792 1721 διεξελθὼν,
2839 1651 3049 1714 πάντας
3085 1648 3413 1722 ἀνθρώπους
3454 1647 3550 1718 τῆς
3585 1647 3689 1699 αὑ-

413 1744 592 1799 tnines
637 1740 886 1811 ejusdem
932 1733 1268 1805 cognitionis
1320 1731 1617 1802 participes
1658 1727 1775 1783 ﬁeri
1814 1724 1995 1795 cupit,

2105 1719 2223 1815 τῆς.
2255 1719 2587 1816 μεταλαχεῖν
2639 1742 2913 1814 ἱμείρεται
2964 1719 3244 1810 γνώσεως,
3296 1739 3393 1793 καὶ
3442 1738 3537 1806 τὴν
3571 1736 3689 1789 τῶν

409 1844 583 1906 utque
623 1840 976 1905 peccatorum
1029 1825 1407 1882 conventicula
1452 1823 1671 1894 penitus
1721 1819 1994 1883 deﬁciant,

406 1929 687 2000 supplicat
720 1943 734 1979 :
768 1938 875 1978 non
920 1928 982 1975 ut
1021 1918 1123 1988 ipsi
1168 1917 1439 1972 intereant
1476 1914 1781 1985 postulans,
1813 1911 1905 1966 scd
1937 1917 1997 1964 ut

410 2026 692 2076 mutentur
737 2015 1057 2076 obsecrans,
1096 2018 1152 2064 et
1195 2018 1254 2061 ut
1300 2022 1492 2060 eorum
1538 2018 1729 2074 agmen
1770 2001 1997 2055 desistat

412 2108 743 2179 clﬂagitans,
805 2118 926 2156 eum
974 2099 1041 2153 ad
1091 2099 1359 2151 bonorum
1406 2105 1591 2165 partes
1636 2091 1993 2155 transierint,

410 2200 737 2266 divinosque
781 2209 870 2247 res
913 2189 1224 2245 didicerint.
1282 2186 1558 2242 Caeterum
1610 2185 1655 2239 si
1704 2184 1830 2253 quis
1883 2181 1998 2235 ha-e

412 2291 580 2345 verba
626 2288 785 2341 aliter
836 2282 1140 2350 intelligere
1205 2279 1472 2340 voluerit,
1521 2274 1678 2346 quasi
1736 2272 1998 2342 propheta

411 2381 615 2452 impios
656 2378 912 2432 homines
955 2370 1429 2428 exsecrationibus
1470 2367 1787 2436 subiiceret,
1830 2362 1993 2418 etiam

414 2477 517 2530 hoc
559 2476 723 2542 pacto
769 2465 1084 2537 apostolicae
1123 2463 1386 2517 doctrina:
1435 2458 1845 2528 respondentem
1898 2469 1993 2508 ra-

406 2565 795 2623 tieinationem
845 2556 1106 2613 inveniet.
1153 2554 1365 2609 Etenim
1412 2553 1603 2606 beatus
1642 2548 1845 2603 Paulus
1888 2545 1996 2600 Co-

412 2659 636 2715 rinthiis
684 2653 956 2717 scribens,
1004 2650 1150 2703 hunc
1215 2645 1401 2717 posuit
1451 2645 1661 2698 linem:
1702 2660 1720 2693 ι
1769 2640 1828 2695 Si
1871 2639 1998 2709 quis

410 2764 525 2805 non
584 2743 766 2814 diligit
811 2738 1101 2794 Dominum
1156 2734 1381 2798 Jcsum,
1431 2733 1722 2786 anathema
1768 2730 1930 2783 sits:
1974 2745 1993 2778 ι

412 2843 521 2897 hoc
557 2838 727 2903 enim,
754 2834 1036 2905 proprium
1080 2840 1162 2883 est
1189 2840 1402 2889 eorum,
1438 2825 1533 2894 qtti
1561 2822 1774 2877 ardenti
1815 2821 2000 2875 animo

414 2942 624 2991 amant.
662 2950 681 2984 ι
714 2925 972 2992 Benedic,
994 2921 1179 2978 anima
1202 2916 1615 2986 mea,Demino.
1654 2935 1673 2966 ι
1704 2915 1807 2981 Qui
1834 2914 2001 2984 igitur

2099 1835 2447 1908 ἁμαρτωλῶν
2478 1837 2713 1907 πάμπαν
2739 1834 2784 1867 ³³
2800 1832 3058 1902 ἐκλεῖψαι
3081 1831 3393 1904 συμμορίαν
3427 1829 3685 1886 ἱκετεύει·

2104 1925 2205 1979 οὐκ
2243 1926 2444 1990 αὐτοὺς
2482 1925 2780 1980 ἀπολέσθαι
2824 1923 3163 1995 παρακαλῶν
3190 1962 3204 1987 ,
3228 1921 3375 1992 ,ἀλλὰ
3410 1922 3688 1993 μεταϐλη-

2109 2014 2268 2087 θῆναι
2303 2017 2593 2088 δεόμενος,
2658 2017 2753 2070 καὶ
2802 2014 3121 2069 παύσασθαι
3158 2013 3340 2068 αὐτῶν
3391 2013 3453 2067 τὸ
3486 2011 3691 2082 στῖφος

2106 2108 2405 2163 ἀντιϐολῶν
2465 2107 2934 2179 μεταταξαμένων
2991 2106 3088 2160 καὶ
3137 2105 3562 2177 μεταμαθὼτων
3614 2104 3691 2156 τὰ

2105 2198 2245 2253 θεῖα.
2272 2199 2336 2251 Εἰ
2357 2198 2416 2251 δέ
2435 2216 2519 2261 τις
2541 2197 2745 2270 ἑτέρως
2774 2197 2948 2252 ταῦτα
2985 2196 3237 2266 βούλεται
3255 2200 3397 2249 νοεῖν
3426 2195 3495 2248 τὰ
3516 2196 3686 2266 ῥητὰ,

2095 2290 2171 2353 ὡς
2210 2289 2304 2342 τοῦ
2350 2290 2638 2360 προφήτου
2679 2288 2807 2353 τοὺς
2858 2289 3152 2361 δυσσεϐείᾳ
3191 2287 3472 2352 συζῶντας
3545 2288 3686 2340 ὑπο·

2097 2380 2393 2445 ϐάλλοντος
2421 2381 2605 2451 ἀραῖς,
2649 2382 2742 2435 καὶ
2775 2380 2949 2444 οὔτως
2984 2382 3214 2453 εὑρήσει
3245 2383 3311 2451 τῇ
3348 2377 3684 2448 ἀποστολικῇ

2096 2469 2421 2541 διδασκαλίᾳ
2452 2470 2550 2539 τὴν
2585 2470 2933 2541 προφητείαν
2968 2468 3400 2539 συμϐαίνουσαν.
3435 2467 3545 2521 Καὶ
3570 2467 3683 2537 γὰρ

2097 2565 2126 2616 ὁ
2152 2562 2424 2633 μακάριος
2455 2561 2668 2624 Παῦλος
2713 2559 3026 2632 Κορινθίοις
3050 2559 3406 2622 ἐπιστέλλων,
3439 2557 3684 2612 τοιοῦτον

2099 2654 2514 2726 ἀκροτελεύτιον
2537 2654 2779 2707 τέθεικεν
2807 2669 2820 2683 ·
2861 2672 2879 2705 ι
2938 2652 3004 2705 El’
3040 2669 3126 2716 τις
3166 2653 3228 2705 ού
3263 2651 3413 2721 φιλεῖ
3441 2651 3530 2704 τὸν
3563 2651 3681 2704 Κύ-

2103 2763 2219 2819 ριον
2263 2743 2560 2816 ἰησοῦν³⁹,
2627 2743 2744 2814 ἧτω
2791 2742 3067 2814 ἀνάθεμα.
3127 2761 3145 2794 t
3198 2742 3359 2796 ’Ἱδιον
3406 2742 3514 2813 γὰρ
3567 2741 3679 2794 τῶν

2101 2833 2320 2907 θερμῶς
2378 2833 2746 2903 ἀγαπώντων.
2807 2852 2825 2886 ι
2882 2834 3134 2902 Εύλόγει,
3183 2833 3213 2906 ἡ
3264 2835 3409 2905 ψυχή
3443 2835 3679 2905 μου,τδν

2100 2927 2307 2997 Κύριον
2323 2925 2391 2979 ⁸⁸.
2438 2943 2457 2977 ›
2506 2927 2570 2978 Οί
2613 2925 2709 2995 μὲν
2737 2919 2828 2977 οὖν
2863 2924 3053 2994 ὑμνεῖν
3098 2924 3189 2978 τὸν
3232 2924 3506 2978 τοσούτων
3535 2925 3676 2993 ἀγα-

414 3038 498 3085 tot
523 3028 795 3083 bonorum
824 3018 1144 3088 largitorem
1179 3010 1414 3066 laudare
1442 3006 1736 3072 noluerint,
1783 3006 1873 3059 illa
1904 3019 1995 3073 pa-

2105 3018 2213 3072 θῶν
2269 3018 2507 3089 χορηγὸν
2552 3017 2614 3070 ού
2668 3015 3028 3087 βουλόμενοι,
3091 3019 3278 3070 ἐκεῖνα
3321 3015 3679 3085 πασχέτωσαν

413 3121 622 3174 tiantur
667 3127 791 3184 quae
834 3109 965 3165 dixi.
1024 3105 1106 3159 Tu
1153 3118 1305 3168 vero,
1354 3116 1401 3156 o-
1423 3099 1637 3162 anima,
1681 3107 1833 3151 tuum
1876 3093 1995 3149 Sal-

414 3219 674 3265 vatorem
700 3213 757 3261 et
803 3202 1067 3274 Opiﬁcem
1098 3198 1153 3252 in
1175 3196 1376 3251 malum
1420 3190 1701 3264 perpetuis
1740 3187 1995 3243 laudibus

414 3298 570 3356 cll‘er.

832 3426 1108 3484 INTERP.
1147 3423 1402 3481 PSALMI
1440 3419 1575 3477 CIV.

486 3544 744 3601 Alleluia.
773 3541 840 3597 Et
871 3540 962 3596 hic
990 3538 1237 3611 psalmus
1265 3536 1436 3592 Deum
1467 3533 1850 3589 universorum
1878 3529 1997 3583 lau-

2103 3109 2248 3180 ἆπερ
2280 3109 2481 3178 εἴρηκα
2512 3123 2524 3137 ·
2578 3108 2644 3159 σὺ
2691 3106 2772 3173 δὲ,
2801 3101 2846 3160 ὦ
2884 3107 3055 3178 ψυχὴ,
3111 3108 3408 3178 ἐνδελεχῶς
3444 3110 3533 3161 τὸν
3582 3107 3678 3160 σδιν

2104 3202 2266 3274 ὕμνει
2296 3200 2644 3273 Δημιουργὸν
2686 3201 2782 3253 καὶ
2811 3200 3061 3271 Σωτῆρα.

2416 3421 2685 3476 EPMHN.
2709 3419 2846 3473 ΤΟΥ
2881 3420 2999 3474 ΡΔ¹.
3037 3419 3360 3474 ΨΑΛΜΟΥ.

2179 3540 2577 3606 Ἀλληλούϊιι.
2622 3538 2841 3609 Ὑμνείν
2894 3537 2992 3590 καὶ
3021 3533 3175 3602 οὗτος
3205 3540 3234 3592 ὁ
3256 3538 3472 3610 ψαλμος
3508 3557 3674 3610 παρα-

413 3640 581 3696 dibus
634 3634 923 3693 celebrare
970 3632 1146 3703 jubet.
1190 3628 1306 3689 Hoc
1340 3630 1357 3649 ⁶
1404 3626 1647 3684 declarat
1689 3621 1991 3692 inscriptio.

2105 3630 2381 3685 κελεύεται
2433 3629 2524 3682 τὸν
2585 3630 2695 3683 τῶν
2747 3629 2883 3682 ὅλων
2944 3628 3118 3681 Θεὸν·
3166 3630 3318 3702 δηλοί
3377 3631 3435 3685 δὲ
3492 3634 3582 3686 καὶ
3636 3634 3669 3702 ἠ

411 3729 650 3787 Alleluia
685 3728 856 3790 enim,
892 3723 1138 3777 Laudate
1172 3719 1458 3773 Dominum
1497 3723 1686 3781 sonat,
1732 3715 1778 3770 si
1824 3716 1993 3768 inter-

2105 3722 2404 3793 ἐπιγραφή.
2458 3722 2530 3775 Τὸ
2567 3722 2677 3793 γὰρ
2726 3723 3094 3791 cumam,
3127 3723 3357 3778 Αἰνεῖτε
3406 3725 3514 3778 τὸν
3556 3727 3675 3778 Κύ-

409 3818 659 3893 preteris.
682 3818 941 3873 Caeterum
953 3813 1364 3886 promissionum
1376 3827 1404 3866 a
1417 3811 1524 3868 Deo
1544 3810 1610 3869 ad
1655 3805 1994 3877 patriarchas

2105 3830 2232 3880 ptor
2258 3811 2649 3883 ἑρμηνεύεται.
2695 3813 3137 3885 Ἀναμιμνήσκει
3171 3813 3226 3867 δὲ
3252 3813 3363 3867 τῶν
3384 3814 3521 3885 πρὸς
3548 3815 3675 3877 τοὺς

409 3910 683 3964 factarum
716 3903 988 3980 meminit,
1012 3908 1069 3956 et
1094 3900 1366 3955 honorum
1390 3913 1512 3969 quae
1537 3912 1634 3968 per
1657 3896 1780 3952 illos
1810 3903 1994 3967 poste-

2105 3903 2449 3973 πατριάρχας
2500 3900 2605 3954 ὑπὸ
2669 3899 2763 3955 τοῦ
2815 3902 2952 3956 Θεοῦ
2998 3903 3385 3974 γεγενημένων
3441 3903 3673 3973 ὑποσχέο

410 4000 490 4055 ris
521 4012 713 4053 eorum
768 3994 981 4049 tribuit.
1024 3991 1234 4048 Sullicit
1260 3993 1405 4048 enim
1452 3991 1646 4045 horum
1677 3998 1731 4043 et
1774 3988 1990 4043 illorum

2105 4010 2267 4058 σεων,
2306 3992 2398 4046 καὶ
2432 3990 2543 4044 τῶν
2574 3992 2643 4045 δι’
2675 3991 2921 4054 ἐκείνους
2960 3993 3055 4045 ὑπ’
3088 3993 3254 4047 αὑτοῦ
3306 3996 3674 4064 παρασχεθέν-

409 4087 741 4153 recordatio,
776 4087 844 4142 ad
875 4100 973 4142 eos
1002 4084 1350 4140 exacuendos
1383 4091 1439 4137 et
1468 4079 1868 4144 accendendos,
1897 4079 1992 4149 qui

2105 4101 2203 4138 των
2260 4083 2488 4150 ἀγαθῶν
2543 4084 2657 4147 τοῖς
2693 4083 2921 4138 ἐκείνων
2951 4086 3197 4152 ἐκγόνοις
3240 4084 3309 4139 δι.
3360 4086 3537 4154 Ἱκανὴ
3565 4087 3671 4156 γὰρ

408 4183 612 4239 talibus
667 4177 949 4235 beneﬁciis
1002 4176 1180 4231 allecti
1253 4182 1414 4240 sunt,
1475 4181 1535 4227 ut
1588 4171 1656 4226 ad
1717 4169 1988 4240 majorum

2105 4176 2195 4231 καὶ
2221 4176 2433 4230 τούτων
2468 4168 2742 4229 κάκείνων
2776 4178 2808 4246 ἡ
2845 4177 3056 4247 μνήμη,
3084 4178 3207 4242 τοὺς
3229 4176 3499 4231 τοσούτων
3525 4180 3672 4250 εὐερ-

410 4287 642 4332 suorum
691 4270 918 4326 virtutis
973 4267 1381 4323 aemulationem
1435 4263 1763 4320 excitentur.
1813 4260 1990 4314 Simul

2105 4265 2299 4334 γεσιῶν
2349 4265 2770 4330 ἀπολαύσαντας
2812 4268 2892 4330 εἰς
2924 4265 3087 4338 ζῆλον
3123 4268 3223 4337 τῆς
3249 4267 3360 4322 τῶν
3390 4271 3671 4337 προγόνων

412 4362 625 4436 1343
664 4360 829 4416 etiam
879 4356 1042 4413 docet
1091 4371 1294 4410 novum
1335 4354 1619 4424 populum,
1678 4350 1824 4421 quod
1879 4365 1985 4404 non

2105 4358 2294 4430 Ξρετῆς
2359 4356 2606 4429 ἐρεθίσαι
2670 4361 2762 4411 καὶ
2801 4357 3136 4429 παραθῆξαι.
3172 4358 3423 4413 Διδάσκει
3471 4359 3528 4413 δὲ
3577 4362 3669 4413 καὶ

407 4458 615 4526 injuste
655 4453 931 4522 ingratum
966 4448 1116 4503 illum
1148 4446 1408 4517 populum
1451 4460 1550 4500 sua
1578 4459 1709 4500 cura
1740 4443 1986 4514 privave-

409 4554 509 4605 rit.
556 4548 828 4615 Quoniam
861 4543 1005 4599 enim
1048 4541 1140 4596 Dei
1181 4539 1418 4610 populus
1461 4536 1898 4607 appellabantur,
1935 4542 1989 4588 et

407 4638 700 4698 manifesto
729 4636 917 4693 divina
958 4647 1061 4703 0pc
1102 4630 1458 4693 fruebantur,
1502 4627 1605 4682 hac
1633 4641 1764 4681 vero
1799 4633 1988 4696 postea

408 4729 637 4787 omnino
681 4726 922 4782 destituti
957 4723 1203 4786 luerunt,
1236 4735 1331 4790 per
1374 4720 1476 4776 hos
1511 4719 1753 4789 psalmos
1795 4731 1989 4772 omnes

403 4821 662 4877 homines
698 4819 879 4885 docet,
923 4822 1057 4887 quot
1105 4823 1159 4870 et
1203 4813 1424 4884 quantis
1473 4810 1756 4867 beneﬁciis
1804 4809 1982 4881 ipsum

406 4913 668 4977 olfecerit,
706 4919 761 4967 et
792 4910 1064 4980 quomodo
1097 4907 1488 4963 beneliciorum
1530 4904 1881 4959 immemores
1907 4902 1987 4957 illi

403 5004 533 5061 facti
581 5002 806 5068 iuerint,
856 5008 916 5054 ιιι
947 4998 1153 5069 pariter
1183 5007 1237 5052 et
1270 4996 1395 5052 latae
1434 4995 1487 5049 in
1538 4994 1660 5050 illos
1704 4993 1989 5050 sententia:

404 5098 673 5170 justitiam
715 5108 907 5151 omnes
939 5092 1191 5157 discant,
1236 5099 1290 5145 et
1334 5087 1531 5161 ingrati
1560 5087 1730 5142 animi
1768 5101 1988 5159 poenam

463 5260 487 5287 ι’
551 5249 741 5306 Matth.
783 5263 908 5314 xxv,
951 5247 1037 5313 ll,
1082 5245 1169 5300 12.
1268 5256 1293 5285 ι
1330 5243 1349 5297 l
1388 5245 1516 5302 Cor.
1560 5259 1672 5312 xw,
1710 5244 1801 5300 ξε.

2093 4454 2235 4505 κατὰ
2269 4451 2491 4515 ταυτὸν,
2547 4450 2641 4504 καὶ
2666 4451 2756 4505 τὸν
2782 4451 2902 4504 νέον
2928 4450 3077 4517 λαὸν,
3123 4451 3198 4515 ὡς
3225 4454 3325 4506 οὐκ
3355 4452 3555 4515 ἀδίκως
3578 4452 3668 4506 τὸν

2093 4538 2393 4610 ἀχάριστον
2441 4540 2655 4592 ἐκεῖνον
2719 4538 2850 4593 λαὸν
2905 4540 3006 4610 τῆς
3069 4542 3279 4604 οἰκείας
3344 4543 3669 4614 κηδεμονίας

2092 4629 2433 4702 ἐγύμνωσεν.
2485 4630 2709 4701 Ἐπειδὴ
2757 4632 2868 4701 γὰρ
2897 4631 3034 4684 Θεοῦ
3093 4631 3222 4696 λαὸς
3273 4634 3667 4704 ἐχρημάτιζον,

2092 4722 2188 4774 καὶ
2254 4721 2554 4791 προφανῶς
2612 4722 2713 4791 τῆς
2770 4722 2922 4785 θείας
2970 4722 3317 4793 προμηθείας
3366 4726 3669 4795 ἀπήλαυον,

2094 4812 2296 4883 ἔρημοι
2322 4812 2379 4864 δὲ
2419 4812 2628 4882 ταύτης
2666 4812 2893 4884 ὕστερον
2940 4815 3188 4881 ἐγένοντο
3233 4817 3512 4880 παντελῶς
3538 4835 3550 4847 ·
3581 4817 3672 4872 διὰ

2093 4906 2203 4960 τῶν
2231 4906 2613 4978 προκειμένων
2637 4905 2869 4977 ψαλμῶν
2915 4906 3157 4961 διδάσκει
3195 4910 3409 4972 πάντας
3460 4909 3673 4981 ἀνθρώ--

2096 5014 2255 5061 πους,
2286 4998 2388 5052 ὃσα
2419 4996 2521 5067 μὲν
2565 4996 2728 5050 αὑτὸν
2785 4997 3117 5071 εύεργέτησε
3157 5000 3250 5053 καὶ
3286 5001 3472 5071 ἡλίκα,
3526 5001 3676 5065 ὅπως

2096 5090 2151 5143 δὲ
2187 5089 2473 5160 ἀχάριστοι
2508 5087 2637 5161 περὶ
2672 5093 2772 5153 τὰς
2808 5089 3129 5161 εὐεργεσίας
3173 5093 3370 5144 ἐκείνοι
3416 5091 3678 5161 γεγένην-

1481 5391 1715 5448 VARIA‘I
1755 5389 2145 5448 LECTIONES
2188 5390 2277 5446 ET
2312 5389 2547 5447 ΝυΤιΕ.

494 5517 538 5548 ³⁵
565 5513 688 5569 cod.
718 5514 744 5569 1
778 5510 1034 5585 νυμφίου.
1133 5510 1176 5543 ³⁸
1199 5510 1321 5566 cod.
1374 5511 1395 5565 1
1438 5510 1919 5583 λαμπαδηφορίας.

405 5600 528 5651 cod.
558 5602 585 5654 1
620 5606 857 5661 πάντων.

404 5666 628 5735 eum»;
640 5690 710 5727 ια.
805 5675 847 5706 δι

900 5675 1022 5732 cod.
1062 5676 1084 5730 l
1115 5675 1377 5745 ἐγγόνοις.

2051 5511 2094 5543 ³⁷
2126 5509 2255 5565 Rec.
2285 5510 2447 5565 lectio
2497 5510 2553 5565 h.
2608 5509 2644 5565 Ι.
2705 5519 2787 5566 est
2844 5511 3213 5567 ὲκλείποισαν.

967 5606 1010 5678 ³9
1045 5604 1303 5678 Ἰησοῦν.
1350 5604 1471 5662 eod.
1515 5607 1539 5661 1
1585 5605 1710 5663 add.
1753 5605 2007 5678 Χριστόν.

3317 5512 3363 5547 ”
3388 5513 3655 5583 Πάμπαν

2130 5607 2175 5639 ιο
2212 5606 2451 5676 Κύριον.
2502 5605 2559 5660 In
2623 5614 2772 5662 textu
2838 5604 3003 5663 Hebr.
3066 5607 3316 5677 sequitur
3369 5575 3679 5673 n?;7‘3‘7:1:
