4006 6198
469 219 608 288 1709

1841 224 1922 283 IN
1963 225 2177 301 PSAL.
2214 228 2358 290 etv.

3620 245 3728 310 710

467 359 553 394 tm
583 357 597 372 ⁸
632 339 710 403 ὡς
736 336 799 391 ἓν
824 337 962 408 δμοῦ
990 340 1086 393 καὶ
1111 339 1211 410 τῆς
1244 338 1364 393 κατ’
1392 339 1618 392 ἐκείνων
1666 337 2036 411 ἐξενεχθείσης

2150 346 2417 411 videntes,
2470 347 2524 401 in
2568 348 2757 405 eadem
2791 351 2876 408 via
2910 368 3017 424 qua
3052 355 3127 411 illi
3160 372 3269 413 non
3310 357 3583 429 incedant,
3630 364 3729 420 sed

478 432 661 503 ψήφου
704 430 765 483 τὸ
813 430 1019 484 δίκαιον
1064 431 1438 503 καταμάθοιεν
1490 431 1747 494 ἅπαντες.
1808 433 1904 485 καὶ
1945 433 2047 501 τῆς

468 522 795 594 ἀχαριστίας
837 521 1073 593 ὁρῶντες
1133 523 1199 576 τά
1254 523 1543 592 ἐπίχειρα,
1612 521 1685 593 μὴ
1728 522 1827 592 τὴν
1874 523 2047 593 αὐτὴν

469 613 701 675 ὲκείνας
730 612 1021 683 βαδίζοιεν,
1058 613 1193 666 ἀλλὰ
1223 612 1322 684 τὴν
1348 613 1567 666 εὐθεῖαν
1600 611 1960 669 ὁδεύσοιενη.

538 709 606 756 α’.
645 722 664 754 ί
697 704 1144 774 Ἐξομολογεῖσθε
1176 704 1255 775 τῷ
1309 705 1517 776 Κυρίῳ,
1551 706 1643 758 καὶ
1695 706 2045 762 ἐπικαλεῖσθε

466 794 529 850 τὸ
557 794 727 864 ὄνομα
750 794 940 849 αὐτοῦ.
980 814 1000 846 ι
1027 795 1100 849 Τὸ
1128 795 1186 849 δὲ
1234 795 1645 860 ἐπικωιϊεῖσθε,
1695 798 2047 865 κηρύσσητε

465 888 493 939 6
540 885 839 957 Σύμμαχος
882 888 1071 957 εἴρηκε
1100 887 1164 941 ⁸³.
1218 887 1662 958 Παρακελεύεται
1708 887 1765 940 δὲ
1819 891 1848 942 6
1887 889 2047 958 λόγος

467 978 564 1048 τὴν
613 979 1036 1048 εὐχαριστήριον
1070 978 1344 1048 ὑμνῳδίαν
1382 978 1737 1048 προσφέρειν,
1792 980 1891 1033 καὶ
1963 981 2044 1034 δι-

467 1067 721 1136 ηγεῖσθαι
775 1068 875 1130 τὰς
929 1068 1080 1130 θείας
1116 1069 1457 1138 εὐεργεσίας.
1493 1087 1512 1120 ‹
1561 1069 1959 1137 ’Λπαγγείλατε
1987 1070 2046 1123 ἐν

468 1161 579 1222 τοῖς
605 1158 781 1223 ἔθνεσι
810 1159 879 1211 τὰ
907 1159 1044 1229 ἔργα
1075 1159 1260 1212 αὐτοῦ.
1304 1178 1322 1210 ι
1360 1159 1534 1229 Δῆλόν
1575 1161 1693 1213 ἐστι
1723 1160 1820 1213 καὶ
1850 1159 2040 1230 σαφὲς,

467 1249 543 1311 ὡς
590 1249 776 1319 ὄνησιν
833 1249 935 1301 οὐκ
992 1249 1277 1312 Ἰουδαίοις
1314 1251 1497 1320 μόνον,
1556 1249 1715 1313 ἀλλὰ,
1783 1251 1879 1304 καὶ
1930 1253 2047 1314 τοῖς

467 1340 674 1394 ἔθνεσιν
710 1343 915 1395 ἅπασιν
959 1345 1442 1412 πραγματεύεται.

539 1432 604 1501 β’.
648 1453 666 1484 ‹
709 1433 913 1504 νᾼσατε
949 1435 1121 1504 αὐτῷ,
1156 1436 1250 1488 καὶ
1270 1435 1480 1504 ψάλατε
1508 1436 1686 1508 αὐτῷ·
1709 1437 2045 1508 διηγήσασθε

466 1517 642 1571 πάντα
696 1520 765 1571 τὰ
817 1519 1099 1590 θαυμάσια
1152 1524 1340 1576 αὑτοῦ.
1392 1543 1409 1573 ι
1444 1524 1676 1595 ’Ὕμνοις
1734 1527 1895 1579 αὐτὸν
1953 1528 2046 1579 καὶ¹

468 1607 756 1678 μελῳδίαις
793 1611 1091 1681 ἀμείϐεσθε
1118 1629 1132 1643 ·
1188 1614 1284 1666 καὶ
1335 1615 1463 1677 τοὺς
1522 1614 1852 1682 ἀγνοοῦντας
1895 1616 2043 1669 διδά-

463 1701 595 1764 ξατε
631 1700 676 1730 ⁸⁵
702 1701 769 1753 τά
802 1702 933 1771 παρ’
967 1704 1134 1756 αὐτοῦ
1173 1706 1517 1775 γεγενημένα
1546 1706 1827 1776 θαύματα.

534 1797 603 1858 γ’.
646 1811 663 1842 ‹
702 1792 1049 1846 Ἐπαινεῖσθε
1076 1795 1136 1846 ἐν
1168 1794 1247 1862 τῷ
1276 1796 1504 1865 ὀνόματι
1534 1796 1610 1866 τῷ
1640 1798 1780 1867 ἁγίῳ
1805 1797 1993 1854 αὐτοῦ.
2017 1819 2034 1850 ι

475 1882 531 1935 '0
587 1883 646 1936 δὲ
700 1884 940 1946 Ἀκύλας
1009 1886 1325 1954 καυχᾶσθε
1374 1887 1494 1940 ἀντὶ
1548 1886 1642 1940 τοῦ
1696 1889 2042 1945 ἐπαινεῖσθε

460 1973 694 2027 τέθεικε.
746 1975 1193 2045 Παρακελεύεται
1240 1978 1295 2030 δὲ
1327 1980 1355 2030 ὁ
1389 1979 1577 2047 λόγος,
1618 1980 1694 2052 μὴ
1738 1980 1833 2034 ἐπὶ
1871 1982 2040 2035 πλού-

461 2084 561 2136 τῳ,
601 2066 674 2135 μὴ
704 2068 795 2119 ἐπὶ
842 2066 1024 2138 ῥώμῃ,
1063 2071 1137 2137 μὴ
1169 2072 1259 2121 ἐπὶ
1287 2071 1579 2143 δυναστεία
1613 2075 1758 2142 μέγα
1792 2077 2037 2143 φρονεῖν,

462 2153 578 2206 ἀλλ’
618 2158 675 2206 ὲν
718 2158 782 2225 τῇ
833 2155 926 2207 τοῦ
972 2157 1109 2208 Θεοῦ
1139 2158 1339 2225 γνώσει
1372 2161 1469 2213 καὶ
1500 2162 1835 2234 προμηθείᾳ.
1867 2164 2041 2217 Τοῦτο

463 2246 825 2317 παρηγγύησε
853 2246 947 2298 καὶ
966 2249 994 2299 6
1020 2245 1162 2311 θεῖος
1197 2248 1518 2312 Ἀποστόλος
1545 2265 1559 2278 ⁶
1597 2270 1616 2303 ‹
1656 2252 1717 2304 Ὀ
1744 2251 2039 2324 καύχώμε-

461 2354 550 2400 νος
601 2338 728 2407 γάρ,
765 2338 962 2408 φησὶν,
1000 2337 1058 2389 ὲν
1092 2338 1283 2410 Κυρίῳ
1310 2340 1630 2410 καυχάσθω.
1674 2361 1692 2394 ι
1724 2342 1916 2397 Ταῦτα
1944 2346 2040 2398 καὶ¹

462 2429 816 2500 ήσοιρωτάτη
850 2427 1018 2479 ’Δννα
1066 2427 1308 2491 διέξεισι.
1350 2446 1367 2479 1
1406 2429 1497 2499 Μὴ
1544 2432 1841 2501 καυχάσθω
1868 2437 1897 2487 6
1947 2453 2039 2489 σο-

460 2520 556 2590 φὸς
596 2522 653 2573 ἐν
679 2523 745 2590 τῇ
776 2520 940 2589 σοφίᾳ
965 2520 1153 2583 αὑτοῦ,
1198 2522 1292 2573 καὶ
1324 2523 1370 2554 ⁸⁸
1407 2523 1480 2591 μὴ
1514 2524 1860 2594 καυχάσθωὸ
1897 2529 2041 2597 ἰσχυ-

462 2611 554 2680 ρὸς
579 2612 635 2662 ὲν
662 2614 726 2680 τῇ
760 2608 905 2679 ίσχύῖ
934 2611 1120 2665 αὐτοῦ.
1155 2631 1171 2661 ι
1192 2613 1323 2677 Καὶ,
1355 2632 1371 2663 t
1393 2613 1483 2684 Μὴ
1505 2616 1800 2685 καυχάσθω
1820 2619 1848 2671 6
1878 2618 2040 2672 πλού-

463 2718 576 2762 σιος
611 2702 668 2752 ἐν
698 2700 774 2770 τῷ
804 2700 1021 2770 πλούτῳ
1048 2702 1237 2767 αὑτοῦ,
1276 2703 1393 2756 ἀλλ’
1436 2707 1494 2757 ὲν
1536 2706 1710 2776 τούτῳ
1738 2709 2038 2779 καυχάσθω

459 2793 489 2843 6
519 2790 893 2860 καυχώμενος,
927 2795 984 2844 ἐν
1009 2792 1085 2861 τῷ
1114 2796 1317 2847 συνιεῖν
1337 2796 1430 2849 καὶ
1466 2795 1761 2864 γινώσκειν
1802 2799 1894 2853 τὸν
1921 2801 2035 2853 Κύ-

461 2899 598 2955 ριον,
634 2885 728 2937 καὶ
766 2887 941 2937 ποιεῖν
996 2888 1172 2955 κρῖμα
1208 2888 1305 2939 καὶ
1353 2887 1702 2960 δικαιοσύνην
1744 2891 1839 2944 ἐπὶ
1866 2891 1912 2924 ⁸⁸
1937 2892 2036 2963 τῆς

459 2977 582 3045 γῆς.
628 2993 647 3025 ι
672 3003 743 3013 -
767 2993 786 3025 ‹
826 2975 1199 3046 Εύφρανθήτω
1232 2978 1431 3047 καρδία
1454 2978 1765 3048 ζητούντων
1790 2981 1883 3034 τὸν
1918 2982 2033 3036 Κύ-

460 3081 596 3136 ριον.
632 3081 651 3115 ι
702 3064 813 3135 Τῆς
845 3065 953 3136 γὰρ
987 3068 1065 3129 είς
1120 3067 1211 3119 τὸν
1260 3067 1397 3122 Θεὸν
1457 3070 1676 3134 ἐλπίδος
1721 3071 2031 3146 εὐφροσύνη

458 3158 694 3225 καρπός.

526 3246 588 3300 δ’.
625 3267 643 3298 ‹
682 3246 963 3318 Ζητήσατε
992 3249 1084 3302 τὸν
1124 3250 1352 3320 Κύριον,
1392 3253 1488 3305 καὶ
1514 3255 1897 3327 κραταιώθητε
1914 3259 1979 3313 ⁸⁷.
2009 3279 2029 3313 ι

457 3340 568 3393 Καὶ
615 3339 887 3393 διδάσκων
940 3341 1058 3403 πῶς
1105 3341 1188 3394 δεῖ
1234 3342 1395 3397 τοῦτο
1458 3349 1669 3410 ποιεῖν,
1736 3349 1982 3420 ἐπήγαγε
2015 3369 2030 3383 ο

464 3448 481 3480 ι
520 3432 802 3500 Ζητήσατε
854 3432 912 3482 τὸ
981 3432 1275 3502 πρόσωπον
1336 3436 1502 3488 αύτοῦ
1556 3437 1865 3504 διαπαντός.
1910 3446 2032 3496 »Οὐ

457 3521 565 3591 γὰρ
598 3521 806 3592 ἆπαξῆ
857 3521 960 3587 δὶς,
997 3522 1131 3578 ἀλλᾶ
1186 3526 1337 3594 παρὰ
1390 3527 1568 3580 πάντα
1625 3530 1717 3582 τὸν
1771 3531 1887 3600 βίον
1931 3534 2033 3604 τὴν

456 3612 665 3666 ἄνωθεν
694 3615 1014 3685 ἐπικουρίαν
1064 3617 1330 3687 προσήκει
1361 3619 1566 3687 ζητεῖν,
1620 3622 1715 3674 καὶ
1749 3623 1846 3692 τὴν
1884 3623 2033 3693 ὠφέ-

452 3702 602 3754 λειαν
633 3702 996 3772 καρποῦσθαι.
1021 3702 1257 3776 Ἀμαχοι
1284 3707 1392 3778 γὰρ
1409 3708 1454 3761 oi
1474 3708 1766 3779 ζητοῦντες
1792 3711 2029 3783 ἔσονται,

453 3794 548 3846 καὶ
570 3794 848 3864 ἀήττητοι.
884 3794 1054 3846 Τοῦτο
1080 3796 1174 3847 καὶ
1210 3798 1239 3847 6
1276 3797 1480 3868 Κύριος
1512 3801 1823 3871 νομοθετῶν
1854 3805 2030 3878 ὑπηγ-

452 3880 670 3948 γείλατο
693 3897 707 3911 ·
745 3900 762 3931 ‹
801 3882 1013 3934 Αἰτεῖτε
1054 3884 1150 3935 καὶ
1178 3883 1464 3955 δοθήσεται
1494 3890 1649 3959 ὑμῖν,
1689 3891 1906 3963 ζητεῖτε
1936 3898 2031 3951 καὶ

450 3973 712 4042 εὑρήσετε
732 4014 746 4037 ,
788 3972 1014 4040 κρούετε
1063 3973 1159 4025 καὶ
1196 3973 1552 4047 ἀνοιγήσεται
1581 3981 1710 4051 ὑμῖν
1734 3998 1751 4016 σ
1789 3986 1898 4048 πᾶς
1919 3987 2030 4059 γὰρ

450 4065 477 4115 ὀ
505 4064 671 4116 αἰτῶν
716 4063 1018 4132 λαμδᾶνει,
1070 4065 1165 4117 καὶ
1210 4067 1238 4117 6
1279 4067 1454 4138 ζητῶν
1490 4072 1761 4144 εὑρίσκει,
1809 4079 1919 4132 καὶ·
1950 4080 2029 4151 τῷ

451 4155 701 4225 κρούοντι
729 4156 918 4225 ἁνοιγή
929 4173 1100 4212 σεται.
1133 4177 1151 4208 ι

520 4253 580 4298 ε’.
614 4265 630 4295 ι
668 4246 955 4317 Μνήσθητε
991 4248 1096 4300 τῶν
1124 4250 1446 4320 θαυμασίων
1476 4258 1641 4313 αὐτοῦ
1672 4254 1747 4317 ὧν
1777 4264 2024 4336 ἐποίησε,

2148 445 2357 492 rectum
2388 441 2659 495 tramitem
2692 443 3089 511 ingrediantur.

2218 701 2386 757 Vens.
2429 703 2484 757 1.
2529 723 2547 756 ι
2585 704 2934 761 Conﬁtemini
2975 706 3231 778 Domino,
3263 721 3317 767 et
3347 714 3595 769 invocate
3624 730 3731 769 no-

2147 809 2272 849 men
2314 795 2452 865 ejus.
2498 815 2517 847 ›
2576 796 2876 853 Ρτωάῖσαιε
2929 798 3293 872 Symmachus
3344 820 3446 875 pro
3489 807 3730 861 invocato

2146 887 2334 942 vertit.
2388 887 2553 944 lubet
2588 905 2719 945 vero
2767 890 2858 947 hic
2902 907 3087 949 sermo
3136 896 3436 965 gratiarum
3492 899 3728 954 actiOnis

2147 979 2383 1049 hymnos
2403 982 2622 1049 offerre,
2653 984 2948 1056 divinaque
2982 988 3239 1043 beneiicia
3276 1006 3525 1046 narrare.
3566 1011 3585 1043 ι
3616 993 3730 1046 An-

2147 1074 2398 1130 nuutiate
2438 1074 2584 1131 inter
2610 1086 2801 1148 gentes
2832 1093 2996 1149 opera
3027 1081 3163 1150 ejus.
3206 1098 3228 1135 ι
3261 1082 3479 1138 Clarum
3521 1092 3576 1139 et
3606 1100 3729 1155 per-

2147 1167 2399 1235 spicuum
2428 1178 2534 1235 est,
2573 1171 2679 1227 hoc
2709 1186 2818 1227 non
2844 1171 3045 1230 Iudaeis
3069 1176 3376 1243 solum,sed
3401 1180 3566 1234 etiam
3598 1196 3730 1251 gen-

2147 1257 2294 1315 tibus
2326 1261 2582 1318 omuibns
2617 1264 2907 1320 utilitatem
2948 1281 3269 1335 procurare.

2217 1414 2388 1473 Vsus.
2429 1418 2484 1472 2.
2533 1439 2553 1472 ι
2594 1420 2823 1478 Cantate
2853 1426 2944 1491 ei,
2998 1435 3055 1481 et
3108 1428 3325 1497 psallite
3371 1430 3456 1495 ei,
3509 1442 3730 1485 narrate

2146 1508 2334 1563 omnia
2369 1510 2641 1568 mirabilia
2678 1513 2822 1585 ejus.
2868 1533 2888 1567 ι
2931 1515 3178 1589 Hymnos
3205 1519 3507 1591 dulcesque
3532 1530 3729 1576 cantus

2149 1600 2252 1670 ipsi
2288 1603 2594 1672 rependite,
2616 1616 2782 1676 atque
2799 1610 3067 1664 miracula
3092 1611 3161 1665 ab
3184 1612 3303 1682 ipso
3329 1613 3474 1669 edita
3507 1615 3729 1671 nescios

2077 1692 2117 1745 Β
2146 1691 2359 1749 docete.

2221 1782 2388 1840 Vens.
2432 1787 2486 1842 5.
2538 1807 2556 1839 ι
2597 1787 2923 1847 Laudamini
2958 1793 3013 1848 in
3043 1795 3266 1852 nomine
3299 1805 3491 1852 sancto
3525 1797 3665 1868 ejus.
3701 1816 3723 1849 ι

2146 1874 2344 1941 Aquila
2380 1879 2713 1945 gloriamini,
2743 1897 2843 1951 pro
2876 1883 3200 1952 laudamt’m',
3229 1889 3436 1957 posuit.
3469 1887 3732 1945 Hortatur

2147 1980 2280 2020 sane
2309 1982 2494 2021 sermo
2522 1969 2644 2032 iste,
2678 1981 2741 2025 ut
2779 1988 2886 2028 non
2916 1976 2987 2030 ob
3015 1976 3257 2043 divitias,
3293 1994 3399 2034 non
3433 1980 3505 2034 ob
3537 1983 3727 2047 robur,

2147 2070 2255 2109 non
2295 2057 2365 2111 ob
2401 2060 2702 2127 potentiam
2748 2063 3112 2132 exsultemus,
3155 2068 3252 2123 sed
3298 2069 3353 2122 in
3402 2070 3494 2125 Dei
3539 2076 3729 2143 cogni-

2146 2145 2300 2200 tione
2334 2162 2400 2202 ac
2427 2151 2791 2218 providentia.
2817 2152 2933 2211 Hoc
2951 2166 3006 2211 et
3029 2156 3250 2214 divinus
3280 2159 3577 2229 Apostolus
3610 2181 3728 2220 mo-

2149 2233 2292 2288 nuit.
2330 2253 2349 2285 ι
2379 2233 2483 2301 Qui
2512 2240 2682 2305 enim,
2711 2242 2908 2312 inquit,
2942 2246 3227 2315 gloriatur,
3258 2249 3313 2303 in
3350 2251 3581 2307 Domino
3611 2256 3730 2324 glo-

2147 2324 2390 2380 rietur‘.
2431 2345 2450 2377 ι
2508 2329 2635 2384 Hmc
2700 2334 2864 2389 etiam
2930 2339 3346 2406 sapientissima
3412 2342 3505 2399 illa
3568 2348 3726 2404 Anna

2151 2416 2367 2490 13“
2398 2421 2708 2490 explicat".
2766 2444 2786 2477 ι
2823 2425 2903 2482 Ne
2949 2429 3217 2498 glorietur
3261 2435 3482 2503 sapiens
3522 2438 3578 2492 in
3627 2456 3729 2497 sua

2145 2512 2437 2581 sapientia,
2457 2529 2635 2585 neque
2653 2515 2810 2574 fortis
2847 2519 2900 2573 in
2920 2536 3021 2575 sua
3045 2521 3388 2581 fortitudine.
3433 2546 3452 2580 ι
3478 2528 3561 2593 Et,
3601 2553 3619 2586 ς
3646 2535 3729 2591 Ne

2145 2606 2414 2677 glorietur
2434 2609 2589 2664 dives
2622 2610 2674 2664 in
2702 2612 2912 2668 divitiis
2943 2615 3091 2681 suis;
3123 2617 3219 2672 sed
3252 2618 3306 2673 in
3334 2621 3436 2676 hoc
3459 2625 3728 2692 glorietur

2143 2700 2238 2770 qui
2266 2701 2555 2772 gloriatur,
2611 2703 2664 2757 in
2707 2703 3057 2775 intelligendo
3100 2718 3158 2764 et
3190 2717 3574 2780 cognoscendo
3617 2717 3727 2775 Do-

2143 2789 2378 2855 minum,
2429 2801 2484 2845 et
2522 2792 2776 2849 faciendo
2820 2795 3093 2865 judicium
3138 2809 3195 2855 et
3236 2800 3511 2871 justitiam
3561 2822 3728 2880 super

2144 2888 2288 2937 terra
2304 2891 2355 2937 ν.
2392 2901 2413 2935 ι
2437 2915 2509 2925 -
2537 2902 2556 2936 ι
2587 2885 2821 2941 Laetetur
2842 2903 2936 2943 cor
2962 2892 3324 2959 quaerentium
3356 2896 3667 2955 Dominum.
3697 2923 3717 2953 ι

2140 2972 2277 3031 Nam
2303 2974 2514 3032 fructus
2538 2979 2652 3048 spei
2686 2979 2738 3033 in
2772 2980 2884 3035 Deo
2910 2983 3193 3041 collocata
3218 2995 3302 3043 est
3331 2988 3539 3045 latitia.

2206 3249 2223 3267 ‘
2259 3246 2423 3304 Vens.
2465 3249 2520 3303 4.
2569 3269 2587 3302 ι
2625 3248 2863 3316 Quaerite
2913 3252 3243 3321 Dominum,
3308 3267 3362 3313 et
3421 3264 3720 3319 confirma-

2136 3338 2292 3393 mini.
2336 3357 2356 3390 ι
2400 3338 2468 3394 Et
2496 3340 2721 3405 docens,
2762 3345 3044 3412 quomodo
3078 3345 3184 3401 hoc
3224 3347 3404 3405 facere
3441 3364 3713 3423 oporteat,

2135 3429 2298 3483 infert
2330 3448 2344 3484 :
2383 3448 2402 3482 ι
2443 3430 2681 3496 Quaerite
2712 3431 2906 3488 faciem
2935 3435 3057 3504 ejus
3083 3452 3318 3508 semper.
3357 3459 3376 3492 ι
3409 3441 3529 3498 Non
3567 3448 3716 3503 enim

2135 3523 2322 3588 semel,
2374 3532 2469 3577 aut
2518 3523 2625 3589 bis,
2678 3526 2773 3580 sed
2825 3542 2922 3596 per
2972 3538 3141 3585 totam
3188 3533 3357 3588 vitam
3404 3551 3710 3606 supernum

2134 3616 2400 3671 auxilium
2455 3632 2701 3687 quaerere
2744 3622 3036 3689 convenit,
3090 3625 3487 3698 utilitatemque
3537 3633 3716 3701 perci-

2134 3722 2281 3777 pere.
2313 3708 2510 3765 lnvicti
2535 3712 2681 3766 enim
2725 3721 2781 3768 et
2819 3713 3219 3786 insuperabiles
3253 3732 3419 3776 erunt
3443 3723 3535 3793 qui
3566 3740 3716 3794 qua:-

2130 3810 2264 3855 runt
2286 3801 2442 3857 illud.
2466 3801 2582 3860 Hoc
2607 3804 2771 3860 etiam
2804 3806 3067 3865 Dominus
3090 3809 3264 3881 legem
3299 3810 3483 3868 ferens
3504 3816 3715 3884 pollici-

2139 3899 2229 3946 tus
2258 3901 2344 3946 est
2373 3911 2387 3948 :
2423 3911 2442 3944 ι
2476 3894 2671 3962 Petite,
2694 3903 2748 3951 et
2771 3896 2992 3954 dabitur
3014 3900 3189 3966 vobis,
3217 3904 3448 3972 quaerite
3473 3915 3527 3961 et
3558 3907 3713 3965 inve-

2132 3981 2321 4047 nietis,
2372 3984 2589 4053 pulsate
2641 3997 2695 4040 et
2740 3989 3018 4056 aperietur
3074 3991 3264 4059 vo'bis;
3315 3997 3498 4053 omnis
3541 4000 3712 4064 enim,

2130 4076 2226 4147 qui
2266 4076 2420 4147 petit,
2469 4077 2715 4147 accipit:
2757 4087 2812 4131 et
2852 4079 2949 4148 qui
2996 4083 3214 4149 quaerit,
3266 4085 3477 4142 invenit
3518 4107 3531 4142 :
3566 4101 3621 4146 et
3661 4095 3713 4147 ei

2129 4170 2223 4241 qui
2249 4170 2453 4239 pulsat,
2491 4170 2857 4240 aperietur".
2901 4191 2920 4223 ι

2201 4260 2366 4317 Vens.
2408 4263 2461 4318 5.
2502 4281 2522 4315 ι
2562 4262 2889 4320 Mementote
2919 4265 3250 4321 mirabilium
3279 4270 3419 4339 ejus,
3465 4290 3587 4343 qure
3629 4275 3709 4332 fe-

450 4335 516 4387 τὲ
571 4335 774 4404 τέρατα
842 4336 1039 4398 αὐτοῦ,
1084 4340 1175 4391 καὶ
1220 4342 1289 4394 τά
1336 4347 1576 4416 κρίματα
1609 4352 1700 4404 τοῦ
1756 4335 2021 4425 στόματος

2150 4352 2219 4417 :it,
2270 4352 2517 4425 prodigia
2563 4355 2705 4424 ejus,
2755 4364 2811 4410 et
2851 4355 3059 4425 judicia
3109 4358 3223 4413 oris
3274 4335 3414 4428 ejus.
3456 4335 3498 4415 ι’
3529 4365 3708 4421 Nolite

450 4425 634 4479 αὐτοῦ.
673 4447 691 4477 ι
745 4428 835 4496 Μὴ
881 4430 1151 4497 παράδοτε
1174 4430 1219 4461 ’⁸⁸
1267 4433 1410 4507 λήθῃ
1457 4440 1557 4503 τὰς
1590 4442 1866 4515 ἀρρήτους
1893 4446 2024 4501 θαυ-

451 4516 810 4587 ματουργίας,
850 4519 915 4580 ἃς
950 4522 1014 4590 τῇ
1038 4520 1225 4589 δικαίᾳ
1253 4521 1419 4595 ψήφῳ
1451 4532 1736 4602 κοσμήσας
1758 4535 1786 4587 6
1818 4537 2025 4590 Δεσπό-

446 4623 545 4668 της
592 4606 908 4675 εἰργάσατο.
966 4608 1234 4675 Κρίματα
1296 4610 1404 4682 γὰρ
1458 4615 1689 4671 ἐνταῦθα
1748 4624 2023 4693 προσηγό-

449 4715 604 4767 ρευσε
644 4699 710 4750 τὰ
752 4699 978 4762 ἐνδίκως
1036 4701 1139 4754 ὑπὸ
1186 4705 1279 4756 τοῦ
1321 4705 1455 4758 Θεοῦ
1502 4712 1844 4781 γεγενημένα
1888 4713 2021 4767 θαύ-

448 4808 611 4858 ματα.
646 4792 866 4862 Ἐπειδὴ
898 4794 1007 4863 γὰρ
1048 4797 1158 4848 τῶν
1208 4800 1265 4853 ἐν
1324 4801 1589 4872 Αἰγύπτῳ
1631 4808 2020 4877 γεγενημένων

446 4888 677 4937 ποιεῖται
714 4887 988 4957 διήγησιν,
1043 4892 1392 4960 προδιδάσκει
1449 4896 1549 4965 τῆς
1593 4899 1905 4967 Αἰγυπτίων
1935 4920 2017 4955 τι-

451 4973 659 5041 μωρίας
688 4976 746 5029 τὸ
778 4978 1007 5035 δίκαιον.

518 5067 590 5122 ς’.
631 5083 647 5114 ι
686 5067 913 5139 Σπέρμα
938 5072 1189 5143 Ἀϐραάμ
1219 5075 1394 5129 δοῦλοι
1437 5079 1603 5131 αὑτοῦ
1625 5120 1640 5144 ,
1684 5083 1790 5134 υἱοὶ
1820 5082 2016 5137 Ἰακὼϐ

2127 4444 2422 4501 inell'abilia
2480 4447 2742 4502 miracula
2799 4448 3061 4504 oblivioni
3110 4450 3345 4518 tradere,
3390 4471 3514 4526 qua:
3553 4458 3704 4527 justa

2127 4537 2400 4595 sententia
2448 4538 2751 4608 disponens
2795 4538 3061 4595 Dominus
3104 4540 3247 4598 fecit.
3294 4542 3515 4601 Judicia
3557 4553 3706 4605 enim

2126 4634 2230 4689 hoc
2259 4633 2380 4687 loco
2410 4631 2551 4686 dixit
2574 4631 2840 4686 miracula
2867 4633 3014 4702 juste
3050 4649 3079 4688 a
3105 4633 3216 4689 Deo
3239 4636 3403 4692 edita.
3433 4639 3705 4705 Quoniam

2125 4727 2270 4781 enim
2296 4726 2364 4780 de
2398 4725 2527 4790 illis,
2558 4739 2681 4791 quae
2705 4724 2760 4778 in
2789 4723 3028 4797 .Egypto
3060 4726 3199 4783 facta
3232 4728 3401 4794 fuere,
3433 4726 3595 4787 verba
3626 4733 3705 4789 fa-

2124 4818 2217 4881 cit,
2244 4817 2516 4887 justitiam
2546 4831 2722 4885 ptenaa
2754 4815 3136 4887 .IEgyptinrum
3170 4829 3324 4877 antea
3354 4822 3534 4878 docet.

2198 5074 2360 5132 Vens.
2404 5075 2458 5130 6.
2504 5094 2523 5127 ι
2563 5073 2760 5129 Semen
2821 5074 3119 5130 Alit-altami
3178 5079 3319 5131 servi
3373 5078 3531 5147 ejus,
3605 5077 3700 5133 ﬁlii

448 5150 691 5207 ἐκλεκτοὶ
724 5158 910 5212 αὑτοῦ.
948 5181 964 5212 ι
1009 5163 1147 5227 Τοὺς
1167 5164 1210 5195 ⁸³
1253 5167 1451 5229 αὐτοὺς
1486 5168 1767 5222 καὶτοῦτο
1795 5173 2017 5226 κάκεῖνο

2153 5169 2291 5224 acob
2336 5168 2494 5223 electi
2538 5168 2681 5236 ejus.
2727 5185 2746 5219 ι
2790 5165 3024 5223 Eosdem
3059 5176 3114 5223 et
3152 5168 3255 5222 hoc
3301 5179 3354 5222 ct
3395 5169 3487 5221 illo
3529 5168 3697 5224 modo

520 5294 536 5326 ί
573 5291 613 5344 ll
641 5293 764 5346 Cor.
796 5311 850 5355 κ,
888 5297 968 5352 l7.
1048 5311 1073 5338 ιι
1107 5299 1125 5352 ι
1154 5300 1285 5369 Reg.
1319 5316 1377 5366 ιι,
1416 5302 1500 5355 l0.
1580 5312 1607 5343 ν
1634 5302 1834 5358 Jerem.
1876 5321 1950 5371 1x,
1982 5305 2036 5360 ΞΕ

2150 5307 2200 5359 4.
2243 5310 2292 5341 τ’
2324 5303 2514 5358 Matth.
2542 5318 2638 5369 vn,
2672 5303 2725 5372 7,
2758 5302 2812 5360 8.

1526 5437 1759 5493 νΛῐίΙιιΕ
1800 5437 2187 5495 LECTIONES
2222 5438 2309 5492 ET
2346 5436 2580 5493 ΝΟΤᾹΞ.

489 5515 532 5547 ⁸³
556 5525 673 5606 end.
773 5526 1029 5582 ὀδεύοιεν.
1104 5531 1147 5564 ⁸³
1177 5537 1416 5605 Εἴρηκε.
1475 5538 1599 5591 cmi.
1638 5537 1658 5588 i
1699 5536 2036 5606 ἡρμήνευσεκ

2150 5536 2187 5566 ⁵⁸⁵
2218 5535 2505 5598 Διδιίξατε
2546 5535 2602 5606 in
2629 5535 2837 5606 ,θοαί-1
2884 5534 3101 5606 ponitur
3147 5540 3277 5606 post
3324 5532 3692 5606 γεγενημένα.

442 5588 641 5673 ξξιίαί.
673 5598 841 5649 Abest
884 5613 913 5650 τι
951 5602 1072 5655 cod.
1104 5603 1152 5657 Ι,
1245 5588 1260 5605 ’
1290 5588 1333 5638 ἰλ
1368 5610 1510 5660 Ἐπί.
1538 5608 1660 5661 t‘ml.
1698 5588 1819 5659 κί”ἕν
1841 5588 2019 5673 μέσῳ.

440 5661 592 5718 δῶτε.
672 5668 714 5697 δυ
747 5669 910 5733 nec,
946 5688 997 5722 κ.
1026 5689 1075 5724 τ.
1109 5673 1157 5726 λ.
1184 5677 1295 5730 Μία
1328 5679 1482 5731 nam
1511 5680 1672 5732 (Iord.
1711 5690 1746 5731 ι.
1790 5661 2102 5745 inﬁnita

2134 5605 2177 5636 ’⁸⁷
2205 5606 2307 5659 Καὶ
2343 5623 2509 5672 κρητ.
2545 5605 2709 5660 Hebr.
2748 5603 2811 5655 Et
2843 5603 3157 5671 reburcjus.
3235 5602 3279 5633 “‘
3308 5603 3429 5656 cuti.
3457 5602 3480 5654 1
3517 5620 3693 5675 παρα-
