4006 6198
450 243 585 310 ῙῖίῙ
1471 245 1967 310 THEODORETI
2002 243 2346 305 EPISCOPI
2383 243 2700 304 CYRENSI
2714 244 2753 302 S
3551 239 3665 308 1712

443 363 749 425 nuncupat,
793 364 850 409 ut
884 354 978 425 qui
1007 354 1206 425 partim
1233 366 1481 426 nepotes,
1513 360 1710 426 partim
1738 358 1833 411 ﬁlii
1857 358 2024 411 exsti-

2084 390 2095 418 ι
2125 355 2301 422 καλεῖ,
2332 357 2408 419 ὡς
2436 357 2560 418 τοὺς
2587 356 2632 386 ⁵⁰
2671 356 2770 424 μὲν
2803 351 3126 421 ἀπογόνους,
3159 351 3280 416 τοὺς
3309 352 3366 406 δέ
3393 354 3531 418 υἱοὺς
3553 373 3666 427 χρη.

447 447 636 504 terint.
684 446 900 501 Eiectos
961 463 1093 500 vero
1151 448 1459 516 appellavit,
1514 458 1573 502 ut
1619 464 1717 503 eos
1765 451 1858 517 qui
1917 462 2028 517 pra:

2133 451 2491 521 ματίσαντας.
2527 447 2885 512 Ἐκλεκτοὺς
2909 445 2967 499 δὲ
2985 445 3424 517 προσηγόρευσεν
3446 446 3515 510 ὼς
3539 450 3666 520 napi

440 541 660 596 cunctis
697 539 953 609 gentibus
987 539 1222 608 populus
1271 536 1364 592 Dei
1406 541 1579 594 \ocati
1619 549 1768 594 sunt.
1815 537 2022 608 1345

2129 541 2312 594 πάντα
2345 539 2414 593 τὰ
2455 539 2587 610 ἔθνη
2618 537 2745 601 λαὸς
2785 535 3090 604 κληθέντας
3141 535 3295 588 Θεοῦ.
3331 534 3493 589 Τοῦτο
3517 537 3566 590 δὲ
3591 540 3669 592 καὶ

446 630 562 687 [loc
625 639 805 685 autem
861 639 915 684 et
967 645 1064 700 per
1113 645 1178 684 ea
1238 646 1360 700 quae
1429 641 1736 701 sequuntur
1803 631 2026 684 demon-

1555 641 1736 686 ιιιιιιιιι·
1803 631 2026 684 demon-
2127 633 2220 687 διὰ
2247 633 2358 688 τῶν
2393 631 2807 702 ἐπιφερομένων
2841 628 3137 698 ἐδήλωσεν.

447 721 664 779 stravit.

518 808 688 867 Vens.
733 811 785 864 7.
832 828 850 862 ι
888 808 1006 879 ipse
1036 809 1300 865 Dominus
1345 809 1488 865 Deus
1536 821 1747 875 noster,
1784 811 1836 863 in
1879 809 2030 862 omni

2203 812 2270 877 ξ’.
2309 831 2327 863 ι
2369 810 2543 873 Αὐτὸς
2572 809 2777 879 Κύριος
2805 809 2833 860 6
2863 805 2997 869 Θεὸς
3030 805 3211 875 ἡμῶν,
3248 807 3303 856 ἐν
3333 808 3475 878 πάσῃ
3509 811 3568 878 τῇ
3612 811 3669 877 γῇ

442 917 592 961 terra
635 906 842 976 judicia
889 906 1029 976 ejus.
1071 924 1089 956 ι
1125 906 1261 960 Cum
1307 907 1454 959 enim
1509 907 1624 975 ipse
1668 907 1740 960 sit
1784 906 2024 959 omnium

2129 905 2197 958 τὰ
2246 903 2490 976 κρίματα
2545 900 2734 955 αὑτοῦ.
2790 918 2808 951 ι
2859 899 2916 952 '0
2963 898 3072 970 γὰρ
3122 898 3283 960 αὐτὸς
3333 897 3403 950 ὢν
3449 901 3671 953 ἁπάντων

449 994 598 1051 Deus
641 1007 695 1050 et
748 995 1030 1061 Dominus,
1085 997 1294 1065 totique
1343 997 1460 1050 orbi
1517 998 1851 1062 dominetur,
1908 1012 2031 1066 pro-

2130 996 2264 1057 Θεὸς
2311 994 2407 1048 καὶ
2436 992 2662 1064 Κύριος,
2701 989 2794 1043 καὶ
2835 990 3016 1055 πάσης
3068 988 3346 1050 δεσπόζων
3390 987 3482 1057 τῆς
3520 991 3671 1041 οἰκον-

445 1086 625 1157 prium
656 1087 914 1156 populum
950 1087 1053 1142 bos
1088 1088 1399 1156 appellavit.

2135 1089 2329 1157 μένης,
2360 1087 2586 1145 τούτους
2626 1083 2756 1135 [διον
2786 1081 2912 1135 λαὸν
2940 1080 3405 1150 προσηγόρευσεν.

527 1176 690 1232 Vens.
734 1179 788 1231 8.
837 1197 854 1228 ι
896 1176 1104 1230 Memor
1137 1178 1238 1231 fuit
1271 1178 1324 1231 in
1358 1179 1616 1233 saeculum
1661 1179 1882 1234 foederis
1922 1182 2029 1248 sui,

2201 1185 2274 1248 η’.
2321 1196 2340 1227 ι
2391 1177 2672 1245 Ἐμνήσθη
2718 1175 2800 1236 είς
2857 1173 2949 1227 τὸν
2983 1173 3160 1225 αίῶνα
3211 1170 3472 1240 διαθήκης
3512 1170 3673 1233 αὑτοῦ,

451 1269 602 1322 verbi
632 1270 776 1338 quod
814 1270 1094 1324 mandarit
1133 1271 1186 1322 in
1237 1271 1384 1324 mille
1418 1275 1818 1342 generationes.
1860 1291 1882 1324 ›
1930 1273 2033 1328 Per

2132 1269 2292 1337 λόγου
2345 1265 2404 1321 οῦ
2458 1267 2764 1320 ἐνετείλατο
2813 1268 2890 1327 είς
2935 1263 3116 1335 χιλίας
3157 1265 3370 1332 γενεάς.
3410 1281 3430 1314 ›
3457 1263 3524 1314 Τὸ
3549 1263 3676 1333 διαρ-

455 1359 572 1414 haec
595 1360 1064 1414 continuationem
1089 1369 1143 1414 et
1171 1363 1584 1430 perpetuitatem
1613 1363 1770 1418 docet
1799 1365 2035 1432 promis-

2135 1363 2225 1424 χες
2256 1362 2352 1413 καὶ
2382 1362 2609 1431 μόνιμον
2637 1358 2746 1411 τῶν
2771 1357 2908 1429 πρὸς
2929 1357 3021 1410 τὸν
3047 1357 3306 1426 Ἀϐραὰμ
3333 1355 3675 1425 γεγενημένων

445 1453 695 1516 siouum,
724 1468 846 1520 qua:
871 1451 1188 1506 Abrahamo
1230 1452 1387 1506 facta:
1416 1455 1656 1509 fuerunt.
1709 1454 1824 1508 Non
1865 1455 2027 1522 enim,

2136 1453 2487 1522 ὑποσχέσεων
2531 1451 2618 1504 διὰ
2656 1452 2863 1504 τούτων
2895 1449 3156 1502 διδάσκει.
3197 1449 3274 1501 Οὐ
3312 1447 3436 1516 γὰρ,
3466 1447 3534 1508 ὥς
3556 1464 3675 1508 τινες

447 1550 512 1596 ut
536 1541 703 1609 aliqui
737 1541 1018 1609 dixerunt,
1055 1542 1143 1596 hic
1175 1559 1356 1598 sermo
1391 1557 1474 1600 est
1510 1545 1912 1615 bypcrbolicus,
1943 1547 2029 1599 sed

2137 1543 2434 1608 ὑπέλαϐον,
2481 1540 2844 1611 ὺπερϐολικὸς
2891 1539 2918 1589 6
2953 1538 3142 1606 λόγος·
3205 1536 3323 1592 ἀλλ’
3380 1535 3566 1605 ἀληθὴς
3601 1537 3676 1588 καὶ

451 1647 622 1686 νει-υς
676 1642 731 1686 et
782 1634 1022 1688 divinus.
1081 1632 1346 1690 Promisit
1404 1646 1585 1690 autem
1653 1639 2033 1692 unirersorum

2139 1635 2303 1697 θεῖος,
2344 1634 2646 1703 ’Υπέσχετο
2669 1633 2724 1684 δὲ
2752 1634 2780 1684 6
2813 1630 2921 1684 τῶν
2950 1630 3087 1684 ὅλων
3121 1629 3278 1695 Θεὸς,
3331 1630 3385 1680 ἐν
3421 1628 3494 1697 τῷ
3540 1629 3677 1696 σπέρ-

449 1722 597 1777 Deus
638 1723 691 1776 in
727 1725 937 1778 semine
991 1725 1111 1794 ejus
1143 1741 1201 1780 se
1242 1727 1658 1782 benedicturum
1696 1744 1819 1784 esse
1847 1730 2028 1782 omni.

2095 1746 2105 1793 ι
2138 1745 2268 1796 ματι
2321 1725 2491 1778 αὐτοῦ
2528 1725 2846 1794 εὑλογήσειν
2891 1723 3072 1776 πάντα
3104 1721 3174 1774 τὰ
3202 1721 3358 1792 ἔθνη.
3389 1720 3598 1789 Σπέρμα
3632 1719 3677 1770 δὲ

443 1812 556 1866 .bus
587 1813 861 1882 gentibus.
903 1812 1101 1867 Semen
1136 1830 1266 1870 vero
1297 1817 1418 1884 ejus
1462 1827 1545 1871 est
1575 1816 1844 1872 Dominus
1869 1817 2025 1883 Chri-

2137 1816 2306 1870 αὐτοῦ
2335 1819 2362 1869 6
2406 1817 2688 1886 Δεσπότης
2723 1814 2957 1885 Χριστὸς
2994 1813 3137 1866 κατὰ
3173 1813 3380 1882 σάρκα⁶
3405 1812 3459 1874 ὃς
3494 1810 3675 1863 αἰώνιον

449 1913 570 1956 stus
617 1904 920 1958 secundum
966 1919 1212 1968 carnem,
1279 1907 1372 1975 qui
1425 1909 1816 1977 sempiternum
1870 1909 2031 1961 habet

2138 1908 2252 1978 ἔχει
2310 1910 2371 1960 τὺ
2434 1908 2668 1976 κράτος,
2737 1905 2834 1958 καὶ
2886 1905 2986 1974 τὴν
3052 1901 3334 1973 βασιλείαν
3389 1899 3674 1966 ἀνώλεθρον.

441 1993 766 2061 imperium,
798 2010 1138 2064 regnumque
1180 2012 1436 2064 perenne.
1479 1997 1594 2052 Hoc
1623 2014 1754 2053 vero
1787 2011 1839 2052 et
1883 1999 2023 2054 inille

2138 2000 2313 2053 Τοῦτο
2336 2001 2390 2054 δὲ
2429 2000 2522 2052 καὶ
2545 1999 2654 2051 τῶν
2673 1996 2863 2068 χιλίων
2889 1995 3095 2065 γενεῶν
3117 1997 3148 2063 ἡ
3184 1995 3374 2064 μνήμη
3396 1992 3674 2064 παραδηλοῖ.

451 2085 780 2138 saeculorum
815 2088 1267 2140 commemoratio
1307 2089 1512 2142 indicat
1544 2106 1559 2142 :
1593 2105 1699 2144 non
1742 2091 1888 2144 enim
1931 2105 2030 2144 an-

2139 2092 2215 2144 Οὐ
2271 2091 2379 2162 γὰρ
2431 2091 2567 2142 ἐτῶν
2601 2088 2836 2159 ἀριθμὸν
2885 2090 2914 2141 6
2958 2087 3116 2155 λόγος
3158 2087 3433 2157 σημαίνει,
3475 2082 3595 2138 ἀλλὰ
3630 2084 3676 2136 τὺ

451 2190 647 2229 norum
694 2191 979 2229 numerum
1009 2191 1190 2231 sermo
1212 2179 1505 2248 signiﬁcat,
1537 2181 1631 2235 sed
1665 2183 2032 2237 continuatio-

2138 2182 2364 2253 διαρκὲς
2404 2181 2500 2235 καὶ
2528 2179 2748 2235 αίώνιον
2777 2179 2820 2212 ⁵³
2851 2177 2963 2232 τῶν
2991 2177 3196 2246 γενεῶν
3220 2178 3286 2230 τὸ
3325 2177 3515 2246 πλῆθος
3536 2173 3677 2226 αἰνίτ-

450 2282 576 2322 nem
624 2276 680 2320 et
732 2268 1096 2323 aeternitatem
1144 2270 1440 2326 multitudo
1489 2275 1902 2342 generationqu
1939 2276 2034 2330 de-
2138 2291 2315 2326 τεται.

449 2360 650 2430 signat.

529 2451 690 2507 Vsus.
737 2452 790 2518 9,
841 2453 928 2507 l0.
977 2472 996 2505 ι
1043 2453 1203 2520 Quod
1263 2458 1552 2512 constituit
1603 2459 1936 2526 Abrabanio,
1981 2469 2034 2515 et

2211 2451 2277 2518 θ’,
2315 2457 2367 2505 ι’.
2404 2470 2424 2504 ι
2463 2452 2532 2506 '0
2577 2469 2630 2504 τι
2661 2453 2706 2484 ⁸³
2737 2450 2946 2504 διέθετο
2998 2451 3076 2521 τῷ
3133 2449 3411 2521 ’Δϐραὰμ,
3470 2446 3556 2501 καὶ
3600 2445 3674 2499 τοῦ

439 2542 744 2612 juramenti
801 2543 989 2598 lsaaco
1033 2544 1279 2602 dati.'Et
1334 2551 1624 2604 constituit
1666 2551 1798 2604 illud
1829 2550 2021 2604 Jacohc

2139 2544 2306 2617 ὅρκου
2353 2543 2518 2596 αὑτοῦ
2554 2545 2634 2613 τῷ
2681 2543 2889 2597 Ἰσαάκ.
2940 2543 3049 2594 Καὶ
3111 2542 3344 2612 ἔστησεν
3391 2540 3596 2594 αὐτόν’⁸
3618 2538 3676 2607 τῷ

450 2646 805 2704 prteceptum,
833 2646 885 2690 et
912 2636 1099 2690 lal'aCil
1135 2637 1319 2694 foedus
1351 2649 1640 2695 wternum.
1681 2659 1700 2692 ι
1740 2641 1914 2712 llujus
1941 2644 2032 2710 ju-

2152 2635 2351 2689 Ἰακὼϐ
2384 2637 2466 2698 είς
2493 2636 2848 2706 πρόσταγμα,
2884 2635 2977 2687 καὶ
3009 2634 3085 2704 τῷ
3119 2634 3345 2704 Ἰσραὴλ
3367 2635 3444 2696 είς
3458 2631 3677 2701 διαθήκην

450 2728 688 2780 rameuti
747 2729 912 2782 etiam
966 2729 1188 2784 divinus
1243 2730 1422 2786 Moses
1480 2733 1808 2787 mentionem
1878 2733 2028 2788 facit.

2141 2726 2384 2779 αἰώνιον.
2415 2744 2438 2776 ›
2479 2725 2700 2778 Τούτων
2749 2725 2861 2778 τῶν
2909 2726 3087 2794 ὅρκων
3145 2726 3243 2778 καὶ
3269 2725 3314 2758 ³⁵
3354 2727 3380 2778 6
3436 2723 3676 2782 θεσπέσιος

453 2834 476 2867 1
517 2815 665 2872 Dixit
711 2822 880 2882 enim,
934 2821 1136 2891 inquit,
1181 2821 1325 2876 Deus
1371 2822 1685 2879 Abrahamo
1720 2844 1733 2880 :
1775 2826 1878 2879 l‘er
1922 2840 2035 2880 tne-

2142 2818 2520 2888 ἐμνημόνευσε
2571 2817 2820 2885 Μωσῆςο
2859 2835 2878 2867 ι
2925 2813 3061 2869 Εῐπε
3104 2817 3238 2886 γὰρ,
3291 2817 3484 2886 φησὶν,
3522 2811 3676 2872 68:6;

451 2910 634 2978 ipsum
673 2911 858 2981 jurari
915 2912 1035 2966 fore
1075 2925 1136 2966 ut
1181 2915 1511 2969 benedicens
1554 2915 1871 2971 benedicam
1914 2917 2033 2981 tibi,

2142 2910 2281 2980 πρὸς
2313 2909 2568 2979 Ἀϐραὰμ
2590 2948 2603 2970 ,
2650 2908 2788 2961 Κατ’
2838 2906 3081 2976 ἐμαυτοῦ
3122 2907 3341 2977 ῶμοσα,
3373 2902 3407 2976 ἦ
3441 2906 3534 2976 μὴν
3557 2902 3677 2956 εὐλο-

444 3009 510 3054 et
533 3003 907 3071 multiplicans
939 3003 1298 3072 multiplicem
1335 3021 1520 3060 semen
1564 3016 1715 3060 tuum
1743 3008 1884 3061 sicut
1913 3007 2026 3060 stell

2143 3000 2256 3069 γῶν
2283 3001 2566 3068 εὐλογήσω
2578 3001 2643 3063 ⁸⁵,
2667 2999 2764 3052 καὶ
2802 2998 3092 3068 πληθύνων
3129 2998 3393 3068 πληθυνῶ
3419 2998 3474 3051 τὸ
3499 2995 3677 3064 σπέρμα

454 3099 539 3152 las
583 3097 707 3152 caeli
758 3097 1130 3163 multitudine,
1194 3104 1248 3151 et
1295 3097 1687 3153 benedicentur
1731 3099 1783 3152 in
1832 3102 2036 3155 semine

2096 3089 2111 3141 Ξ
2148 3089 2364 3156 σου,’ὡς
2394 3091 2464 3144 τὰ
2489 3091 2669 3161 ἄστρα
2701 3089 2796 3142 τοῦ
2828 3089 3060 3160 ούρανοῦ
3084 3089 3162 3160 τῷ
3191 3090 3425 3160 πλήθει·
3451 3089 3536 3142 καὶ
3557 3085 3678 3138 εὐλο-

457 3201 555 3244 tuo
582 3205 774 3244 omnes
801 3189 974 3243 tribus
1001 3201 1158 3252 terra:
1184 3197 1233 3242 ι.
1267 3207 1287 3241 ›
1317 3187 1434 3242 lloc
1463 3188 1848 3258 jusjurandum
1880 3191 2039 3244 ctiam

2148 3183 2552 3254 γηθήσονται⁵⁶
2589 3184 2646 3234 ἐν
2691 3180 2770 3251 τῷ
2815 3181 3093 3251 σπέρματί
3133 3197 3231 3233 σου
3274 3183 3440 3234 πᾶσαι
3469 3181 3517 3231 αἱ
3549 3175 3678 3245 φυλαὶ

453 3277 651 3337 lsaaco
681 3281 734 3334 in
773 3281 1097 3335 memoriam
1145 3289 1389 3344 revocat,
1432 3291 1487 3334 et
1520 3279 1808 3333 conﬁrmat
1843 3279 2035 3334 hedera

2147 3276 2246 3345 τῆς
2273 3277 2401 3345 γῆς.
2434 3293 2453 3327 ι
2482 3274 2669 3344 Τούτῳ
2697 3272 2773 3344 τῷ
2799 3274 2950 3343 ὅρκῳ
2977 3273 3072 3327 καὶ
3093 3273 3186 3326 τὸν
3212 3273 3406 3327 Ἰσαὰκ
3423 3270 3679 3339 ἀναμιμνῇ-

458 3386 584 3426 cum
625 3369 831 3425 Jacobo
875 3371 1011 3424 inita
1035 3380 1089 3436 γ,
1129 3383 1298 3441 atque
1335 3372 1503 3425 etiam
1545 3371 1659 3425 haec
1693 3371 1918 3440 implet:
1951 3388 2040 3441 per

2150 3382 2272 3418 σκει
2306 3381 2321 3395 ⁸
2371 3364 2584 3434 βεϐαιοῖ
2624 3364 2718 3416 καὶ
2749 3363 2884 3434 πρὸς
2917 3362 3013 3415 τὸν
3049 3361 3254 3416 Ἰακὼϐ
3287 3363 3384 3426 τὰς
3423 3361 3676 3428 συνθήκας·

458 3461 647 3517 Mosen
674 3462 962 3528 nimirum,
1004 3463 1226 3516 illorum
1272 3473 1528 3532 posteros
1564 3462 1635 3516 ab
1663 3461 2040 3532 Egyptiorum

2148 3455 2244 3508 καὶ
2277 3454 2462 3525 μέντοι
2501 3453 2597 3507 καὶ
2628 3453 2828 3522 πληροῖ
2857 3451 3084 3516 ταύτας,
3126 3451 3213 3505 διὰ
3261 3452 3360 3522 μὲν
3383 3449 3562 3505 Μωσοῦ
3581 3447 3679 3508 τοὺς

459 3553 726 3608 servitute
770 3553 986 3624 13m
1023 3553 1312 3608 liberans:
1351 3569 1448 3622 per
1489 3551 1676 3607 Jesum
1727 3568 1858 3607 vero
1899 3552 2041 3607 Nave

2148 3547 2376 3600 ἐκείνων
2430 3546 2690 3614 ἐκγόνους
2721 3545 2764 3575 ⁵⁷
2813 3544 2914 3614 τῆς
2975 3543 3297 3612 Αἰγυπτίων
3353 3541 3678 3610 ἐλευθερώσας

459 3644 792 3712 promissam
838 3655 1038 3698 terram
1077 3643 1259 3699 dans:
1295 3643 1458 3697 linem
1501 3652 1682 3696 autem
1721 3643 2041 3712 promissio-

2149 3637 2418 3702 δουλείας,
2452 3636 2541 3689 διὰ
2566 3636 2623 3688 δὲ
2653 3635 2831 3702 Ἰησοῦ
2859 3634 2953 3687 τοῦ
2986 3635 3145 3704 Ναυῆ
3175 3636 3283 3705 τὴν
3309 3631 3679 3703 ἐπηγγελμένην

464 3736 547 3792 nis
575 3752 670 3806 per
693 3734 988 3790 Dominum
1013 3733 1297 3789 Christum
1325 3733 1634 3803 perﬁciens.

2149 3734 2252 3801 γῆν
2285 3731 2332 3763 ⁵⁸
2363 3729 2598 3791 ἀποδούς
2625 3745 2638 3759 ο
2667 3728 2727 3780 τὸ
2758 3727 2816 3780 δέ
2841 3727 2993 3790 τέλος
3027 3728 3124 3797 τῆς
3151 3729 3483 3796 ἐπαγγελίας
3505 3723 3584 3778 διὰ
3607 3718 3677 3772 τοῦ

2149 3823 2424 3874 Δεσπότου
2457 3819 2813 3890 συμπεράνας
2846 3819 3108 3889 Χριστοῦ.

535 3913 697 3968 Vens.
739 3912 826 3967 ll.
874 3931 893 3965 ι
932 3911 1129 3966 Dicens
1159 3925 1174 3964 :
1202 3909 1324 3964 Tibi
1367 3909 1511 3964 dabo
1535 3919 1734 3964 terram
1761 3909 2046 3979 Chanaan,

2223 3912 2314 3968 ια’.
2362 3931 2381 3965 ι
2413 3913 2628 3979 Λέγων,
2691 3913 2781 3964 Σοὶ
2829 3911 2986 3964 δώσω
3019 3911 3120 3980 τὴν
3143 3915 3252 3981 γῆν
3313 3909 3540 3971 Χαναὰν,
3566 3901 3676 3973 σχοὲ-

459 4004 766 4060 funiculum
797 4003 1135 4058 baereditatis
1169 4011 1380 4057 vestrae.
1423 4021 1442 4054 ι
1476 3999 1801 4055 Funiculum
1835 4001 2041 4056 vocarit

2147 4021 2319 4075 νισμα
2371 4004 2740 4075 κληρονομίας
2798 4003 2976 4074 ὑμῶν.
3024 4021 3043 4054 ι
3099 4005 3434 4072 Σχοίνισμα
3483 4001 3569 4069 τὴν
3606 3995 3679 4063 τῆς

459 4098 892 4154 dominationem
940 4106 1101 4152 terrae
1130 4113 1146 4151 :
1178 4096 1462 4166 prOprium
1501 4096 1645 4150 enim
1681 4094 1898 4148 illorum
1941 4101 2041 4159 est,

2149 4097 2251 4167 γῆς
2279 4097 2508 4150 ἐκάλεσε
2531 4095 2856 4150 δεσποτείαν
2882 4111 2895 4125 ·
2931 4093 3040 4148 τῶν
3073 4095 3428 4164 κεκτημένων
3455 4094 3551 4161 γὰρ
3579 4089 3679 4140 ίδιον

461 4190 557 4261 qui
600 4190 903 4259 possident,
937 4197 1138 4242 terram
1169 4187 1445 4242 mensuris
1471 4186 1762 4256 subjicere.

1400 4187 1445 4241 is
1471 4186 1762 4256 subjicere.
2150 4188 2336 4259 μέτρῳ
2365 4188 2464 4258 τὴν
2494 4191 2600 4259 γῆν
2632 4187 2979 4240 ὑποϐάλλειν.

529 4280 702 4338 Vsus.
744 4281 833 4337 l2.
881 4298 900 4332 ι
939 4280 1076 4336 Cum
1116 4293 1304 4335 essent
1337 4293 1572 4334 numero
1613 4279 1786 4345 brevi,
1833 4275 2048 4348 paucis-

2222 4281 2310 4351 ιβ’.
2347 4299 2366 4333 ι
2418 4281 2507 4334 Ἐν
2556 4279 2636 4350 τῷ
2664 4275 2805 4332 εἶναι
2851 4277 3050 4340 αὐτοὺς
3078 4275 3302 4348 ἀριθμῷ
3337 4275 3569 4345 βραχεῖς,
3594 4268 3679 4319 ὀλί-

459 4374 608 4439 simi,
644 4383 699 4428 et
723 4374 917 4429 incolte
957 4373 1099 4442 ejus.
1133 4391 1152 4422 ι
1191 4370 1315 4426 Haec
1338 4382 1542 4437 autem,
1571 4371 1772 4440 inquit,
1799 4368 2039 4438 parenti-

2094 4415 2118 4467 )
2148 4375 2376 4442 γοστοὺς
2403 4373 2498 4426 καὶ
2543 4373 2843 4440 παροίκους
2880 4372 2936 4422 ἐν
2964 4368 3124 4438 αὐτῇ.
3167 4387 3187 4418 ι
3223 4367 3406 4419 Ταῦτα
3434 4366 3506 4424 δὲ,
3528 4359 3676 4430 φησὶν,

460 4469 563 4523 bus
596 4468 865 4536 promisit,
915 4467 1010 4536 qui
1057 4465 1279 4520 fuerunt
1322 4465 1506 4534 pauci,
1543 4473 1598 4518 et
1637 4472 1923 4517 numeratu
1969 4460 2042 4515 fa-

2097 4452 2116 4467 ’
2150 4466 2422 4536 ὑπέσχετο
2466 4467 2582 4528 τοῖς
2625 4464 2898 4534 πατράσιν
2947 4460 3152 4529 ὀλίγοις
3181 4455 3330 4523 οὖσι,
3383 4457 3474 4511 καὶ
3513 4452 3679 4522 σφόδρα

383 4556 388 4561 ’
461 4557 617 4611 cites.
649 4556 1006 4613 Demonstrat
1049 4566 1233 4612 autem
1267 4571 1362 4626 per
1403 4558 1508 4610 hoc
1541 4554 1913 4625 promittentis
1952 4568 1965 4623 ι

2150 4558 2582 4630 εὐαριθμήτοις·
2624 4555 2778 4624 δηλοῖ
2809 4555 2866 4607 δὲ
2897 4553 2988 4607 διὰ
3042 4553 3234 4605 τούτου
3281 4549 3374 4603 τοῦ
3428 4550 3677 4613 ὑπισχνου-

464 4649 712 4715 tentiam,
751 4650 902 4719 quod
925 4649 1148 4704 licetsic
1178 4647 1339 4718 pauci
1365 4647 1695 4710 exstiterint,
1722 4655 1832 4700 tam
1853 4643 2046 4714 amplae

2157 4651 2322 4722 μένου
2374 4647 2472 4718 τὴν
2533 4645 2802 4715 δύναμινο
2867 4643 2949 4696 ὅτι
3003 4641 3099 4694 καί
3156 4658 3241 4694 τοι
3295 4637 3462 4698 οὕτως
3513 4631 3677 4696 ὀλίγοις

462 4749 626 4794 teme
653 4739 947 4810 imperium
978 4740 1085 4795 illis
1113 4739 1299 4809 largiri
1326 4739 1585 4809 potuerit.

2152 4741 2422 4809 τοσαύτης
2460 4737 2565 4807 γῆς
2590 4735 2910 4790 δεσποτείαν
2935 4734 3197 4802 παρέχειν
3219 4729 3463 4800 ἠδύνατο.

539 4829 709 4884 Vens.
752 4832 841 4886 15.
891 4851 910 4884 ι
948 4833 1018 4888 Ει
1047 4833 1386 4887 transierunt
1415 4831 1484 4886 de
1517 4838 1675 4901 gente
1710 4827 1774 4882 ad
1808 4835 2046 4896 gentem,

2227 4839 2316 4901 ιγ’.
2355 4849 2372 4882 ι
2419 4830 2530 4884 Καὶ
2567 4827 2784 4898 διῆλθον
2812 4828 2870 4893 ἐξ
2897 4825 3086 4888 ἔθνους
3109 4828 3188 4887 εἰς
3213 4824 3383 4885 ἔθνος,
3407 4819 3492 4872 καὶ
3523 4818 3577 4866 ἐκ
3603 4810 3677 4901 βας

461 4935 517 4981 et
545 4925 614 4980 de
647 4940 819 4995 regno
851 4927 917 4980 ad
962 4928 1222 4998 populum
1262 4898 1540 4981 alternum
1569 4943 1588 4975 ι
1632 4920 1765 4976 Nam
1814 4919 2043 4989 patriar-

2151 4898 2358 4986 σιλείας
2383 4923 2462 4985 είς
2500 4921 2628 4973 λαὺν
2688 4921 2898 4989 ἕτερον.
2933 4938 2953 4970 ι
3006 4914 3405 4988 Παροικοῦντες
3438 4911 3479 4944 ⁸⁸
3512 4905 3604 4974 γὰρ
3642 4898 3679 4950 οἶ

463 5020 581 5074 clue
620 5018 674 5073 in
712 5026 976 5087 perpetua
1027 5019 1470 5089 peregrinatione
1502 5014 1706 5070 versati
1752 5021 1900 5074 sunt,
1952 5025 2045 5065 ne-

2153 5017 2494 5087 πατριὰρχαι
2529 5012 2863 5078 διετέλεσαν,
2893 5013 2988 5066 καὶ
3035 5011 3158 5064 οὐδὲ
3186 5008 3271 5078 ἐφ’
3301 5006 3416 5068 ἐνὸς
3447 4999 3680 5071 ἱδρύμενοι

540 5211 564 5239 ι
602 5197 738 5254 Gen.
779 5209 919 5260 xxii,
962 5192 1051 5258 16,
1086 5191 1175 5247 l7.
1251 5200 1279 5240 J'
1313 5191 1454 5246 Gen.
1487 5208 1638 5256 xxvr,
1670 5193 1726 5260 5,
1759 5192 1814 5245 4.

1580 5329 1809 5385 ΥΛΒΙᾹΞ
1847 5326 2228 5386 LECTIONES
2265 5327 2352 5380 ET
2387 5323 2622 5380 NOTAE.

535 5453 584 5486 '°
612 5453 779 5518 Τούς.
803 5450 924 5505 cod.
953 5449 976 5502 l
1003 5449 1120 5504 τοῦ.
1155 5448 1232 5505 lta
1256 5464 1474 5518 quoque
1499 5447 1695 5518 deinde
1720 5457 1844 5515 post
1873 5446 2110 5518 ἀπογόνο

2092 5461 2209 5518 ους.
2233 5515 2245 5518 _
2277 5445 2319 5476 ⁵¹
2353 5440 2625 5518 Aldinae.
2656 5440 2778 5518 col.
2805 5441 2826 5493 l
2870 5440 3120 5510 μόνιμον.
3187 5438 3234 5518 ξ’
3254 5436 3324 5518 ’ρ
3349 5451 3419 5487 τι.
3445 5421 3674 5518 cod-1

467 5535 587 5585 qum
611 5533 699 5575 est
733 5507 850 5575 rec.
879 5521 1038 5575 lectio
1063 5522 1116 5576 lt.
1149 5523 1186 5574 Ι.
1269 5507 1312 5550 ⁵³
1341 5507 1559 5572 Αὖτόγ.
1599 5517 1678 5572 lta
1725 5507 1826 5586 leg.
1875 5518 1926 5570 in
1971 5507 2101 5571 edit.
2147 5515 2270 5586 Ald.
2321 5523 2376 5586 et
2419 5507 2919 5586 Gompl._llec_epia
2965 5507 3356 5586 aiiterri_lectio
3393 5512 3471 5586 est
3517 5507 3676 5586 αξξξξ·

468 5568 1126 5657 ῗῖὶξᾳέἷᾘῖοέιῖιῖὸῐιῖὶ
1141 5568 1162 5643 ξ
1172 5568 1186 5574 ’
1233 5589 1280 5622 ⁸·
1311 5568 1557 5657 ἐῦᾎιοάἓζ
1584 5568 1706 5642 εδδ.
1727 5568 1742 5571 “
1756 5568 1960 5641 ινδ-(ιιι.
1979 5568 1996 5571 ⁷
2010 5568 2050 5639 ξ

2090 5568 2096 5638 ξ
2173 5568 2232 5616 "7
2273 5585 2397 5639 cod.
2454 5568 3068 5657 1_é{{eu).af{_'q0r'_jcovr_o_t_t.
3169 5578 3358 5657 ‘_7-c_0d,
3387 5573 3409 5626 1
3439 5568 3672 5638 ἐγγόνους.

469 5653 694 5722 "mir.
738 5657 904 5716 Abest
943 5676 976 5714 a
1015 5661 1136 5715 cod.
1167 5661 1220 5715 1.
1295 5663 1340 5695 δ’
1373 5648 1619 5728 Παροτκ.
1652 5675 1707 5711 κ.
1748 5674 1804 5710 τ.
1834 5657 1886 5711 λ.
1933 5658 2051 5714 Dive

1748 5674 1804 5710 τ.
1834 5657 1886 5711 λ.
1933 5658 2153 5714 Diversa
2184 5664 2312 5711 sunt
2346 5669 2466 5724 quae
2502 5652 2665 5708 habet
2693 5648 2874 5724 Lord.
2909 5661 2951 5706 ι.
2980 5650 3064 5717 lll,
3096 5666 3150 5721 p.
3180 5648 3299 5703 ll'i.
