4006 6198
390 339 527 410 1³ἴ13
1753 345 1837 406 ΙΝ

1901 341 2113 404 PSAL.
2141 342 2288 403 CIV.

3514 323 3655 393 17M

378 454 552 509 τόπου
576 467 589 481 '
626 450 764 505 ἀλλὰ
793 447 891 504 νῦν
926 449 1029 522 μέν
1070 446 1196 516 ὧδε,
1230 451 1325 506 νῦν
1366 451 1424 506 δὲ
1462 451 1581 507 ἐκεῖ
1616 450 1714 517 τὰς
1751 452 1963 525 σκηνὰς

2105 466 2171 506 ne
2203 449 2258 504 in
2297 463 2409 505 uno
2441 447 2564 502 loco
2593 444 2981 508 constiterunt,
3013 441 3106 497 sed
3134 440 3296 497 modo
3327 441 3454 509 huc,
3489 443 3655 499 modo

387 546 808 619 μεταφέροντες.

454 639 538 692 ιδ’.
575 656 593 688 ι
637 637 751 691 Ούκ
793 637 1007 707 ἀφῆκεν
1051 637 1343 709 ἄνθρωπον
1378 639 1640 710 ἀδικῆσαι
1677 636 1899 698 αὐτούς.
1939 656 1957 687 ι

383 729 681 800 Κρείττους
726 727 836 802 γὰρ
903 730 1103 794 αὐτοὺς
1149 730 1260 784 τῶν
1312 731 1534 785 ἀδικιῶν
1587 730 1964 803 πειραθέντων

383 821 686 893 ἀπέφηνεν.
768 839 789 874 ι
876 823 989 877 Καὶ
1053 821 1283 894 ήλετξεν
1361 822 1502 893 ὑπὲρ
1566 822 1748 878 αὐτῶν
1808 821 1967 893 βασι-

382 911 518 975 λεῖς.
553 930 572 963 ι

460 1007 542 1056 ιε’.
572 1019 592 1052 ι
625 1002 719 1073 Μὴ
739 1001 978 1057 ἅπτεσθε
994 1004 1040 1036 ⁸ο
1066 1003 1174 1058 τῶν
1199 1004 1439 1076 χριστῶν
1469 1021 1596 1075 μου,
1627 1004 1723 1058 καὶ
1756 1005 1815 1056 ἐν
1845 1004 1960 1066 τοῖς

392 1093 702 1163 προφήταις
741 1111 841 1164 μου
880 1095 954 1165 μὴ
999 1095 1402 1168 πονηρεύσεσθε
1432 1096 1499 1149 ⁶¹.
1541 1114 1560 1147 δ
1612 1095 1768 1149 Οὖτω
1798 1096 1844 1127 ⁸³
1876 1095 1971 1148 τὸν

391 1182 595 1253 Φαραὼ
647 1183 852 1253 ῆτασεν
917 1187 1180 1255 ὲτασμοῖς
1236 1187 1498 1256 μεγάλοις
1543 1188 1641 1240 καὶ
1710 1185 1968 1256 φοϐεροῖς

395 1274 523 1343 περὶ
559 1275 776 1347 Σάρρας
813 1277 912 1347 τῆς
941 1277 1200 1345 γυναικὸς
1229 1278 1510 1350 Ἀϐραάμ.
1562 1277 1723 1331 Οὕτω
1747 1276 1966 1346 νύκτωρ

393 1362 487 1416 τὸν
544 1364 835 1435 ’Λϐιμέλεχ
889 1366 1317 1435 ἐξεδειμάτωσεν
1381 1368 1657 1441 εἰρηκώς·
1712 1368 1847 1421 Ἰδοὺ
1902 1368 1971 1421 σὺ

396 1453 767 1525 ἀποθνήσκεις
806 1458 936 1528 περὶ
979 1460 1199 1532 Σάρρας
1248 1461 1348 1528 cii:
1374 1460 1633 1531 γυναικὸς
1672 1458 1931 1531 Ἀϐραάμ
1954 1475 1968 1488 ·

397 1544 538 1617 αὕτη
565 1547 622 1599 δέ
649 1548 800 1602 ἐστιν
837 1552 1188 1621 συνῳκηκυῖα
1232 1553 1408 1624 ἀνδρί.
1452 1553 1610 1607 οὕτω
1648 1553 1740 1606 τδν
1780 1550 1969 1605 Ἰσαὰκ

398 1635 679 1708 αἰδέσιμον
709 1640 824 1702 τοῖς
852 1641 1152 1710 τηνικαῦτα
1186 1643 1285 1714 τὴν
1325 1645 1695 1715 Παλαιστίνην
1730 1644 1974 1698 οἰκοῦσιν

395 1726 701 1794 ἀπέφηνεν.
778 1729 936 1784 Οὕτω
1002 1733 1235 1801 φονῶντι
1280 1735 1359 1805 τῷ
1403 1735 1591 1789 Λάϐαν
1629 1735 1969 1805 ἠπείλησεν*

406 1834 424 1868 ι
461 1817 604 1887 Ὅρα
646 1819 774 1891 γὰρ,
802 1821 928 1892 ἔφη,
976 1823 1052 1894 μὴ
1095 1824 1340 1897 λαλήσῃς
1382 1826 1594 1897 σκληρὰ
1637 1826 1776 1879 κατὰ
1807 1827 1852 1859 ⁸³
1881 1823 1975 1879 τοῦ

400 1910 592 1972 παιδός
622 1928 723 1980 μου
754 1912 1305 1981 ’ῐακώ6.›Χριστοὺς
1333 1916 1390 1969 δὲ
1418 1918 1837 1986 προσαγορεύει,
1883 1917 1982 1986 οὐχ

398 2001 477 2063 ὡς
509 2001 673 2072 ἐλαίῳ
715 2004 1134 2074 κεχρισμένους,
1167 2007 1280 2060 ἀλλ’
1312 2008 1388 2071 ὡς
1421 2008 1713 2070 ἐκλεκτοὺς
1747 2007 1980 2078 γενομέκ

400 2108 546 2154 νους.
595 2094 917 2162 Προφήτην
949 2096 1005 2148 δὲ
1038 2098 1131 2149 καὶ
1174 2098 1337 2161 αὐτος
1364 2098 1394 2150 ὁ
1422 2099 1555 2165 Θεὸς
1595 2100 1689 2152 τὸν
1719 2098 1979 2170 Ἀϐραὰμ

403 2179 844 2250 προσηγόρευσεν
868 2199 881 2212 ο
921 2185 1196 2259 ιἐιπόδος
1236 2189 1380 2257 γὰρ,
1421 2188 1547 2256 ἔφη,
1610 2189 1711 2258 τὴν
1747 2190 1984 2257 γυναῖκα

404 2267 483 2336 τῷ
506 2268 678 2338 ἀνδρὶ,
708 2270 790 2322 ὅτι
816 2272 1104 2343 προφήτης
1133 2273 1248 2326 ἐστί
1272 2290 1287 2304 ·
1322 2276 1419 2328 καὶ⁸
1465 2274 1825 2345 προσεύξεται
1854 2275 1985 2346 περὶ

410 2357 531 2422 σοῦ,
563 2360 657 2412 καὶ
687 2361 929 2431 σωθήσῃ.
978 2381 998 2413 ι

481 2450 577 2517 ις’.
607 2470 626 2503 ι
667 2453 779 2506 Καὶ
801 2455 1026 2507 ἐκάλεσε
1052 2454 1212 2524 λιμὸν
1242 2456 1335 2510 ἐπὶ
1358 2456 1457 2527 τὴν
1479 2456 1609 2527 γῆν.
1648 2475 1667 2508 ι
1712 2456 1781 2510 'H
1805 2457 1992 2528 ἅμαρ-

406 2545 497 2599 τία
524 2546 624 2616 τὴν
652 2545 899 2600 παιδείαν
919 2546 1239 2615 ἐφέλκεται·
1262 2548 1369 2618 ἡδὲ
1396 2548 1617 2602 παιδεία
1639 2548 1731 2602 τὸν
1751 2548 1990 2622 θηριώδη

410 2637 525 2706 βίον
590 2637 802 2707 ἐλέγχει
829 2652 844 2669 ο
878 2639 907 2692 ὁ
948 2637 1006 2691 δὲ
1032 2637 1253 2709 ἔλεγχος
1285 2640 1384 2709 τήν
1413 2638 1508 2693 τοῦ
1541 2639 1658 2710 βίου
1687 2640 1994 2712 μεταϐολὴν

410 2732 880 2804 πραγματεύεται.
925 2733 1030 2786 Τὸν
1060 2734 1241 2787 τοίνυν
1272 2734 1431 2805 λιμὸν
1478 2736 1731 2806 ἐπήγαγε
1768 2735 1858 2790 διὰ
1898 2736 1996 2790 τὸν

410 2824 728 2896 παράνομον
774 2824 887 2893 βίον
936 2824 1046 2878 τῶν
1089 2825 1395 2896 τηνικαῦτα
1452 2826 1761 2897 ἀνθρώπων
1792 2842 1807 2859 ⁸
1871 2827 1990 2882 ἀλλ’

410 2913 563 2981 ὅμως
594 2914 689 2966 καὶ
713 2912 858 2967 οὕτω
883 2914 991 2969 τῶν
1026 2916 1244 2970 οἰκείων
1277 2915 1626 2987 θεραπόντων
1656 2917 1995 2990 ἐπεμελήθη.

420 3022 438 3054 ι
476 3006 591 3057 Πᾶν
646 3006 925 3076 στήριγμα
977 3007 1144 3077 ἄρτου
1205 3009 1548 3079 συνέτριψεν.
1604 3029 1625 3062 ι
1692 3011 1842 3064 Ἀντὶ
1871 3011 1994 3076 τοῦ,

2068 541 2201 596 illuc
2233 538 2587 595 tabernacula
2621 534 3047 590 transferebant.

2142 634 2308 690 Vens.
2350 634 2518 689 14.1
2558 629 2678 685 Non
2733 629 2985 699 permisit
3040 627 3136 682 ulli
3188 627 3399 682 homini
3454 642 3656 684 nocere

2068 727 2170 782 eis.
2211 745 2229 777 ι
2267 725 2375 781 Eos
2408 724 2557 779 enim
2589 722 2908 792 superiores
2950 720 3188 774 reddidit
3228 720 3315 787 iis,
3359 719 3453 790 qui
3489 734 3659 775 cona-

2069 815 2273 869 bantur
2310 813 2523 868 laedere.
2572 828 2593 863 ι
2633 811 2701 866 Et
2728 808 3202 881 corripuitprofeis
3243 822 3419 878 reges.
3463 826 3484 860 ι

2142 1012 2309 1067 V’uns.
2328 1013 2395 1067 15
2418 1033 2435 1064 ι
2462 1012 2643 1068 Nolite
2663 1022 2886 1083 tangere
2917 1021 3111 1068 unctos
3143 1026 3317 1076 meos,
3351 1019 3407 1066 et
3435 1009 3489 1064 in
3517 1010 3661 1080 'pro-

2071 1107 2263 1176 phetas
2292 1121 2444 1161 meos
2466 1106 2636 1161 nolite
2662 1106 2886 1175 maligni
2908 1120 3080 1161 esse.»
3105 1104 3198 1161 Sic
3224 1104 3278 1159 in
3317 1102 3662 1157 Pharaonem

2072 1197 2458 1252 animadvertit
2496 1196 3065 1251 animadversionibus
3087 1194 3297 1266 magnis
3319 1202 3373 1249 et
3403 1190 3664 1247 terribili—

2073 1289 2195 1356 bus,
2210 1300 2433 1360 propter
2453 1289 2647 1344 Saram
2664 1304 2892 1344 uxorem
2912 1288 3229 1344 Ahrahami.
3247 1287 3340 1342 Sic
3359 1294 3519 1342 nocte
3535 1284 3664 1338 Abi-

2072 1382 2381 1438 mclcchum
2405 1381 2721 1454 perterruit,
2756 1383 2945 1437 dicens
2971 1399 2985 1435 :
3008 1380 3088 1435 En
3128 1378 3382 1434 morieris
3435 1383 3660 1446 propter

2076 1471 2266 1528 Saram
2289 1489 2514 1528 uxorem
2561 1472 2879 1536 Abrahami,
2920 1472 3038 1542 ipsa
3059 1485 3189 1524 vero
3219 1468 3500 1522 rohabitat
3536 1481 3660 1520 cum

2074 1565 2239 1619 virol.
2254 1564 2344 1621 Sic
2361 1566 2605 1621 lsaacum
2619 1565 2989 1619 venerandum
3006 1561 3238 1617 reddidit
3255 1561 3393 1632 apud
3414 1560 3555 1623 illos,
3572 1558 3665 1626 qui

2076 1664 2206 1712 tunc
2221 1657 2558 1712 Palmstinam
2576 1657 2931 1713 incolebant'.
2955 1654 3047 1710 Sic
3065 1654 3351 1709 minitatus
3364 1649 3666 1706 estLabani

2078 1747 2326 1802 occidere
2342 1747 2541 1802 volenti
2564 1766 2578 1802 :
2603 1744 3237 1817 «Caveenim,inquit,ne
3263 1744 3506 1813 loquaris
3528 1742 3666 1796 dura

2083 1847 2270 1891 contra
2295 1853 2515 1892 servum
2540 1851 2720 1891 meum
2751 1839 2770 1859 °
2804 1835 3134 1892 Jacobumb.
3165 1854 3183 1887 ι
3218 1834 3431 1907 1347
3473 1832 3669 1888 Unctos

2084 1942 2263 1985 autem
2299 1931 2561 2000 appellat,
2591 1946 2701 1984 non
2732 1939 2993 1999 tanquam
3023 1930 3145 1985 oleo
3179 1938 3392 1993 unctos,
3424 1928 3518 1983 sed
3550 1937 3672 1982 tan-

2085 2036 2246 2091 quam
2290 2021 2496 2076 electos
2526 2021 2725 2075 factos.
2766 2018 3088 2088 Prophetam
3135 2034 3265 2074 vero
3295 2026 3351 2074 et
3382 2018 3499 2088 ipse
3529 2017 3673 2072 Deus

2084 2112 2459 2167 Abrahamum
2487 2111 2799 2181 appellavit.
2824 2106 3219 2174 «Reddeenim,
3254 2109 3351 2174 ait,
3383 2107 3673 2163 mulierem

2086 2204 2225 2267 viro,
2258 2203 2517 2272 quoniam
2540 2201 2804 2272 propheta
2835 2207 2939 2264 est,
2968 2207 3021 2254 et
3051 2198 3231 2255 orabit
3259 2214 3360 2270 pro
3385 2206 3458 2262 te,
3481 2207 3536 2254 et
3564 2213 3676 2255 ser-

2089 2293 2308 2347 vaberis
2331 2302 2378 2345 θ.
2416 2309 2439 2343 δ

2164 2460 2331 2516 Vsus.
2377 2461 2464 2516 16.
2512 2479 2532 2514 ι
2567 2459 2635 2516 Ει
2674 2460 2892 2517 vocavit
2937 2458 3137 2514 famem
3172 2473 3337 2528 super
3384 2466 3608 2512 terram.
3651 2475 3673 2509 ι

2093 2555 2383 2609 Peccatum
2443 2551 2865 2623 castigationem
2914 2551 3163 2614 attrahit,
3216 2550 3506 2621 castigatio
3549 2564 3679 2605 vero

2097 2647 2326 2702 ferinam
2353 2647 2522 2702 vitam
2549 2645 2856 2716 redarguit,
2893 2644 3210 2716 redargutio
3241 2659 3373 2699 vero
3406 2644 3528 2699 vitae
3559 2658 3682 2697 mu-

2097 2738 2357 2791 tationem
2387 2736 2571 2792 eﬂicit.
2613 2735 2835 2790 Famem
2865 2735 3036 2805 igitur
3066 2736 3283 2790 induxit
3330 2735 3401 2790 ob
3432 2734 3678 2803 iniquam

2099 2827 2264 2881 vitam
2315 2827 2597 2881 hominum
2647 2826 2795 2883 illius
2846 2826 3185 2897 tempestatis
3232 2844 3247 2881 :
3299 2834 3679 2881 verumtamen

2101 2921 2205 2975 hoc
2231 2921 2393 2975 etiam
2432 2920 2594 2975 modo
2626 2920 2695 2975 de
2739 2920 2856 2976 suis
2892 2934 3079 2975 curam
3127 2918 3316 2987 gessit.
3371 2935 3391 2969 ι
3424 2916 3490 2971 Ει
3518 2931 3682 2971 omne

2101 3011 2505 3067 firmamentum
2538 3012 2698 3080 panis
2730 3010 3011 3067 contrivit.
3050 3029 3073 3066 ›
3122 3009 3291 3078 Quasi
3342 3008 3510 3073 dicat,
3541 3005 3676 3062 0m-

415 3098 533 3150 Πᾶν
620 3098 910 3170 διαθρέψαι
968 3099 1266 3170 δυνάμενον
1332 3100 1591 3155 σπανία-αι
1654 3101 1989 3173 πεποίηκεν·

2103 3103 2251 3157 nium
2290 3119 2498 3167 rerum,
2530 3108 2672 3173 fqute
2703 3103 2913 3157 nutrire
2945 3110 3217 3172 poterant,
3254 3100 3493 3168 inopiam
3527 3098 3679 3160 fecit,

414 3190 477 3242 οὐ
512 3190 670 3259 μόνον
719 3194 885 3254 σῖτον.
934 3192 1070 3246 ἀλλὰ
1104 3193 1200 3247 καὶ
1239 3193 1456 3265 κριθὰς,
1499 3193 1594 3248 καὶ
1636 3192 1864 3265 ὄσπρια,
1898 3195 1996 3249 καὶ

415 3282 463 3335 τ’
490 3282 624 3337 ἄλλα
649 3284 718 3337 δι’
743 3277 818 3339 ὧν
849 3284 1512 3358 βιοτεύουσιν.ἄνθρο›ποι.

493 3461 578 3526 ιζ’.
625 3481 645 3514 ι
682 3461 1026 3516 Ἀπέστειλεν
1077 3462 1390 3534 ἔμπροσθεν
1446 3464 1631 3520 αὐτῶν
1682 3465 1993 3537 ἄνθρωπον,

422 3554 499 3615 είς
549 3553 733 3607 δοῦλον
763 3554 810 3588 ⁸⁵
863 3554 1077 3626 ἐπράθη
1159 3556 1382 3628 Ἰωσήφ.
1416 3575 1435 3609 ι
1486 3557 1801 3627 Ἀμφότερα
1855 3557 1997 3612 κατὰ

419 3644 618 3697 ταυτὸν
665 3645 923 3715 ἐδήλωσε,
976 3646 1070 3701 καὶ
1107 3646 1488 3725 τῶνυάδελφῶν
1527 3649 1627 3720 τὴν
1661 3640 2009 3719 μοχθηρίαν(

421 3733 518 3786 καὶ
566 3734 665 3804 τὴν
711 3735 877 3789 αὑτοῦ
907 3736 1134 3806 σοφίανο
1183 3740 1251 3808 τῇ
1306 3738 1416 3809 γὰρ
1458 3739 1685 3792 ἐκείνων
1732 3741 1814 3803 εἰς
1875 3739 1994 3793 δέον

422 3825 693 3895 ἐχρήσατο
732 3827 985 3899 πονηρίᾳ.
1018 3829 1091 3882 Οὐ
1116 3829 1227 3899 γὰρ
1267 3829 1431 3891 αὐτὸς
1468 3830 1713 3893 ἐκείνους
1749 3829 1998 3898 ἠνάγκα-

424 3931 516 3966 σεν
555 3916 942 3986 ἀπεμπολῆσαι
987 3916 1080 3971 τὸν
1122 3917 1371 3984 ἀδελφὸν,
1417 3918 1554 3971 ἀλλὰ
1582 3921 1647 3989 τῇ
1694 3918 1999 3991 κακοηθείᾳ

427 4002 526 4072 μὲν
563 4006 627 4074 τῇ
663 4005 884 4058 ἐκείνων
918 4005 1229 4059 ἐνδέδωκεν.
1263 4007 1432 4070 Αὐτὸς
1464 4008 1521 4062 δὲ
1551 4011 1631 4071 είς
1670 4008 1788 4063 δέον
1818 4008 1994 4081 ταύτῃ

426 4096 792 4165 χρησάμενος,
832 4095 1054 4164 βασιλέα
1096 4097 1188 4149 τὸν
1230 4098 1415 4151 δοῦλον
1460 4100 1731 4170 ἀπέφηνε,
1784 4100 1879 4154 καὶ
1921 4102 2000 4170 τῷ

425 4184 575 4251 γένει
600 4185 696 4254 τὴν
726 4187 805 4247 εἰς
840 4185 1113 4248 Αἴγυπτον
1143 4186 1368 4239 κάθοδον
1397 4189 1822 4257 ἐπρυτάνευσεν.
1851 4190 2000 4244 Ἔδει

427 4276 538 4343 γὰρ
570 4277 696 4335 τοὺς
726 4276 855 4330 λαὸν
892 4276 1028 4328 Θεοῦ
1079 4276 1371 4346 μέλλοντας
1409 4281 1792 4350 χρηματίζειν,
1844 4298 2004 4352 περι-

430 4369 616 4435 φανεῖς
653 4366 906 4430 γενέσθαι
958 4368 1052 4420 καὶ
1120 4369 1518 4438 περιϐλέπτους
1558 4371 1647 4424 διὰ
1690 4371 1801 4424 τῶν
1851 4371 1996 4441 ὑπὲρ

2106 3209 2215 3247 non
2251 3191 2430 3248 s'olum
2463 3193 2745 3256 frumenti,
2793 3194 2888 3248 sed
2920 3192 3083 3247 etiam
3111 3191 3324 3254 hordei,
3360 3203 3408 3243 et
3448 3189 3681 3260 legumi-

2106 3301 2259 3345 num.
2310 3292 2365 3339 et
2412 3285 2644 3339 aliarum
2698 3298 2905 3351 rerum,
2960 3283 3166 3354 quibus
3205 3281 3456 3336 homines
3510 3280 3681 3334 vitam

2106 3384 2436 3433 sustentant.

2178 3465 2347 3520 Vens.
2392 3466 2478 3519 I7.
2545 3463 2750 3520 (Misit
2803 3474 2928 3521 ante
2981 3478 3077 3520 eos
3127 3466 3306 3519 virum
3363 3461 3682 3533 quemdam,

2105 3572 2208 3627 pro
2240 3570 2402 3612 servo
2429 3557 2776 3610 venundatus
2803 3564 2890 3611 est
2918 3552 3141 3624 Ioseph.
3185 3571 3206 3605 ι
3248 3552 3554 3621 Utrumque
3589 3564 3683 3605 eas

2108 3648 2234 3704 dem
2282 3662 2446 3717 opera
2496 3646 2817 3711 declaravit,
2868 3654 2925 3701 et
2974 3643 3206 3699 fratrum
3258 3642 3582 3711 nequitiam,
3632 3649 3687 3695 et

2109 3754 2266 3796 suam
2313 3740 2488 3809 ipsius
2532 3737 2854 3808 sapientiam
2904 3756 2918 3790 :
2967 3752 3093 3791 nam
3150 3735 3371 3790 illorum
3423 3732 3687 3805 pravitate

2110 3838 2417 3899 opportune
2447 3844 2583 3883 usus
2610 3835 2717 3883 est.
2750 3825 2870 3881 Non
2901 3827 3048 3882 enim
3082 3825 3199 3896 ipse
3228 3840 3324 3880 eos
3354 3824 3586 3894 impulit,
3629 3831 3689 3876 ut

2112 3919 2334 3975 fratrem
2359 3921 2677 3985 venderent,
2702 3919 2797 3974 sed
2822 3919 3038 3972 illorum
3065 3917 3406 3987 perversitati
3437 3914 3679 3969 indulsit.

2112 4011 2234 4082 Ipse
2259 4026 2386 4066 vero
2417 4020 2720 4079 opportune
2752 4010 2857 4063 hac
2893 4019 3071 4072 utens,
3100 4026 3164 4063 ex
3199 4024 3358 4063 servo
3394 4022 3576 4078 regem
3610 4007 3691 4060 ef-

2116 4104 2261 4170 fecit,
2289 4112 2341 4158 et
2373 4103 2556 4172 generi
2585 4101 2910 4155 descensum
2940 4101 2992 4153 in
3021 4100 3315 4170 IEgyptum
3346 4097 3686 4168 procuravit.

2112 4194 2412 4265 Oportebat
2436 4194 2604 4257 enim,
2640 4203 2700 4246 ut
2722 4193 2820 4261 ‘qui
2850 4191 3077 4246 vocandi
3109 4202 3268 4244 erant
3299 4189 3534 4258 populus
3568 4187 3686 4248 Dei,

2114 4286 2248 4343 clari
2298 4293 2353 4340 et
2400 4284 2642 4339 illustres
2698 4283 2894 4337 ﬂerent
2944 4297 3041 4351 per
3090 4280 3352 4335 miracula
3405 4293 3504 4349 pro
3554 4279 3689 4346 ipsis

2114 4380 2278 4434 edita.
2327 4376 2606 4446 Siquidem
2660 4388 2791 4429 cura
2833 4373 2940 4427 illis
2988 4371 3227 4427 exhibita
3281 4369 3452 4424 Deum
3496 4383 3689 4423 eorum

431 4459 613 4512 αὐτῶν
651 4459 949 4528 γινομένων
1006 4459 1324 4528 θαυμάτων.
1370 4461 1436 4514 Ἡ
1479 4462 1589 4533 γὰρ
1652 4464 1733 4526 είς
1798 4465 1989 4527 αὐτοὺς

2115 4468 2459 4537 praedicabat,
2490 4466 2883 4534 audientesque
2905 4462 3106 4518 divinae
3129 4459 3456 4531 cognitionis
3484 4457 3692 4512 lumine

429 4550 689 4620 γινομένη
731 4550 1024 4620 κηδεμονία
1075 4551 1167 4603 τὸν
1207 4550 1414 4604 τούτων
1458 4553 1589 4606 Θεὸν
1629 4556 1964 4626 ἁνεκήρυττε
1990 4596 2006 4619 ,

430 4643 669 4706 καὶτοὺς
711 4641 1010 4705 ἀκούοντας
1043 4642 1120 4712 τῷ
1171 4644 1309 4710 φωτὶ
1341 4644 1439 4715 τῆς
1475 4644 1803 4714 θεογνωσίας
1861 4664 1998 4699 κατ-

431 4731 676 4802 έλαμψεν
696 4733 760 4786 ⁸⁸.

504 4829 593 4893 ιη’.
637 4840 654 4872 ι
705 4821 1110 4876 Ἐταπείνωσαν
1139 4823 1198 4874 ἐν
1240 4822 1430 4887 πέδαις
1464 4823 1591 4888 τοὺς
1616 4824 1783 4888 πόδας
1809 4826 2008 4889 αὐτοῦ,

438 4912 651 4981 σίδηρον
685 4912 903 4983 διῆλθεν
942 4914 975 4982 ή
1014 4911 1162 4983 ψυχὴ
1180 4913 1367 4966 αὐτοῦ.
1407 4932 1426 4965 ι
1457 4913 1614 4967 Μετὰ
1641 4913 1751 4986 γὰρ
1791 4915 1887 4987 τὴν
1911 4918 2013 4985 τῆς

441 5000 682 5071 μοιχείας
731 5004 1117 5074 συκοφαντίαν,
1165 5004 1227 5056 τὸ
1252 5004 1627 5074 δεσμωτήριον
1661 5003 1870 5074 ῷκησε,
1900 5007 1996 5058 καὶ

438 5093 750 5162 παραυτίκα
776 5096 852 5159 ὡς
876 5096 1023 5161 εἰκὸς
1055 5096 1394 5168 περιέθηκαν
1419 5095 1568 5166 αύτῷ
1587 5096 1658 5150 τὰ
1683 5099 1748 5150 ἐκ
1780 5098 2006 5167 σιδήρου

439 5182 632 5252 δεσμά.
685 5186 852 5239 Τοῦτο
894 5187 1074 5257 μέντοι
1116 5190 1144 5242 δ
1191 5187 1490 5259 Σύμμαχος
1539 5187 1713 5252 οὕτως
1763 5190 2006 5261 εἴρηκεν,

524 5386 700 5442 ιϐοιι.
731 5402 821 5453 xx,
849 5388 903 5443 5.
981 5400 1006 5428 ι
1035 5387 1168 5444 Gen.
1208 5405 1353 5456 χχιι,
1389 5387 1472 5443 10.
1553 5385 1578 5425 ι’
1607 5386 1744 5442 Gen.
1779 5403 1931 5452 xxxi,
1957 5387 2047 5443 24.

2112 4558 2440 4617 illustrabat.

2183 4823 2350 4879 Vens.
2393 4822 2480 4879 18.
2529 4841 2548 4874 ι
2584 4820 3018 4876 Humiliaverunt
3047 4818 3102 4873 in
3134 4815 3493 4887 compedibus
3526 4812 3692 4883 pedes

2114 4917 2254 4987 ejus,
2291 4915 2494 4971 ferrum
2530 4913 2844 4986 pertransiit
2884 4912 3124 4967 animam
3159 4912 3301 4980 ejus.
3343 4929 3362 4962 ι
3401 4907 3533 4962 Nam
3568 4916 3692 4975 post

2115 5007 2366 5063 adulterii
2410 5005 2736 5060 calumniam
2777 5003 2994 5075 1358
3039 5003 3092 5057 in
3141 5001 3359 5057 vincula
3408 4998 3692 5066 conjectus

2113 5110 2216 5162 est,
2267 5097 2580 5167 statimque.
2637 5105 2697 5151 ut
2743 5096 3036 5151 verisimile
3084 5102 3188 5159 est,
3254 5093 3429 5147 ferrea
3474 5086 3691 5142 vincula

2116 5190 2217 5261 ipsi
2245 5190 2642 5258 imposuerunt.
2678 5186 2792 5243 lioc
2817 5186 2963 5242 enim
2994 5185 3359 5258 Symmachus
3386 5182 3467 5236 sic
3501 5178 3635 5233 dixit
3669 5195 3689 5230 ι

2127 5399 2149 5426 α
2181 5386 2320 5442 Gen.
2354 5403 2444 5452 xx,
2485 5385 2538 5441 7.

1569 5542 1804 5599 νΑιιῐίΕ
1849 5542 2229 5601 LECTIONES
2263 5543 2352 5598 ET
2388 5543 2630 5600 ΝΟΤιΕ.

513 5685 556 5716 ⁵ο
587 5685 708 5737 coli.
752 5682 873 5736 Vat.
905 5681 1063 5735 habet
1117 5682 1349 5751 ὄιψητθε,
1400 5684 1549 5737 Alex.
1601 5682 1885 5737 ἅπτεσθαι.

1965 5685 2005 5715 ⁶¹
2051 5683 2180 5737 Rev.
2233 5683 2394 5737 lectio
2431 5686 2483 5738 h.
2520 5683 2558 5735 1.
2594 5689 2678 5735 est
2733 5674 3117 5747 πονηρεύεσθε.

3198 5675 3241 5707 θ’
3267 5673 3450 5744 Οὕτω,
3484 5690 3608 5731 κ.τ.
3640 5667 3699 5725 λ.

450 5756 559 5810 Alia
584 5756 743 5810 habet
775 5753 938 5809 (Iord.
974 5754 1007 5806 Ι.
1033 5768 1083 5807 c.
1168 5747 1226 5785 '5"
1248 5755 1426 5808 Harii.
1459 5755 1579 5809 cod.
1621 5756 1634 5807 I
1681 5754 1838 5824 μετὰ.
1915 5754 1989 5803 ⁶³ε

2136 5754 2161 5806 1
2191 5754 2453 5808 δουλείαν.
2528 5754 2572 5785 ⁸³
2608 5750 2731 5806 cod.
2762 5750 2783 5801 l
2830 5747 3198 5817 κατέλαμπεν.
