4006 6198
330 246 463 329 ῙἹΞῘ

1703 253 1788 313 IN
1828 255 2033 318 PSAL.
2099 258 2213 322 CV.

3408 257 3583 326 1722

325 388 497 426 πε·.›σε
518 370 575 427 δέ
615 369 796 426 αὐτῶν
834 368 930 423 καὶ
959 366 1020 422 τὸ
1051 364 1206 437 δίψος
1239 366 1359 431 ταῖς
1383 362 1712 438 παραδόξοις
1743 366 1898 421 ὠδῖσι

2010 372 2164 428 etiam
2220 373 2366 430 sitim
2400 372 2654 431 restinxit
2685 374 2948 432 inauditis
2992 373 3263 447 partubus
3309 375 3451 431 saxi.
3514 379 3575 431 In

326 466 427 535 τῆς
459 463 683 535 πέτρας.
742 463 828 516 Ἐν
858 460 1072 532 ἀνύδρῳ
1098 459 1208 533 γὰρ
1242 461 1335 530 γῇ,
1369 459 1465 512 καὶ
1493 459 1697 523 νοτίδος
1749 460 1901 512 ἐστε-

331 556 565 627 ρημένῃ,
599 555 878 624 ποταμοὺς
892 552 1192 608 ἀναϐλῦσαι
1213 551 1518 620 προσέταξε
1548 566 1563 580 ·
1595 549 1901 617 ποταμοὺς

330 647 387 700 δέ
422 645 577 700 καλεῖ
631 644 743 699 τῶν
766 644 1133 698 ἀναδοθέντων
1161 643 1225 696 ἐκ
1280 643 1381 710 τῆς
1429 643 1637 712 πέτρας
1691 641 1900 695 ὑδάτων

322 737 447 801 τοὺς
475 736 716 807 ὀχετούς.

394 847 504 916 μβ¹,
541 854 649 917 μγ’.
688 866 706 899 ι
747 847 870 900 Ὀτι
900 845 1145 918 ἐμνήσθη
1166 846 1260 899 τοῦ
1289 844 1455 915 λόγου
1490 844 1587 898 τοῦ
1618 844 1776 911 ἁγίου
1802 843 1902 897 αύ-

324 937 440 1000 τοῦ,
466 936 560 990 τοῦ
589 938 726 1007 πρδς
766 936 1018 1006 ’Λϐραάμ
1044 937 1135 990 τὸν
1172 936 1358 990 δοῦλον
1389 934 1580 990 αὑτοῦ.
1658 935 1768 988 Καὶ
1808 932 1900 999 ἐξ-

325 1028 502 1096 ήγαγε
541 1026 631 1080 τὸν
664 1027 791 1081 λαὸν
819 1027 984 1081 αὑτοῦ
1017 1027 1075 1079 ἐν
1106 1026 1447 1096 ἀγαλλιάσει,
1475 1025 1571 1079 καὶ
1601 1024 1724 1086 τοὺς
1748 1023 1901 1076 ἐκλε-

326 1118 488 1180 κτοὺς
521 1116 685 1170 αὑτοῦ
716 1119 774 1169 ἐν
804 1115 1130 1189 εὐφροσύνῃ.
1170 1135 1189 1169 ι
1225 1115 1443 1169 Τούτων
1474 1115 1529 1168 δὲ
1559 1114 1777 1169 πάντων
1799 1116 1899 1167 αύ-

325 1207 438 1267 τοῖς
473 1207 766 1275 μετέδωκε.
798 1207 895 1267 τὰς
928 1205 1064 1275 πρὶς
1086 1206 1178 1258 τὸν
1223 1204 1478 1276 Ἀϐραὰμ
1525 1203 1900 1275 γεγενημένας

326 1291 418 1345 ὑπ’
445 1292 608 1345 αὑτοῦ
641 1292 975 1360 ἐπαγγελίας
999 1292 1242 1362 πληρῶν.

396 1401 496 1472 μδ’.
535 1421 554 1455 t
601 1404 711 1457 Καὶ
748 1404 947 1458 ἔδωκεν
978 1406 1163 1468 αὐτοῖς
1204 1403 1390 1475 χώρας
1437 1403 1630 1467 ἐθνῶν,
1662 1405 1760 1459 καὶ
1798 1404 1900 1458 πύ-

323 1513 447 1560 νους
474 1496 620 1550 λαῶν
642 1497 879 1567 κατεκλη
890 1498 1198 1569 ρονόμησαν
1220 1499 1263 1550 ².
1279 1515 1297 1548 ι
1329 1497 1402 1549 οὐ
1423 1495 1531 1566 γὰρ
1557 1496 1579 1528 ³
1615 1496 1773 1566 μόνον
1797 1495 1899 1564 τῆς

325 1589 640 1656 Αίγυπτίων
664 1589 1004 1660 ἠλευθέρωσε
1028 1589 1296 1654 δουλείας,
1313 1588 1450 1643 ἀλλὰ
1469 1589 1564 1642 καὶ
1583 1589 1692 1642 τῶν
1718 1590 1902 1642 Χανα-

325 1680 492 1732 ναίων
539 1681 721 1742 αὐτοῖς
751 1681 1062 1750 ἐδωρήσατο
1110 1681 1238 1751 γῆν,
1293 1680 1388 1732 καὶ
1432 1679 1541 1733 τῶν
1603 1679 1903 1749 ἀλλοτρίων

324 1772 505 1824 πόνων
534 1772 800 1833 δεσπότας
824 1749 1069 1839 ἀπέφηνε
1093 1787 1107 1800 ·
1147 1749 1241 1822 καὶ
1271 1769 1517 1831 ἐκείνους
1540 1769 1777 1831 κολάσας
1816 1770 1899 1820 ἐνο
1932 1749 1973 1801 Β

322 1860 507 1923 δίκως,
548 1864 644 1914 καὶ⁵
672 1862 770 1924 τὰς
806 1861 1011 1923 οἰκείας
1037 1859 1359 1930 ἐμπεδώσεις
1389 1860 1743 1927 ἐπαγγελίας.
1778 1859 1898 1912 Ὅτι

323 1949 379 2001 δὲ
408 1951 508 2003 οὐκ
556 1951 757 2012 ἀδίκως
781 1950 1006 2015 ἐξέϐαλε
1034 1952 1162 2013 τοὺς
1186 1949 1379 2021 πρώην
1406 1950 1506 2020 τὴν
1533 1950 1899 2020 Παλαιστίνην

323 2041 624 2104 οἰκοῦντας,
647 2042 885 2095 διδάσκει
920 2042 1020 2102 μὲν
1054 2043 1149 2096 καὶ
1172 2043 1241 2095 δι’
1272 2035 1347 2095 ὧν
1384 2041 1668 2104 Ἰουδαίοις
1707 2042 1898 2110 ἐνομο-

328 2128 543 2199 θέτησε,
579 2132 801 2199 φεύγειν
830 2133 1092 2196 κελεύσας
1116 2133 1215 2203 τῆς
1246 2133 1471 2185 ἐκείνων
1505 2132 1779 2195 πολιτείας
1802 2132 1900 2203 τὴν

333 2219 585 2288 μίμησιν.
646 2222 897 2273 Διδάσκει
944 2221 1004 2275 δὲ
1032 2223 1128 2276 και
1171 2223 1272 2285 τὰς
1302 2221 1439 2292 πρὸς
1502 2222 1592 2275 τδν
1657 2221 1904 2292 Ἀϐραὰμ

330 2309 663 2378 ἐπαγγελίας
694 2312 1035 2383 ποιούμενος,
1082 2315 1136 2367 τί
1169 2315 1370 2386 δήποτε
1435 2314 1509 2386 μὴ
1543 2315 1704 2378 εὐθὺς
1756 2314 1904 2384 αὐτῷ

330 2399 509 2453 δίδωσι
540 2402 640 2471 τῆς
664 2403 767 2470 γῆς
795 2405 1006 2475 ἐκείνης
1033 2405 1133 2474 τὴν
1164 2405 1507 2469 δεσποτείαν,
1541 2404 1676 2458 ἀλλά
1705 2421 1903 2473 παροι-

329 2493 449 2543 κεῖν
477 2492 568 2544 ἐπὶ
599 2493 847 2546 πλεῖστον
883 2494 968 2565 ἐᾷ.
1004 2514 1022 2544 ι
1051 2494 1222 2548 οὔπω
1274 2493 1419 2565 γάρ,’
1458 2495 1645 2565 φησιν,
1704 2496 1902 2548 ἀναπεο

329 2578 646 2649 πλήρωνται
702 2583 757 2635 αί
800 2583 1069 2652 ἁμαρτίαι
1096 2584 1206 2637 τῶν
1251 2585 1597 2655 Ἀμορραίων
1646 2585 1751 2645 ἓως
1811 2582 1905 2636 τοῦ

333 2669 431 2722 νῦν
456 2687 469 2701 ·
514 2690 532 2723 ι
567 2673 686 2726 ἀντὶ
715 2672 833 2737 τοῦ,
856 2674 1082 2727 Οὐδέπω
1098 2675 1472 2747 πανωλεθρίας
1504 2676 1908 2746 τετολμήκασιν

338 2760 466 2825 ἀξια
493 2780 505 2792 ε
532 2763 628 2827 καὶ
658 2764 719 2816 οὐ
754 2763 959 2818 δίκαιον
994 2766 1177 2828 αὐτοῖς
1227 2765 1326 2834 τὴν
1372 2766 1642 2837 τιμωρίαν
1700 2768 1910 2834 ἐπαγα-

339 2851 475 2915 γεῖν,
508 2851 629 2903 οὐδὲ
657 2854 722 2923 τῇ
754 2852 1056 2923 προγνώσει
1084 2856 1185 2925 τῆς
1219 2854 1464 2924 μείζονος
1492 2855 1771 2924 ἁμαρτίας
1810 2858 1910 2925 τῆς

335 2941 605 3011 τιμωρίας
627 2941 726 3011 τὴν
744 2942 924 3013 ψῆφον
954 2942 1285 3012 ἐξενεγκεῖν,
1316 2944 1452 2998 ἀλλά
1481 2945 1771 3014 ἀναμεῖναι
1799 2943 1910 2997 τῶν

1999 464 2152 517 arida
2181 465 2326 518 enim
2352 473 2517 529 terra,
2572 474 2627 519 et
2662 465 2891 521 humore
2941 467 3177 537 privata,
3239 476 3298 522 ut
3348 466 3572 521 ﬁumina

2000 554 2329 610 seaturirent
2361 556 2662 626 imperavit.
2701 556 2955 611 Flumina
2992 568 3171 614 autem
3202 565 3365 613 vocat
3400 574 3573 627 aqua-

2001 659 2122 698 rum
2148 645 2314 709 rivos,
2343 646 2432 715 qui
2463 661 2492 700 e
2516 655 2668 716 petra
2709 646 3005 701 ﬁnxerunt.

2072 839 2237 896 Vsus.
2276 840 2366 905 42,
2407 841 2495 896 45.
2535 859 2555 893 ι
2586 840 2853 908 Quoniam
2880 858 3090 897 memor
3129 844 3231 900 luit
3263 845 3415 900 verbi
3448 861 3575 900 san-

2000 931 2073 987 cti
2103 932 2209 997 sui,
2241 932 2382 1001 quod
2414 932 2630 988 locutus
2659 944 2777 988 erat
2801 933 2868 988 ad
2912 936 3288 991 Abrahamum
3352 951 3572 992 servum

2000 1040 2179 1080 suum.
2211 1023 2275 1078 Et
2301 1024 2489 1078 eduxit
2513 1024 2769 1093 populum
2793 1042 2950 1080 suum
3007 1027 3061 1082 in
3097 1028 3483 1092 exsultatione,
3520 1037 3575 1083 et

2000 1116 2200 1170 electos
2230 1129 2359 1169 suos
2384 1114 2437 1168 in
2475 1115 2681 1171 laetitia.
2723 1134 2740 1167 ι
2773 1115 3040 1173 Caeterum
3075 1121 3190 1175 haec
3221 1121 3403 1174 Omnia
3467 1120 3573 1175 illis

2003 1206 2284 1274 impertiit,
2334 1207 2602 1276 promissa
2638 1209 2707 1262 ab
2761 1223 2827 1263 eo
2876 1209 3190 1266 Abrahamo
3253 1211 3396 1267 facta
3442 1227 3573 1282 per-

2004 1297 2215 1352 ﬁciens.

2074 1407 2238 1465 Vnus.
2268 1408 2358 1464 44.
2395 1426 2415 1461 ι
2451 1407 2520 1464 Ει
2544 1409 2693 1464 dedit
2720 1409 2827 1466 illis
2851 1410 3102 1480 regiones
3130 1413 3395 1483 gentium,
3424 1422 3477 1468 et
3492 1413 3573 1467 la-

2001 1502 2162 1557 bores
2189 1501 2509 1572 populorum
2546 1502 2927 1573 possederunt.
2968 1520 2988 1554 ι
3049 1501 3168 1557 Νοη
3222 1504 3383 1558 modo
3425 1505 3569 1558 enim

2002 1594 2070 1646 ah
2125 1592 2447 1665 Egyptiaea
2508 1595 2772 1649 servitute
2809 1592 3010 1647 liberos
3068 1591 3217 1659 fecit,
3260 1594 3355 1648 sed
3405 1594 3570 1648 etiam

2000 1682 2429 1737 Chananmornm
2473 1683 2608 1752 ipsis
2628 1685 2856 1754 largitus
2879 1692 2960 1738 est
2985 1692 3206 1748 terram,
3236 1685 3572 1739 alienorum-

1999 1790 2105 1843 que
2130 1775 2370 1828 laborum
2402 1774 2652 1829 dominos
2692 1773 2842 1837 fecit,
2877 1782 2931 1828 et
2957 1775 3012 1828 in
3041 1775 3162 1841 illos
3210 1773 3358 1844 juste
3386 1773 3567 1826 anim-

1999 1864 2316 1927 advertens,
2405 1874 2458 1918 et
2517 1880 2644 1918 suas
2697 1864 3119 1933 pollicitationes
3212 1862 3569 1917 conﬁrmans.

1999 1954 2154 2020 Quod
2187 1961 2367 2007 autem
2401 1966 2511 2007 non
2546 1954 2748 2022 injuste
2779 1970 2896 2020 eos,
2927 1955 3018 2023 qui
3054 1946 3287 2023 primum
3336 1951 3574 2006 Palmsli-

1999 2061 2123 2099 nam
2155 2045 2480 2110 incolebant,
2512 2044 2783 2112 exegerit,
2825 2043 2986 2098 docet
3015 2042 3237 2112 quidem
3295 2052 3348 2097 et
3383 2057 3480 2109 per
3508 2054 3574 2094 ea

2000 2152 2123 2205 qua:
2158 2133 2358 2190 Iudaeis
2380 2135 2600 2197 indixit,
2631 2134 2952 2206 praecipiens
2986 2142 3047 2187 ut
3068 2132 3422 2187 imitationem
3446 2132 3576 2185 vitae

2001 2227 2220 2280 illorum
2256 2226 2527 2296 fugerent.
2557 2223 2721 2281 Docet
2745 2226 2907 2280 etiam
2925 2224 3317 2295 promissiones
3343 2222 3577 2277 Abrahee

2006 2315 2230 2377 iaciens,
2266 2330 2364 2368 cur
2402 2329 2510 2367 non
2552 2315 2737 2369 statim
2769 2315 2915 2369 illius
2947 2323 3105 2368 terrae
3162 2312 3445 2383 imperium
3476 2311 3576 2366 de-

2004 2406 2167 2470 derit,
2197 2406 2288 2461 sed
2320 2407 2413 2459 diu
2453 2407 2577 2460 illos
2607 2406 2942 2474 peregrinari
2992 2406 3201 2459 siverit.
3269 2424 3289 2456 ι
3324 2403 3577 2457 Nondum

2004 2496 2170 2562 enim,
2229 2497 2427 2566 inquit,
2470 2496 2705 2563 impletae
2761 2504 2886 2550 sunt
2914 2495 3230 2563 iniquitates
3261 2495 3577 2548 Amorran-

2007 2604 2127 2644 rum
2161 2603 2333 2657 usque
2385 2588 2440 2642 in
2476 2587 2802 2642 hodiernum
2836 2587 2978 2640 diem
3013 2589 3061 2639 8.
3102 2603 3120 2636 ›
3147 2584 3576 2650 Quasidiceret:

2005 2680 2253 2735 Nondum
2292 2688 2535 2734 extrema
2560 2678 2801 2748 pernicie
2827 2679 2989 2749 digna
3019 2679 3137 2733 ausi
3170 2684 3335 2732 sunt:
3367 2686 3421 2731 et
3470 2675 3579 2729 mi-

2008 2772 2153 2826 nime
2181 2771 2384 2841 justum
2442 2778 2561 2825 erat
2618 2770 2752 2840 ipsis
2810 2784 3024 2840 pinnam
3059 2768 3321 2838 irrOgare,
3369 2764 3583 2838 1355

2009 2879 2184 2932 neque
2225 2863 2446 2932 majoris
2505 2864 2714 2932 peccati
2753 2861 3094 2932 prmscicntia
3139 2858 3384 2930 supplicii
3453 2872 3581 2912 sen-

2012 2956 2230 3007 tentiam
2260 2953 2634 3023 pronuntiare,
2664 2953 2759 3007 sed
2795 2966 2978 3006 rerum
3009 2951 3172 3004 linem
3236 2955 3577 3016 exspectare.

334 3034 677 3102 πραγμάτων
703 3033 764 3086 τὸ
790 3034 962 3098 τέλος.
990 3037 1195 3106 Μέτρῳ
1219 3037 1328 3107 γὰρ
1351 3037 1597 3107 χρῶμαι,
1625 3037 1718 3090 καὶ
1752 3036 1909 3089 σταθ-

2012 3045 2262 3100 Mensura
2297 3045 2447 3098 enim
2480 3051 2626 3107 utor,
2655 3052 2709 3098 et
2758 3052 2959 3098 statera
3008 3040 3283 3105 moderor,
3342 3044 3397 3093 et
3449 3035 3584 3090 nihil

337 3122 425 3192 μῷ
485 3124 830 3193 πρυτανεύω,
862 3127 956 3179 καὶ
994 3127 1148 3180 οὐδὲν
1182 3128 1532 3198 ἀστάθμητον
1567 3130 1703 3199 παρ’
1761 3128 1908 3198 ἐμοί.

336 3214 436 3268 Διά
460 3214 618 3268 τοῦτο
635 3216 1003 3285 τετρακοσίων
1030 3219 1169 3271 ἐτῶν
1197 3219 1454 3290 ἀναμένω
1467 3219 1734 3289 περίοδον.
1750 3219 1907 3273 Οὕτω

338 3308 623 3369 κάκείνους
660 3308 903 3373 ἐξέϐαλε,
951 3310 1048 3363 καὶ
1092 3310 1305 3374 τούτοις
1367 3312 1703 3380 ἐπαγγελίας
1728 3312 1751 3344 ⁸
1807 3313 1915 3366 ἀπ·

340 3398 560 3454 έδωκεν.

413 3496 513 3559 με’.
556 3510 575 3543 ι
609 3491 793 3553 Ὅπως
823 3491 891 3545 ἂν
928 3490 1210 3559 φυλάξωσι
1239 3492 1307 3546 τά
1333 3491 1685 3562 δικαιώματα
1717 3494 1910 3556 αὐτοῦ,

341 3582 435 3635 καὶ⁸
479 3582 569 3634 τὸν
620 3582 783 3651 νόμον
830 3583 993 3637 αὐτοῦ
1035 3582 1412 3653 ἐκζητήσωσιν
1441 3583 1484 3637 ³.
1518 3602 1537 3635 ι
1594 3584 1807 3637 Δέδωκε
1856 3584 1914 3637 δέ

339 3674 542 3738 αὐτοῖς,
574 3675 759 3745 φησὶν,
787 3674 855 3744 ῆν
885 3676 906 3707 ⁸
945 3675 1311 3745 ἐπηγγείλατο
1341 3675 1468 3746 γῆν,
1519 3677 1684 3746 νόμον
1731 3677 1915 3740 αὐτοῖς

338 3764 607 3831 δεδωκὼς,
645 3766 908 3820 καὶκατὰ
930 3766 1119 3821 τοῦτον
1151 3767 1415 3838 βιοτεύειν
1470 3768 1763 3834 κελεύσας.

654 4008 920 4062 ΕΡΜΗΝ.
950 4008 1088 4062 ΤΟΥ
1113 4005 1213 4062 PE'
1260 4008 1587 4069 ΨΑΛΜΟΥ.

424 4116 808 4186 Ἀλληλούτα.
867 4120 955 4171 Ἐν
1005 4120 1102 4189 μὲν
1153 4120 1231 4191 τῷ
1279 4127 1324 4189 ρ’
1359 4122 1453 4173 καὶ
1498 4119 1539 4173 δ’
1576 4120 1776 4191 ψαλμῷ
1817 4120 1918 4184 τὰς

343 4207 493 4272 Θείας
518 4211 546 4262 ὁ
574 4209 911 4278 προφητικὸς
938 4210 1095 4277 λόγος
1118 4209 1393 4278 διεξῆλθεν
1437 4210 1760 4280 εὐεργεσίας
1787 4228 1802 4241 ·
1859 4213 1916 4263 ἐν

342 4300 516 4371 τούτῳ
540 4301 595 4352 δὲ
623 4300 718 4353 καὶ
739 4300 848 4352 τῶν
888 4299 1214 4370 εὐεργεσιῶν
1268 4298 1563 4369 μέμνηται,
1625 4299 1720 4352 καὶ
1770 4298 1869 4361 τὰς
1895 4298 1915 4329 ⁷

2013 3143 2099 3191 est
2122 3135 2265 3206 apud
2288 3149 2376 3190 mc
2405 3135 2548 3204 quod
2578 3134 2833 3188 libratum
2874 3147 2980 3186 non
3010 3133 3104 3188 sit.
3129 3130 3422 3200 Propterea
3446 3142 3586 3195 qua-

2012 3226 2425 3295 dringentorum
2454 3239 2722 3278 annorum
2753 3224 3034 3292 periodum
3064 3233 3343 3292 exspecto.
3380 3220 3473 3275 Sic
3526 3226 3585 3274 et

2013 3315 2140 3370 illos
2164 3314 2367 3384 exegit,
2401 3322 2457 3369 et
2484 3314 2571 3369 bis
2590 3314 2986 3384 promissiones
3012 3312 3297 3383 persolvit.

2014 3534 2017 3537 ς
2086 3491 2252 3547 Vens.
2278 3491 2369 3546 45.
2413 3507 2434 3543 ι
2464 3489 2536 3544 Ut
2561 3485 3342 3557 custodirentjustiﬁcationes
3369 3482 3511 3552 ejus,
3533 3489 3589 3537 et

2014 3583 2184 3654 legem
2221 3583 2340 3652 ejus
2382 3582 2749 3653 requirerent.
2790 3598 2809 3631 ι
2850 3578 3009 3634 Dedit
3069 3585 3249 3631 autem
3287 3574 3443 3641 ipsis,
3486 3574 3588 3638 ait,

2018 3654 2216 3730 terram
2256 3689 2420 3744 quam
2477 3671 2829 3742 promiserat,
2881 3684 3005 3724 cum
3050 3668 3131 3723 eis
3188 3669 3362 3736 legem
3414 3665 3588 3728 daret,

2015 3774 2070 3821 et
2121 3764 2421 3821 secundum
2479 3764 2622 3819 hanc
2665 3763 2836 3833 legem
2894 3760 3063 3814 vitam
3121 3758 3321 3827 degere
3377 3756 3591 3828 prmci-

2016 3860 2190 3924 peret.

2428 4004 2448 4025 ⁶
2473 4002 2746 4057 INTERP.
2772 4001 3023 4057 PSALMI
3086 3999 3198 4057 CV.

2088 4117 2335 4174 Alleluia.
2372 4116 2430 4171 In
2458 4116 2759 4172 centesimo
2790 4121 2990 4185 quarto
3025 4114 3237 4181 psalmo
3308 4113 3588 4182 propheti-

2020 4226 2114 4265 cus
2148 4224 2327 4263 sermo
2357 4208 2539 4263 divina
2570 4206 2825 4277 exposuit
2851 4204 3115 4259 beneﬁcia
3143 4219 3157 4256 :
3212 4203 3266 4255 in
3298 4202 3405 4256 hoc
3460 4216 3594 4256 vero

2019 4300 2178 4355 etiam
2234 4297 2493 4352 beneﬁcia
2527 4300 2936 4351 commemorat.
2965 4300 3020 4346 et
3049 4291 3319 4359 ingratum
3347 4287 3591 4341 animum

343 4391 454 4443 τῶν
515 4389 985 4458 εὐεργετηθέντων
1054 4389 1378 4459 ἀχαριστίας
1429 4391 1768 4459 κατηγορεῖ,
1821 4389 1909 4441 καὶ

2017 4406 2231 4450 eorum.
2265 4390 2356 4459 qui
2389 4388 2646 4442 beneﬁcia
2714 4386 2990 4441 consecuti
3057 4389 3230 4446 erant,
3285 4379 3589 4442 insimulat,

344 4482 442 4543 τὰς
470 4479 851 4549 ἐπενεχθείσας
900 4481 1080 4542 αὐτοῖς
1134 4480 1405 4551 διαφόρως
1466 4480 1737 4548 τιμωρίας
1785 4478 1921 4532 διδά-

346 4589 489 4625 σκει.
520 4570 945 4639 Ἑσχημάτισται
972 4570 1029 4623 δέ
1058 4570 1133 4632 ὡς
1156 4573 1220 4623 ἐκ
1247 4570 1538 4640 προσώπου
1567 4570 1677 4623 τῶν
1694 4570 1918 4624 εὐσεϐε-

348 4659 575 4728 στέρων,
625 4657 723 4718 τὰς
782 4656 966 4719 κοινὰς
990 4658 1402 4728 ὀλοφυρομένων
1466 4659 1769 4730 συμφορὰς,
1825 4661 1919 4713 καὶ

350 4749 566 4819 φειδοῦς
595 4751 777 4819 τυχεῖν
807 4747 1250 4801 ἀντιϐολούντων.

368 4940 373 4945 ι
424 4868 492 4915 α’.
526 4881 544 4913 ι
585 4859 1031 4931 Ἐξομολογεῖσοε
1060 4860 1138 4928 τῷ
1169 4858 1379 4928 Κυρίῳ,
1428 4859 1777 4930 ὄτιχρηστδς,
1836 4862 1920 4914 ὄτι

357 4951 434 5012 εἰς
480 4951 573 5005 τὸν
602 4952 774 5004 αἰῶνα
813 4951 876 5003 τὸ
906 4949 1052 5014 ἔλεος
1096 4949 1280 5003 αὐτοῦ.
1330 4968 1348 4999 ›
1383 4951 1492 5003 Καὶ
1523 4952 1615 5002 ἐπὶ
1639 4954 1757 5014 ταῖς
1784 4969 1920 5022 προ-

2019 4490 2074 4537 et
2108 4495 2296 4549 pcenas
2323 4480 2457 4548 ipsis
2507 4478 2657 4533 varie
2719 4477 2986 4546 irrogatas
3071 4472 3251 4527 docet.
3302 4469 3591 4524 Formatus

2021 4581 2104 4627 est
2139 4581 2320 4625 autem
2368 4578 2626 4640 tauquam
2657 4583 2724 4623 ex
2785 4580 3017 4637 persona
3071 4562 3364 4618 hominum
3420 4561 3592 4631 magis

2021 4664 2258 4731 piorum,
2314 4674 2635 4715 communes
2666 4657 3064 4728 deplorantium
3122 4655 3480 4717 calamitates,
3536 4662 3591 4707 et

2025 4762 2085 4807 ut
2119 4752 2505 4820 indulgentiam
2545 4762 2954 4820 consequantur
2984 4746 3414 4803 obsecrantium.

2094 4865 2260 4920 Vens.
2289 4864 2339 4918 l.
2378 4882 2397 4916 ι
2432 4864 2780 4920 Conﬁtemini
2808 4863 3066 4924 Domino,
3096 4859 3357 4931 quoniam
3393 4857 3592 4917 honns,

2027 4958 2286 5026 quoniam
2317 4956 2369 5010 in
2404 4956 2659 5011 saeculum
2692 4954 3062 5010 misericordia
3096 4952 3236 5021 ejus.
3275 4968 3295 5002 ι
3348 4951 3415 5002 Ει
3468 4962 3596 5015 pro-

354 5040 540 5109 τέραις
571 5044 915 5112 εὐεργεσίαις
938 5043 1030 5096 τὸν
1059 5043 1339 5112 Δεσπότην
1367 5042 1668 5113 ύμνήσατε,
1708 5044 1909 5106 καὶτὰς

2028 5056 2146 5114 pter
2172 5045 2397 5115 pristina
2431 5045 2695 5101 beneﬁcia
2752 5044 3045 5099 Dominum
3090 5041 3379 5099 celebrate,
3404 5043 3594 5090 etme-

355 5133 720 5203 χρηστοτέρας
745 5135 963 5199 ἐλπίδας
991 5135 1383 5206 προσμείνατε.
1425 5133 1654 5202 Ἀγαοὸς
1686 5135 1793 5204 γάρ
1825 5137 1920 5188 καὶ⁸

355 5218 732 5291 φιλάνθρωπος
757 5224 786 5276 ὀ
814 5226 1112 5296 Δεσπότης,
1161 5226 1257 5279 καὶ
1282 5226 1369 5278 ἀεὶ
1400 5224 1476 5293 τῷ
1507 5225 1643 5294 ἐλέῳ
1687 5225 1924 5277 διατελεῖ

425 5381 452 5421 ε
472 5379 605 5434 Gen.
637 5396 727 5447 xv,
754 5380 840 5436 16.

2015 5137 2179 5192 liores
2213 5153 2337 5205 spes
2367 5137 2658 5206 concipite.
2710 5135 2893 5190 Bonus
2927 5135 3071 5189 enim
3104 5140 3159 5188 et
3187 5129 3458 5197 benignus
3514 5132 3596 5178 est

2028 5224 2312 5290 Dominus,
2350 5225 2836 5295 misericordiaque
2885 5238 3101 5293 semper
3133 5221 3327 5276 utitur.
3389 5216 3597 5271 Deinde

1440 5473 1676 5530 VARUE
1717 5473 2096 5531 LECTIONES
2136 5476 2223 5531 ET
2262 5476 2497 5533 ΝΟΤᾸι).

422 5562 445 5594 ί
469 5559 592 5615 cod.
628 5559 750 5634 vat.
782 5561 1242 5634 ἐκληρονόμησαν.

1355 5567 1377 5599 ³
1410 5567 1493 5619 Οὐ
1519 5565 1651 5635 γὰρ,
1683 5582 1735 5618 κ.
1770 5583 1820 5620 τ.
1854 5566 1904 5618 λ.
1932 5566 2192 5622 Pauciora
2227 5568 2389 5623 habet
2429 5570 2590 5624 Cord.
2617 5578 2654 5623 t.
2685 5568 2770 5629 Ill,

2806 5581 2861 5636 p.
2893 5565 3012 5619 150.
3122 5560 3147 5595 δ
3186 5560 3428 5633 Ἐπαγτ.
3458 5565 3582 5621 cod.

358 5630 378 5684 Ι
414 5645 596 5701 prtem.
619 5633 738 5694 τάς.
816 5635 837 5665 ⁵
866 5630 1291 5699 Ἐκζόιτ.ἸΙοΙ)ιο.
1322 5644 1379 5689 ιιι
1421 5630 1806 5690 conservaram.
1880 5637 1901 5665 ⁸

2010 5653 2065 5689 ν.
2097 5639 2216 5692 cod.
2259 5639 2282 5692 l
2322 5639 2472 5694 addit
2500 5640 2612 5693 καί.
2689 5639 2710 5670 ⁷
2740 5630 2860 5692 cod.
2887 5636 2911 5687 1
2942 5637 3060 5705 τῆς·
