  <div class='ocr_page' id='page_1' title='image "/cluster/home/n/w/nwhite01/storage/ocr_20150623/80/mdp.39015007044145/898.png"; bbox 0 0 4006 6198; ppageno 0'>
   <div class='ocr_carea' id='block_1_1' title="bbox 326 244 464 312">
    <p class='ocr_par' dir='ltr' id='par_1_1' title="bbox 326 244 464 312">
     <span class='ocr_line' id='line_1_1' title="bbox 326 244 464 312; baseline 0.014 -2"><span class='ocrx_word' id='word_1_1' title='bbox 326 244 464 312; x_wconf 78' lang='lat'><strong>1725</strong></span> 
     </span>
    </p>
   </div>
   <div class='ocr_carea' id='block_1_2' title="bbox 1743 253 2554 318">
    <p class='ocr_par' dir='ltr' id='par_1_2' title="bbox 1743 253 2554 318">
     <span class='ocr_line' id='line_1_2' title="bbox 1743 253 2554 318; baseline 0.002 -4"><span class='ocrx_word' id='word_1_2' title='bbox 1743 253 1826 314; x_wconf 83' lang='lat' dir='ltr'><strong>IN</strong></span> <span class='ocrx_word' id='word_1_3' title='bbox 1867 257 2073 316; x_wconf 89' lang='lat' dir='ltr'><strong>PSAL.</strong></span> <span class='ocrx_word' id='word_1_4' title='bbox 2116 257 2228 318; x_wconf 88' lang='lat' dir='ltr'><strong>CV.</strong></span> <span class='ocrx_word' id='word_1_5' title='bbox 2409 272 2416 277; x_wconf 90' lang='lat'>&#39;</span> <span class='ocrx_word' id='word_1_6' title='bbox 2522 269 2554 283; x_wconf 82' lang='lat'><strong>&quot;</strong></span> 
     </span>
    </p>
   </div>
   <div class='ocr_carea' id='block_1_3' title="bbox 3437 249 3592 318">
    <p class='ocr_par' dir='ltr' id='par_1_3' title="bbox 3437 249 3592 318">
     <span class='ocr_line' id='line_1_3' title="bbox 3437 249 3592 318; baseline 0.013 -2"><span class='ocrx_word' id='word_1_7' title='bbox 3437 249 3592 318; x_wconf 64' lang='grc'><strong>⁵1726</strong></span> 
     </span>
    </p>
   </div>
   <div class='ocr_carea' id='block_1_4' title="bbox 321 357 1910 444">
    <p class='ocr_par' dir='ltr' id='par_1_4' title="bbox 321 357 1901 444">
     <span class='ocr_line' id='line_1_4' title="bbox 321 357 1901 444; baseline 0 -28"><span class='ocrx_word' id='word_1_8' title='bbox 321 359 609 430; x_wconf 79' lang='grc' dir='ltr'><strong>ὡδήγησεν</strong></span> <span class='ocrx_word' id='word_1_9' title='bbox 640 357 840 423; x_wconf 76' lang='grc' dir='ltr'>αὐτοὺς</span> <span class='ocrx_word' id='word_1_10' title='bbox 864 359 923 413; x_wconf 85' lang='grc' dir='ltr'><strong>ἐν</strong></span> <span class='ocrx_word' id='word_1_11' title='bbox 948 358 1282 444; x_wconf 72' lang='grc' dir='ltr'>ἁὸύσσῳ,ᾦς</span> <span class='ocrx_word' id='word_1_12' title='bbox 1310 363 1370 416; x_wconf 85' lang='grc' dir='ltr'><strong>ἐν</strong></span> <span class='ocrx_word' id='word_1_13' title='bbox 1399 363 1615 435; x_wconf 83' lang='grc' dir='ltr'>ἐρήμῳ.</span> <span class='ocrx_word' id='word_1_14' title='bbox 1638 362 1748 416; x_wconf 75' lang='grc' dir='ltr'><strong>Καὶ</strong></span> <span class='ocrx_word' id='word_1_15' title='bbox 1769 363 1901 416; x_wconf 74' lang='grc' dir='ltr'>ἐσω-</span> 
     </span>
    </p>
   </div>
   <div class='ocr_carea' id='block_1_5' title="bbox 2027 357 3591 444">
    <p class='ocr_par' dir='ltr' id='par_1_5' title="bbox 2027 363 3591 436">
     <span class='ocr_line' id='line_1_5' title="bbox 2027 363 3591 436; baseline -0.001 -15"><span class='ocrx_word' id='word_1_16' title='bbox 2027 381 2103 421; x_wconf 69' lang='lat' dir='ltr'><strong>:os</strong></span> <span class='ocrx_word' id='word_1_17' title='bbox 2143 382 2237 436; x_wconf 85' lang='lat' dir='ltr'><strong>per</strong></span> <span class='ocrx_word' id='word_1_18' title='bbox 2259 366 2517 436; x_wconf 80' lang='lat' dir='ltr'><strong>abyssum</strong></span> <span class='ocrx_word' id='word_1_19' title='bbox 2559 365 2704 423; x_wconf 78' lang='lat' dir='ltr'><strong>sicut</strong></span> <span class='ocrx_word' id='word_1_20' title='bbox 2757 365 2814 421; x_wconf 89' lang='lat' dir='ltr'><strong>in</strong></span> <span class='ocrx_word' id='word_1_21' title='bbox 2853 365 3095 423; x_wconf 83' lang='lat' dir='ltr'><strong>deserto.</strong></span> <span class='ocrx_word' id='word_1_22' title='bbox 3139 363 3206 420; x_wconf 84' lang='lat' dir='ltr'><strong>Et</strong></span> <span class='ocrx_word' id='word_1_23' title='bbox 3239 363 3471 420; x_wconf 78' lang='lat' dir='ltr'><strong>salvavit</strong></span> <span class='ocrx_word' id='word_1_24' title='bbox 3495 377 3591 420; x_wconf 73' lang='lat' dir='ltr'><strong>eos</strong></span> 
     </span>
    </p>
   </div>
   <div class='ocr_carea' id='block_1_6' title="bbox 325 449 1902 525">
    <p class='ocr_par' dir='ltr' id='par_1_6' title="bbox 325 449 1902 525">
     <span class='ocr_line' id='line_1_6' title="bbox 325 449 1902 525; baseline 0.004 -24"><span class='ocrx_word' id='word_1_25' title='bbox 325 465 418 501; x_wconf 87' lang='grc' dir='ltr'><strong>σεν</strong></span> <span class='ocrx_word' id='word_1_26' title='bbox 449 449 651 514; x_wconf 76' lang='grc' dir='ltr'>αὐτοὺς</span> <span class='ocrx_word' id='word_1_27' title='bbox 683 451 748 504; x_wconf 86' lang='grc' dir='ltr'><strong>ἐκ</strong></span> <span class='ocrx_word' id='word_1_28' title='bbox 771 449 954 520; x_wconf 80' lang='grc' dir='ltr'>χειρὸς</span> <span class='ocrx_word' id='word_1_29' title='bbox 988 453 1277 522; x_wconf 77' lang='grc' dir='ltr'>μισοῦντος</span> <span class='ocrx_word' id='word_1_30' title='bbox 1305 455 1374 519; x_wconf 78' lang='grc'>¹⁶,</span> <span class='ocrx_word' id='word_1_31' title='bbox 1409 457 1506 508; x_wconf 77' lang='grc' dir='ltr'>καὶ</span> <span class='ocrx_word' id='word_1_32' title='bbox 1555 454 1902 525; x_wconf 83' lang='grc' dir='ltr'>ἐλυτρώσατο</span> 
     </span>
    </p>
   </div>
   <div class='ocr_carea' id='block_1_7' title="bbox 323 539 1902 618">
    <p class='ocr_par' dir='ltr' id='par_1_7' title="bbox 323 539 1902 618">
     <span class='ocr_line' id='line_1_7' title="bbox 323 539 1902 618; baseline 0.004 -26"><span class='ocrx_word' id='word_1_33' title='bbox 323 539 522 604; x_wconf 78' lang='grc' dir='ltr'>αὐτοὺς</span> <span class='ocrx_word' id='word_1_34' title='bbox 550 541 614 594; x_wconf 87' lang='grc' dir='ltr'><strong>ἐκ</strong></span> <span class='ocrx_word' id='word_1_35' title='bbox 655 541 836 612; x_wconf 83' lang='grc' dir='ltr'>χειρὸς</span> <span class='ocrx_word' id='word_1_36' title='bbox 869 543 1087 615; x_wconf 77' lang='grc' dir='ltr'>ἐχθροῦ.</span> <span class='ocrx_word' id='word_1_37' title='bbox 1123 563 1141 596; x_wconf 74' lang='grc' dir='ltr'><strong>ιι</strong></span> <span class='ocrx_word' id='word_1_38' title='bbox 1177 545 1336 618; x_wconf 82' lang='grc' dir='ltr'>Λόγῳ</span> <span class='ocrx_word' id='word_1_39' title='bbox 1363 547 1474 618; x_wconf 79' lang='grc' dir='ltr'>γὰρ</span> <span class='ocrx_word' id='word_1_40' title='bbox 1496 546 1596 612; x_wconf 77' lang='grc' dir='ltr'>τῆς</span> <span class='ocrx_word' id='word_1_41' title='bbox 1623 545 1902 618; x_wconf 77' lang='grc' dir='ltr'>θαλάσσης</span> 
     </span>
    </p>
   </div>
   <div class='ocr_carea' id='block_1_8' title="bbox 323 629 1904 705">
    <p class='ocr_par' dir='ltr' id='par_1_8' title="bbox 323 629 1904 705">
     <span class='ocr_line' id='line_1_8' title="bbox 323 629 1904 705; baseline 0.004 -24"><span class='ocrx_word' id='word_1_42' title='bbox 323 629 416 682; x_wconf 83' lang='grc' dir='ltr'><strong>τὸν</strong></span> <span class='ocrx_word' id='word_1_43' title='bbox 447 629 694 698; x_wconf 83' lang='grc' dir='ltr'><strong>πυθμένα</strong></span> <span class='ocrx_word' id='word_1_44' title='bbox 729 631 1050 701; x_wconf 79' lang='grc' dir='ltr'><strong>γυμνώσας,</strong></span> <span class='ocrx_word' id='word_1_45' title='bbox 1079 635 1176 700; x_wconf 83' lang='grc' dir='ltr'><strong>τὴν</strong></span> <span class='ocrx_word' id='word_1_46' title='bbox 1207 636 1408 704; x_wconf 83' lang='grc' dir='ltr'>πολλὴν</span> <span class='ocrx_word' id='word_1_47' title='bbox 1467 635 1682 705; x_wconf 85' lang='grc' dir='ltr'>ἐκείνην</span> <span class='ocrx_word' id='word_1_48' title='bbox 1735 635 1904 690; x_wconf 73' lang='grc' dir='ltr'>ἄϐυσ-</span> 
     </span>
    </p>
   </div>
   <div class='ocr_carea' id='block_1_9' title="bbox 327 723 1906 799">
    <p class='ocr_par' dir='ltr' id='par_1_9' title="bbox 327 723 1906 799">
     <span class='ocr_line' id='line_1_9' title="bbox 327 723 1906 799; baseline 0.005 -27"><span class='ocrx_word' id='word_1_49' title='bbox 327 738 418 775; x_wconf 98' lang='grc' dir='ltr'><strong>σον</strong></span> <span class='ocrx_word' id='word_1_50' title='bbox 473 723 777 794; x_wconf 81' lang='grc' dir='ltr'><strong>ἱππήλατον</strong></span> <span class='ocrx_word' id='word_1_51' title='bbox 824 725 1008 788; x_wconf 79' lang='grc' dir='ltr'>αὐτοῖς</span> <span class='ocrx_word' id='word_1_52' title='bbox 1070 726 1350 799; x_wconf 68' lang='grc' dir='ltr'>ἀπέφηνεν</span> <span class='ocrx_word' id='word_1_53' title='bbox 1403 726 1632 799; x_wconf 79' lang='grc' dir='ltr'>ἔρημον.</span> <span class='ocrx_word' id='word_1_54' title='bbox 1689 728 1906 799; x_wconf 82' lang='grc' dir='ltr'>Ἐπειδὴ</span> 
     </span>
    </p>
   </div>
   <div class='ocr_carea' id='block_1_10' title="bbox 325 811 1908 890">
    <p class='ocr_par' dir='ltr' id='par_1_10' title="bbox 325 811 1908 890">
     <span class='ocr_line' id='line_1_10' title="bbox 325 811 1908 890; baseline 0.006 -26"><span class='ocrx_word' id='word_1_55' title='bbox 325 811 434 883; x_wconf 82' lang='grc' dir='ltr'><strong>γὰρ</strong></span> <span class='ocrx_word' id='word_1_56' title='bbox 495 814 556 866; x_wconf 84' lang='grc' dir='ltr'><strong>ἐν</strong></span> <span class='ocrx_word' id='word_1_57' title='bbox 605 817 728 877; x_wconf 78' lang='grc' dir='ltr'>ταῖς</span> <span class='ocrx_word' id='word_1_58' title='bbox 777 817 1008 888; x_wconf 85' lang='grc' dir='ltr'>ἐρήμοις</span> <span class='ocrx_word' id='word_1_59' title='bbox 1053 819 1223 890; x_wconf 80' lang='grc' dir='ltr'>πολλὴ</span> <span class='ocrx_word' id='word_1_60' title='bbox 1267 822 1378 884; x_wconf 89' lang='grc' dir='ltr'>τοῖς</span> <span class='ocrx_word' id='word_1_61' title='bbox 1427 819 1712 890; x_wconf 80' lang='grc' dir='ltr'><strong>τρέχουσιν</strong></span> <span class='ocrx_word' id='word_1_62' title='bbox 1753 821 1908 874; x_wconf 83' lang='grc' dir='ltr'>εὐκο-</span> 
     </span>
    </p>
   </div>
   <div class='ocr_carea' id='block_1_11' title="bbox 325 901 1903 981">
    <p class='ocr_par' dir='ltr' id='par_1_11' title="bbox 325 901 1903 981">
     <span class='ocr_line' id='line_1_11' title="bbox 325 901 1903 981; baseline 0.008 -27"><span class='ocrx_word' id='word_1_63' title='bbox 325 901 435 964; x_wconf 86' lang='grc' dir='ltr'>λία,</span> <span class='ocrx_word' id='word_1_64' title='bbox 483 904 621 974; x_wconf 85' lang='grc' dir='ltr'>μήτε</span> <span class='ocrx_word' id='word_1_65' title='bbox 643 905 826 972; x_wconf 85' lang='grc' dir='ltr'>φυτῶν</span> <span class='ocrx_word' id='word_1_66' title='bbox 854 907 1044 974; x_wconf 76' lang='grc' dir='ltr'>ὅντων,</span> <span class='ocrx_word' id='word_1_67' title='bbox 1081 910 1220 979; x_wconf 85' lang='grc' dir='ltr'>μήτε</span> <span class='ocrx_word' id='word_1_68' title='bbox 1253 911 1529 981; x_wconf 80' lang='grc' dir='ltr'>φραγμῶν</span> <span class='ocrx_word' id='word_1_69' title='bbox 1559 910 1903 978; x_wconf 84' lang='grc' dir='ltr'><strong>κωλυόντων,</strong></span> 
     </span>
    </p>
   </div>
   <div class='ocr_carea' id='block_1_12' title="bbox 327 993 1912 1074">
    <p class='ocr_par' dir='ltr' id='par_1_12' title="bbox 327 993 1912 1074">
     <span class='ocr_line' id='line_1_12' title="bbox 327 993 1912 1074; baseline -0.009 -9"><span class='ocrx_word' id='word_1_70' title='bbox 327 993 426 1064; x_wconf 68' lang='grc' dir='ltr'><strong>τὴν</strong></span> <span class='ocrx_word' id='word_1_71' title='bbox 459 997 558 1066; x_wconf 79' lang='grc' dir='ltr'><strong>τῆς</strong></span> <span class='ocrx_word' id='word_1_72' title='bbox 608 997 916 1063; x_wconf 76' lang='grc' dir='ltr'>διαϐάσεως</span> <span class='ocrx_word' id='word_1_73' title='bbox 955 998 1210 1054; x_wconf 78' lang='grc' dir='ltr'>εὐκολίαν</span> <span class='ocrx_word' id='word_1_74' title='bbox 1253 1001 1525 1074; x_wconf 75' lang='grc' dir='ltr'><strong>δεδήλωκε</strong></span> <span class='ocrx_word' id='word_1_75' title='bbox 1550 1003 1618 1072; x_wconf 78' lang='grc' dir='ltr'>τῇ</span> <span class='ocrx_word' id='word_1_76' title='bbox 1653 1001 1758 1071; x_wconf 73' lang='grc' dir='ltr'>τῆς</span> <span class='ocrx_word' id='word_1_77' title='bbox 1783 1002 1912 1074; x_wconf 82' lang='grc' dir='ltr'>ἐρή-</span> 
     </span>
    </p>
   </div>
   <div class='ocr_carea' id='block_1_13' title="bbox 331 1087 774 1159">
    <p class='ocr_par' dir='ltr' id='par_1_13' title="bbox 331 1087 774 1159">
     <span class='ocr_line' id='line_1_13' title="bbox 331 1087 774 1159; baseline 0.005 -21"><span class='ocrx_word' id='word_1_78' title='bbox 331 1103 434 1155; x_wconf 91' lang='grc' dir='ltr'><strong>μου</strong></span> <span class='ocrx_word' id='word_1_79' title='bbox 470 1105 544 1139; x_wconf 92' lang='grc' dir='ltr'><strong>πα</strong></span> <span class='ocrx_word' id='word_1_80' title='bbox 551 1087 751 1159; x_wconf 74' lang='grc' dir='ltr'>ραϐολῇ</span> <span class='ocrx_word' id='word_1_81' title='bbox 763 1129 774 1140; x_wconf 94' lang='grc'><strong>.</strong></span> 
     </span>
    </p>
   </div>
   <div class='ocr_carea' id='block_1_14' title="bbox 403 1175 1912 1249">
    <p class='ocr_par' dir='ltr' id='par_1_14' title="bbox 403 1175 1912 1249">
     <span class='ocr_line' id='line_1_14' title="bbox 403 1175 1912 1249; baseline 0.004 -21"><span class='ocrx_word' id='word_1_82' title='bbox 403 1182 488 1230; x_wconf 84' lang='grc' dir='ltr'>ια’.</span> <span class='ocrx_word' id='word_1_83' title='bbox 529 1196 548 1228; x_wconf 79' lang='grc' dir='ltr'><strong>ι</strong></span> <span class='ocrx_word' id='word_1_84' title='bbox 589 1178 890 1248; x_wconf 79' lang='grc' dir='ltr'>Ἐκάλυψεν</span> <span class='ocrx_word' id='word_1_85' title='bbox 931 1179 1076 1249; x_wconf 78' lang='grc' dir='ltr'>ὕδωρ</span> <span class='ocrx_word' id='word_1_86' title='bbox 1103 1180 1230 1243; x_wconf 81' lang='grc' dir='ltr'>τοὺς</span> <span class='ocrx_word' id='word_1_87' title='bbox 1261 1179 1544 1246; x_wconf 81' lang='grc' dir='ltr'>θλίϐοντας</span> <span class='ocrx_word' id='word_1_88' title='bbox 1591 1175 1912 1247; x_wconf 74' lang='grc' dir='ltr'>αὐτοὺς,εἷς</span> 
     </span>
    </p>
   </div>
   <div class='ocr_carea' id='block_1_15' title="bbox 329 1265 1916 1345">
    <p class='ocr_par' dir='ltr' id='par_1_15' title="bbox 329 1265 1916 1345">
     <span class='ocr_line' id='line_1_15' title="bbox 329 1265 1916 1345; baseline 0.004 -26"><span class='ocrx_word' id='word_1_89' title='bbox 329 1265 389 1332; x_wconf 80' lang='grc' dir='ltr'>ἐξ</span> <span class='ocrx_word' id='word_1_90' title='bbox 419 1267 594 1320; x_wconf 80' lang='grc' dir='ltr'>αὐτῶν</span> <span class='ocrx_word' id='word_1_91' title='bbox 620 1269 719 1340; x_wconf 81' lang='grc' dir='ltr'>οὐχ</span> <span class='ocrx_word' id='word_1_92' title='bbox 749 1269 1074 1342; x_wconf 79' lang='grc' dir='ltr'><strong>ὑπελείφθη.</strong></span> <span class='ocrx_word' id='word_1_93' title='bbox 1127 1289 1148 1324; x_wconf 76' lang='grc' dir='ltr'><strong>ι</strong></span> <span class='ocrx_word' id='word_1_94' title='bbox 1187 1271 1401 1336; x_wconf 83' lang='grc' dir='ltr'>Πάντας</span> <span class='ocrx_word' id='word_1_95' title='bbox 1429 1273 1540 1345; x_wconf 78' lang='grc' dir='ltr'>γὰρ</span> <span class='ocrx_word' id='word_1_96' title='bbox 1565 1275 1690 1336; x_wconf 78' lang='grc' dir='ltr'>τοὺς</span> <span class='ocrx_word' id='word_1_97' title='bbox 1743 1273 1916 1342; x_wconf 77' lang='grc' dir='ltr'>Λίγυ-</span> 
     </span>
    </p>
   </div>
   <div class='ocr_carea' id='block_1_16' title="bbox 327 1357 1913 1435">
    <p class='ocr_par' dir='ltr' id='par_1_16' title="bbox 327 1357 1913 1435">
     <span class='ocr_line' id='line_1_16' title="bbox 327 1357 1913 1435; baseline 0.006 -26"><span class='ocrx_word' id='word_1_98' title='bbox 327 1357 518 1422; x_wconf 85' lang='grc' dir='ltr'>πτίους</span> <span class='ocrx_word' id='word_1_99' title='bbox 547 1359 918 1432; x_wconf 75' lang='grc' dir='ltr'>ὑποϐρυχίους</span> <span class='ocrx_word' id='word_1_100' title='bbox 942 1363 1214 1432; x_wconf 82' lang='grc' dir='ltr'>πεποίηκε</span> <span class='ocrx_word' id='word_1_101' title='bbox 1239 1379 1254 1394; x_wconf 75' lang='grc'><strong><em>⁸</em></strong></span> <span class='ocrx_word' id='word_1_102' title='bbox 1283 1365 1380 1417; x_wconf 57' lang='grc' dir='ltr'><strong>καλ⁸</strong></span> <span class='ocrx_word' id='word_1_103' title='bbox 1418 1365 1454 1434; x_wconf 81' lang='grc' dir='ltr'><strong>ἡ</strong></span> <span class='ocrx_word' id='word_1_104' title='bbox 1489 1364 1630 1435; x_wconf 81' lang='grc' dir='ltr'>αὑτὴ</span> <span class='ocrx_word' id='word_1_105' title='bbox 1665 1363 1913 1418; x_wconf 79' lang='grc' dir='ltr'>θάλασσα</span> 
     </span>
    </p>
   </div>
   <div class='ocr_carea' id='block_1_17' title="bbox 339 1449 1913 1527">
    <p class='ocr_par' dir='ltr' id='par_1_17' title="bbox 339 1449 1913 1527">
     <span class='ocr_line' id='line_1_17' title="bbox 339 1449 1913 1527; baseline 0.005 -25"><span class='ocrx_word' id='word_1_106' title='bbox 339 1449 613 1520; x_wconf 79' lang='grc' dir='ltr'>Ἑϐραίοις</span> <span class='ocrx_word' id='word_1_107' title='bbox 655 1453 754 1524; x_wconf 76' lang='grc' dir='ltr'>μὲν</span> <span class='ocrx_word' id='word_1_108' title='bbox 802 1455 1101 1526; x_wconf 77' lang='grc' dir='ltr'>σωτηρίαν,</span> <span class='ocrx_word' id='word_1_109' title='bbox 1140 1455 1466 1524; x_wconf 73' lang='grc' dir='ltr'><strong>Αἰγυπτίοις</strong></span> <span class='ocrx_word' id='word_1_110' title='bbox 1521 1455 1580 1508; x_wconf 85' lang='grc' dir='ltr'><strong>δέ</strong></span> <span class='ocrx_word' id='word_1_111' title='bbox 1639 1455 1913 1527; x_wconf 76' lang='grc' dir='ltr'><strong>τιμωρίαν</strong></span> 
     </span>
    </p>
   </div>
   <div class='ocr_carea' id='block_1_18' title="bbox 327 1544 603 1614">
    <p class='ocr_par' dir='ltr' id='par_1_18' title="bbox 327 1544 603 1614">
     <span class='ocr_line' id='line_1_18' title="bbox 327 1544 603 1614; baseline 0.014 -17"><span class='ocrx_word' id='word_1_112' title='bbox 327 1544 603 1614; x_wconf 80' lang='grc' dir='ltr'>ἐπήγαγε.</span> 
     </span>
    </p>
   </div>
   <div class='ocr_carea' id='block_1_19' title="bbox 401 1636 1912 1713">
    <p class='ocr_par' dir='ltr' id='par_1_19' title="bbox 401 1636 1912 1713">
     <span class='ocr_line' id='line_1_19' title="bbox 401 1636 1912 1713; baseline 0.001 -23"><span class='ocrx_word' id='word_1_113' title='bbox 401 1636 488 1707; x_wconf 79' lang='grc' dir='ltr'>ιβ’.</span> <span class='ocrx_word' id='word_1_114' title='bbox 528 1657 547 1690; x_wconf 75' lang='grc' dir='ltr'><strong>ι</strong></span> <span class='ocrx_word' id='word_1_115' title='bbox 589 1639 700 1693; x_wconf 76' lang='grc' dir='ltr'><strong>Καὶ</strong></span> <span class='ocrx_word' id='word_1_116' title='bbox 727 1639 1062 1696; x_wconf 87' lang='grc' dir='ltr'>ἐπίστευσαν</span> <span class='ocrx_word' id='word_1_117' title='bbox 1103 1641 1354 1713; x_wconf 80' lang='grc' dir='ltr'>τῷλόγῳ</span> <span class='ocrx_word' id='word_1_118' title='bbox 1381 1640 1426 1672; x_wconf 79' lang='grc'><strong>⁸⁷</strong></span> <span class='ocrx_word' id='word_1_119' title='bbox 1486 1637 1672 1705; x_wconf 81' lang='grc' dir='ltr'>αὐτοῦ,</span> <span class='ocrx_word' id='word_1_120' title='bbox 1733 1641 1830 1694; x_wconf 77' lang='grc' dir='ltr'>καὶ</span> <span class='ocrx_word' id='word_1_121' title='bbox 1868 1639 1912 1672; x_wconf 77' lang='grc'><strong>⁸⁸</strong></span> 
     </span>
    </p>
   </div>
   <div class='ocr_carea' id='block_1_20' title="bbox 2007 455 3586 518">
    <p class='ocr_par' dir='ltr' id='par_1_20' title="bbox 2007 455 3586 518">
     <span class='ocr_line' id='line_1_20' title="bbox 2007 455 3586 518; baseline -0.002 -6"><span class='ocrx_word' id='word_1_122' title='bbox 2007 458 2075 513; x_wconf 85' lang='lat' dir='ltr'><strong>de</strong></span> <span class='ocrx_word' id='word_1_123' title='bbox 2111 475 2276 518; x_wconf 82' lang='lat' dir='ltr'><strong>ntauu</strong></span> <span class='ocrx_word' id='word_1_124' title='bbox 2311 459 2522 514; x_wconf 78' lang='lat' dir='ltr'><strong>osoris:</strong></span> <span class='ocrx_word' id='word_1_125' title='bbox 2553 468 2609 515; x_wconf 91' lang='lat' dir='ltr'><strong>et</strong></span> <span class='ocrx_word' id='word_1_126' title='bbox 2646 459 2879 515; x_wconf 88' lang='lat' dir='ltr'><strong>redemit</strong></span> <span class='ocrx_word' id='word_1_127' title='bbox 2912 474 3007 514; x_wconf 91' lang='lat' dir='ltr'><strong>eos</strong></span> <span class='ocrx_word' id='word_1_128' title='bbox 3034 459 3102 516; x_wconf 88' lang='lat' dir='ltr'><strong>de</strong></span> <span class='ocrx_word' id='word_1_129' title='bbox 3127 455 3538 512; x_wconf 86' lang='lat' dir='ltr'><strong>manuinimici.</strong></span> <span class='ocrx_word' id='word_1_130' title='bbox 3564 474 3586 508; x_wconf 69' lang='grc' dir='ltr'><strong>ι</strong></span> 
     </span>
    </p>
   </div>
   <div class='ocr_carea' id='block_1_21' title="bbox 2008 549 3594 623">
    <p class='ocr_par' dir='ltr' id='par_1_21' title="bbox 2008 549 3594 623">
     <span class='ocr_line' id='line_1_21' title="bbox 2008 549 3594 623; baseline 0.002 -21"><span class='ocrx_word' id='word_1_131' title='bbox 2008 549 2144 604; x_wconf 84' lang='lat' dir='ltr'><strong>Nam</strong></span> <span class='ocrx_word' id='word_1_132' title='bbox 2174 566 2300 606; x_wconf 89' lang='lat' dir='ltr'><strong>cum</strong></span> <span class='ocrx_word' id='word_1_133' title='bbox 2333 551 2500 606; x_wconf 81' lang='lat' dir='ltr'><strong>verbo</strong></span> <span class='ocrx_word' id='word_1_134' title='bbox 2524 552 2693 607; x_wconf 87' lang='lat' dir='ltr'><strong>maris</strong></span> <span class='ocrx_word' id='word_1_135' title='bbox 2727 551 2959 607; x_wconf 80' lang='lat' dir='ltr'><strong>fundum</strong></span> <span class='ocrx_word' id='word_1_136' title='bbox 2995 552 3324 623; x_wconf 83' lang='lat' dir='ltr'><strong>aperuisset,</strong></span> <span class='ocrx_word' id='word_1_137' title='bbox 3356 553 3594 606; x_wconf 79' lang='lat' dir='ltr'><strong>immen-</strong></span> 
     </span>
    </p>
   </div>
   <div class='ocr_carea' id='block_1_22' title="bbox 2008 641 3591 715">
    <p class='ocr_par' dir='ltr' id='par_1_22' title="bbox 2008 641 3591 715">
     <span class='ocr_line' id='line_1_22' title="bbox 2008 641 3591 715; baseline 0 -18"><span class='ocrx_word' id='word_1_138' title='bbox 2008 657 2125 697; x_wconf 84' lang='lat' dir='ltr'><strong>sam</strong></span> <span class='ocrx_word' id='word_1_139' title='bbox 2177 641 2328 697; x_wconf 86' lang='lat' dir='ltr'><strong>illam</strong></span> <span class='ocrx_word' id='word_1_140' title='bbox 2369 643 2630 715; x_wconf 75' lang='lat' dir='ltr'><strong>abyssum</strong></span> <span class='ocrx_word' id='word_1_141' title='bbox 2686 643 2824 713; x_wconf 85' lang='lat' dir='ltr'><strong>ipsis</strong></span> <span class='ocrx_word' id='word_1_142' title='bbox 2858 643 3214 698; x_wconf 88' lang='lat' dir='ltr'><strong>solitudinem</strong></span> <span class='ocrx_word' id='word_1_143' title='bbox 3259 643 3418 713; x_wconf 87' lang='lat' dir='ltr'><strong>equis</strong></span> <span class='ocrx_word' id='word_1_144' title='bbox 3463 657 3591 712; x_wconf 85' lang='lat' dir='ltr'><strong>per-</strong></span> 
     </span>
    </p>
   </div>
   <div class='ocr_carea' id='block_1_23' title="bbox 2006 729 3590 799">
    <p class='ocr_par' dir='ltr' id='par_1_23' title="bbox 2006 729 3590 799">
     <span class='ocr_line' id='line_1_23' title="bbox 2006 729 3590 799; baseline 0 -15"><span class='ocrx_word' id='word_1_145' title='bbox 2006 731 2152 785; x_wconf 67' lang='lat' dir='ltr'><strong>viam</strong></span> <span class='ocrx_word' id='word_1_146' title='bbox 2189 730 2338 786; x_wconf 77' lang='lat' dir='ltr'><strong>fecit.</strong></span> <span class='ocrx_word' id='word_1_147' title='bbox 2371 731 2644 799; x_wconf 84' lang='lat' dir='ltr'><strong>Quoniam</strong></span> <span class='ocrx_word' id='word_1_148' title='bbox 2683 734 2832 788; x_wconf 86' lang='lat' dir='ltr'><strong>enim</strong></span> <span class='ocrx_word' id='word_1_149' title='bbox 2865 731 2918 786; x_wconf 89' lang='lat' dir='ltr'><strong>in</strong></span> <span class='ocrx_word' id='word_1_150' title='bbox 2970 730 3364 786; x_wconf 87' lang='lat' dir='ltr'><strong>solitudinibus</strong></span> <span class='ocrx_word' id='word_1_151' title='bbox 3420 729 3590 784; x_wconf 86' lang='lat' dir='ltr'><strong>multa</strong></span> 
     </span>
    </p>
   </div>
   <div class='ocr_carea' id='block_1_24' title="bbox 2012 819 3590 886">
    <p class='ocr_par' dir='ltr' id='par_1_24' title="bbox 2012 819 3590 886">
     <span class='ocr_line' id='line_1_24' title="bbox 2012 819 3590 886; baseline 0 -14"><span class='ocrx_word' id='word_1_152' title='bbox 2012 819 2248 874; x_wconf 79' lang='lat' dir='ltr'><strong>facilitas</strong></span> <span class='ocrx_word' id='word_1_153' title='bbox 2293 829 2378 876; x_wconf 83' lang='lat' dir='ltr'><strong>est</strong></span> <span class='ocrx_word' id='word_1_154' title='bbox 2407 821 2778 886; x_wconf 84' lang='lat' dir='ltr'><strong>currentibus,</strong></span> <span class='ocrx_word' id='word_1_155' title='bbox 2839 836 2964 876; x_wconf 93' lang='lat' dir='ltr'><strong>cum</strong></span> <span class='ocrx_word' id='word_1_156' title='bbox 3026 821 3250 874; x_wconf 84' lang='lat' dir='ltr'><strong>arbores</strong></span> <span class='ocrx_word' id='word_1_157' title='bbox 3298 835 3406 872; x_wconf 91' lang='lat' dir='ltr'><strong>non</strong></span> <span class='ocrx_word' id='word_1_158' title='bbox 3457 819 3590 882; x_wconf 87' lang='lat' dir='ltr'><strong>sint,</strong></span> 
     </span>
    </p>
   </div>
   <div class='ocr_carea' id='block_1_25' title="bbox 2010 909 3590 982">
    <p class='ocr_par' dir='ltr' id='par_1_25' title="bbox 2010 909 3590 982">
     <span class='ocr_line' id='line_1_25' title="bbox 2010 909 3590 982; baseline -0.003 -16"><span class='ocrx_word' id='word_1_159' title='bbox 2010 928 2192 982; x_wconf 87' lang='lat' dir='ltr'><strong>neque</strong></span> <span class='ocrx_word' id='word_1_160' title='bbox 2241 927 2400 982; x_wconf 90' lang='lat' dir='ltr'><strong>sepes</strong></span> <span class='ocrx_word' id='word_1_161' title='bbox 2437 926 2560 981; x_wconf 76' lang='lat' dir='ltr'><strong>qua:</strong></span> <span class='ocrx_word' id='word_1_162' title='bbox 2589 911 2940 982; x_wconf 86' lang='lat' dir='ltr'><strong>prohibeant,</strong></span> <span class='ocrx_word' id='word_1_163' title='bbox 2971 909 3236 965; x_wconf 84' lang='lat' dir='ltr'><strong>transitus</strong></span> <span class='ocrx_word' id='word_1_164' title='bbox 3275 909 3590 965; x_wconf 75' lang='lat' dir='ltr'><strong>facilitatem</strong></span> 
     </span>
    </p>
   </div>
   <div class='ocr_carea' id='block_1_26' title="bbox 1990 1001 3096 1072">
    <p class='ocr_par' dir='ltr' id='par_1_26' title="bbox 1990 1001 3096 1072">
     <span class='ocr_line' id='line_1_26' title="bbox 1990 1001 3096 1072; baseline -0.003 -13"><span class='ocrx_word' id='word_1_165' title='bbox 1990 1003 2326 1060; x_wconf 88' lang='lat' dir='ltr'><strong>.solitudinis</strong></span> <span class='ocrx_word' id='word_1_166' title='bbox 2356 1003 2768 1072; x_wconf 82' lang='lat' dir='ltr'><strong>comparatione</strong></span> <span class='ocrx_word' id='word_1_167' title='bbox 2815 1001 3096 1058; x_wconf 76' lang='lat' dir='ltr'><strong>indicavit.</strong></span> 
     </span>
    </p>
   </div>
   <div class='ocr_carea' id='block_1_27' title="bbox 2079 1179 3594 1250">
    <p class='ocr_par' dir='ltr' id='par_1_27' title="bbox 2079 1179 3594 1250">
     <span class='ocr_line' id='line_1_27' title="bbox 2079 1179 3594 1250; baseline -0.001 -16"><span class='ocrx_word' id='word_1_168' title='bbox 2079 1179 2250 1238; x_wconf 73' lang='lat' dir='ltr'><strong>Vsus.</strong></span> <span class='ocrx_word' id='word_1_169' title='bbox 2286 1181 2374 1236; x_wconf 81' lang='grc'><strong>11.</strong></span> <span class='ocrx_word' id='word_1_170' title='bbox 2414 1199 2434 1233; x_wconf 78' lang='grc' dir='ltr'><strong>ι</strong></span> <span class='ocrx_word' id='word_1_171' title='bbox 2484 1179 2716 1250; x_wconf 88' lang='lat' dir='ltr'><strong>Operuit</strong></span> <span class='ocrx_word' id='word_1_172' title='bbox 2749 1194 2892 1250; x_wconf 83' lang='lat' dir='ltr'><strong>aqua</strong></span> <span class='ocrx_word' id='word_1_173' title='bbox 2923 1179 3248 1236; x_wconf 78' lang='lat' dir='ltr'><strong>tribulantes</strong></span> <span class='ocrx_word' id='word_1_174' title='bbox 3280 1191 3399 1236; x_wconf 89' lang='lat' dir='ltr'><strong>eos.</strong></span> <span class='ocrx_word' id='word_1_175' title='bbox 3448 1191 3594 1232; x_wconf 87' lang='lat' dir='ltr'><strong>unus</strong></span> 
     </span>
    </p>
   </div>
   <div class='ocr_carea' id='block_1_28' title="bbox 2013 1269 3595 1343">
    <p class='ocr_par' dir='ltr' id='par_1_28' title="bbox 2013 1269 3595 1343">
     <span class='ocr_line' id='line_1_28' title="bbox 2013 1269 3595 1343; baseline -0.004 -14"><span class='ocrx_word' id='word_1_176' title='bbox 2013 1288 2082 1329; x_wconf 84' lang='lat' dir='ltr'><strong>ex</strong></span> <span class='ocrx_word' id='word_1_177' title='bbox 2115 1273 2196 1329; x_wconf 87' lang='lat' dir='ltr'><strong>eis</strong></span> <span class='ocrx_word' id='word_1_178' title='bbox 2221 1288 2332 1330; x_wconf 90' lang='lat' dir='ltr'><strong>non</strong></span> <span class='ocrx_word' id='word_1_179' title='bbox 2366 1272 2652 1328; x_wconf 84' lang='lat' dir='ltr'><strong>remansit.</strong></span> <span class='ocrx_word' id='word_1_180' title='bbox 2694 1290 2714 1324; x_wconf 72' lang='grc' dir='ltr'><strong>ι</strong></span> <span class='ocrx_word' id='word_1_181' title='bbox 2746 1272 2950 1328; x_wconf 87' lang='lat' dir='ltr'><strong>Omnes</strong></span> <span class='ocrx_word' id='word_1_182' title='bbox 2978 1271 3124 1326; x_wconf 89' lang='lat' dir='ltr'><strong>enim</strong></span> <span class='ocrx_word' id='word_1_183' title='bbox 3159 1269 3448 1343; x_wconf 67' lang='lat' dir='ltr'><strong>Egyptios</strong></span> <span class='ocrx_word' id='word_1_184' title='bbox 3465 1269 3595 1324; x_wconf 91' lang='lat' dir='ltr'><strong>sub-</strong></span> 
     </span>
    </p>
   </div>
   <div class='ocr_carea' id='block_1_29' title="bbox 2013 1363 3592 1435">
    <p class='ocr_par' dir='ltr' id='par_1_29' title="bbox 2013 1363 3592 1435">
     <span class='ocr_line' id='line_1_29' title="bbox 2013 1363 3592 1435; baseline -0.001 -16"><span class='ocrx_word' id='word_1_185' title='bbox 2013 1365 2227 1430; x_wconf 90' lang='lat' dir='ltr'><strong>mersit,</strong></span> <span class='ocrx_word' id='word_1_186' title='bbox 2279 1373 2334 1420; x_wconf 90' lang='lat' dir='ltr'><strong>et</strong></span> <span class='ocrx_word' id='word_1_187' title='bbox 2366 1365 2510 1420; x_wconf 88' lang='lat' dir='ltr'><strong>idem</strong></span> <span class='ocrx_word' id='word_1_188' title='bbox 2557 1381 2710 1421; x_wconf 88' lang='lat' dir='ltr'><strong>mare</strong></span> <span class='ocrx_word' id='word_1_189' title='bbox 2771 1363 3017 1421; x_wconf 72' lang='lat' dir='ltr'><strong>Hebraeis</strong></span> <span class='ocrx_word' id='word_1_190' title='bbox 3052 1365 3273 1435; x_wconf 85' lang='lat' dir='ltr'><strong>quidem</strong></span> <span class='ocrx_word' id='word_1_191' title='bbox 3315 1364 3592 1430; x_wconf 79' lang='lat' dir='ltr'><strong>salutem,</strong></span> 
     </span>
    </p>
   </div>
   <div class='ocr_carea' id='block_1_30' title="bbox 2013 1455 3056 1528">
    <p class='ocr_par' dir='ltr' id='par_1_30' title="bbox 2013 1455 3056 1528">
     <span class='ocr_line' id='line_1_30' title="bbox 2013 1455 3056 1528; baseline -0.003 -16"><span class='ocrx_word' id='word_1_192' title='bbox 2013 1455 2290 1528; x_wconf 69' lang='lat' dir='ltr'><strong>Egyptiis</strong></span> <span class='ocrx_word' id='word_1_193' title='bbox 2317 1472 2450 1512; x_wconf 85' lang='lat' dir='ltr'><strong>vero</strong></span> <span class='ocrx_word' id='word_1_194' title='bbox 2489 1456 2820 1527; x_wconf 84' lang='lat' dir='ltr'><strong>supplicium</strong></span> <span class='ocrx_word' id='word_1_195' title='bbox 2843 1455 3056 1512; x_wconf 81' lang='lat' dir='ltr'><strong>attulit.</strong></span> 
     </span>
    </p>
   </div>
   <div class='ocr_carea' id='block_1_31' title="bbox 2085 1633 3598 1705">
    <p class='ocr_par' dir='ltr' id='par_1_31' title="bbox 2085 1633 3598 1705">
     <span class='ocr_line' id='line_1_31' title="bbox 2085 1633 3598 1705; baseline -0.001 -15"><span class='ocrx_word' id='word_1_196' title='bbox 2085 1635 2254 1690; x_wconf 70' lang='lat' dir='ltr'><strong>Vsus.</strong></span> <span class='ocrx_word' id='word_1_197' title='bbox 2291 1634 2380 1690; x_wconf 78' lang='grc'>12.</span> <span class='ocrx_word' id='word_1_198' title='bbox 2410 1653 2430 1686; x_wconf 84' lang='grc'><strong>‹</strong></span> <span class='ocrx_word' id='word_1_199' title='bbox 2485 1635 2556 1691; x_wconf 84' lang='grc' dir='ltr'>Ει</span> <span class='ocrx_word' id='word_1_200' title='bbox 2584 1635 2938 1692; x_wconf 77' lang='lat' dir='ltr'><strong>crediderunt</strong></span> <span class='ocrx_word' id='word_1_201' title='bbox 2966 1634 3146 1691; x_wconf 79' lang='lat' dir='ltr'><strong>verbis</strong></span> <span class='ocrx_word' id='word_1_202' title='bbox 3197 1633 3340 1705; x_wconf 84' lang='lat' dir='ltr'><strong>ejus,</strong></span> <span class='ocrx_word' id='word_1_203' title='bbox 3369 1643 3424 1689; x_wconf 91' lang='lat' dir='ltr'><strong>et</strong></span> <span class='ocrx_word' id='word_1_204' title='bbox 3454 1634 3598 1689; x_wconf 83' lang='lat' dir='ltr'><strong>cele-</strong></span> 
     </span>
    </p>
   </div>
   <div class='ocr_carea' id='block_1_32' title="bbox 325 1711 1910 1801">
    <p class='ocr_par' dir='ltr' id='par_1_32' title="bbox 325 1711 1908 1801">
     <span class='ocr_line' id='line_1_32' title="bbox 325 1711 1908 1801; baseline 0.003 -22"><span class='ocrx_word' id='word_1_205' title='bbox 325 1721 464 1801; x_wconf 80' lang='grc' dir='ltr'>ᾖσαν</span> <span class='ocrx_word' id='word_1_206' title='bbox 499 1729 542 1762; x_wconf 82' lang='grc'><strong>¹⁹</strong></span> <span class='ocrx_word' id='word_1_207' title='bbox 567 1729 665 1799; x_wconf 82' lang='grc' dir='ltr'>τὴν</span> <span class='ocrx_word' id='word_1_208' title='bbox 694 1731 902 1784; x_wconf 76' lang='grc' dir='ltr'>αῖνεσιν</span> <span class='ocrx_word' id='word_1_209' title='bbox 945 1731 1135 1786; x_wconf 73' lang='grc' dir='ltr'>αὐτοῦ.</span> <span class='ocrx_word' id='word_1_210' title='bbox 1158 1711 1195 1784; x_wconf 14' lang='grc' dir='ltr'><strong>ν»</strong></span> <span class='ocrx_word' id='word_1_211' title='bbox 1225 1711 1346 1784; x_wconf 84' lang='grc' dir='ltr'>Τῶν</span> <span class='ocrx_word' id='word_1_212' title='bbox 1384 1730 1495 1801; x_wconf 76' lang='grc' dir='ltr'>γὰρ</span> <span class='ocrx_word' id='word_1_213' title='bbox 1532 1730 1746 1801; x_wconf 82' lang='grc' dir='ltr'>ἀνδρῶν</span> <span class='ocrx_word' id='word_1_214' title='bbox 1801 1731 1908 1801; x_wconf 75' lang='grc' dir='ltr'><strong>ὗμ-</strong></span> 
     </span>
    </p>
   </div>
   <div class='ocr_carea' id='block_1_33' title="bbox 2027 1711 3593 1801">
    <p class='ocr_par' dir='ltr' id='par_1_33' title="bbox 2027 1724 3593 1798">
     <span class='ocr_line' id='line_1_33' title="bbox 2027 1724 3593 1798; baseline -0.002 -16"><span class='ocrx_word' id='word_1_215' title='bbox 2027 1737 2246 1782; x_wconf 70' lang='lat' dir='ltr'><strong>orarunt</strong></span> <span class='ocrx_word' id='word_1_216' title='bbox 2273 1727 2492 1784; x_wconf 87' lang='lat' dir='ltr'><strong>laudem</strong></span> <span class='ocrx_word' id='word_1_217' title='bbox 2543 1724 2686 1798; x_wconf 82' lang='lat' dir='ltr'><strong>ejus.</strong></span> <span class='ocrx_word' id='word_1_218' title='bbox 2718 1746 2738 1780; x_wconf 75' lang='grc' dir='ltr'><strong>ι</strong></span> <span class='ocrx_word' id='word_1_219' title='bbox 2795 1725 2930 1782; x_wconf 83' lang='lat' dir='ltr'><strong>Nam</strong></span> <span class='ocrx_word' id='word_1_220' title='bbox 2973 1727 3220 1782; x_wconf 88' lang='lat' dir='ltr'><strong>virorum</strong></span> <span class='ocrx_word' id='word_1_221' title='bbox 3261 1725 3593 1782; x_wconf 87' lang='lat' dir='ltr'><strong>laudantium</strong></span> 
     </span>
    </p>
   </div>
   <div class='ocr_carea' id='block_1_34' title="bbox 325 1815 1908 1892">
    <p class='ocr_par' dir='ltr' id='par_1_34' title="bbox 325 1815 1908 1892">
     <span class='ocr_line' id='line_1_34' title="bbox 325 1815 1908 1892; baseline 0.004 -24"><span class='ocrx_word' id='word_1_222' title='bbox 325 1815 560 1870; x_wconf 84' lang='grc' dir='ltr'>νούντων</span> <span class='ocrx_word' id='word_1_223' title='bbox 583 1818 789 1888; x_wconf 82' lang='grc' dir='ltr'>Μωσῆς</span> <span class='ocrx_word' id='word_1_224' title='bbox 820 1822 848 1872; x_wconf 87' lang='grc' dir='ltr'><strong>ό</strong></span> <span class='ocrx_word' id='word_1_225' title='bbox 872 1820 1048 1890; x_wconf 84' lang='grc' dir='ltr'><strong>μέγας</strong></span> <span class='ocrx_word' id='word_1_226' title='bbox 1095 1821 1299 1890; x_wconf 82' lang='grc' dir='ltr'>ἡγεῖτο,</span> <span class='ocrx_word' id='word_1_227' title='bbox 1335 1820 1431 1873; x_wconf 80' lang='grc' dir='ltr'><strong>τοῦ</strong></span> <span class='ocrx_word' id='word_1_228' title='bbox 1471 1819 1538 1892; x_wconf 50' lang='grc' dir='ltr'><strong>,δὲ</strong></span> <span class='ocrx_word' id='word_1_229' title='bbox 1583 1819 1747 1892; x_wconf 77' lang='grc' dir='ltr'>χοροῦ</span> <span class='ocrx_word' id='word_1_230' title='bbox 1797 1822 1908 1874; x_wconf 84' lang='grc' dir='ltr'>τῶν</span> 
     </span>
    </p>
   </div>
   <div class='ocr_carea' id='block_1_35' title="bbox 325 1909 1909 1984">
    <p class='ocr_par' dir='ltr' id='par_1_35' title="bbox 325 1909 1909 1984">
     <span class='ocr_line' id='line_1_35' title="bbox 325 1909 1909 1984; baseline 0.001 -22"><span class='ocrx_word' id='word_1_231' title='bbox 325 1909 599 1977; x_wconf 85' lang='grc' dir='ltr'>γυναικῶν</span> <span class='ocrx_word' id='word_1_232' title='bbox 621 1911 860 1982; x_wconf 80' lang='grc' dir='ltr'>Μαριὰμ</span> <span class='ocrx_word' id='word_1_233' title='bbox 887 1911 922 1982; x_wconf 83' lang='grc' dir='ltr'>ὴ</span> <span class='ocrx_word' id='word_1_234' title='bbox 951 1911 1248 1984; x_wconf 79' lang='grc' dir='ltr'><strong>προφῆτις.</strong></span> <span class='ocrx_word' id='word_1_235' title='bbox 1280 1909 1664 1980; x_wconf 85' lang='grc' dir='ltr'>Ἀνάγραπτος</span> <span class='ocrx_word' id='word_1_236' title='bbox 1713 1910 1773 1964; x_wconf 80' lang='grc' dir='ltr'><strong>δέ</strong></span> <span class='ocrx_word' id='word_1_237' title='bbox 1811 1911 1909 1964; x_wconf 74' lang='grc' dir='ltr'><strong>καὶ</strong></span> 
     </span>
    </p>
   </div>
   <div class='ocr_carea' id='block_1_36' title="bbox 327 2000 529 2072">
    <p class='ocr_par' dir='ltr' id='par_1_36' title="bbox 327 2000 529 2072">
     <span class='ocr_line' id='line_1_36' title="bbox 327 2000 529 2072; baseline -0.005 0"><span class='ocrx_word' id='word_1_238' title='bbox 327 2001 362 2072; x_wconf 78' lang='grc' dir='ltr'><strong>ἡ</strong></span> <span class='ocrx_word' id='word_1_239' title='bbox 397 2000 529 2071; x_wconf 73' lang='grc' dir='ltr'><strong>ᾠδή-</strong></span> 
     </span>
    </p>
   </div>
   <div class='ocr_carea' id='block_1_37' title="bbox 402 2092 1906 2168">
    <p class='ocr_par' dir='ltr' id='par_1_37' title="bbox 402 2092 1906 2168">
     <span class='ocr_line' id='line_1_37' title="bbox 402 2092 1906 2168; baseline 0.005 -25"><span class='ocrx_word' id='word_1_240' title='bbox 402 2098 490 2159; x_wconf 88' lang='grc' dir='ltr'>ιγ’,</span> <span class='ocrx_word' id='word_1_241' title='bbox 517 2092 578 2144; x_wconf 91' lang='grc' dir='ltr'>ιδ’</span> <span class='ocrx_word' id='word_1_242' title='bbox 587 2131 600 2145; x_wconf 90' lang='grc'><strong>.</strong></span> <span class='ocrx_word' id='word_1_243' title='bbox 638 2111 656 2144; x_wconf 80' lang='grc' dir='ltr'><strong>ι</strong></span> <span class='ocrx_word' id='word_1_244' title='bbox 689 2093 1011 2162; x_wconf 84' lang='grc' dir='ltr'>Ἐτᾶχυναν,</span> <span class='ocrx_word' id='word_1_245' title='bbox 1031 2094 1358 2150; x_wconf 83' lang='grc' dir='ltr'>ἐπελάθοντο</span> <span class='ocrx_word' id='word_1_246' title='bbox 1381 2096 1491 2150; x_wconf 85' lang='grc' dir='ltr'>τῶν</span> <span class='ocrx_word' id='word_1_247' title='bbox 1510 2096 1690 2168; x_wconf 80' lang='grc' dir='ltr'>ἔργων</span> <span class='ocrx_word' id='word_1_248' title='bbox 1715 2097 1906 2162; x_wconf 78' lang='grc' dir='ltr'>αὑτοῦ,</span> 
     </span>
    </p>
   </div>
   <div class='ocr_carea' id='block_1_38' title="bbox 327 2181 1910 2258">
    <p class='ocr_par' dir='ltr' id='par_1_38' title="bbox 327 2181 1910 2258">
     <span class='ocr_line' id='line_1_38' title="bbox 327 2181 1910 2258; baseline 0.004 -25"><span class='ocrx_word' id='word_1_249' title='bbox 327 2181 426 2251; x_wconf 76' lang='grc' dir='ltr'><strong>οὺχ</strong></span> <span class='ocrx_word' id='word_1_250' title='bbox 451 2182 754 2250; x_wconf 82' lang='grc' dir='ltr'>ὑπέμειναν</span> <span class='ocrx_word' id='word_1_251' title='bbox 783 2183 883 2252; x_wconf 79' lang='grc' dir='ltr'>τὴν</span> <span class='ocrx_word' id='word_1_252' title='bbox 916 2183 1111 2254; x_wconf 81' lang='grc' dir='ltr'>βουλὴν</span> <span class='ocrx_word' id='word_1_253' title='bbox 1160 2187 1349 2241; x_wconf 80' lang='grc' dir='ltr'>αὐτοῦ.</span> <span class='ocrx_word' id='word_1_254' title='bbox 1381 2188 1495 2241; x_wconf 82' lang='grc' dir='ltr'><strong>Καὶ</strong></span> <span class='ocrx_word' id='word_1_255' title='bbox 1551 2187 1910 2258; x_wconf 76' lang='grc' dir='ltr'>ἐπεθύμησαν</span> 
     </span>
    </p>
   </div>
   <div class='ocr_carea' id='block_1_39' title="bbox 330 2271 1912 2346">
    <p class='ocr_par' dir='ltr' id='par_1_39' title="bbox 330 2271 1912 2346">
     <span class='ocr_line' id='line_1_39' title="bbox 330 2271 1912 2346; baseline 0.005 -24"><span class='ocrx_word' id='word_1_256' title='bbox 330 2271 629 2341; x_wconf 74' lang='grc' dir='ltr'>ἐπιθυμίαν</span> <span class='ocrx_word' id='word_1_257' title='bbox 683 2273 741 2324; x_wconf 83' lang='grc' dir='ltr'><strong>ἐν</strong></span> <span class='ocrx_word' id='word_1_258' title='bbox 778 2275 844 2343; x_wconf 72' lang='grc' dir='ltr'>τῇ</span> <span class='ocrx_word' id='word_1_259' title='bbox 884 2274 1100 2346; x_wconf 79' lang='grc' dir='ltr'>ἐρήμῳ,</span> <span class='ocrx_word' id='word_1_260' title='bbox 1131 2275 1232 2335; x_wconf 59' lang='grc' dir='ltr'>,καὶ</span> <span class='ocrx_word' id='word_1_261' title='bbox 1296 2277 1602 2346; x_wconf 71' lang='grc' dir='ltr'>ἐπείρασαν</span> <span class='ocrx_word' id='word_1_262' title='bbox 1647 2279 1742 2330; x_wconf 78' lang='grc' dir='ltr'><strong>τὸν</strong></span> <span class='ocrx_word' id='word_1_263' title='bbox 1777 2277 1912 2330; x_wconf 81' lang='grc' dir='ltr'>Θεὸν</span> 
     </span>
    </p>
   </div>
   <div class='ocr_carea' id='block_1_40' title="bbox 329 2361 1911 2436">
    <p class='ocr_par' dir='ltr' id='par_1_40' title="bbox 329 2361 1911 2436">
     <span class='ocr_line' id='line_1_40' title="bbox 329 2361 1911 2436; baseline 0.004 -22"><span class='ocrx_word' id='word_1_264' title='bbox 329 2363 387 2414; x_wconf 84' lang='grc' dir='ltr'><strong>ἐν</strong></span> <span class='ocrx_word' id='word_1_265' title='bbox 426 2361 661 2434; x_wconf 81' lang='grc' dir='ltr'>ἀνύδρῳ.</span> <span class='ocrx_word' id='word_1_266' title='bbox 700 2381 720 2414; x_wconf 73' lang='grc' dir='ltr'><strong>ι</strong></span> <span class='ocrx_word' id='word_1_267' title='bbox 755 2363 1007 2418; x_wconf 79' lang='grc' dir='ltr'>Τοσαῦτα</span> <span class='ocrx_word' id='word_1_268' title='bbox 1034 2365 1080 2396; x_wconf 79' lang='grc'><strong>²⁰</strong></span> <span class='ocrx_word' id='word_1_269' title='bbox 1116 2365 1227 2436; x_wconf 82' lang='grc' dir='ltr'>γὰρ</span> <span class='ocrx_word' id='word_1_270' title='bbox 1266 2365 1486 2436; x_wconf 78' lang='grc' dir='ltr'>ἔχοντες</span> <span class='ocrx_word' id='word_1_271' title='bbox 1541 2368 1638 2420; x_wconf 75' lang='grc' dir='ltr'>καὶ</span> <span class='ocrx_word' id='word_1_272' title='bbox 1683 2367 1911 2422; x_wconf 81' lang='grc' dir='ltr'>τοιαῦτα</span> 
     </span>
    </p>
   </div>
   <div class='ocr_carea' id='block_1_41' title="bbox 329 2450 1910 2527">
    <p class='ocr_par' dir='ltr' id='par_1_41' title="bbox 329 2450 1910 2527">
     <span class='ocr_line' id='line_1_41' title="bbox 329 2450 1910 2527; baseline 0.005 -25"><span class='ocrx_word' id='word_1_273' title='bbox 329 2450 568 2520; x_wconf 78' lang='grc' dir='ltr'>ἐχέγγυα</span> <span class='ocrx_word' id='word_1_274' title='bbox 611 2451 711 2520; x_wconf 82' lang='grc' dir='ltr'><strong>τῆς</strong></span> <span class='ocrx_word' id='word_1_275' title='bbox 738 2451 889 2515; x_wconf 82' lang='grc' dir='ltr'>θείας</span> <span class='ocrx_word' id='word_1_276' title='bbox 911 2452 1216 2524; x_wconf 83' lang='grc' dir='ltr'>δυνάμεως,</span> <span class='ocrx_word' id='word_1_277' title='bbox 1243 2454 1344 2508; x_wconf 78' lang='grc' dir='ltr'><strong>οὐκ</strong></span> <span class='ocrx_word' id='word_1_278' title='bbox 1367 2454 1578 2526; x_wconf 73' lang='grc' dir='ltr'>ᾔτησαν</span> <span class='ocrx_word' id='word_1_279' title='bbox 1599 2455 1698 2526; x_wconf 83' lang='grc' dir='ltr'>τὴν</span> <span class='ocrx_word' id='word_1_280' title='bbox 1719 2455 1910 2527; x_wconf 78' lang='grc' dir='ltr'>χρείαν</span> 
     </span>
    </p>
   </div>
   <div class='ocr_carea' id='block_1_42' title="bbox 328 2527 1910 2618">
    <p class='ocr_par' dir='ltr' id='par_1_42' title="bbox 328 2527 1910 2618">
     <span class='ocr_line' id='line_1_42' title="bbox 328 2527 1910 2618; baseline 0.004 -24"><span class='ocrx_word' id='word_1_281' title='bbox 328 2527 536 2605; x_wconf 74' lang='grc' dir='ltr'>λαϐεῖν,</span> <span class='ocrx_word' id='word_1_282' title='bbox 566 2543 688 2596; x_wconf 82' lang='grc' dir='ltr'>οὐδὲ</span> <span class='ocrx_word' id='word_1_283' title='bbox 719 2543 818 2614; x_wconf 80' lang='grc' dir='ltr'><strong>τὴν</strong></span> <span class='ocrx_word' id='word_1_284' title='bbox 879 2542 1030 2596; x_wconf 89' lang='grc' dir='ltr'>θείαν</span> <span class='ocrx_word' id='word_1_285' title='bbox 1087 2545 1458 2615; x_wconf 87' lang='grc' dir='ltr'>προσέμειναν</span> <span class='ocrx_word' id='word_1_286' title='bbox 1509 2546 1736 2618; x_wconf 74' lang='grc' dir='ltr'>δωρεὰν,</span> <span class='ocrx_word' id='word_1_287' title='bbox 1793 2547 1910 2602; x_wconf 80' lang='grc' dir='ltr'>ἀλλ’</span> 
     </span>
    </p>
   </div>
   <div class='ocr_carea' id='block_1_43' title="bbox 327 2633 1911 2712">
    <p class='ocr_par' dir='ltr' id='par_1_43' title="bbox 327 2633 1911 2712">
     <span class='ocr_line' id='line_1_43' title="bbox 327 2633 1911 2712; baseline 0.004 -25"><span class='ocrx_word' id='word_1_288' title='bbox 327 2633 490 2698; x_wconf 80' lang='grc' dir='ltr'>εὐθὺς</span> <span class='ocrx_word' id='word_1_289' title='bbox 519 2635 809 2706; x_wconf 86' lang='grc' dir='ltr'>λοιδορίαις</span> <span class='ocrx_word' id='word_1_290' title='bbox 843 2635 984 2690; x_wconf 83' lang='grc' dir='ltr'><strong>κατὰ</strong></span> <span class='ocrx_word' id='word_1_291' title='bbox 1029 2635 1138 2690; x_wconf 80' lang='grc' dir='ltr'>τῶν</span> <span class='ocrx_word' id='word_1_292' title='bbox 1197 2637 1359 2692; x_wconf 86' lang='grc' dir='ltr'>θείων</span> <span class='ocrx_word' id='word_1_293' title='bbox 1397 2639 1701 2712; x_wconf 79' lang='grc' dir='ltr'>ἐχρήσαντο</span> <span class='ocrx_word' id='word_1_294' title='bbox 1747 2639 1911 2712; x_wconf 85' lang='grc' dir='ltr'>θερα-</span> 
     </span>
    </p>
   </div>
   <div class='ocr_carea' id='block_1_44' title="bbox 331 2729 564 2784">
    <p class='ocr_par' dir='ltr' id='par_1_44' title="bbox 331 2729 564 2784">
     <span class='ocr_line' id='line_1_44' title="bbox 331 2729 564 2784; baseline 0.017 -4"><span class='ocrx_word' id='word_1_295' title='bbox 331 2729 564 2784; x_wconf 83' lang='grc' dir='ltr'>πόντων.</span> 
     </span>
    </p>
   </div>
   <div class='ocr_carea' id='block_1_45' title="bbox 401 2817 1906 2894">
    <p class='ocr_par' dir='ltr' id='par_1_45' title="bbox 401 2817 1906 2894">
     <span class='ocr_line' id='line_1_45' title="bbox 401 2817 1906 2894; baseline 0.005 -23"><span class='ocrx_word' id='word_1_296' title='bbox 401 2817 482 2872; x_wconf 88' lang='grc' dir='ltr'>ιε’.</span> <span class='ocrx_word' id='word_1_297' title='bbox 527 2839 544 2871; x_wconf 77' lang='grc' dir='ltr'><strong>ι</strong></span> <span class='ocrx_word' id='word_1_298' title='bbox 583 2821 690 2873; x_wconf 76' lang='grc' dir='ltr'><strong>Καὶ</strong></span> <span class='ocrx_word' id='word_1_299' title='bbox 723 2821 925 2876; x_wconf 83' lang='grc' dir='ltr'>ἔδωκεν</span> <span class='ocrx_word' id='word_1_300' title='bbox 967 2826 1154 2886; x_wconf 84' lang='grc' dir='ltr'>αὐτοῖς</span> <span class='ocrx_word' id='word_1_301' title='bbox 1188 2821 1250 2876; x_wconf 81' lang='grc' dir='ltr'>τὸ</span> <span class='ocrx_word' id='word_1_302' title='bbox 1297 2822 1510 2894; x_wconf 75' lang='grc' dir='ltr'>αἴτημα</span> <span class='ocrx_word' id='word_1_303' title='bbox 1551 2824 1754 2890; x_wconf 71' lang='grc' dir='ltr'>αὐτῶν,</span> <span class='ocrx_word' id='word_1_304' title='bbox 1814 2825 1906 2890; x_wconf 80' lang='grc' dir='ltr'>ἐξ·</span> 
     </span>
    </p>
   </div>
   <div class='ocr_carea' id='block_1_46' title="bbox 327 2911 1910 2984">
    <p class='ocr_par' dir='ltr' id='par_1_46' title="bbox 327 2911 1910 2984">
     <span class='ocr_line' id='line_1_46' title="bbox 327 2911 1910 2984; baseline 0.003 -20"><span class='ocrx_word' id='word_1_305' title='bbox 327 2911 616 2964; x_wconf 81' lang='grc' dir='ltr'>απέστειλε</span> <span class='ocrx_word' id='word_1_306' title='bbox 646 2911 967 2984; x_wconf 83' lang='grc' dir='ltr'>πλησμονὴν</span> <span class='ocrx_word' id='word_1_307' title='bbox 987 2915 1031 2946; x_wconf 75' lang='grc' dir='ltr'>’ί</span> <span class='ocrx_word' id='word_1_308' title='bbox 1081 2915 1165 2978; x_wconf 86' lang='grc' dir='ltr'><strong>είς</strong></span> <span class='ocrx_word' id='word_1_309' title='bbox 1187 2912 1286 2978; x_wconf 78' lang='grc' dir='ltr'>τὰς</span> <span class='ocrx_word' id='word_1_310' title='bbox 1315 2913 1496 2984; x_wconf 68' lang='grc' dir='ltr'>ψυχὰς</span> <span class='ocrx_word' id='word_1_311' title='bbox 1525 2914 1728 2971; x_wconf 83' lang='grc' dir='ltr'>αὐτῶν.</span> <span class='ocrx_word' id='word_1_312' title='bbox 1766 2934 1786 2968; x_wconf 85' lang='grc'>›</span> <span class='ocrx_word' id='word_1_313' title='bbox 1805 2915 1910 2968; x_wconf 80' lang='grc' dir='ltr'><strong>Αι-</strong></span> 
     </span>
    </p>
   </div>
   <div class='ocr_carea' id='block_1_47' title="bbox 2010 1815 3596 1888">
    <p class='ocr_par' dir='ltr' id='par_1_47' title="bbox 2010 1815 3596 1888">
     <span class='ocr_line' id='line_1_47' title="bbox 2010 1815 3596 1888; baseline -0.003 -14"><span class='ocrx_word' id='word_1_314' title='bbox 2010 1835 2250 1888; x_wconf 77' lang='lat' dir='ltr'><strong>magnus</strong></span> <span class='ocrx_word' id='word_1_315' title='bbox 2301 1818 2485 1874; x_wconf 80' lang='lat' dir='ltr'><strong>Moses</strong></span> <span class='ocrx_word' id='word_1_316' title='bbox 2531 1819 2642 1874; x_wconf 78' lang='lat' dir='ltr'><strong>dux</strong></span> <span class='ocrx_word' id='word_1_317' title='bbox 2687 1817 2792 1873; x_wconf 81' lang='lat' dir='ltr'><strong>fuit</strong></span> <span class='ocrx_word' id='word_1_318' title='bbox 2830 1858 2847 1884; x_wconf 93' lang='lat'><strong>,</strong></span> <span class='ocrx_word' id='word_1_319' title='bbox 2902 1818 3198 1872; x_wconf 90' lang='lat' dir='ltr'><strong>mulierum</strong></span> <span class='ocrx_word' id='word_1_320' title='bbox 3246 1833 3379 1873; x_wconf 76' lang='lat' dir='ltr'><strong>vero</strong></span> <span class='ocrx_word' id='word_1_321' title='bbox 3439 1815 3596 1870; x_wconf 82' lang='lat' dir='ltr'><strong>chori</strong></span> 
     </span>
    </p>
   </div>
   <div class='ocr_carea' id='block_1_48' title="bbox 2009 1909 3596 1980">
    <p class='ocr_par' dir='ltr' id='par_1_48' title="bbox 2009 1909 3596 1980">
     <span class='ocr_line' id='line_1_48' title="bbox 2009 1909 3596 1980; baseline 0 -17"><span class='ocrx_word' id='word_1_322' title='bbox 2009 1909 2238 1965; x_wconf 87' lang='lat' dir='ltr'><strong>Mariam</strong></span> <span class='ocrx_word' id='word_1_323' title='bbox 2291 1911 2638 1980; x_wconf 88' lang='lat' dir='ltr'><strong>prophetissa</strong></span> <span class='ocrx_word' id='word_1_324' title='bbox 2683 1912 2729 1965; x_wconf 74' lang='grc' dir='ltr'><strong>ί.</strong></span> <span class='ocrx_word' id='word_1_325' title='bbox 2784 1909 2852 1965; x_wconf 87' lang='lat' dir='ltr'><strong>Et</strong></span> <span class='ocrx_word' id='word_1_326' title='bbox 2898 1911 3008 1965; x_wconf 88' lang='lat' dir='ltr'><strong>hoc</strong></span> <span class='ocrx_word' id='word_1_327' title='bbox 3065 1909 3342 1966; x_wconf 86' lang='lat' dir='ltr'><strong>canticum</strong></span> <span class='ocrx_word' id='word_1_328' title='bbox 3401 1909 3596 1963; x_wconf 81' lang='lat' dir='ltr'><strong>litteris</strong></span> 
     </span>
    </p>
   </div>
   <div class='ocr_carea' id='block_1_49' title="bbox 2011 2001 2410 2058">
    <p class='ocr_par' dir='ltr' id='par_1_49' title="bbox 2011 2001 2410 2058">
     <span class='ocr_line' id='line_1_49' title="bbox 2011 2001 2410 2058; baseline 0.01 -4"><span class='ocrx_word' id='word_1_329' title='bbox 2011 2001 2269 2056; x_wconf 89' lang='lat' dir='ltr'><strong>traditttm</strong></span> <span class='ocrx_word' id='word_1_330' title='bbox 2305 2011 2410 2058; x_wconf 90' lang='lat' dir='ltr'><strong>est.</strong></span> 
     </span>
    </p>
   </div>
   <div class='ocr_carea' id='block_1_50' title="bbox 2086 2093 3594 2162">
    <p class='ocr_par' dir='ltr' id='par_1_50' title="bbox 2086 2093 3594 2162">
     <span class='ocr_line' id='line_1_50' title="bbox 2086 2093 3594 2162; baseline -0.001 -14"><span class='ocrx_word' id='word_1_331' title='bbox 2086 2093 2249 2151; x_wconf 68' lang='lat' dir='ltr'><strong>Vsus.</strong></span> <span class='ocrx_word' id='word_1_332' title='bbox 2308 2096 2395 2162; x_wconf 80' lang='grc'>15,</span> <span class='ocrx_word' id='word_1_333' title='bbox 2428 2095 2516 2151; x_wconf 76' lang='grc'><strong>11.</strong></span> <span class='ocrx_word' id='word_1_334' title='bbox 2560 2113 2580 2148; x_wconf 78' lang='grc' dir='ltr'><strong>ι</strong></span> <span class='ocrx_word' id='word_1_335' title='bbox 2612 2094 2736 2151; x_wconf 90' lang='lat' dir='ltr'><strong>Cito</strong></span> <span class='ocrx_word' id='word_1_336' title='bbox 2768 2093 3036 2159; x_wconf 82' lang='lat' dir='ltr'><strong>fecerunt,</strong></span> <span class='ocrx_word' id='word_1_337' title='bbox 3074 2093 3232 2149; x_wconf 92' lang='lat' dir='ltr'><strong>obliti</strong></span> <span class='ocrx_word' id='word_1_338' title='bbox 3267 2101 3396 2148; x_wconf 88' lang='lat' dir='ltr'><strong>sunt</strong></span> <span class='ocrx_word' id='word_1_339' title='bbox 3467 2107 3594 2161; x_wconf 87' lang='lat' dir='ltr'><strong>ope-</strong></span> 
     </span>
    </p>
   </div>
   <div class='ocr_carea' id='block_1_51' title="bbox 2011 2182 3594 2254">
    <p class='ocr_par' dir='ltr' id='par_1_51' title="bbox 2011 2182 3594 2254">
     <span class='ocr_line' id='line_1_51' title="bbox 2011 2182 3594 2254; baseline -0.002 -14"><span class='ocrx_word' id='word_1_340' title='bbox 2011 2201 2135 2240; x_wconf 90' lang='lat' dir='ltr'><strong>rum</strong></span> <span class='ocrx_word' id='word_1_341' title='bbox 2172 2186 2328 2254; x_wconf 82' lang='lat' dir='ltr'><strong>ejus,</strong></span> <span class='ocrx_word' id='word_1_342' title='bbox 2360 2195 2417 2241; x_wconf 87' lang='lat' dir='ltr'><strong>et</strong></span> <span class='ocrx_word' id='word_1_343' title='bbox 2457 2203 2564 2242; x_wconf 91' lang='lat' dir='ltr'><strong>non</strong></span> <span class='ocrx_word' id='word_1_344' title='bbox 2597 2188 2980 2244; x_wconf 87' lang='lat' dir='ltr'><strong>sustinuerunt</strong></span> <span class='ocrx_word' id='word_1_345' title='bbox 3033 2185 3328 2240; x_wconf 78' lang='lat' dir='ltr'><strong>consilium</strong></span> <span class='ocrx_word' id='word_1_346' title='bbox 3381 2182 3594 2254; x_wconf 79' lang='lat'><strong>1357</strong></span> 
     </span>
    </p>
   </div>
   <div class='ocr_carea' id='block_1_52' title="bbox 2011 2274 3596 2346">
    <p class='ocr_par' dir='ltr' id='par_1_52' title="bbox 2011 2274 3596 2346">
     <span class='ocr_line' id='line_1_52' title="bbox 2011 2274 3596 2346; baseline -0.003 -16"><span class='ocrx_word' id='word_1_347' title='bbox 2011 2277 2150 2343; x_wconf 87' lang='lat' dir='ltr'><strong>ejus.</strong></span> <span class='ocrx_word' id='word_1_348' title='bbox 2187 2277 2256 2330; x_wconf 89' lang='lat' dir='ltr'><strong>Et</strong></span> <span class='ocrx_word' id='word_1_349' title='bbox 2282 2279 2716 2346; x_wconf 84' lang='lat' dir='ltr'><strong>concupiverunt</strong></span> <span class='ocrx_word' id='word_1_350' title='bbox 2741 2275 3244 2346; x_wconf 86' lang='lat' dir='ltr'><strong>concupiscentiam</strong></span> <span class='ocrx_word' id='word_1_351' title='bbox 3273 2274 3330 2328; x_wconf 90' lang='lat' dir='ltr'><strong>in</strong></span> <span class='ocrx_word' id='word_1_352' title='bbox 3355 2277 3596 2338; x_wconf 89' lang='lat' dir='ltr'><strong>deserto,</strong></span> 
     </span>
    </p>
   </div>
   <div class='ocr_carea' id='block_1_53' title="bbox 2011 2365 3598 2436">
    <p class='ocr_par' dir='ltr' id='par_1_53' title="bbox 2011 2365 3598 2436">
     <span class='ocr_line' id='line_1_53' title="bbox 2011 2365 3598 2436; baseline -0.003 -12"><span class='ocrx_word' id='word_1_353' title='bbox 2011 2375 2066 2424; x_wconf 90' lang='lat' dir='ltr'><strong>et</strong></span> <span class='ocrx_word' id='word_1_354' title='bbox 2115 2376 2459 2423; x_wconf 88' lang='lat' dir='ltr'><strong>tentaverunt</strong></span> <span class='ocrx_word' id='word_1_355' title='bbox 2505 2367 2674 2423; x_wconf 88' lang='lat' dir='ltr'><strong>Deum</strong></span> <span class='ocrx_word' id='word_1_356' title='bbox 2730 2371 2784 2422; x_wconf 90' lang='lat' dir='ltr'><strong>in</strong></span> <span class='ocrx_word' id='word_1_357' title='bbox 2830 2369 2952 2422; x_wconf 86' lang='lat' dir='ltr'><strong>loco</strong></span> <span class='ocrx_word' id='word_1_358' title='bbox 3011 2369 3301 2436; x_wconf 88' lang='lat' dir='ltr'><strong>inaquoso.</strong></span> <span class='ocrx_word' id='word_1_359' title='bbox 3349 2393 3368 2417; x_wconf 76' lang='grc' dir='ltr'><strong>ι</strong></span> <span class='ocrx_word' id='word_1_360' title='bbox 3417 2365 3598 2419; x_wconf 84' lang='lat' dir='ltr'><strong>‘Nam</strong></span> 
     </span>
    </p>
   </div>
   <div class='ocr_carea' id='block_1_54' title="bbox 2015 2455 3601 2529">
    <p class='ocr_par' dir='ltr' id='par_1_54' title="bbox 2015 2455 3601 2529">
     <span class='ocr_line' id='line_1_54' title="bbox 2015 2455 3601 2529; baseline -0.003 -16"><span class='ocrx_word' id='word_1_361' title='bbox 2015 2469 2095 2514; x_wconf 92' lang='lat' dir='ltr'><strong>tot</strong></span> <span class='ocrx_word' id='word_1_362' title='bbox 2147 2470 2200 2514; x_wconf 86' lang='lat' dir='ltr'><strong>et</strong></span> <span class='ocrx_word' id='word_1_363' title='bbox 2230 2460 2359 2514; x_wconf 86' lang='lat' dir='ltr'><strong>talia</strong></span> <span class='ocrx_word' id='word_1_364' title='bbox 2401 2459 2666 2514; x_wconf 85' lang='lat' dir='ltr'><strong>habentes</strong></span> <span class='ocrx_word' id='word_1_365' title='bbox 2715 2459 2942 2529; x_wconf 78' lang='lat' dir='ltr'><strong>pignora</strong></span> <span class='ocrx_word' id='word_1_366' title='bbox 2971 2458 3174 2513; x_wconf 71' lang='lat' dir='ltr'><strong>divinae</strong></span> <span class='ocrx_word' id='word_1_367' title='bbox 3202 2455 3480 2525; x_wconf 66' lang='lat' dir='ltr'><strong>potentiae,</strong></span> <span class='ocrx_word' id='word_1_368' title='bbox 3537 2464 3601 2510; x_wconf 91' lang='lat' dir='ltr'><strong>ut</strong></span> 
     </span>
    </p>
   </div>
   <div class='ocr_carea' id='block_1_55' title="bbox 2011 2549 3600 2623">
    <p class='ocr_par' dir='ltr' id='par_1_55' title="bbox 2011 2549 3600 2623">
     <span class='ocr_line' id='line_1_55' title="bbox 2011 2549 3600 2623; baseline -0.006 -15"><span class='ocrx_word' id='word_1_369' title='bbox 2011 2553 2324 2610; x_wconf 81' lang='lat' dir='ltr'><strong>necessaria</strong></span> <span class='ocrx_word' id='word_1_370' title='bbox 2357 2551 2672 2623; x_wconf 88' lang='lat' dir='ltr'><strong>acciperent</strong></span> <span class='ocrx_word' id='word_1_371' title='bbox 2722 2550 2950 2606; x_wconf 89' lang='lat' dir='ltr'><strong>minime</strong></span> <span class='ocrx_word' id='word_1_372' title='bbox 3002 2549 3370 2620; x_wconf 81' lang='lat' dir='ltr'><strong>postularunt,</strong></span> <span class='ocrx_word' id='word_1_373' title='bbox 3419 2560 3600 2614; x_wconf 83' lang='lat' dir='ltr'><strong>neque</strong></span> 
     </span>
    </p>
   </div>
   <div class='ocr_carea' id='block_1_56' title="bbox 2010 2637 3596 2714">
    <p class='ocr_par' dir='ltr' id='par_1_56' title="bbox 2010 2637 3596 2714">
     <span class='ocr_line' id='line_1_56' title="bbox 2010 2637 3596 2714; baseline -0.004 -14"><span class='ocrx_word' id='word_1_374' title='bbox 2010 2644 2254 2700; x_wconf 86' lang='lat' dir='ltr'><strong>divinum</strong></span> <span class='ocrx_word' id='word_1_375' title='bbox 2305 2652 2692 2714; x_wconf 86' lang='lat' dir='ltr'><strong>exspectarunt</strong></span> <span class='ocrx_word' id='word_1_376' title='bbox 2746 2643 2977 2708; x_wconf 87' lang='lat' dir='ltr'><strong>donum,</strong></span> <span class='ocrx_word' id='word_1_377' title='bbox 3001 2641 3095 2698; x_wconf 90' lang='lat' dir='ltr'><strong>sed</strong></span> <span class='ocrx_word' id='word_1_378' title='bbox 3124 2639 3308 2698; x_wconf 84' lang='lat' dir='ltr'><strong>statim</strong></span> <span class='ocrx_word' id='word_1_379' title='bbox 3342 2637 3596 2695; x_wconf 78' lang='lat' dir='ltr'><strong>comitiis</strong></span> 
     </span>
    </p>
   </div>
   <div class='ocr_carea' id='block_1_57' title="bbox 2011 2735 2906 2792">
    <p class='ocr_par' dir='ltr' id='par_1_57' title="bbox 2011 2735 2906 2792">
     <span class='ocr_line' id='line_1_57' title="bbox 2011 2735 2906 2792; baseline 0 -3"><span class='ocrx_word' id='word_1_380' title='bbox 2011 2735 2066 2790; x_wconf 91' lang='lat' dir='ltr'><strong>in</strong></span> <span class='ocrx_word' id='word_1_381' title='bbox 2105 2737 2320 2791; x_wconf 78' lang='lat' dir='ltr'><strong>divinos</strong></span> <span class='ocrx_word' id='word_1_382' title='bbox 2358 2736 2599 2792; x_wconf 75' lang='lat' dir='ltr'><strong>famulos</strong></span> <span class='ocrx_word' id='word_1_383' title='bbox 2630 2735 2714 2791; x_wconf 89' lang='lat' dir='ltr'><strong>usi</strong></span> <span class='ocrx_word' id='word_1_384' title='bbox 2753 2743 2906 2792; x_wconf 88' lang='lat' dir='ltr'><strong>sunt.</strong></span> 
     </span>
    </p>
   </div>
   <div class='ocr_carea' id='block_1_58' title="bbox 2081 2821 3598 2895">
    <p class='ocr_par' dir='ltr' id='par_1_58' title="bbox 2081 2821 3598 2895">
     <span class='ocr_line' id='line_1_58' title="bbox 2081 2821 3598 2895; baseline -0.003 -16"><span class='ocrx_word' id='word_1_385' title='bbox 2081 2826 2250 2883; x_wconf 77' lang='lat' dir='ltr'><strong>Vens.</strong></span> <span class='ocrx_word' id='word_1_386' title='bbox 2287 2827 2372 2882; x_wconf 83' lang='lat' dir='ltr'><strong>l5.</strong></span> <span class='ocrx_word' id='word_1_387' title='bbox 2407 2848 2426 2879; x_wconf 76' lang='grc' dir='ltr'><strong>ι</strong></span> <span class='ocrx_word' id='word_1_388' title='bbox 2477 2827 2544 2880; x_wconf 83' lang='grc' dir='ltr'>Ει</span> <span class='ocrx_word' id='word_1_389' title='bbox 2579 2827 2724 2882; x_wconf 90' lang='lat' dir='ltr'><strong>dedit</strong></span> <span class='ocrx_word' id='word_1_390' title='bbox 2769 2826 2851 2881; x_wconf 90' lang='lat' dir='ltr'><strong>eis</strong></span> <span class='ocrx_word' id='word_1_391' title='bbox 2886 2824 3204 2895; x_wconf 86' lang='lat' dir='ltr'><strong>petitionem</strong></span> <span class='ocrx_word' id='word_1_392' title='bbox 3236 2821 3506 2890; x_wconf 83' lang='lat' dir='ltr'><strong>ipsorum,</strong></span> <span class='ocrx_word' id='word_1_393' title='bbox 3542 2829 3598 2875; x_wconf 85' lang='lat' dir='ltr'><strong>et</strong></span> 
     </span>
    </p>
   </div>
   <div class='ocr_carea' id='block_1_59' title="bbox 2011 2914 3598 2979">
    <p class='ocr_par' dir='ltr' id='par_1_59' title="bbox 2011 2914 3598 2979">
     <span class='ocr_line' id='line_1_59' title="bbox 2011 2914 3598 2979; baseline -0.004 -5"><span class='ocrx_word' id='word_1_394' title='bbox 2011 2919 2163 2974; x_wconf 92' lang='lat' dir='ltr'><strong>misit</strong></span> <span class='ocrx_word' id='word_1_395' title='bbox 2188 2920 2532 2974; x_wconf 84' lang='lat' dir='ltr'><strong>saturitatem</strong></span> <span class='ocrx_word' id='word_1_396' title='bbox 2578 2920 2634 2973; x_wconf 92' lang='lat' dir='ltr'><strong>in</strong></span> <span class='ocrx_word' id='word_1_397' title='bbox 2687 2918 2904 2973; x_wconf 88' lang='lat' dir='ltr'><strong>animas</strong></span> <span class='ocrx_word' id='word_1_398' title='bbox 2941 2929 3159 2972; x_wconf 89' lang='lat' dir='ltr'><strong>eorum.</strong></span> <span class='ocrx_word' id='word_1_399' title='bbox 3219 2936 3237 2967; x_wconf 77' lang='grc' dir='ltr'><strong>ι</strong></span> <span class='ocrx_word' id='word_1_400' title='bbox 3279 2914 3598 2979; x_wconf 73' lang='lat' dir='ltr'><strong>Petitionem</strong></span> 
     </span>
    </p>
   </div>
   <div class='ocr_carea' id='block_1_60' title="bbox 327 3003 1910 3100">
    <p class='ocr_par' dir='ltr' id='par_1_60' title="bbox 327 3003 1906 3078">
     <span class='ocr_line' id='line_1_60' title="bbox 327 3003 1906 3078; baseline 0.002 -24"><span class='ocrx_word' id='word_1_401' title='bbox 327 3019 484 3070; x_wconf 81' lang='grc' dir='ltr'>τημα</span> <span class='ocrx_word' id='word_1_402' title='bbox 507 3005 552 3034; x_wconf 80' lang='grc'>²²</span> <span class='ocrx_word' id='word_1_403' title='bbox 602 3004 702 3074; x_wconf 85' lang='grc' dir='ltr'><strong>τὴν</strong></span> <span class='ocrx_word' id='word_1_404' title='bbox 731 3005 1028 3075; x_wconf 83' lang='grc' dir='ltr'>ἐπιθυμίαν</span> <span class='ocrx_word' id='word_1_405' title='bbox 1067 3003 1362 3058; x_wconf 83' lang='grc' dir='ltr'>ἐκάλεσεν·</span> <span class='ocrx_word' id='word_1_406' title='bbox 1407 3005 1469 3058; x_wconf 76' lang='grc' dir='ltr'><strong>οὐ</strong></span> <span class='ocrx_word' id='word_1_407' title='bbox 1516 3005 1628 3078; x_wconf 76' lang='grc' dir='ltr'><strong>γὰρ</strong></span> <span class='ocrx_word' id='word_1_408' title='bbox 1671 3007 1906 3078; x_wconf 75' lang='grc' dir='ltr'>ᾔτησαν,</span> 
     </span>
    </p>
   </div>
   <div class='ocr_carea' id='block_1_61' title="bbox 2027 3003 3596 3100">
    <p class='ocr_par' dir='ltr' id='par_1_61' title="bbox 2027 3004 3596 3081">
     <span class='ocr_line' id='line_1_61' title="bbox 2027 3004 3596 3081; baseline -0.004 -16"><span class='ocrx_word' id='word_1_409' title='bbox 2027 3012 2230 3067; x_wconf 71' lang='lat' dir='ltr'><strong>vocavit</strong></span> <span class='ocrx_word' id='word_1_410' title='bbox 2257 3009 2785 3081; x_wconf 87' lang='lat' dir='ltr'><strong>concupiscentiam.</strong></span> <span class='ocrx_word' id='word_1_411' title='bbox 2837 3007 2957 3063; x_wconf 87' lang='lat' dir='ltr'><strong>Non</strong></span> <span class='ocrx_word' id='word_1_412' title='bbox 2991 3009 3137 3062; x_wconf 90' lang='lat' dir='ltr'><strong>enim</strong></span> <span class='ocrx_word' id='word_1_413' title='bbox 3175 3007 3472 3078; x_wconf 80' lang='lat' dir='ltr'><strong>petierunt.</strong></span> <span class='ocrx_word' id='word_1_414' title='bbox 3499 3004 3596 3060; x_wconf 87' lang='lat' dir='ltr'><strong>scd</strong></span> 
     </span>
    </p>
   </div>
   <div class='ocr_carea' id='block_1_62' title="bbox 326 3090 1910 3166">
    <p class='ocr_par' dir='ltr' id='par_1_62' title="bbox 326 3090 1910 3166">
     <span class='ocr_line' id='line_1_62' title="bbox 326 3090 1910 3166; baseline 0.001 -22"><span class='ocrx_word' id='word_1_415' title='bbox 326 3090 465 3144; x_wconf 83' lang='grc' dir='ltr'>ἀλλά</span> <span class='ocrx_word' id='word_1_416' title='bbox 485 3091 860 3162; x_wconf 86' lang='grc' dir='ltr'>κατελάλησαν</span> <span class='ocrx_word' id='word_1_417' title='bbox 883 3110 898 3126; x_wconf 81' lang='grc'><em>’</em></span> <span class='ocrx_word' id='word_1_418' title='bbox 923 3094 1124 3148; x_wconf 82' lang='grc' dir='ltr'>δέδωκε</span> <span class='ocrx_word' id='word_1_419' title='bbox 1145 3093 1202 3147; x_wconf 80' lang='grc' dir='ltr'>δὲ</span> <span class='ocrx_word' id='word_1_420' title='bbox 1224 3093 1376 3164; x_wconf 82' lang='grc' dir='ltr'>ὅμως</span> <span class='ocrx_word' id='word_1_421' title='bbox 1397 3094 1581 3158; x_wconf 82' lang='grc' dir='ltr'>αὐτοῖς</span> <span class='ocrx_word' id='word_1_422' title='bbox 1610 3096 1706 3148; x_wconf 76' lang='grc' dir='ltr'><strong>καὶ</strong></span> <span class='ocrx_word' id='word_1_423' title='bbox 1730 3095 1910 3166; x_wconf 83' lang='grc' dir='ltr'>κρεῶν</span> 
     </span>
    </p>
   </div>
   <div class='ocr_carea' id='block_1_63' title="bbox 326 3182 1917 3257">
    <p class='ocr_par' dir='ltr' id='par_1_63' title="bbox 326 3182 1917 3257">
     <span class='ocr_line' id='line_1_63' title="bbox 326 3182 1917 3257; baseline 0.003 -23"><span class='ocrx_word' id='word_1_424' title='bbox 326 3182 613 3250; x_wconf 78' lang='grc' dir='ltr'>ἀφθονίαν,</span> <span class='ocrx_word' id='word_1_425' title='bbox 642 3185 737 3237; x_wconf 75' lang='grc' dir='ltr'><strong>καὶ</strong></span> <span class='ocrx_word' id='word_1_426' title='bbox 761 3185 925 3255; x_wconf 86' lang='grc' dir='ltr'>ἄρτον</span> <span class='ocrx_word' id='word_1_427' title='bbox 947 3185 1382 3256; x_wconf 84' lang='grc' dir='ltr'>ἀχειροποίητον,</span> <span class='ocrx_word' id='word_1_428' title='bbox 1415 3187 1511 3240; x_wconf 80' lang='grc' dir='ltr'><strong>καὶ</strong></span> <span class='ocrx_word' id='word_1_429' title='bbox 1533 3185 1678 3257; x_wconf 82' lang='grc' dir='ltr'>ὕδωρ</span> <span class='ocrx_word' id='word_1_430' title='bbox 1699 3186 1917 3257; x_wconf 78' lang='grc' dir='ltr'>ἥδιστόν</span> 
     </span>
    </p>
   </div>
   <div class='ocr_carea' id='block_1_64' title="bbox 327 3274 1332 3344">
    <p class='ocr_par' dir='ltr' id='par_1_64' title="bbox 327 3274 1332 3344">
     <span class='ocr_line' id='line_1_64' title="bbox 327 3274 1332 3344; baseline 0.007 -18"><span class='ocrx_word' id='word_1_431' title='bbox 327 3290 388 3326; x_wconf 83' lang='grc' dir='ltr'><strong>τε</strong></span> <span class='ocrx_word' id='word_1_432' title='bbox 411 3275 505 3328; x_wconf 73' lang='grc' dir='ltr'>καὶ</span> <span class='ocrx_word' id='word_1_433' title='bbox 532 3274 784 3344; x_wconf 76' lang='grc' dir='ltr'>ἄφθονον.</span> <span class='ocrx_word' id='word_1_434' title='bbox 1330 3330 1332 3333; x_wconf 88' lang='grc'><strong>.</strong></span> 
     </span>
    </p>
   </div>
   <div class='ocr_carea' id='block_1_65' title="bbox 401 3367 1917 3440">
    <p class='ocr_par' dir='ltr' id='par_1_65' title="bbox 401 3367 1917 3440">
     <span class='ocr_line' id='line_1_65' title="bbox 401 3367 1917 3440; baseline 0.001 -22"><span class='ocrx_word' id='word_1_435' title='bbox 401 3373 496 3432; x_wconf 85' lang='grc' dir='ltr'>ις’.</span> <span class='ocrx_word' id='word_1_436' title='bbox 534 3385 552 3417; x_wconf 81' lang='grc' dir='ltr'><strong>ι</strong></span> <span class='ocrx_word' id='word_1_437' title='bbox 593 3368 700 3419; x_wconf 77' lang='grc' dir='ltr'>Καὶ</span> <span class='ocrx_word' id='word_1_438' title='bbox 726 3367 1088 3438; x_wconf 83' lang='grc' dir='ltr'>παρὼργισαν</span> <span class='ocrx_word' id='word_1_439' title='bbox 1117 3368 1212 3422; x_wconf 78' lang='grc' dir='ltr'><strong>τὸν</strong></span> <span class='ocrx_word' id='word_1_440' title='bbox 1249 3368 1460 3438; x_wconf 85' lang='grc' dir='ltr'>Μωσῆν</span> <span class='ocrx_word' id='word_1_441' title='bbox 1495 3369 1554 3422; x_wconf 80' lang='grc' dir='ltr'><strong>ἐν</strong></span> <span class='ocrx_word' id='word_1_442' title='bbox 1597 3371 1664 3439; x_wconf 82' lang='grc' dir='ltr'>τῇ</span> <span class='ocrx_word' id='word_1_443' title='bbox 1699 3385 1917 3440; x_wconf 83' lang='grc' dir='ltr'>παρεμ-</span> 
     </span>
    </p>
   </div>
   <div class='ocr_carea' id='block_1_66' title="bbox 329 3457 1914 3531">
    <p class='ocr_par' dir='ltr' id='par_1_66' title="bbox 329 3457 1914 3531">
     <span class='ocr_line' id='line_1_66' title="bbox 329 3457 1914 3531; baseline 0.003 -23"><span class='ocrx_word' id='word_1_444' title='bbox 329 3457 484 3528; x_wconf 72' lang='grc' dir='ltr'>ϐολῇ,</span> <span class='ocrx_word' id='word_1_445' title='bbox 519 3457 610 3510; x_wconf 81' lang='grc' dir='ltr'>τὸν</span> <span class='ocrx_word' id='word_1_446' title='bbox 629 3459 673 3490; x_wconf 79' lang='grc'>⁸³</span> <span class='ocrx_word' id='word_1_447' title='bbox 713 3458 925 3530; x_wconf 82' lang='grc' dir='ltr'>Ἀαρὼν</span> <span class='ocrx_word' id='word_1_448' title='bbox 954 3461 1047 3513; x_wconf 81' lang='grc' dir='ltr'><strong>τὸν</strong></span> <span class='ocrx_word' id='word_1_449' title='bbox 1093 3461 1254 3529; x_wconf 80' lang='grc' dir='ltr'>ἅγιον</span> <span class='ocrx_word' id='word_1_450' title='bbox 1287 3461 1520 3530; x_wconf 85' lang='grc' dir='ltr'>Κυρίου.</span> <span class='ocrx_word' id='word_1_451' title='bbox 1559 3479 1579 3513; x_wconf 73' lang='grc' dir='ltr'><strong>ι</strong></span> <span class='ocrx_word' id='word_1_452' title='bbox 1629 3462 1776 3530; x_wconf 82' lang='grc' dir='ltr'>Κορέ</span> <span class='ocrx_word' id='word_1_453' title='bbox 1814 3461 1914 3531; x_wconf 85' lang='grc' dir='ltr'><strong>μὲν</strong></span> 
     </span>
    </p>
   </div>
   <div class='ocr_carea' id='block_1_67' title="bbox 327 3549 1917 3624">
    <p class='ocr_par' dir='ltr' id='par_1_67' title="bbox 327 3549 1917 3624">
     <span class='ocr_line' id='line_1_67' title="bbox 327 3549 1917 3624; baseline 0.004 -24"><span class='ocrx_word' id='word_1_454' title='bbox 327 3549 457 3618; x_wconf 78' lang='grc' dir='ltr'>γὰρ,</span> <span class='ocrx_word' id='word_1_455' title='bbox 494 3551 587 3602; x_wconf 87' lang='grc' dir='ltr'><strong>καί</strong></span> <span class='ocrx_word' id='word_1_456' title='bbox 615 3553 647 3621; x_wconf 83' lang='grc' dir='ltr'>ἡ</span> <span class='ocrx_word' id='word_1_457' title='bbox 679 3553 868 3604; x_wconf 77' lang='grc' dir='ltr'>τούτου</span> <span class='ocrx_word' id='word_1_458' title='bbox 889 3552 1192 3622; x_wconf 84' lang='grc' dir='ltr'>συμμορία,</span> <span class='ocrx_word' id='word_1_459' title='bbox 1225 3551 1602 3622; x_wconf 81' lang='grc' dir='ltr'>ἐπειράθησαν</span> <span class='ocrx_word' id='word_1_460' title='bbox 1627 3553 1726 3622; x_wconf 80' lang='grc' dir='ltr'><strong>τὴν</strong></span> <span class='ocrx_word' id='word_1_461' title='bbox 1757 3555 1917 3624; x_wconf 78' lang='grc' dir='ltr'>ἱερω-</span> 
     </span>
    </p>
   </div>
   <div class='ocr_carea' id='block_1_68' title="bbox 329 3640 1915 3717">
    <p class='ocr_par' dir='ltr' id='par_1_68' title="bbox 329 3640 1915 3717">
     <span class='ocr_line' id='line_1_68' title="bbox 329 3640 1915 3717; baseline 0.004 -26"><span class='ocrx_word' id='word_1_462' title='bbox 329 3640 496 3707; x_wconf 79' lang='grc' dir='ltr'>σύνην</span> <span class='ocrx_word' id='word_1_463' title='bbox 542 3643 788 3712; x_wconf 82' lang='grc' dir='ltr'>ἁρπάσαι</span> <span class='ocrx_word' id='word_1_464' title='bbox 827 3644 890 3698; x_wconf 68' lang='grc'>’⁸.</span> <span class='ocrx_word' id='word_1_465' title='bbox 939 3644 1119 3698; x_wconf 77' lang='grc' dir='ltr'>Δαθὰν</span> <span class='ocrx_word' id='word_1_466' title='bbox 1161 3644 1219 3698; x_wconf 87' lang='grc' dir='ltr'><strong>δέ</strong></span> <span class='ocrx_word' id='word_1_467' title='bbox 1257 3645 1352 3698; x_wconf 70' lang='grc' dir='ltr'>καὶ</span> <span class='ocrx_word' id='word_1_468' title='bbox 1411 3644 1676 3716; x_wconf 79' lang='grc' dir='ltr'>Ἀὃειρὼν</span> <span class='ocrx_word' id='word_1_469' title='bbox 1721 3647 1915 3717; x_wconf 82' lang='grc' dir='ltr'>ἑτέραν</span> 
     </span>
    </p>
   </div>
   <div class='ocr_carea' id='block_1_69' title="bbox 330 3733 1014 3804">
    <p class='ocr_par' dir='ltr' id='par_1_69' title="bbox 330 3733 1014 3804">
     <span class='ocr_line' id='line_1_69' title="bbox 330 3733 1014 3804; baseline 0.015 -22"><span class='ocrx_word' id='word_1_470' title='bbox 330 3733 670 3802; x_wconf 71' lang='grc' dir='ltr'>ἐμελέτησαν</span> <span class='ocrx_word' id='word_1_471' title='bbox 699 3738 1014 3804; x_wconf 86' lang='grc' dir='ltr'>τυραννίδα.</span> 
     </span>
    </p>
   </div>
   <div class='ocr_carea' id='block_1_70' title="bbox 398 3822 1916 3898">
    <p class='ocr_par' dir='ltr' id='par_1_70' title="bbox 398 3822 1916 3898">
     <span class='ocr_line' id='line_1_70' title="bbox 398 3822 1916 3898; baseline 0.005 -23"><span class='ocrx_word' id='word_1_472' title='bbox 398 3822 485 3886; x_wconf 77' lang='grc' dir='ltr'>ιζ’,</span> <span class='ocrx_word' id='word_1_473' title='bbox 521 3831 608 3894; x_wconf 82' lang='grc' dir='ltr'>ιη’.</span> <span class='ocrx_word' id='word_1_474' title='bbox 642 3846 660 3876; x_wconf 81' lang='grc' dir='ltr'><strong>ι</strong></span> <span class='ocrx_word' id='word_1_475' title='bbox 713 3827 964 3898; x_wconf 77' lang='grc' dir='ltr'>Ἢνοίχθη</span> <span class='ocrx_word' id='word_1_476' title='bbox 997 3831 1030 3898; x_wconf 78' lang='grc' dir='ltr'>ἡ</span> <span class='ocrx_word' id='word_1_477' title='bbox 1062 3829 1132 3898; x_wconf 78' lang='grc' dir='ltr'>γῆ</span> <span class='ocrx_word' id='word_1_478' title='bbox 1168 3828 1262 3880; x_wconf 77' lang='grc' dir='ltr'><strong>καὶ</strong></span> <span class='ocrx_word' id='word_1_479' title='bbox 1295 3830 1526 3883; x_wconf 79' lang='grc' dir='ltr'>κατέπιε</span> <span class='ocrx_word' id='word_1_480' title='bbox 1571 3830 1774 3894; x_wconf 74' lang='grc' dir='ltr'>Δαθὰν,</span> <span class='ocrx_word' id='word_1_481' title='bbox 1820 3829 1916 3882; x_wconf 74' lang='grc' dir='ltr'><strong>καὶ</strong></span> 
     </span>
    </p>
   </div>
   <div class='ocr_carea' id='block_1_71' title="bbox 327 3915 1913 3990">
    <p class='ocr_par' dir='ltr' id='par_1_71' title="bbox 327 3915 1913 3990">
     <span class='ocr_line' id='line_1_71' title="bbox 327 3915 1913 3990; baseline 0.005 -24"><span class='ocrx_word' id='word_1_482' title='bbox 327 3915 597 3984; x_wconf 65' lang='grc' dir='ltr'>ἐκάλυψεν</span> <span class='ocrx_word' id='word_1_483' title='bbox 643 3918 735 3969; x_wconf 69' lang='grc' dir='ltr'><strong>ἐπὶ</strong></span> <span class='ocrx_word' id='word_1_484' title='bbox 769 3919 870 3988; x_wconf 81' lang='grc' dir='ltr'>τὴν</span> <span class='ocrx_word' id='word_1_485' title='bbox 921 3920 1247 3990; x_wconf 84' lang='grc' dir='ltr'>συναγωγὴν</span> <span class='ocrx_word' id='word_1_486' title='bbox 1307 3921 1592 3990; x_wconf 78' lang='grc' dir='ltr'>Ἀϐειρὼν.</span> <span class='ocrx_word' id='word_1_487' title='bbox 1647 3923 1757 3976; x_wconf 71' lang='grc' dir='ltr'><strong>Καὶ</strong></span> <span class='ocrx_word' id='word_1_488' title='bbox 1821 3922 1913 3988; x_wconf 81' lang='grc' dir='ltr'><strong>ἐξ·-</strong></span> 
     </span>
    </p>
   </div>
   <div class='ocr_carea' id='block_1_72' title="bbox 326 4005 1916 4082">
    <p class='ocr_par' dir='ltr' id='par_1_72' title="bbox 326 4005 1916 4082">
     <span class='ocr_line' id='line_1_72' title="bbox 326 4005 1916 4082; baseline 0.004 -25"><span class='ocrx_word' id='word_1_489' title='bbox 326 4005 532 4075; x_wconf 74' lang='grc' dir='ltr'>εκαύθη</span> <span class='ocrx_word' id='word_1_490' title='bbox 564 4007 675 4077; x_wconf 84' lang='grc' dir='ltr'><strong>πῦρ</strong></span> <span class='ocrx_word' id='word_1_491' title='bbox 708 4009 766 4058; x_wconf 83' lang='grc' dir='ltr'><strong>ἐν</strong></span> <span class='ocrx_word' id='word_1_492' title='bbox 785 4011 848 4078; x_wconf 81' lang='grc' dir='ltr'>τῇ</span> <span class='ocrx_word' id='word_1_493' title='bbox 875 4013 1170 4082; x_wconf 78' lang='grc' dir='ltr'>συναγωγῇ</span> <span class='ocrx_word' id='word_1_494' title='bbox 1197 4012 1400 4078; x_wconf 82' lang='grc' dir='ltr'>αὐτῶν,</span> <span class='ocrx_word' id='word_1_495' title='bbox 1428 4013 1560 4080; x_wconf 78' lang='grc' dir='ltr'>φλὸξ</span> <span class='ocrx_word' id='word_1_496' title='bbox 1575 4015 1619 4046; x_wconf 77' lang='grc'><strong>³⁵</strong></span> <span class='ocrx_word' id='word_1_497' title='bbox 1647 4013 1916 4080; x_wconf 81' lang='grc' dir='ltr'>κατέφλε-</span> 
     </span>
    </p>
   </div>
   <div class='ocr_carea' id='block_1_73' title="bbox 329 4096 1916 4175">
    <p class='ocr_par' dir='ltr' id='par_1_73' title="bbox 329 4096 1916 4175">
     <span class='ocr_line' id='line_1_73' title="bbox 329 4096 1916 4175; baseline 0.006 -27"><span class='ocrx_word' id='word_1_498' title='bbox 329 4096 418 4160; x_wconf 83' lang='grc' dir='ltr'><strong>ξεν</strong></span> <span class='ocrx_word' id='word_1_499' title='bbox 465 4099 845 4168; x_wconf 77' lang='grc' dir='ltr'>ἁμαρτωλούς.</span> <span class='ocrx_word' id='word_1_500' title='bbox 878 4120 896 4150; x_wconf 72' lang='grc' dir='ltr'><strong>ι</strong></span> <span class='ocrx_word' id='word_1_501' title='bbox 952 4101 1131 4154; x_wconf 83' lang='grc' dir='ltr'>Δαθὰν</span> <span class='ocrx_word' id='word_1_502' title='bbox 1179 4103 1279 4172; x_wconf 78' lang='grc' dir='ltr'>μὲν</span> <span class='ocrx_word' id='word_1_503' title='bbox 1323 4105 1418 4158; x_wconf 71' lang='grc' dir='ltr'><strong>καὶ</strong></span> <span class='ocrx_word' id='word_1_504' title='bbox 1461 4104 1725 4175; x_wconf 79' lang='grc' dir='ltr'>’Λϐειρὼν</span> <span class='ocrx_word' id='word_1_505' title='bbox 1774 4105 1916 4174; x_wconf 80' lang='grc' dir='ltr'>μετὰ</span> 
     </span>
    </p>
   </div>
   <div class='ocr_carea' id='block_1_74' title="bbox 328 4189 1912 4266">
    <p class='ocr_par' dir='ltr' id='par_1_74' title="bbox 328 4189 1912 4266">
     <span class='ocr_line' id='line_1_74' title="bbox 328 4189 1912 4266; baseline 0.005 -26"><span class='ocrx_word' id='word_1_506' title='bbox 328 4190 510 4257; x_wconf 77' lang='grc' dir='ltr'>πάσης</span> <span class='ocrx_word' id='word_1_507' title='bbox 539 4189 640 4258; x_wconf 85' lang='grc' dir='ltr'>τῆς</span> <span class='ocrx_word' id='word_1_508' title='bbox 678 4193 916 4262; x_wconf 82' lang='grc' dir='ltr'>πατριᾶς</span> <span class='ocrx_word' id='word_1_509' title='bbox 941 4193 986 4224; x_wconf 86' lang='grc'>²⁶</span> <span class='ocrx_word' id='word_1_510' title='bbox 1027 4194 1534 4266; x_wconf 87' lang='grc' dir='ltr'>κατεποντίσθησαν</span> <span class='ocrx_word' id='word_1_511' title='bbox 1553 4197 1628 4226; x_wconf 79' lang='grc'><strong>⁵⁷·</strong></span> <span class='ocrx_word' id='word_1_512' title='bbox 1655 4195 1799 4265; x_wconf 77' lang='grc' dir='ltr'>Κορέ</span> <span class='ocrx_word' id='word_1_513' title='bbox 1832 4196 1912 4260; x_wconf 87' lang='grc' dir='ltr'><strong>δὲ,</strong></span> 
     </span>
    </p>
   </div>
   <div class='ocr_carea' id='block_1_75' title="bbox 331 4280 1914 4356">
    <p class='ocr_par' dir='ltr' id='par_1_75' title="bbox 331 4280 1914 4356">
     <span class='ocr_line' id='line_1_75' title="bbox 331 4280 1914 4356; baseline 0.004 -24"><span class='ocrx_word' id='word_1_514' title='bbox 331 4280 426 4332; x_wconf 72' lang='grc' dir='ltr'><strong>καὶ</strong></span> <span class='ocrx_word' id='word_1_515' title='bbox 455 4283 500 4331; x_wconf 84' lang='lat' dir='ltr'><strong>oi</strong></span> <span class='ocrx_word' id='word_1_516' title='bbox 532 4281 628 4334; x_wconf 75' lang='grc' dir='ltr'><strong>σὺν</strong></span> <span class='ocrx_word' id='word_1_517' title='bbox 659 4281 827 4350; x_wconf 77' lang='grc' dir='ltr'>αὐτῷ,</span> <span class='ocrx_word' id='word_1_518' title='bbox 859 4283 1107 4353; x_wconf 86' lang='grc' dir='ltr'>θεηλάτῳ</span> <span class='ocrx_word' id='word_1_519' title='bbox 1137 4286 1270 4354; x_wconf 72' lang='grc' dir='ltr'>πυρὶ</span> <span class='ocrx_word' id='word_1_520' title='bbox 1299 4285 1770 4356; x_wconf 81' lang='grc' dir='ltr'>κατεφλέχθησαν.</span> <span class='ocrx_word' id='word_1_521' title='bbox 1803 4287 1914 4348; x_wconf 83' lang='grc' dir='ltr'>Τὰς</span> 
     </span>
    </p>
   </div>
   <div class='ocr_carea' id='block_1_76' title="bbox 2019 3095 3599 3168">
    <p class='ocr_par' dir='ltr' id='par_1_76' title="bbox 2019 3095 3599 3168">
     <span class='ocr_line' id='line_1_76' title="bbox 2019 3095 3599 3168; baseline -0.004 -14"><span class='ocrx_word' id='word_1_522' title='bbox 2019 3099 2261 3155; x_wconf 87' lang='lat' dir='ltr'><strong>oblocuti</strong></span> <span class='ocrx_word' id='word_1_523' title='bbox 2292 3107 2421 3156; x_wconf 89' lang='lat' dir='ltr'><strong>sunt</strong></span> <span class='ocrx_word' id='word_1_524' title='bbox 2441 3117 2455 3153; x_wconf 86' lang='lat'><strong>:</strong></span> <span class='ocrx_word' id='word_1_525' title='bbox 2473 3107 2528 3154; x_wconf 91' lang='lat' dir='ltr'><strong>et</strong></span> <span class='ocrx_word' id='word_1_526' title='bbox 2554 3099 2704 3154; x_wconf 86' lang='lat' dir='ltr'><strong>dedit</strong></span> <span class='ocrx_word' id='word_1_527' title='bbox 2734 3107 2915 3154; x_wconf 87' lang='lat' dir='ltr'><strong>tamen</strong></span> <span class='ocrx_word' id='word_1_528' title='bbox 2939 3097 3074 3168; x_wconf 88' lang='lat' dir='ltr'><strong>ipsis</strong></span> <span class='ocrx_word' id='word_1_529' title='bbox 3097 3109 3152 3152; x_wconf 89' lang='lat' dir='ltr'><strong>et</strong></span> <span class='ocrx_word' id='word_1_530' title='bbox 3169 3096 3351 3151; x_wconf 85' lang='lat' dir='ltr'><strong>carnis</strong></span> <span class='ocrx_word' id='word_1_531' title='bbox 3367 3095 3599 3150; x_wconf 78' lang='lat' dir='ltr'><strong>allluen-</strong></span> 
     </span>
    </p>
   </div>
   <div class='ocr_carea' id='block_1_77' title="bbox 2018 3187 3599 3263">
    <p class='ocr_par' dir='ltr' id='par_1_77' title="bbox 2018 3187 3599 3263">
     <span class='ocr_line' id='line_1_77' title="bbox 2018 3187 3599 3263; baseline -0.004 -15"><span class='ocrx_word' id='word_1_532' title='bbox 2018 3193 2172 3260; x_wconf 86' lang='lat' dir='ltr'><strong>tiam,</strong></span> <span class='ocrx_word' id='word_1_533' title='bbox 2197 3202 2252 3248; x_wconf 90' lang='lat' dir='ltr'><strong>et</strong></span> <span class='ocrx_word' id='word_1_534' title='bbox 2283 3209 2479 3263; x_wconf 86' lang='lat' dir='ltr'><strong>panem</strong></span> <span class='ocrx_word' id='word_1_535' title='bbox 2513 3207 2619 3248; x_wconf 90' lang='lat' dir='ltr'><strong>non</strong></span> <span class='ocrx_word' id='word_1_536' title='bbox 2649 3189 3046 3255; x_wconf 81' lang='lat' dir='ltr'><strong>manufactum,</strong></span> <span class='ocrx_word' id='word_1_537' title='bbox 3065 3198 3124 3244; x_wconf 86' lang='lat' dir='ltr'><strong>et</strong></span> <span class='ocrx_word' id='word_1_538' title='bbox 3165 3203 3363 3258; x_wconf 85' lang='lat' dir='ltr'><strong>aquam</strong></span> <span class='ocrx_word' id='word_1_539' title='bbox 3389 3187 3599 3242; x_wconf 78' lang='lat' dir='ltr'><strong>dulcis-</strong></span> 
     </span>
    </p>
   </div>
   <div class='ocr_carea' id='block_1_78' title="bbox 2017 3284 2814 3354">
    <p class='ocr_par' dir='ltr' id='par_1_78' title="bbox 2017 3284 2814 3354">
     <span class='ocr_line' id='line_1_78' title="bbox 2017 3284 2814 3354; baseline -0.005 -14"><span class='ocrx_word' id='word_1_540' title='bbox 2017 3287 2213 3340; x_wconf 86' lang='lat' dir='ltr'><strong>simam</strong></span> <span class='ocrx_word' id='word_1_541' title='bbox 2265 3295 2315 3340; x_wconf 91' lang='lat' dir='ltr'><strong>et</strong></span> <span class='ocrx_word' id='word_1_542' title='bbox 2347 3284 2814 3354; x_wconf 86' lang='lat' dir='ltr'><strong>copiosissimam.</strong></span> 
     </span>
    </p>
   </div>
   <div class='ocr_carea' id='block_1_79' title="bbox 2092 3371 3595 3434">
    <p class='ocr_par' dir='ltr' id='par_1_79' title="bbox 2092 3371 3595 3434">
     <span class='ocr_line' id='line_1_79' title="bbox 2092 3371 3595 3434; baseline -0.007 -2"><span class='ocrx_word' id='word_1_543' title='bbox 2092 3377 2260 3433; x_wconf 76' lang='lat' dir='ltr'><strong>Vsus.</strong></span> <span class='ocrx_word' id='word_1_544' title='bbox 2308 3376 2394 3430; x_wconf 82' lang='lat' dir='ltr'><strong>l6.</strong></span> <span class='ocrx_word' id='word_1_545' title='bbox 2449 3395 2468 3428; x_wconf 73' lang='grc' dir='ltr'><strong>ι</strong></span> <span class='ocrx_word' id='word_1_546' title='bbox 2523 3375 2994 3430; x_wconf 85' lang='lat' dir='ltr'><strong>Et&#39;irritaverunt</strong></span> <span class='ocrx_word' id='word_1_547' title='bbox 3043 3371 3230 3427; x_wconf 82' lang='lat' dir='ltr'><strong>Mosen</strong></span> <span class='ocrx_word' id='word_1_548' title='bbox 3279 3373 3334 3426; x_wconf 87' lang='lat' dir='ltr'><strong>in</strong></span> <span class='ocrx_word' id='word_1_549' title='bbox 3375 3371 3595 3434; x_wconf 83' lang='lat' dir='ltr'><strong>castris,</strong></span> 
     </span>
    </p>
   </div>
   <div class='ocr_carea' id='block_1_80' title="bbox 2016 3461 3594 3532">
    <p class='ocr_par' dir='ltr' id='par_1_80' title="bbox 2016 3461 3594 3532">
     <span class='ocr_line' id='line_1_80' title="bbox 2016 3461 3594 3532; baseline -0.005 -10"><span class='ocrx_word' id='word_1_550' title='bbox 2016 3470 2288 3522; x_wconf 84' lang='lat' dir='ltr'><strong>Aaronem</strong></span> <span class='ocrx_word' id='word_1_551' title='bbox 2319 3476 2568 3522; x_wconf 90' lang='lat' dir='ltr'><strong>sanctum</strong></span> <span class='ocrx_word' id='word_1_552' title='bbox 2603 3466 2838 3521; x_wconf 80' lang='lat' dir='ltr'><strong>Domini.</strong></span> <span class='ocrx_word' id='word_1_553' title='bbox 2889 3483 2910 3516; x_wconf 76' lang='grc' dir='ltr'><strong>ι</strong></span> <span class='ocrx_word' id='word_1_554' title='bbox 2945 3461 3086 3521; x_wconf 89' lang='lat' dir='ltr'><strong>Core</strong></span> <span class='ocrx_word' id='word_1_555' title='bbox 3124 3463 3368 3532; x_wconf 84' lang='lat' dir='ltr'><strong>quidem,</strong></span> <span class='ocrx_word' id='word_1_556' title='bbox 3403 3471 3459 3516; x_wconf 89' lang='lat' dir='ltr'><strong>et</strong></span> <span class='ocrx_word' id='word_1_557' title='bbox 3499 3462 3594 3532; x_wconf 88' lang='lat' dir='ltr'><strong>qui</strong></span> 
     </span>
    </p>
   </div>
   <div class='ocr_carea' id='block_1_81' title="bbox 2017 3555 3592 3630">
    <p class='ocr_par' dir='ltr' id='par_1_81' title="bbox 2017 3555 3592 3630">
     <span class='ocr_line' id='line_1_81' title="bbox 2017 3555 3592 3630; baseline -0.004 -14"><span class='ocrx_word' id='word_1_558' title='bbox 2017 3576 2141 3616; x_wconf 90' lang='lat' dir='ltr'><strong>cum</strong></span> <span class='ocrx_word' id='word_1_559' title='bbox 2157 3561 2276 3630; x_wconf 88' lang='lat' dir='ltr'><strong>ipso</strong></span> <span class='ocrx_word' id='word_1_560' title='bbox 2295 3571 2470 3625; x_wconf 87' lang='lat' dir='ltr'><strong>erant,</strong></span> <span class='ocrx_word' id='word_1_561' title='bbox 2496 3559 2866 3616; x_wconf 89' lang='lat' dir='ltr'><strong>sacerdotium</strong></span> <span class='ocrx_word' id='word_1_562' title='bbox 2889 3555 3178 3627; x_wconf 89' lang='lat' dir='ltr'><strong>subripere</strong></span> <span class='ocrx_word' id='word_1_563' title='bbox 3197 3556 3378 3611; x_wconf 87' lang='lat' dir='ltr'><strong>conati</strong></span> <span class='ocrx_word' id='word_1_564' title='bbox 3398 3563 3526 3609; x_wconf 88' lang='lat' dir='ltr'><strong>sunt</strong></span> <span class='ocrx_word' id='word_1_565' title='bbox 3545 3565 3558 3603; x_wconf 81' lang='grc' dir='ltr'><strong>ι</strong></span> <span class='ocrx_word' id='word_1_566' title='bbox 3577 3595 3592 3609; x_wconf 92' lang='grc'><strong>.</strong></span> 
     </span>
    </p>
   </div>
   <div class='ocr_carea' id='block_1_82' title="bbox 2022 3647 3598 3718">
    <p class='ocr_par' dir='ltr' id='par_1_82' title="bbox 2022 3647 3598 3718">
     <span class='ocr_line' id='line_1_82' title="bbox 2022 3647 3598 3718; baseline -0.004 -14"><span class='ocrx_word' id='word_1_567' title='bbox 2022 3652 2231 3706; x_wconf 85' lang='lat' dir='ltr'><strong>Datban</strong></span> <span class='ocrx_word' id='word_1_568' title='bbox 2275 3667 2404 3705; x_wconf 90' lang='lat' dir='ltr'><strong>vero</strong></span> <span class='ocrx_word' id='word_1_569' title='bbox 2433 3659 2487 3705; x_wconf 88' lang='lat' dir='ltr'><strong>et</strong></span> <span class='ocrx_word' id='word_1_570' title='bbox 2519 3651 2726 3705; x_wconf 76' lang='lat' dir='ltr'><strong>Ahiron</strong></span> <span class='ocrx_word' id='word_1_571' title='bbox 2769 3649 2936 3704; x_wconf 88' lang='lat' dir='ltr'><strong>aliam</strong></span> <span class='ocrx_word' id='word_1_572' title='bbox 2985 3647 3370 3718; x_wconf 79' lang='lat' dir='ltr'><strong>echgitarunt</strong></span> <span class='ocrx_word' id='word_1_573' title='bbox 3411 3653 3598 3716; x_wconf 83' lang='lat' dir='ltr'><strong>tyran-</strong></span> 
     </span>
    </p>
   </div>
   <div class='ocr_carea' id='block_1_83' title="bbox 2018 3741 2224 3795">
    <p class='ocr_par' dir='ltr' id='par_1_83' title="bbox 2018 3741 2224 3795">
     <span class='ocr_line' id='line_1_83' title="bbox 2018 3741 2224 3795; baseline 0 -1"><span class='ocrx_word' id='word_1_574' title='bbox 2018 3741 2224 3795; x_wconf 86' lang='lat' dir='ltr'><strong>nidem.</strong></span> 
     </span>
    </p>
   </div>
   <div class='ocr_carea' id='block_1_84' title="bbox 2091 3823 3598 3900">
    <p class='ocr_par' dir='ltr' id='par_1_84' title="bbox 2091 3823 3598 3900">
     <span class='ocr_line' id='line_1_84' title="bbox 2091 3823 3598 3900; baseline -0.005 -12"><span class='ocrx_word' id='word_1_575' title='bbox 2091 3833 2260 3888; x_wconf 71' lang='lat' dir='ltr'><strong>Vsus.</strong></span> <span class='ocrx_word' id='word_1_576' title='bbox 2294 3832 2382 3898; x_wconf 86' lang='grc'>17,</span> <span class='ocrx_word' id='word_1_577' title='bbox 2415 3831 2533 3886; x_wconf 81' lang='grc'>18.‹</span> <span class='ocrx_word' id='word_1_578' title='bbox 2575 3833 2776 3900; x_wconf 74' lang='lat' dir='ltr'><strong>Aperta</strong></span> <span class='ocrx_word' id='word_1_579' title='bbox 2802 3839 2886 3884; x_wconf 90' lang='lat' dir='ltr'><strong>est</strong></span> <span class='ocrx_word' id='word_1_580' title='bbox 2914 3840 3084 3895; x_wconf 88' lang='lat' dir='ltr'><strong>terra,</strong></span> <span class='ocrx_word' id='word_1_581' title='bbox 3107 3839 3161 3883; x_wconf 88' lang='lat' dir='ltr'><strong>et</strong></span> <span class='ocrx_word' id='word_1_582' title='bbox 3183 3825 3467 3898; x_wconf 81' lang='lat' dir='ltr'><strong>deglutivit</strong></span> <span class='ocrx_word' id='word_1_583' title='bbox 3493 3823 3598 3880; x_wconf 87' lang='lat' dir='ltr'><strong>Da-</strong></span> 
     </span>
    </p>
   </div>
   <div class='ocr_carea' id='block_1_85' title="bbox 2017 3917 3598 3990">
    <p class='ocr_par' dir='ltr' id='par_1_85' title="bbox 2017 3917 3598 3990">
     <span class='ocr_line' id='line_1_85' title="bbox 2017 3917 3598 3990; baseline -0.006 -10"><span class='ocrx_word' id='word_1_584' title='bbox 2017 3925 2276 3988; x_wconf 88' lang='lat' dir='ltr'><strong>thanem,</strong></span> <span class='ocrx_word' id='word_1_585' title='bbox 2323 3931 2376 3976; x_wconf 89' lang='lat' dir='ltr'><strong>et</strong></span> <span class='ocrx_word' id='word_1_586' title='bbox 2417 3923 2634 3990; x_wconf 80' lang='lat' dir='ltr'><strong>aperuit</strong></span> <span class='ocrx_word' id='word_1_587' title='bbox 2679 3921 3154 3990; x_wconf 78' lang='lat' dir='ltr'><strong>congregationem</strong></span> <span class='ocrx_word' id='word_1_588' title='bbox 3202 3917 3484 3974; x_wconf 83' lang='lat' dir='ltr'><strong>Abironis.</strong></span> <span class='ocrx_word' id='word_1_589' title='bbox 3535 3918 3598 3970; x_wconf 78' lang='lat' dir='ltr'><strong>Et</strong></span> 
     </span>
    </p>
   </div>
   <div class='ocr_carea' id='block_1_86' title="bbox 2017 4008 3598 4081">
    <p class='ocr_par' dir='ltr' id='par_1_86' title="bbox 2017 4008 3598 4081">
     <span class='ocr_line' id='line_1_86' title="bbox 2017 4008 3598 4081; baseline -0.004 -12"><span class='ocrx_word' id='word_1_590' title='bbox 2017 4014 2223 4069; x_wconf 82' lang='lat' dir='ltr'><strong>exarsit</strong></span> <span class='ocrx_word' id='word_1_591' title='bbox 2266 4011 2408 4081; x_wconf 80' lang='lat' dir='ltr'><strong>ignis</strong></span> <span class='ocrx_word' id='word_1_592' title='bbox 2460 4011 2514 4063; x_wconf 91' lang='lat' dir='ltr'><strong>in</strong></span> <span class='ocrx_word' id='word_1_593' title='bbox 2569 4021 2716 4064; x_wconf 70' lang='lat' dir='ltr'><strong>cmtu</strong></span> <span class='ocrx_word' id='word_1_594' title='bbox 2760 4018 2990 4072; x_wconf 66' lang='lat' dir='ltr'><strong>eorum,</strong></span> <span class='ocrx_word' id='word_1_595' title='bbox 3023 4009 3256 4064; x_wconf 82' lang='lat' dir='ltr'><strong>&#39;ﬂamma</strong></span> <span class='ocrx_word' id='word_1_596' title='bbox 3295 4008 3598 4063; x_wconf 84' lang='lat' dir='ltr'><strong>combussit</strong></span> 
     </span>
    </p>
   </div>
   <div class='ocr_carea' id='block_1_87' title="bbox 2018 4099 3596 4174">
    <p class='ocr_par' dir='ltr' id='par_1_87' title="bbox 2018 4099 3596 4174">
     <span class='ocr_line' id='line_1_87' title="bbox 2018 4099 3596 4174; baseline -0.005 -16"><span class='ocrx_word' id='word_1_597' title='bbox 2018 4115 2352 4174; x_wconf 85' lang='lat' dir='ltr'><strong>peccatores.</strong></span> <span class='ocrx_word' id='word_1_598' title='bbox 2387 4121 2406 4154; x_wconf 72' lang='grc' dir='ltr'><strong>ι</strong></span> <span class='ocrx_word' id='word_1_599' title='bbox 2443 4101 2654 4155; x_wconf 76' lang='lat' dir='ltr'><strong>Dathan</strong></span> <span class='ocrx_word' id='word_1_600' title='bbox 2685 4099 2901 4168; x_wconf 76' lang='lat' dir='ltr'><strong>quidem</strong></span> <span class='ocrx_word' id='word_1_601' title='bbox 2941 4109 2996 4153; x_wconf 87' lang='lat' dir='ltr'><strong>et</strong></span> <span class='ocrx_word' id='word_1_602' title='bbox 3065 4100 3270 4154; x_wconf 85' lang='lat' dir='ltr'><strong>Abiron</strong></span> <span class='ocrx_word' id='word_1_603' title='bbox 3325 4115 3448 4152; x_wconf 87' lang='lat' dir='ltr'><strong>cum</strong></span> <span class='ocrx_word' id='word_1_604' title='bbox 3485 4109 3596 4152; x_wconf 78' lang='lat' dir='ltr'><strong>tota</strong></span> 
     </span>
    </p>
   </div>
   <div class='ocr_carea' id='block_1_88' title="bbox 2017 4189 3598 4263">
    <p class='ocr_par' dir='ltr' id='par_1_88' title="bbox 2017 4189 3598 4263">
     <span class='ocr_line' id='line_1_88' title="bbox 2017 4189 3598 4263; baseline -0.008 -9"><span class='ocrx_word' id='word_1_605' title='bbox 2017 4199 2225 4254; x_wconf 82' lang='lat' dir='ltr'><strong>familia</strong></span> <span class='ocrx_word' id='word_1_606' title='bbox 2269 4195 2511 4263; x_wconf 86' lang='lat' dir='ltr'><strong>absorpti</strong></span> <span class='ocrx_word' id='word_1_607' title='bbox 2543 4201 2674 4248; x_wconf 86' lang='lat' dir='ltr'><strong>sunt</strong></span> <span class='ocrx_word' id='word_1_608' title='bbox 2703 4210 2716 4245; x_wconf 91' lang='lat'><strong>:</strong></span> <span class='ocrx_word' id='word_1_609' title='bbox 2744 4189 2885 4244; x_wconf 70' lang='lat' dir='ltr'><strong>Core</strong></span> <span class='ocrx_word' id='word_1_610' title='bbox 2922 4206 3074 4258; x_wconf 81' lang='lat' dir='ltr'><strong>vero,</strong></span> <span class='ocrx_word' id='word_1_611' title='bbox 3123 4201 3176 4243; x_wconf 90' lang='lat' dir='ltr'><strong>et</strong></span> <span class='ocrx_word' id='word_1_612' title='bbox 3207 4189 3299 4260; x_wconf 80' lang='lat' dir='ltr'><strong>qui</strong></span> <span class='ocrx_word' id='word_1_613' title='bbox 3331 4206 3456 4244; x_wconf 88' lang='lat' dir='ltr'><strong>cum</strong></span> <span class='ocrx_word' id='word_1_614' title='bbox 3504 4189 3598 4242; x_wconf 90' lang='lat' dir='ltr'><strong>illo</strong></span> 
     </span>
    </p>
   </div>
   <div class='ocr_carea' id='block_1_89' title="bbox 2017 4279 3600 4354">
    <p class='ocr_par' dir='ltr' id='par_1_89' title="bbox 2017 4279 3600 4354">
     <span class='ocr_line' id='line_1_89' title="bbox 2017 4279 3600 4354; baseline -0.006 -11"><span class='ocrx_word' id='word_1_615' title='bbox 2017 4297 2195 4354; x_wconf 91' lang='lat' dir='ltr'><strong>erant,</strong></span> <span class='ocrx_word' id='word_1_616' title='bbox 2237 4288 2360 4354; x_wconf 74' lang='lat' dir='ltr'><strong>igne</strong></span> <span class='ocrx_word' id='word_1_617' title='bbox 2387 4300 2418 4338; x_wconf 88' lang='lat' dir='ltr'><strong>a</strong></span> <span class='ocrx_word' id='word_1_618' title='bbox 2471 4281 2582 4337; x_wconf 88' lang='lat' dir='ltr'><strong>Deo</strong></span> <span class='ocrx_word' id='word_1_619' title='bbox 2617 4283 2864 4336; x_wconf 87' lang='lat' dir='ltr'><strong>immisso</strong></span> <span class='ocrx_word' id='word_1_620' title='bbox 2917 4279 3190 4336; x_wconf 86' lang='lat' dir='ltr'><strong>combusti</strong></span> <span class='ocrx_word' id='word_1_621' title='bbox 3220 4289 3348 4334; x_wconf 90' lang='lat' dir='ltr'><strong>sunt</strong></span> <span class='ocrx_word' id='word_1_622' title='bbox 3373 4280 3422 4336; x_wconf 77' lang='grc' dir='ltr'>ιι.</span> <span class='ocrx_word' id='word_1_623' title='bbox 3472 4279 3600 4350; x_wconf 67' lang='lat' dir='ltr'><strong>llaec</strong></span> 
     </span>
    </p>
   </div>
   <div class='ocr_carea' id='block_1_90' title="bbox 332 4371 1910 4454">
    <p class='ocr_par' dir='ltr' id='par_1_90' title="bbox 332 4371 1910 4450">
     <span class='ocr_line' id='line_1_90' title="bbox 332 4371 1910 4450; baseline 0.006 -27"><span class='ocrx_word' id='word_1_624' title='bbox 332 4371 389 4423; x_wconf 84' lang='grc' dir='ltr'><strong>δὲ</strong></span> <span class='ocrx_word' id='word_1_625' title='bbox 420 4373 690 4442; x_wconf 82' lang='grc' dir='ltr'>τιμωρίας</span> <span class='ocrx_word' id='word_1_626' title='bbox 727 4377 1006 4444; x_wconf 76' lang='grc' dir='ltr'>ἐπήγαγεν</span> <span class='ocrx_word' id='word_1_627' title='bbox 1047 4379 1074 4428; x_wconf 88' lang='grc' dir='ltr'>ὁ</span> <span class='ocrx_word' id='word_1_628' title='bbox 1117 4377 1269 4440; x_wconf 82' lang='grc' dir='ltr'>Θεὸς,</span> <span class='ocrx_word' id='word_1_629' title='bbox 1305 4379 1430 4440; x_wconf 78' lang='grc' dir='ltr'>τοὺς</span> <span class='ocrx_word' id='word_1_630' title='bbox 1471 4377 1664 4441; x_wconf 82' lang='grc' dir='ltr'>ἄλλους</span> <span class='ocrx_word' id='word_1_631' title='bbox 1699 4396 1910 4450; x_wconf 87' lang='grc' dir='ltr'>σωφρο-</span> 
     </span>
    </p>
   </div>
   <div class='ocr_carea' id='block_1_91' title="bbox 2027 4371 3595 4454">
    <p class='ocr_par' dir='ltr' id='par_1_91' title="bbox 2027 4373 3595 4447">
     <span class='ocr_line' id='line_1_91' title="bbox 2027 4373 3595 4447; baseline -0.006 -13"><span class='ocrx_word' id='word_1_632' title='bbox 2027 4391 2197 4436; x_wconf 76' lang='lat' dir='ltr'><strong>autem</strong></span> <span class='ocrx_word' id='word_1_633' title='bbox 2222 4377 2491 4447; x_wconf 89' lang='lat' dir='ltr'><strong>supplicia</strong></span> <span class='ocrx_word' id='word_1_634' title='bbox 2526 4375 2668 4430; x_wconf 83' lang='lat' dir='ltr'><strong>Deus</strong></span> <span class='ocrx_word' id='word_1_635' title='bbox 2697 4375 2914 4438; x_wconf 84' lang='lat' dir='ltr'><strong>inﬂixit,</strong></span> <span class='ocrx_word' id='word_1_636' title='bbox 2943 4373 3084 4428; x_wconf 92' lang='lat' dir='ltr'><strong>alios</strong></span> <span class='ocrx_word' id='word_1_637' title='bbox 3125 4388 3320 4442; x_wconf 84' lang='lat' dir='ltr'><strong>sapere</strong></span> <span class='ocrx_word' id='word_1_638' title='bbox 3335 4386 3537 4442; x_wconf 83' lang='lat' dir='ltr'><strong>cogens</strong></span> <span class='ocrx_word' id='word_1_639' title='bbox 3581 4389 3595 4425; x_wconf 89' lang='lat'><strong>:</strong></span> 
     </span>
    </p>
   </div>
   <div class='ocr_carea' id='block_1_92' title="bbox 335 4465 1914 4541">
    <p class='ocr_par' dir='ltr' id='par_1_92' title="bbox 335 4465 1914 4541">
     <span class='ocr_line' id='line_1_92' title="bbox 335 4465 1914 4541; baseline 0.004 -25"><span class='ocrx_word' id='word_1_640' title='bbox 335 4466 449 4516; x_wconf 83' lang='grc' dir='ltr'>νεῖν</span> <span class='ocrx_word' id='word_1_641' title='bbox 479 4465 832 4533; x_wconf 80' lang='grc' dir='ltr'>ἀναγκάζων·</span> <span class='ocrx_word' id='word_1_642' title='bbox 863 4466 1120 4533; x_wconf 76' lang='grc' dir='ltr'>οὐδεμίαν</span> <span class='ocrx_word' id='word_1_643' title='bbox 1143 4467 1200 4520; x_wconf 85' lang='grc' dir='ltr'>δὲ</span> <span class='ocrx_word' id='word_1_644' title='bbox 1235 4467 1422 4520; x_wconf 82' lang='grc' dir='ltr'>λαϐεῖν</span> <span class='ocrx_word' id='word_1_645' title='bbox 1449 4469 1701 4522; x_wconf 80' lang='grc' dir='ltr'>ἐντεῦθεν</span> <span class='ocrx_word' id='word_1_646' title='bbox 1728 4469 1914 4541; x_wconf 81' lang='grc' dir='ltr'>ὄνησιν</span> 
     </span>
    </p>
   </div>
   <div class='ocr_carea' id='block_1_93' title="bbox 337 4555 1912 4633">
    <p class='ocr_par' dir='ltr' id='par_1_93' title="bbox 337 4555 1912 4633">
     <span class='ocr_line' id='line_1_93' title="bbox 337 4555 1912 4633; baseline 0.007 -28"><span class='ocrx_word' id='word_1_647' title='bbox 337 4555 605 4626; x_wconf 77' lang='grc' dir='ltr'>ἐϐουλήθη</span> <span class='ocrx_word' id='word_1_648' title='bbox 617 4573 712 4609; x_wconf 90' lang='grc' dir='ltr'><strong>σαν</strong></span> <span class='ocrx_word' id='word_1_649' title='bbox 733 4573 746 4586; x_wconf 89' lang='grc'><strong>·</strong></span> <span class='ocrx_word' id='word_1_650' title='bbox 785 4557 876 4610; x_wconf 78' lang='grc' dir='ltr'><strong>καὶ</strong></span> <span class='ocrx_word' id='word_1_651' title='bbox 912 4557 1068 4610; x_wconf 80' lang='grc' dir='ltr'>τοῦτο</span> <span class='ocrx_word' id='word_1_652' title='bbox 1101 4558 1251 4629; x_wconf 87' lang='grc' dir='ltr'>δηλοῖ</span> <span class='ocrx_word' id='word_1_653' title='bbox 1281 4561 1316 4629; x_wconf 83' lang='grc' dir='ltr'><strong>ἠ</strong></span> <span class='ocrx_word' id='word_1_654' title='bbox 1347 4558 1458 4612; x_wconf 84' lang='grc' dir='ltr'><strong>τῶν</strong></span> <span class='ocrx_word' id='word_1_655' title='bbox 1485 4561 1912 4633; x_wconf 83' lang='grc' dir='ltr'>τετολμημένων</span> 
     </span>
    </p>
   </div>
   <div class='ocr_carea' id='block_1_94' title="bbox 334 4647 618 4717">
    <p class='ocr_par' dir='ltr' id='par_1_94' title="bbox 334 4647 618 4717">
     <span class='ocr_line' id='line_1_94' title="bbox 334 4647 618 4717; baseline 0.014 -19"><span class='ocrx_word' id='word_1_656' title='bbox 334 4647 618 4717; x_wconf 69' lang='grc' dir='ltr'>ἐξήγησις.</span> 
     </span>
    </p>
   </div>
   <div class='ocr_carea' id='block_1_95' title="bbox 401 4739 1912 4814">
    <p class='ocr_par' dir='ltr' id='par_1_95' title="bbox 401 4739 1912 4814">
     <span class='ocr_line' id='line_1_95' title="bbox 401 4739 1912 4814; baseline 0.004 -23"><span class='ocrx_word' id='word_1_657' title='bbox 401 4741 488 4792; x_wconf 77' lang='grc' dir='ltr'>ιϐ’.</span> <span class='ocrx_word' id='word_1_658' title='bbox 532 4759 551 4790; x_wconf 77' lang='grc' dir='ltr'><strong>ι</strong></span> <span class='ocrx_word' id='word_1_659' title='bbox 589 4739 700 4790; x_wconf 73' lang='grc' dir='ltr'><strong>Καὶ</strong></span> <span class='ocrx_word' id='word_1_660' title='bbox 757 4741 1022 4810; x_wconf 81' lang='grc' dir='ltr'>ἐποίησαν</span> <span class='ocrx_word' id='word_1_661' title='bbox 1073 4741 1276 4812; x_wconf 78' lang='grc' dir='ltr'>μόσχον</span> <span class='ocrx_word' id='word_1_662' title='bbox 1322 4743 1380 4794; x_wconf 89' lang='grc' dir='ltr'><strong>ἐν</strong></span> <span class='ocrx_word' id='word_1_663' title='bbox 1433 4743 1660 4814; x_wconf 79' lang='grc' dir='ltr'>Χωρήϐ.</span> <span class='ocrx_word' id='word_1_664' title='bbox 1717 4761 1737 4795; x_wconf 73' lang='grc' dir='ltr'><strong>ι</strong></span> <span class='ocrx_word' id='word_1_665' title='bbox 1794 4743 1912 4814; x_wconf 82' lang='grc' dir='ltr'><strong>Οὐχ</strong></span> 
     </span>
    </p>
   </div>
   <div class='ocr_carea' id='block_1_96' title="bbox 329 4830 1910 4906">
    <p class='ocr_par' dir='ltr' id='par_1_96' title="bbox 329 4830 1910 4906">
     <span class='ocr_line' id='line_1_96' title="bbox 329 4830 1910 4906; baseline 0.006 -25"><span class='ocrx_word' id='word_1_666' title='bbox 329 4830 513 4893; x_wconf 82' lang='grc' dir='ltr'>ἁπλῶς</span> <span class='ocrx_word' id='word_1_667' title='bbox 543 4830 638 4884; x_wconf 76' lang='grc' dir='ltr'>τοῦ</span> <span class='ocrx_word' id='word_1_668' title='bbox 673 4833 832 4902; x_wconf 78' lang='grc' dir='ltr'>ὅρους</span> <span class='ocrx_word' id='word_1_669' title='bbox 862 4834 1292 4904; x_wconf 78' lang='grc' dir='ltr'>ἐμνημόνευσεν,</span> <span class='ocrx_word' id='word_1_670' title='bbox 1340 4835 1476 4888; x_wconf 74' lang='grc' dir='ltr'>ἀλλὰ</span> <span class='ocrx_word' id='word_1_671' title='bbox 1507 4835 1606 4906; x_wconf 82' lang='grc' dir='ltr'><strong>τὴν</strong></span> <span class='ocrx_word' id='word_1_672' title='bbox 1647 4835 1748 4906; x_wconf 82' lang='grc' dir='ltr'><strong>τῆς</strong></span> <span class='ocrx_word' id='word_1_673' title='bbox 1779 4838 1910 4890; x_wconf 85' lang='grc' dir='ltr'>ἀσε-</span> 
     </span>
    </p>
   </div>
   <div class='ocr_carea' id='block_1_97' title="bbox 333 4923 1906 4998">
    <p class='ocr_par' dir='ltr' id='par_1_97' title="bbox 333 4923 1906 4998">
     <span class='ocr_line' id='line_1_97' title="bbox 333 4923 1906 4998; baseline 0.006 -26"><span class='ocrx_word' id='word_1_674' title='bbox 333 4923 483 4986; x_wconf 79' lang='grc' dir='ltr'>ϐείας</span> <span class='ocrx_word' id='word_1_675' title='bbox 541 4925 810 4979; x_wconf 79' lang='grc' dir='ltr'>διδάσκων</span> <span class='ocrx_word' id='word_1_676' title='bbox 861 4926 1188 4997; x_wconf 79' lang='grc' dir='ltr'>ὑπερϐολήν.</span> <span class='ocrx_word' id='word_1_677' title='bbox 1240 4927 1329 4980; x_wconf 83' lang='grc' dir='ltr'>Ἐν</span> <span class='ocrx_word' id='word_1_678' title='bbox 1384 4926 1560 4998; x_wconf 79' lang='grc' dir='ltr'>τούτῳ</span> <span class='ocrx_word' id='word_1_679' title='bbox 1603 4929 1715 4998; x_wconf 84' lang='grc' dir='ltr'>γὰρ</span> <span class='ocrx_word' id='word_1_680' title='bbox 1747 4927 1906 4997; x_wconf 76' lang='grc' dir='ltr'>ὤφθη</span> 
     </span>
    </p>
   </div>
   <div class='ocr_carea' id='block_1_98' title="bbox 333 5013 1912 5090">
    <p class='ocr_par' dir='ltr' id='par_1_98' title="bbox 333 5013 1912 5090">
     <span class='ocr_line' id='line_1_98' title="bbox 333 5013 1912 5090; baseline 0.006 -26"><span class='ocrx_word' id='word_1_681' title='bbox 333 5013 440 5064; x_wconf 79' lang='grc' dir='ltr'><strong>τῶν</strong></span> <span class='ocrx_word' id='word_1_682' title='bbox 468 5015 605 5068; x_wconf 79' lang='grc' dir='ltr'>ὅλων</span> <span class='ocrx_word' id='word_1_683' title='bbox 647 5021 675 5069; x_wconf 87' lang='grc' dir='ltr'>ὁ</span> <span class='ocrx_word' id='word_1_684' title='bbox 719 5017 922 5088; x_wconf 78' lang='grc' dir='ltr'>Κύριος</span> <span class='ocrx_word' id='word_1_685' title='bbox 941 5033 956 5048; x_wconf 79' lang='lat'>&#39;</span> <span class='ocrx_word' id='word_1_686' title='bbox 992 5020 1049 5072; x_wconf 84' lang='grc' dir='ltr'><strong>ἐν</strong></span> <span class='ocrx_word' id='word_1_687' title='bbox 1077 5019 1251 5088; x_wconf 77' lang='grc' dir='ltr'>τούτῳ</span> <span class='ocrx_word' id='word_1_688' title='bbox 1276 5019 1532 5090; x_wconf 84' lang='grc' dir='ltr'>δείματος</span> <span class='ocrx_word' id='word_1_689' title='bbox 1563 5020 1764 5084; x_wconf 64' lang='grc' dir='ltr'>αὐτοὺς</span> <span class='ocrx_word' id='word_1_690' title='bbox 1824 5023 1912 5074; x_wconf 86' lang='grc' dir='ltr'><strong>ὲν-</strong></span> 
     </span>
    </p>
   </div>
   <div class='ocr_carea' id='block_1_99' title="bbox 375 5162 1752 5236">
    <p class='ocr_par' dir='ltr' id='par_1_99' title="bbox 375 5162 1752 5236">
     <span class='ocr_line' id='line_1_99' title="bbox 375 5162 1752 5236; baseline 0.009 -20"><span class='ocrx_word' id='word_1_691' title='bbox 375 5162 391 5202; x_wconf 80' lang='grc' dir='ltr'><strong>ί</strong></span> <span class='ocrx_word' id='word_1_692' title='bbox 455 5163 626 5224; x_wconf 82' lang='lat' dir='ltr'><strong>Exod.</strong></span> <span class='ocrx_word' id='word_1_693' title='bbox 681 5183 771 5233; x_wconf 82' lang='lat' dir='ltr'><strong>xv,</strong></span> <span class='ocrx_word' id='word_1_694' title='bbox 807 5169 900 5236; x_wconf 67' lang='grc'><strong>20,</strong></span> <span class='ocrx_word' id='word_1_695' title='bbox 939 5171 1030 5224; x_wconf 75' lang='grc'><strong>21.</strong></span> <span class='ocrx_word' id='word_1_696' title='bbox 1111 5182 1125 5222; x_wconf 84' lang='lat' dir='ltr'><strong>t</strong></span> <span class='ocrx_word' id='word_1_697' title='bbox 1165 5170 1325 5225; x_wconf 79' lang='lat' dir='ltr'><strong>Num.</strong></span> <span class='ocrx_word' id='word_1_698' title='bbox 1359 5189 1470 5228; x_wconf 72' lang='lat' dir='ltr'><strong>xvx.</strong></span> <span class='ocrx_word' id='word_1_699' title='bbox 1503 5209 1506 5212; x_wconf 72' lang='lat'><strong><em>~</em></strong></span> <span class='ocrx_word' id='word_1_700' title='bbox 1555 5171 1580 5210; x_wconf 72' lang='grc' dir='ltr'>ιι</span> <span class='ocrx_word' id='word_1_701' title='bbox 1617 5173 1752 5228; x_wconf 85' lang='lat' dir='ltr'><strong>ibid.</strong></span> 
     </span>
    </p>
   </div>
   <div class='ocr_carea' id='block_1_100' title="bbox 2023 4465 3599 4535">
    <p class='ocr_par' dir='ltr' id='par_1_100' title="bbox 2023 4465 3599 4535">
     <span class='ocr_line' id='line_1_100' title="bbox 2023 4465 3599 4535; baseline -0.008 -7"><span class='ocrx_word' id='word_1_702' title='bbox 2023 4473 2115 4528; x_wconf 87' lang='lat' dir='ltr'><strong>sed</strong></span> <span class='ocrx_word' id='word_1_703' title='bbox 2149 4471 2282 4526; x_wconf 86' lang='lat' dir='ltr'><strong>nihil</strong></span> <span class='ocrx_word' id='word_1_704' title='bbox 2319 4467 2678 4522; x_wconf 89' lang='lat' dir='ltr'><strong>emolumenti</strong></span> <span class='ocrx_word' id='word_1_705' title='bbox 2713 4467 2841 4520; x_wconf 91' lang='lat' dir='ltr'><strong>hinc</strong></span> <span class='ocrx_word' id='word_1_706' title='bbox 2878 4465 3156 4535; x_wconf 80' lang='lat' dir='ltr'><strong>percipere</strong></span> <span class='ocrx_word' id='word_1_707' title='bbox 3179 4465 3488 4520; x_wconf 82' lang='lat' dir='ltr'><strong>voluerunt.</strong></span> <span class='ocrx_word' id='word_1_708' title='bbox 3534 4465 3599 4517; x_wconf 79' lang='lat' dir='ltr'><strong>Et</strong></span> 
     </span>
    </p>
   </div>
   <div class='ocr_carea' id='block_1_101' title="bbox 2023 4555 3596 4626">
    <p class='ocr_par' dir='ltr' id='par_1_101' title="bbox 2023 4555 3596 4626">
     <span class='ocr_line' id='line_1_101' title="bbox 2023 4555 3596 4626; baseline -0.005 -10"><span class='ocrx_word' id='word_1_709' title='bbox 2023 4563 2127 4616; x_wconf 82' lang='lat' dir='ltr'><strong>hoc</strong></span> <span class='ocrx_word' id='word_1_710' title='bbox 2149 4559 2389 4616; x_wconf 85' lang='lat' dir='ltr'><strong>declarat</strong></span> <span class='ocrx_word' id='word_1_711' title='bbox 2415 4556 2662 4612; x_wconf 87' lang='lat' dir='ltr'><strong>narratio</strong></span> <span class='ocrx_word' id='word_1_712' title='bbox 2690 4570 2902 4621; x_wconf 89' lang='lat' dir='ltr'><strong>eorum,</strong></span> <span class='ocrx_word' id='word_1_713' title='bbox 2937 4570 3060 4626; x_wconf 76' lang='lat' dir='ltr'><strong>quae</strong></span> <span class='ocrx_word' id='word_1_714' title='bbox 3106 4555 3446 4610; x_wconf 88' lang='lat' dir='ltr'><strong>committere</strong></span> <span class='ocrx_word' id='word_1_715' title='bbox 3477 4555 3596 4608; x_wconf 78' lang='lat' dir='ltr'><strong>ausi</strong></span> 
     </span>
    </p>
   </div>
   <div class='ocr_carea' id='block_1_102' title="bbox 2091 4735 3594 4802">
    <p class='ocr_par' dir='ltr' id='par_1_102' title="bbox 2091 4735 3594 4802">
     <span class='ocr_line' id='line_1_102' title="bbox 2091 4735 3594 4802; baseline -0.011 -2"><span class='ocrx_word' id='word_1_716' title='bbox 2091 4745 2258 4802; x_wconf 69' lang='lat' dir='ltr'><strong>Vens.</strong></span> <span class='ocrx_word' id='word_1_717' title='bbox 2309 4743 2399 4800; x_wconf 84' lang='grc'>19.</span> <span class='ocrx_word' id='word_1_718' title='bbox 2459 4761 2479 4796; x_wconf 76' lang='grc' dir='ltr'><strong>ι</strong></span> <span class='ocrx_word' id='word_1_719' title='bbox 2523 4743 2591 4796; x_wconf 85' lang='lat' dir='ltr'><strong>Et</strong></span> <span class='ocrx_word' id='word_1_720' title='bbox 2632 4741 2880 4796; x_wconf 84' lang='lat' dir='ltr'><strong>fecerunt</strong></span> <span class='ocrx_word' id='word_1_721' title='bbox 2911 4739 3146 4794; x_wconf 82' lang='lat' dir='ltr'><strong>vitulum</strong></span> <span class='ocrx_word' id='word_1_722' title='bbox 3181 4739 3234 4792; x_wconf 94' lang='lat' dir='ltr'><strong>in</strong></span> <span class='ocrx_word' id='word_1_723' title='bbox 3273 4735 3509 4791; x_wconf 81' lang='lat' dir='ltr'><strong>Cboreb.</strong></span> <span class='ocrx_word' id='word_1_724' title='bbox 3574 4753 3594 4784; x_wconf 69' lang='grc' dir='ltr'><strong>ι</strong></span> 
     </span>
    </p>
   </div>
   <div class='ocr_carea' id='block_1_103' title="bbox 2023 4827 3598 4906">
    <p class='ocr_par' dir='ltr' id='par_1_103' title="bbox 2023 4827 3598 4906">
     <span class='ocr_line' id='line_1_103' title="bbox 2023 4827 3598 4906; baseline -0.008 -15"><span class='ocrx_word' id='word_1_725' title='bbox 2023 4837 2139 4892; x_wconf 80' lang='lat' dir='ltr'><strong>Non</strong></span> <span class='ocrx_word' id='word_1_726' title='bbox 2171 4835 2492 4906; x_wconf 87' lang='lat' dir='ltr'><strong>simpliciter</strong></span> <span class='ocrx_word' id='word_1_727' title='bbox 2531 4833 2736 4888; x_wconf 92' lang='lat' dir='ltr'><strong>montis</strong></span> <span class='ocrx_word' id='word_1_728' title='bbox 2769 4831 3034 4897; x_wconf 85' lang='lat' dir='ltr'><strong>meminit,</strong></span> <span class='ocrx_word' id='word_1_729' title='bbox 3065 4830 3158 4886; x_wconf 85' lang='lat' dir='ltr'><strong>sed</strong></span> <span class='ocrx_word' id='word_1_730' title='bbox 3203 4838 3261 4882; x_wconf 92' lang='lat' dir='ltr'><strong>ut</strong></span> <span class='ocrx_word' id='word_1_731' title='bbox 3298 4827 3598 4896; x_wconf 86' lang='lat' dir='ltr'><strong>impietatis</strong></span> 
     </span>
    </p>
   </div>
   <div class='ocr_carea' id='block_1_104' title="bbox 2021 4911 3595 4997">
    <p class='ocr_par' dir='ltr' id='par_1_104' title="bbox 2021 4911 3595 4997">
     <span class='ocr_line' id='line_1_104' title="bbox 2021 4911 3595 4997; baseline -0.01 -13"><span class='ocrx_word' id='word_1_732' title='bbox 2021 4929 2393 4984; x_wconf 87' lang='lat' dir='ltr'><strong>incredibilem</strong></span> <span class='ocrx_word' id='word_1_733' title='bbox 2439 4925 2872 4997; x_wconf 81' lang='lat' dir='ltr'><strong>magnitudinem</strong></span> <span class='ocrx_word' id='word_1_734' title='bbox 2919 4911 3338 4980; x_wconf 80' lang='lat' dir='ltr'><strong>demonstraret.</strong></span> <span class='ocrx_word' id='word_1_735' title='bbox 3387 4917 3442 4971; x_wconf 87' lang='lat' dir='ltr'><strong>In</strong></span> <span class='ocrx_word' id='word_1_736' title='bbox 3493 4917 3595 4970; x_wconf 88' lang='lat' dir='ltr'><strong>hoc</strong></span> 
     </span>
    </p>
   </div>
   <div class='ocr_carea' id='block_1_105' title="bbox 2019 5007 3593 5088">
    <p class='ocr_par' dir='ltr' id='par_1_105' title="bbox 2019 5007 3593 5088">
     <span class='ocr_line' id='line_1_105' title="bbox 2019 5007 3593 5088; baseline -0.01 -14"><span class='ocrx_word' id='word_1_737' title='bbox 2019 5019 2164 5074; x_wconf 86' lang='lat' dir='ltr'><strong>enim</strong></span> <span class='ocrx_word' id='word_1_738' title='bbox 2215 5017 2432 5088; x_wconf 76' lang='lat'><strong>1358</strong></span> <span class='ocrx_word' id='word_1_739' title='bbox 2481 5017 2737 5088; x_wconf 86' lang='lat' dir='ltr'><strong>apparuit</strong></span> <span class='ocrx_word' id='word_1_740' title='bbox 2770 5013 3034 5072; x_wconf 84' lang='lat' dir='ltr'><strong>Dominus</strong></span> <span class='ocrx_word' id='word_1_741' title='bbox 3082 5013 3482 5074; x_wconf 83' lang='lat' dir='ltr'><strong>universorum,</strong></span> <span class='ocrx_word' id='word_1_742' title='bbox 3541 5007 3593 5058; x_wconf 88' lang='lat' dir='ltr'><strong>in</strong></span> 
     </span>
    </p>
   </div>
   <div class='ocr_carea' id='block_1_106' title="bbox 1409 5284 2476 5344">
    <p class='ocr_par' dir='ltr' id='par_1_106' title="bbox 1409 5284 2476 5344">
     <span class='ocr_line' id='line_1_106' title="bbox 1409 5284 2476 5344; baseline 0.002 -7"><span class='ocrx_word' id='word_1_743' title='bbox 1409 5285 1646 5340; x_wconf 73' lang='lat' dir='ltr'><strong>VARle</strong></span> <span class='ocrx_word' id='word_1_744' title='bbox 1686 5285 2070 5344; x_wconf 82' lang='lat' dir='ltr'><strong>LECTIONES</strong></span> <span class='ocrx_word' id='word_1_745' title='bbox 2119 5286 2207 5342; x_wconf 81' lang='grc' dir='ltr'>ΕΤ</span> <span class='ocrx_word' id='word_1_746' title='bbox 2239 5284 2476 5342; x_wconf 72' lang='grc' dir='ltr'>ΝΟΤιιΕ.</span> 
     </span>
    </p>
   </div>
   <div class='ocr_carea' id='block_1_107' title="bbox 409 5384 2758 5482">
    <p class='ocr_par' dir='ltr' id='par_1_107' title="bbox 409 5384 2758 5482">
     <span class='ocr_line' id='line_1_107' title="bbox 409 5384 2758 5482; baseline 0.003 -33"><span class='ocrx_word' id='word_1_747' title='bbox 409 5395 573 5482; x_wconf 45' lang='lat' dir='ltr'><strong>&quot;f&#39;lta</strong></span> <span class='ocrx_word' id='word_1_748' title='bbox 601 5395 706 5482; x_wconf 31' lang='lat' dir='ltr'><strong>leg;</strong></span> <span class='ocrx_word' id='word_1_749' title='bbox 739 5397 792 5450; x_wconf 85' lang='lat' dir='ltr'><strong>in</strong></span> <span class='ocrx_word' id='word_1_750' title='bbox 828 5384 952 5482; x_wconf 44' lang='lat' dir='ltr'><strong>eod.</strong></span> <span class='ocrx_word' id='word_1_751' title='bbox 975 5403 1152 5482; x_wconf 75' lang='lat' dir='ltr'><strong>Alex._</strong></span> <span class='ocrx_word' id='word_1_752' title='bbox 1206 5405 1249 5436; x_wconf 74' lang='grc' dir='ltr'><strong>ιτ</strong></span> <span class='ocrx_word' id='word_1_753' title='bbox 1283 5401 1374 5469; x_wconf 83' lang='grc' dir='ltr'><strong>Τῷ</strong></span> <span class='ocrx_word' id='word_1_754' title='bbox 1403 5407 1586 5482; x_wconf 51' lang='grc' dir='ltr'><strong>,ζρχᾳλ</strong></span> <span class='ocrx_word' id='word_1_755' title='bbox 1649 5405 1723 5482; x_wconf 66' lang='lat' dir='ltr'><strong>[ta</strong></span> <span class='ocrx_word' id='word_1_756' title='bbox 1777 5407 1998 5482; x_wconf 29' lang='lat' dir='ltr'><strong>legitur‘</strong></span> <span class='ocrx_word' id='word_1_757' title='bbox 2029 5406 2096 5482; x_wconf 65' lang='grc' dir='ltr'><strong>ἱηΔ</strong></span> <span class='ocrx_word' id='word_1_758' title='bbox 2121 5405 2218 5482; x_wconf 67' lang='grc' dir='ltr'><strong>⁸ςεό.</strong></span> <span class='ocrx_word' id='word_1_759' title='bbox 2267 5405 2393 5482; x_wconf 52' lang='lat' dir='ltr'><strong>Ald.</strong></span> <span class='ocrx_word' id='word_1_760' title='bbox 2444 5411 2521 5482; x_wconf 81' lang='lat' dir='ltr'><strong>et_</strong></span> <span class='ocrx_word' id='word_1_761' title='bbox 2543 5401 2758 5482; x_wconf 53' lang='lat' dir='ltr'><strong>gompl.</strong></span> 
     </span>
    </p>
   </div>
   <div class='ocr_carea' id='block_1_108' title="bbox 336 5467 1910 5544">
    <p class='ocr_par' dir='ltr' id='par_1_108' title="bbox 336 5467 1910 5544">
     <span class='ocr_line' id='line_1_108' title="bbox 336 5467 1910 5544; baseline 0.003 -18"><span class='ocrx_word' id='word_1_762' title='bbox 336 5467 380 5544; x_wconf 60' lang='grc' dir='ltr'><strong>ξξ</strong></span> <span class='ocrx_word' id='word_1_763' title='bbox 409 5467 634 5544; x_wconf 57' lang='grc' dir='ltr'><strong>Ῐῌσᾳξκ</strong></span> <span class='ocrx_word' id='word_1_764' title='bbox 669 5467 797 5544; x_wconf 60' lang='grc' dir='ltr'><strong>Βρϐο</strong></span> <span class='ocrx_word' id='word_1_765' title='bbox 833 5469 1093 5544; x_wconf 68' lang='lat' dir='ltr'><strong>lectiqest</strong></span> <span class='ocrx_word' id='word_1_766' title='bbox 1120 5467 1352 5544; x_wconf 65' lang='grc' dir='ltr'><strong>ᾔνεσαν.⁷</strong></span> <span class='ocrx_word' id='word_1_767' title='bbox 1419 5477 1464 5506; x_wconf 83' lang='grc'><strong>²⁰</strong></span> <span class='ocrx_word' id='word_1_768' title='bbox 1490 5467 1786 5540; x_wconf 74' lang='grc' dir='ltr'>Τοσαῦτα,</span> <span class='ocrx_word' id='word_1_769' title='bbox 1811 5467 1866 5531; x_wconf 50' lang='grc' dir='ltr'>κζ</span> <span class='ocrx_word' id='word_1_770' title='bbox 1899 5495 1910 5510; x_wconf 64' lang='grc' dir='ltr'><strong>ι</strong></span> 
     </span>
    </p>
   </div>
   <div class='ocr_carea' id='block_1_109' title="bbox 2027 5467 3160 5544">
    <p class='ocr_par' dir='ltr' id='par_1_109' title="bbox 2027 5467 3160 5544">
     <span class='ocr_line' id='line_1_109' title="bbox 2027 5467 3160 5544; baseline -0.008 -14"><span class='ocrx_word' id='word_1_771' title='bbox 2027 5517 2033 5530; x_wconf 86' lang='grc'><strong>.</strong></span> <span class='ocrx_word' id='word_1_772' title='bbox 2070 5476 2191 5530; x_wconf 78' lang='lat' dir='ltr'><strong>Alia</strong></span> <span class='ocrx_word' id='word_1_773' title='bbox 2229 5475 2340 5530; x_wconf 83' lang='lat' dir='ltr'><strong>vid.</strong></span> <span class='ocrx_word' id='word_1_774' title='bbox 2379 5473 2524 5544; x_wconf 86' lang='lat' dir='ltr'><strong>apud</strong></span> <span class='ocrx_word' id='word_1_775' title='bbox 2554 5467 2734 5544; x_wconf 66' lang='grc' dir='ltr'>ϐοτά.</span> <span class='ocrx_word' id='word_1_776' title='bbox 2759 5479 2797 5524; x_wconf 91' lang='lat' dir='ltr'><strong>t.</strong></span> <span class='ocrx_word' id='word_1_777' title='bbox 2829 5468 2997 5544; x_wconf 20' lang='lat' dir='ltr'><strong>Ill,Ap.</strong></span> <span class='ocrx_word' id='word_1_778' title='bbox 3042 5467 3160 5521; x_wconf 77' lang='grc'>152.</span> 
     </span>
    </p>
   </div>
   <div class='ocr_carea' id='block_1_110' title="bbox 2877 5397 3590 5520">
    <p class='ocr_par' dir='ltr' id='par_1_110' title="bbox 2877 5397 3590 5520">
     <span class='ocr_line' id='line_1_110' title="bbox 2877 5397 3590 5452; baseline 0 0"><span class='ocrx_word' id='word_1_779' title='bbox 2877 5400 2920 5431; x_wconf 81' lang='grc'><strong>¹⁸</strong></span> <span class='ocrx_word' id='word_1_780' title='bbox 2950 5399 3080 5452; x_wconf 80' lang='grc' dir='ltr'>Καί.</span> <span class='ocrx_word' id='word_1_781' title='bbox 3135 5397 3294 5452; x_wconf 83' lang='lat' dir='ltr'><strong>Abest</strong></span> <span class='ocrx_word' id='word_1_782' title='bbox 3323 5412 3350 5450; x_wconf 65' lang='grc' dir='ltr'><strong>τι</strong></span> <span class='ocrx_word' id='word_1_783' title='bbox 3376 5397 3497 5452; x_wconf 86' lang='lat' dir='ltr'><strong>cod.</strong></span> <span class='ocrx_word' id='word_1_784' title='bbox 3538 5398 3590 5452; x_wconf 84' lang='lat' dir='ltr'><strong>l.</strong></span> 
     </span>
     <span class='ocr_line' id='line_1_111' title="bbox 2879 5467 3588 5520; baseline 0 0"><span class='ocrx_word' id='word_1_785' title='bbox 2879 5469 2917 5520; x_wconf 90' lang='grc' dir='ltr'>Ι.</span> <span class='ocrx_word' id='word_1_786' title='bbox 2948 5484 2997 5520; x_wconf 84' lang='lat' dir='ltr'><strong>n.</strong></span> <span class='ocrx_word' id='word_1_787' title='bbox 3042 5467 3160 5520; x_wconf 77' lang='grc'>152.</span> <span class='ocrx_word' id='word_1_788' title='bbox 3270 5469 3314 5498; x_wconf 72' lang='grc' dir='ltr'><strong><em>ἰ</em></strong></span> <span class='ocrx_word' id='word_1_789' title='bbox 3347 5467 3588 5520; x_wconf 74' lang='grc' dir='ltr'>Πλησιι.</span> 
     </span>
    </p>
   </div>
   <div class='ocr_carea' id='block_1_111' title="bbox 3440 5482 3588 5535">
    <p class='ocr_par' dir='ltr' id='par_1_111' title="bbox 3440 5482 3588 5535">
     <span class='ocr_line' id='line_1_112' title="bbox 3440 5482 3588 5535; baseline 0.02 -3"><span class='ocrx_word' id='word_1_790' title='bbox 3440 5482 3588 5535; x_wconf 79' lang='grc' dir='ltr'>ησμ·</span> 
     </span>
    </p>
   </div>
   <div class='ocr_carea' id='block_1_112' title="bbox 334 5525 1910 5612">
    <p class='ocr_par' dir='ltr' id='par_1_112' title="bbox 334 5525 1896 5612">
     <span class='ocr_line' id='line_1_113' title="bbox 334 5525 1896 5612; baseline 0.007 -22"><span class='ocrx_word' id='word_1_791' title='bbox 334 5525 498 5612; x_wconf 70' lang='lat' dir='ltr'><strong>lla-br_.</strong></span> <span class='ocrx_word' id='word_1_792' title='bbox 533 5535 590 5588; x_wconf 87' lang='grc' dir='ltr'><em>Μ</em></span> <span class='ocrx_word' id='word_1_793' title='bbox 596 5538 781 5612; x_wconf 70' lang='lat' dir='ltr'><strong>aciem.</strong></span> <span class='ocrx_word' id='word_1_794' title='bbox 857 5539 902 5568; x_wconf 81' lang='grc'>³³</span> <span class='ocrx_word' id='word_1_795' title='bbox 1374 5543 1424 5598; x_wconf 91' lang='grc' dir='ltr'><strong>λ.</strong></span> <span class='ocrx_word' id='word_1_796' title='bbox 1457 5525 1896 5612; x_wconf 56' lang='lat' dir='ltr'><strong>«Idi</strong></span> 
     </span>
    </p>
   </div>
   <div class='ocr_carea' id='block_1_113' title="bbox 2027 5525 3592 5612">
    <p class='ocr_par' dir='ltr' id='par_1_113' title="bbox 2027 5525 3592 5612">
     <span class='ocr_line' id='line_1_114' title="bbox 2027 5525 3592 5612; baseline -0.008 -11"><span class='ocrx_word' id='word_1_797' title='bbox 2027 5525 2760 5612; x_wconf 24' lang='lat' dir='ltr'><strong>vel-ie.Iadvvei&#39;sapréced.</strong></span> <span class='ocrx_word' id='word_1_798' title='bbox 2801 5525 3002 5612; x_wconf 75' lang='lat' dir='ltr'><strong>retulit,</strong></span> <span class='ocrx_word' id='word_1_799' title='bbox 3028 5552 3218 5612; x_wconf 60' lang='lat' dir='ltr'><strong>prtem:</strong></span> <span class='ocrx_word' id='word_1_800' title='bbox 3247 5525 3592 5612; x_wconf 38' lang='grc' dir='ltr'>δουςμαῦτόζς</span> 
     </span>
    </p>
   </div>
   <div class='ocr_carea' id='block_1_114' title="bbox 333 5607 1574 5682">
    <p class='ocr_par' dir='ltr' id='par_1_114' title="bbox 333 5607 1574 5682">
     <span class='ocr_line' id='line_1_115' title="bbox 333 5607 1574 5682; baseline 0.008 -23"><span class='ocrx_word' id='word_1_801' title='bbox 333 5609 434 5682; x_wconf 68' lang='grc' dir='ltr'><strong>τῂν</strong></span> <span class='ocrx_word' id='word_1_802' title='bbox 468 5607 905 5682; x_wconf 60' lang='grc' dir='ltr'>δρτυγομήτρκν,</span> <span class='ocrx_word' id='word_1_803' title='bbox 922 5607 1081 5682; x_wconf 40' lang='lat' dir='ltr'><strong>_dans&#39;</strong></span> <span class='ocrx_word' id='word_1_804' title='bbox 1100 5614 1229 5682; x_wconf 76' lang='lat' dir='ltr'><strong>ipsis</strong></span> <span class='ocrx_word' id='word_1_805' title='bbox 1263 5616 1574 5668; x_wconf 78' lang='lat' dir='ltr'><strong>coturnices.</strong></span> 
     </span>
    </p>
   </div>
   <div class='ocr_carea' id='block_1_115' title="bbox 341 5675 1764 5756">
    <p class='ocr_par' dir='ltr' id='par_1_115' title="bbox 341 5675 1764 5756">
     <span class='ocr_line' id='line_1_116' title="bbox 341 5675 1764 5756; baseline 0.007 -28"><span class='ocrx_word' id='word_1_806' title='bbox 341 5675 458 5730; x_wconf 75' lang='lat' dir='ltr'><strong>Vat.</strong></span> <span class='ocrx_word' id='word_1_807' title='bbox 482 5675 679 5746; x_wconf 61' lang='lat' dir='ltr'><strong>prtem.</strong></span> <span class='ocrx_word' id='word_1_808' title='bbox 701 5675 814 5731; x_wconf 79' lang='grc' dir='ltr'>καί.</span> <span class='ocrx_word' id='word_1_809' title='bbox 893 5679 938 5710; x_wconf 77' lang='grc'><strong>⁸⁸</strong></span> <span class='ocrx_word' id='word_1_810' title='bbox 965 5675 1238 5749; x_wconf 73' lang='grc' dir='ltr'>Πατρὶᾶς.</span> <span class='ocrx_word' id='word_1_811' title='bbox 1272 5687 1391 5741; x_wconf 87' lang='lat' dir='ltr'><strong>cod.</strong></span> <span class='ocrx_word' id='word_1_812' title='bbox 1431 5686 1450 5738; x_wconf 89' lang='grc'><strong>1</strong></span> <span class='ocrx_word' id='word_1_813' title='bbox 1488 5686 1764 5756; x_wconf 75' lang='grc' dir='ltr'>στρατιᾶς.</span> 
     </span>
    </p>
   </div>
   <div class='ocr_carea' id='block_1_116' title="bbox 1679 5615 2356 5672">
    <p class='ocr_par' dir='ltr' id='par_1_116' title="bbox 1679 5615 2356 5672">
     <span class='ocr_line' id='line_1_117' title="bbox 1679 5615 2356 5672; baseline 0 -4"><span class='ocrx_word' id='word_1_814' title='bbox 1679 5616 1726 5648; x_wconf 76' lang='grc'><strong>’³</strong></span> <span class='ocrx_word' id='word_1_815' title='bbox 1761 5615 1894 5670; x_wconf 78' lang='grc' dir='ltr'>Τόν.</span> <span class='ocrx_word' id='word_1_816' title='bbox 1935 5617 2056 5672; x_wconf 88' lang='lat' dir='ltr'><strong>cod.</strong></span> <span class='ocrx_word' id='word_1_817' title='bbox 2087 5615 2206 5670; x_wconf 86' lang='lat' dir='ltr'><strong>Vat.</strong></span> <span class='ocrx_word' id='word_1_818' title='bbox 2241 5616 2356 5668; x_wconf 79' lang='grc' dir='ltr'>καί.</span> 
     </span>
    </p>
   </div>
   <div class='ocr_carea' id='block_1_117' title="bbox 1844 5685 2537 5756">
    <p class='ocr_par' dir='ltr' id='par_1_117' title="bbox 1844 5685 2537 5756">
     <span class='ocr_line' id='line_1_118' title="bbox 1844 5685 2537 5756; baseline -0.003 -13"><span class='ocrx_word' id='word_1_819' title='bbox 1844 5685 1890 5718; x_wconf 55' lang='grc' dir='ltr'><strong>’Ἴ</strong></span> <span class='ocrx_word' id='word_1_820' title='bbox 1922 5688 2042 5742; x_wconf 86' lang='lat' dir='ltr'><strong>cod.</strong></span> <span class='ocrx_word' id='word_1_821' title='bbox 2085 5687 2109 5741; x_wconf 82' lang='grc'><strong>1</strong></span> <span class='ocrx_word' id='word_1_822' title='bbox 2139 5686 2537 5756; x_wconf 76' lang='grc' dir='ltr'>κατεπόθησαν.</span> 
     </span>
    </p>
   </div>
   <div class='ocr_carea' id='block_1_118' title="bbox 3173 5607 3588 5673">
    <p class='ocr_par' dir='ltr' id='par_1_118' title="bbox 3173 5607 3588 5673">
     <span class='ocr_line' id='line_1_119' title="bbox 3173 5607 3588 5673; baseline 0.01 -14"><span class='ocrx_word' id='word_1_823' title='bbox 3173 5607 3218 5639; x_wconf 76' lang='grc'>⁸⁸</span> <span class='ocrx_word' id='word_1_824' title='bbox 3245 5607 3431 5673; x_wconf 74' lang='grc' dir='ltr'>Φλόξ.</span> <span class='ocrx_word' id='word_1_825' title='bbox 3463 5608 3588 5664; x_wconf 84' lang='lat' dir='ltr'><strong>cod.</strong></span> 
     </span>
    </p>
   </div>
   <div class='ocr_carea' id='block_1_119' title="bbox 2462 5609 3063 5680">
    <p class='ocr_par' dir='ltr' id='par_1_119' title="bbox 2462 5609 3063 5680">
     <span class='ocr_line' id='line_1_120' title="bbox 2462 5609 3063 5680; baseline -0.01 -12"><span class='ocrx_word' id='word_1_826' title='bbox 2462 5613 2508 5646; x_wconf 52' lang='grc' dir='ltr'><strong>’θ</strong></span> <span class='ocrx_word' id='word_1_827' title='bbox 2530 5609 2656 5668; x_wconf 77' lang='lat' dir='ltr'><strong>cod.</strong></span> <span class='ocrx_word' id='word_1_828' title='bbox 2689 5614 2710 5664; x_wconf 89' lang='grc'><strong>1</strong></span> <span class='ocrx_word' id='word_1_829' title='bbox 2745 5609 3063 5680; x_wconf 78' lang='grc' dir='ltr'>διαρπάσαι.</span> 
     </span>
    </p>
   </div>
  </div>
