4006 6198
519 268 656 333 1731

1514 253 2008 318 THEODORETI
2032 251 2371 312 EPISCOPI
2414 244 2781 308 CYRENSIS

3695 234 3806 297 732

521 385 674 449 suis;
710 400 729 433 ι
764 377 921 451 quasi
956 378 1124 440 dicat,
1155 372 1274 430 Non
1305 374 1441 430 citra
1459 372 1855 427 dubitationem
1886 370 2101 423 locutus

2222 371 2314 431 τοῖς
2350 365 2585 436 χείλεσιν
2625 358 2813 422 αὐτοῦ,
2845 374 2864 408 ι
2900 353 3020 410 ἀντὶ
3070 352 3194 411 τοῦ,
3250 352 3351 404 οὐκ
3400 350 3811 420 ἁναμςιϐὁω

522 485 626 529 est.
661 475 753 528 Ait
780 472 924 527 enim
958 490 971 525 :
1008 489 1027 521 ι
1073 469 1217 523 Dixit
1242 466 1421 521 Moses
1448 465 1583 535 ipsis
1617 463 1798 518 :‘Num
1845 477 1911 517 ex
1952 470 2099 529 petra

526 567 628 622 liae
658 567 892 620 educam
951 562 1107 616 vobis
1154 575 1353 628 aquam
1386 558 1454 609 P?
1493 578 1509 607 ι
1539 555 1748 610 ldcirco
1778 554 1948 608 iratus
1978 552 2102 606 uni-

524 673 811 714 versorum
859 655 1021 716 Deus,
1071 668 1179 706 non
1232 667 1327 720 per
1374 651 1552 720 ipsum
1607 657 1806 700 terram
1857 644 2103 715 patribus

526 749 851 820 promissam
884 747 964 801 eis
1007 745 1176 807 dedit,
1211 742 1305 797 sed
1339 741 1489 795 illum
1523 738 1739 809 quidem
1774 737 1895 790 vine
1945 736 2104 789 ﬁnem

526 843 681 895 obire
706 840 891 909 jussit,
924 852 1020 907 per
1050 834 1278 890 Josuam
1308 847 1438 887 vero
1468 830 1617 885 Nave
1638 830 1810 884 ﬁlium
1830 835 2104 898 promissa

528 931 777 1002 perfecit.
814 929 877 984 Et
932 926 1152 981 videtur
1208 940 1344 979 sane
1381 924 1765 977 universorum
1796 919 2108 973 moderator

531 1022 673 1076 hanc
702 1022 750 1074 ei
776 1034 990 1090 pinnam
1023 1014 1317 1070 inﬂixisse:
1348 1013 1439 1066 sed
1469 1013 1574 1065 alia
1598 1011 1829 1064 moliens
1852 1010 1957 1062 boc
1985 1024 2110 1078 ges-

530 1116 622 1170 sit.
643 1113 774 1167 Nam
794 1111 1028 1181 primum
1047 1107 1268 1178 quidem
1284 1104 1598 1159 Iudaeorum
1615 1102 1886 1157 insaniam
1906 1102 2107 1166 sciens,

531 1222 637 1259 non
669 1203 917 1273 permisit
964 1209 1023 1255 ul
1066 1214 1161 1270 pcr
1201 1200 1380 1267 ipsum
1414 1206 1525 1249 tota
1553 1198 1570 1214 ⁹
1605 1194 1900 1264 promissio
1947 1194 2108 1245 ﬁnem

531 1296 843 1359 sortiretur,
880 1308 948 1347 ne
985 1292 1163 1361 ipsum
1197 1290 1358 1344 deum
1396 1302 1518 1342 esse
1549 1285 1980 1354 suspicarentur.
2008 1281 2112 1347 Qui

2200 458 2378 525 λόγοις
2408 456 2699 527 ἐχρήσατο.
2733 446 2868 501 Εἷπε
2894 448 3002 515 γάρ
3024 461 3037 475 ·
3077 463 3095 496 ι
3125 445 3261 514 Φησὶ
3284 442 3497 510 Μωσῆς
3528 441 3675 510 πρὸς
3707 439 3818 491 αὖ·

2202 551 2351 612 τοὺς,
2380 550 2471 617 Μὴ
2507 547 2572 597 ἐκ
2597 545 2697 613 τῆς
2729 543 2936 610 πέτρας
2978 536 3183 605 ταύτης
3211 533 3388 598 ἐξάξω
3411 534 3544 602 ὑμῖν
3571 532 3768 597 ὖδωρς
3794 548 3813 579 ι

2205 642 2408 694 Τούτου
2440 639 2599 707 χάριν
2629 624 3017 701 ἀγανακτήσας
3052 627 3211 696 δῆθεν
3249 628 3278 678 ὁ
3316 624 3428 677 τῶν
3463 624 3606 676 ὅλων
3626 620 3820 682 Ὁεὸς,

2204 732 2312 786 οέδ’
2345 730 2493 800 αὐτῷ
2518 730 2618 797 τὴν
2650 727 2761 787 τοῖς
2791 722 3058 792 πατράσιν
3094 715 3514 787 ἐπηγγελμένην
3547 713 3822 765 ἀπέδωκε

2205 824 2309 894 γῆν
2329 838 2340 850 ·
2377 819 2512 873 ἀλλὰ
2533 818 2623 870 τὸν
2654 816 2751 886 μὲν
2783 813 3039 867 ἐκέλευσε
3060 810 3319 875 δέξασθαι
3342 806 3438 860 τοῦ
3473 806 3600 876 βίου
3630 806 3701 857 τὸ
3725 805 3825 855 τέ-

2206 918 2296 980 λος
2317 932 2331 947 ο
2365 913 2431 967 δι’
2474 908 2649 981 Ἰησοῦ
2675 908 2730 961 δὲ
2758 905 2850 959 τοῦ
2878 905 3036 973 Ναυῆ
3072 901 3407 971 πεπλήρωκε
3431 897 3536 969 τὴν
3563 897 3823 963 ὑπόσχε-

2212 1025 2318 1062 σιν.
2352 1004 2464 1059 Καὶ
2489 1003 2636 1056 δοκεῖ
2677 999 2776 1071 μὲν
2803 995 3010 1065 ταύτην
3038 992 3187 1063 αὐτῷ
3218 992 3495 1061 τιμωρίαν
3517 986 3823 1041 ἐπιτεθειο

2211 1100 2364 1152 κέναι
2405 1095 2516 1148 τῶν
2557 1093 2693 1146 ὅλων
2744 1093 2773 1144 ὁ
2819 1088 3118 1160 πρύτανις
3174 1084 3336 1156 ἔτερα
3376 1082 3435 1135 δὲ
3490 1078 3824 1147 οίκσνοξδιιταν

2214 1186 2713 1260 ἐπραγματεύσατο
2742 1182 2923 1236 τοῦτο.
2956 1179 3179 1251 Πρῶτον
3213 1176 3310 1245 μὲν
3344 1173 3475 1244 γὰρ,
3508 1171 3631 1224 τῶν
3683 1172 3824 1222 ’1ου-

2212 1284 2378 1336 δαίων
2412 1279 2781 1348 ἐπιστάμενος
2819 1276 3031 1337 ἄνοιαν,
3059 1271 3163 1323 οὐκ
3191 1270 3339 1321 εἴασε
3374 1265 3442 1319 δι’
3476 1262 3661 1319 αὐτοῦ
3710 1265 3821 1314 πᾶ-

531 1386 676 1440 enim
703 1385 859 1437 vituli
910 1383 1198 1452 imaginem
1260 1380 1420 1434 deum
1459 1376 1716 1442 fecerant,
1749 1390 1911 1445 quem
1946 1373 2116 1427 hono-

2222 1392 2315 1430 σαν
2334 1373 2430 1445 τὴν
2461 1372 2755 1440 ὑπόσχεσιν
2792 1368 2966 1437 πέρας
2994 1362 3200 1428 λαϐεῖν,
3252 1360 3340 1414 ἴνα
3371 1358 3447 1429 μὴ
3479 1355 3657 1411 αὑτὸν
3694 1355 3820 1407 θεὸν

531 1492 649 1531 rem
703 1492 810 1531 non
848 1449 1161 1529 attulissent
1191 1472 1294 1540 illi,
1344 1471 1436 1541 qui
1484 1479 1563 1524 tot
1595 1470 1982 1522 miraculorum
2012 1465 2116 1518 mi—

2222 1465 2582 1522 ὑπολάϐωσιν.
2624 1462 2686 1516 Οί
2724 1459 2832 1529 γὰρ
2876 1457 3065 1511 εἰκόνα
3100 1455 3301 1525 μόσχου
3346 1449 3816 1518 θεοποιήσανιτες,

532 1568 707 1620 uister
737 1564 883 1619 fuit?
919 1562 1214 1632 PrOpterea
1239 1561 1403 1614 etiam
1430 1560 1549 1627 ejus
1591 1557 1900 1627 sepulcrum
1934 1556 2118 1609 occul-

2222 1562 2369 1613 ποῖον
2401 1558 2503 1611 οὐκ
2545 1556 2611 1609 ἂν
2639 1553 3024 1623 προσήνεγκαν
3059 1545 3226 1609 σέϐας
3268 1543 3346 1614 τῷ
3371 1543 3655 1596 τοσούτων
3685 1541 3819 1590 Dau-

534 1656 643 1708 tari
681 1654 868 1708 \oluit.
910 1651 1181 1706 Praeterea
1236 1649 1404 1720 legem
1438 1647 1505 1702 ad
1552 1655 1766 1715 tempus
1799 1660 1919 1699 esse
1950 1644 2113 1697 latam

2224 1654 2407 1723 μάτων
2440 1646 2700 1718 ὑπουργῷ
2739 1645 3048 1713 γενομένῳς
3101 1641 3203 1694 Διά
3241 1655 3325 1691 τοι
3364 1636 3528 1690 τοῦτο
3569 1636 3674 1686 καὶ
3724 1632 3814 1682 τίρν

537 1745 752 1816 1362
786 1743 1074 1799 ostendere
1104 1716 1371 1796 voluitve:
1403 1738 1468 1791 iis
1500 1754 1622 1807 quae
1646 1735 1940 1806 lcgislaturi
1966 1734 2110 1789 acci-

2222 1744 2384 1812 τάφον
2417 1741 2581 1797 αὐτοῦ
2609 1740 2793 1792 λαθεῖν
2815 1735 3116 1805 πεποίηκεν
3138 1735 3166 1786 ό
3185 1730 3318 1794 Θεός
3335 1745 3349 1759 ο
3375 1728 3512 1798 πρὸς
3543 1728 3606 1780 δὲ
3627 1726 3809 1783 τοῦτο,

533 1839 754 1891 derunt.
788 1836 844 1888 Si
884 1833 1031 1889 enim
1068 1834 1184 1902 ipse
1213 1829 1495 1899 legislator
1529 1828 1799 1897 promissa
1821 1837 1963 1880 terra
1990 1841 2115 1895 per-

534 1926 643 1981 frui
676 1942 783 1979 non
825 1925 1020 1995 potuit,
1063 1923 1189 1977 hinc
1220 1920 1378 1976 facile
1409 1919 1663 1988 cognosci
1707 1925 1904 1986 potest,
1935 1930 2113 1984 neque

536 2020 689 2089 ipsus
721 2019 826 2071 bac
854 2032 985 2070 cura
1021 2015 1232 2069 diutius
1266 2011 1635 2082 perfruituros
1679 2024 1823 2063 esse.
1872 2007 1963 2063 Sic
1987 2024 2111 2063 cum

534 2126 599 2165 ea
628 2123 750 2178 quae
790 2107 844 2160 in
875 2104 1170 2160 solitudine
1215 2103 1529 2159 acciderunt
1559 2111 1895 2166 enarrasset,
1936 2110 2106 2156 trans.

536 2201 874 2272 gressionem
925 2198 995 2252 ab
1025 2198 1093 2253 iis
1122 2197 1178 2251 in
1220 2194 1607 2266 promissionis
1657 2201 1802 2248 terra
1846 2202 2114 2264 patratam

535 2291 831 2362 redarguit.

613 2552 779 2608 Vens.
823 2547 1017 2605 34—56.
1071 2567 1091 2601 ι
1129 2545 1250 2602 Non
1303 2545 1742 2617 disperdiderunt
1789 2553 1997 2614 gentes,
2051 2543 2119 2600 de

539 2645 739 2716 quibus
764 2642 902 2697 dixit
930 2641 1039 2695 illis
1077 2639 1359 2695 Dominus.
1395 2637 1460 2691 Et
1498 2637 1774 2693 commisti
1816 2645 1945 2691 sunt
1979 2636 2118 2691 inter

542 2743 752 2807 gentes,
794 2742 848 2787 et
880 2732 1192 2787 didicerunt
1223 2744 1386 2800 opera
1417 2745 1627 2783 eorum.
1663 2727 1730 2783 Et
1775 2729 2120 2783 serviverunt

545 2824 896 2894 sculptilibus
926 2837 1141 2888 eorum,
1193 2832 1246 2876 et
1291 2819 1418 2875 facti
1467 2828 1595 2874 sunt
1628 2819 1735 2876 illis
1779 2818 2061 2875 seandalo.
2095 2837 2115 2873 ι

542 2916 993 2972 Commistionem
1034 2914 1179 2968 enim
1214 2912 1514 2983 prohibuit,
1548 2912 1616 2965 ad
1663 2911 1939 2966 vitandam
1974 2926 2121 2965 com-

2215 1831 2311 1884 καὶ
2340 1833 2440 1901 τῆς
2469 1826 2795 1900 νομοθεσίας
2830 1822 3106 1895 ἠϐουλήθη
3149 1818 3318 1884 δεῖξαι
3351 1819 3413 1872 τὸ
3460 1818 3808 1888 πρόσκαιρον

2214 1924 2323 1976 ἀπὸ
2349 1922 2457 1974 τῶν
2479 1919 2625 1991 αὐτῷ
2654 1918 2734 1990 τῷ
2774 1916 3038 1988 νομοθέτῃ
3080 1912 3427 1984 συμϐάντων.
3461 1910 3526 1962 Εἰ
3568 1910 3685 1978 γὰρ
3718 1910 3747 1959 ὸ
3767 1906 3807 1936 ³⁸

2215 2010 2512 2082 νομοθέτης
2559 2011 2657 2079 τῆς
2706 2006 3129 2078 ἐπηγγελμένης
3180 2003 3281 2056 οὐκ
3327 2001 3624 2072 omnes:
3674 2002 3804 2067 γῆς,

2217 2103 2451 2157 συνιδεῖν
2510 2099 2767 2154 ἐντεῦθεν
2813 2099 2994 2172 ῥᾴδιον
3013 2096 3079 2162 ⁸⁰,
3123 2096 3199 2158 ὡς
3235 2094 3357 2147 οὐδὲ
3395 2093 3560 2145 αὐτοὶ
3605 2091 3807 2158 ταύτης

2218 2191 2607 2247 άπολαύσωτιν
2630 2188 2724 2242 ἐπὶ
2754 2187 3005 2240 πλεῖστον
3023 2183 3124 2251 τῆς
3153 2178 3516 2250 προμηθείας.
3552 2176 3717 2229 Οὕτω
3747 2192 3805 2226 τι

2219 2283 2362 2338 κατὰ
2406 2281 2505 2352 τὴν
2540 2280 2747 2351 ἔρημον
2796 2275 3223 2346 διηγησάμενος,
3258 2268 3357 2341 τὴν
3400 2270 3462 2320 ὲν
3495 2269 3569 2337 τῇ
3599 2268 3673 2334 γῇ
3715 2264 3803 2331 τῆς

2219 2374 2556 2443 ἐπαγγελίας
2592 2370 2969 2441 γεγενημένην
3010 2363 3192 2419 αὐτῶν
3233 2360 3513 2430 ἐλέγχει⁶¹
3563 2372 3803 2427 παρανο-

2223 2469 2377 2541 μίαν.

2288 2557 2501 2623 λδ¹-λς’.
2541 2574 2560 2609 ι
2595 2554 2711 2610 οὐκ
2764 2550 3168 2623 ἐξωλόθρευσαν
3193 2545 3262 2600 τά
3290 2544 3444 2613 ἔθνη,
3476 2541 3516 2596 ἃ
3544 2540 3674 2595 εἷπε
3700 2539 3810 2594 Κύ-

2224 2668 2337 2726 ριος
2365 2649 2571 2712 αὐτοῖς.
2600 2646 2711 2700 Kal.
2743 2647 2767 2697 ὲ
2776 2644 3018 2715 μίγησαν
3041 2642 3101 2694 ὲν
3122 2642 3237 2703 τοῖς
3258 2638 3462 2699 ἔθνεσι,
3486 2636 3589 2687 καὶ
3610 2633 3811 2703 ἔμαθον

2220 2744 2288 2798 τὰ
2318 2743 2456 2815 ἔργα
2484 2739 2681 2793 αὐτῶν.
2702 2738 2813 2792 Kal.
2833 2734 3157 2789 ὲδούλευσαν
3176 2734 3290 2795 τοῖς
3314 2729 3580 2798 γλυπτοῖς
3611 2726 3812 2787 αὐτῶν,

2221 2838 2316 2893 καὶ
2351 2836 2586 2907 ἐγενήθη
2614 2833 2798 2895 αὐτοῖς
2825 2831 2904 2893 εἰς
2938 2826 3256 2882 σκάνδαλον.
3286 2842 3305 2875 ι
3341 2823 3454 2892 Τὴν
3480 2821 3662 2890 γὰρ⁶¹
3692 2823 3814 2871 ἐπι-

2228 2929 2413 3003 μιξίαν
2450 2928 2536 2981 διὰ
2560 2926 2660 2997 τὴν
2686 2924 2785 2990 τῆς
2815 2920 3072 2982 ἀσεϐείας
3102 2915 3343 2971 ἐκώλυσε
3384 2913 3708 2970 κοινωνίαν,
3752 2912 3816 2980 τῇ

546 3007 860 3060 munionem
893 3003 1211 3074 impietatis,
1244 3003 1408 3057 ﬁnem
1442 3018 1568 3056 cum
1611 3002 1877 3072 principio
1904 3002 1972 3055 de
1999 3017 2116 3056 me—

2224 3002 2366 3092 άρχῇ
2400 3019 2460 3072 τδ
2482 3019 2633 3080 τέλος
2664 3011 3023 3082 συναναιρῶν,
3057 3010 3150 3063 καὶ
3170 3009 3268 3061 σὺν
3300 3010 3365 3076 τῇ
3392 3006 3522 3078 ῥίζῃ
3559 3005 3659 3056 τὸν
3680 3021 3822 3073 acap-

545 3100 637 3154 dio
667 3098 885 3163 tollens,
919 3107 973 3152 ct
1012 3112 1137 3150 cum
1168 3096 1350 3151 radice
1396 3095 1632 3149 fructum
1667 3094 1876 3159 deleus,
1929 3103 1984 3148 et
2018 3094 2120 3147 mi—

543 3192 665 3246 nori
703 3191 846 3244 malo
878 3189 1035 3259 pejus
1064 3188 1386 3258 reprimens.
1422 3186 1527 3242 Sed
1574 3196 1752 3241 tamen
1796 3187 1906 3252 isti,
1936 3186 1988 3239 in
2019 3187 2121 3239 hoc

547 3285 713 3338 etiam
744 3283 985 3337 divinant
1012 3283 1184 3352 legem
1209 3279 1561 3351 transgressi,
1587 3295 1763 3349 neque
1794 3279 1987 3348 impias
2015 3289 2124 3332 ttu-

544 3374 798 3428 cidarunt
825 3384 1036 3443 gentes,
1064 3385 1240 3439 neque
1269 3369 1819 3425 communicationem
1839 3382 1964 3422 cum
1988 3368 2122 3437 ipsis

549 3462 805 3533 fugerunt
834 3481 846 3516 :
881 3463 974 3517 sed
1007 3478 1229 3532 pravam
1257 3461 1475 3516 illorum
1502 3463 1669 3516 vitam
1701 3461 1945 3516 aemulati
1968 3471 2118 3516 sunt.

619 3550 786 3607 Vens.
831 3551 1021 3606 57-59.
1080 3571 1097 3601 σ
1139 3551 1205 3606 Ει
1250 3553 1670 3607 immolaverunt
1712 3552 1852 3606 lilios
1893 3566 2025 3606 suos
2071 3561 2125 3606 et

551 3643 694 3698 ﬁlias
741 3659 874 3698 suas
913 3644 1216 3699 dmmouiis.
1247 3643 1313 3697 Et
1342 3643 1649 3699 eﬂ'uderunt
1683 3644 2006 3713 sanguinem
2039 3646 2123 3698 iu-

549 3741 859 3796 noceutem,
889 3736 1211 3803 sanguinem
1236 3734 1473 3788 filiorum
1504 3750 1753 3799 suorum,
1789 3745 1844 3790 et
1887 3734 2123 3791 ﬁliarum

549 3839 806 3905 suarum,
830 3838 969 3894 quas
1002 3825 1451 3880 sacriﬁcaverunt
1479 3825 1819 3893 sculptilibus
1840 3825 2122 3882 Chanaan.

544 3916 614 3970 Et
660 3915 868 3986 polluta
912 3925 996 3972 est
1041 3925 1185 3971 terra
1227 3919 1610 3988 sanguinibus.
1664 3917 1733 3973 Et
1756 3920 2123 3975 contaminata

546 4018 630 4062 cst
657 4009 912 4078 operibus
945 4023 1158 4064 eorum.
1193 4029 1213 4062 ι
1258 4009 1627 4081 Colophonem
1669 4012 1963 4082 impietatis
1991 4012 2123 4067 ulti-

548 4116 699 4155 mum
733 4101 1092 4171 reliquerunt.
1129 4101 1272 4169 Quid
1298 4104 1443 4158 enim
1474 4105 1541 4159 ad
1589 4104 1884 4175 impietatis
1933 4120 2126 4160 cumu-

548 4193 659 4247 lum
693 4193 797 4248 sibi
832 4195 1026 4264 reliqni
1057 4195 1324 4260 fecerunt,
1370 4197 1463 4266 qui
1500 4197 1856 4266 sanguinibus
1889 4198 2124 4253 ﬁliorum

547 4292 602 4337 et
634 4284 867 4337 filiarum
903 4294 1102 4339 terram
1134 4286 1510 4356 inquinarunt,
1540 4300 1594 4343 et
1636 4289 1992 4357 daemonibus,
2030 4291 2124 4361 qui

2223 3111 2325 3164 πὺν
2351 3108 2648 3178 ἀφανίζων,
2680 3107 2775 3159 καὶ
2800 3103 2878 3174 τῷ
2897 3103 3139 3157 ἐλάττονι
3171 3098 3329 3169 κακῷ
3350 3100 3411 3150 τὸ
3463 3098 3655 3166 χεῖρον
3681 3112 3821 3165 προ-

2222 3201 2587 3258 αναστέλλων.
2636 3197 2779 3251 Ἀλλ’
2799 3198 2946 3267 ὅμως
2973 3187 3117 3246 οὗτοι
3147 3193 3241 3245 καὶ
3261 3193 3320 3243 ἐν
3348 3190 3524 3258 τούτῳ
3545 3188 3645 3239 τὶν
3675 3186 3821 3238 θεῖον

2225 3294 2652 3363 παραϐαίνοντες
2678 3291 2863 3358 νόμον,
2889 3285 3014 3339 οὕτε
3046 3285 3114 3338 τὰ
3135 3282 3370 3351 δυσσεϐῆ
3401 3279 3823 3347 ἐξωλόθρευσαν

2225 3385 2373 3456 ἔθνη,
2404 3383 2530 3438 οὔτε
2556 3382 2656 3451 τὴν
2688 3380 2824 3450 πρὸς
2850 3377 2988 3432 αὐτὰ
3020 3375 3221 3444 ἐςυγον
3251 3371 3566 3433 κοινωνίαν,
3608 3369 3755 3423 ἀλλὰ
3778 3369 3823 3400 ⁸³

2222 3479 2321 3549 τὴν
2353 3475 2599 3546 πονηρὰν
2629 3472 2809 3527 αὐτῶν
2838 3469 3111 3523 πολιτείαν
3138 3467 3441 3538 ἐζήλωσαν.

2295 3568 2505 3634 λζ’-λθ.
2546 3585 2564 3617 ε
2606 3565 2719 3619 Καὶ
2754 3563 2951 3616 ἔθυσαν
2983 3562 3110 3624 τοὺς
3158 3559 3310 3621 υἱοὺς
3351 3556 3533 3610 αὐτῶν
3580 3561 3681 3609 καὶ
3719 3554 3823 3615 τὰς

2225 3661 2530 3730 θυγατέρας
2560 3656 2739 3709 αὐτῶν
2769 3656 2882 3716 τοῖς
2915 3651 3231 3723 δαιμονίοις.
3269 3650 3379 3701 Kal.
3417 3647 3647 3716 ἐξέχεαν
3678 3640 3819 3714 αἷμα

2224 3753 2420 3814 ἀθῶον,
2454 3744 2595 3819 αἷμα
2625 3747 2757 3800 υἱῶν
2788 3745 2967 3798 αὐτῶν
3017 3744 3111 3797 καὶ
3144 3740 3487 3811 θυγατέρων,
3514 3734 3592 3792 ὧν
3618 3739 3819 3791 ἔθυσαν

2225 3847 2334 3908 τοῖς
2382 3842 2640 3910 γλυπτοῖς
2677 3837 2926 3892 Χαναάν⁹
2974 3838 3069 3889 καὶ
3112 3831 3519 3903 ὲφονοκτονήθη
3564 3833 3601 3901 ἠ
3644 3832 3717 3900 γῆ
3761 3832 3815 3879 ἐν

2225 3939 2337 3998 τοῖς
2362 3936 2580 4005 αἵμασι.
2632 3932 2742 3985 Kal.
2778 3927 3010 4001 ἐμιάνθη
3033 3928 3078 3959 ⁸⁸
3108 3927 3167 3979 ὲν
3188 3926 3300 3988 τοϊς
3328 3924 3515 3995 ἔργοις
3547 3922 3755 3975 αὐτῶν.
3789 3938 3807 3967 ι

2225 4029 2327 4081 Τὺν
2345 4028 2389 4059 ⁵⁸
2416 4023 2701 4093 κολοφῶνα
2735 4023 2829 4091 τῆς
2865 4018 3119 4081 ἀσεϐείας
3146 4016 3454 4070 τελευταῖον
3485 4014 3807 4066 κατέλιπον·

2226 4117 2386 4171 ποίαν
2409 4117 2453 4148 ⁸⁸
2483 4113 2930 4186 γάρδυσσεϐείας
2958 4108 3265 4182 ὑπερϐολὴν
3294 4104 3623 4161 καταλείπει
3649 4105 3706 4157 τὺ
3731 4104 3807 4155 αἶ-

2228 4223 2395 4276 μασιν
2424 4204 2556 4256 υἱῶν
2596 4203 2692 4256 καὶ
2746 4201 3063 4270 θυγατέρων
3123 4198 3348 4269 μολῦναι
3392 4196 3492 4267 τὴν
3546 4196 3675 4264 γῆν,
3718 4194 3807 4245 καὶ

2225 4301 2336 4361 τοῖς
2360 4295 2676 4367 αἱμοϐόροις
2714 4294 2934 4364 δαίμοσι
2978 4292 3078 4354 τὰς
3125 4290 3331 4345 τούτων
3382 4288 3582 4349 θυσίας
3646 4302 3809 4356 προτ-

546 4378 870 4446 sanguincm
925 4388 1151 4443 vorant,
1209 4380 1409 4434 borum
1457 4382 1723 4437 sacriﬁcia
1768 4383 2125 4437 obtulerunt?

2229 4391 2502 4457 ενεγκεῖν;
2526 4386 2617 4457 Τῷ
2643 4386 2764 4457 Θεῷ
2791 4385 2890 4456 μὲν
2910 4384 3152 4454 γάρούδὲ
3169 4382 3236 4434 τὰ
3257 4381 3627 4451 νενομισμένα
3650 4394 3811 4448 πρήσι

546 4464 683 4519 Nam
731 4465 843 4521 Deo
882 4483 949 4521 ne
998 4468 1241 4538 legitima
1279 4470 1489 4541 1363
1530 4474 1748 4541 quidem
1805 4474 2124 4539 offerebant,

546 4557 707 4613 idolis
734 4573 861 4613 vero
889 4568 1139 4613 natorum
1161 4561 1324 4614 etiam
1359 4562 1553 4616 caedes.
1584 4582 1602 4614 ι
1644 4563 1706 4617 Ει
1730 4564 1980 4619 fornicati
2001 4575 2128 4620 sunt

547 4649 744 4705 studiis
776 4650 911 4704 suis.
950 4668 969 4701 ι
1004 4649 1436 4705 Fornicationem
1465 4652 1570 4720 hoc
1604 4653 1656 4706 in
1695 4653 1816 4708 loco
1860 4670 1971 4709 non
2006 4671 2125 4710 mo-

547 4739 619 4793 do
649 4738 1153 4809 intemperantiam,
1186 4756 1374 4796 verum
1420 4743 1583 4797 etiam
1616 4742 1886 4797 idolorum
1917 4746 2120 4799 cultum

544 4842 726 4885 vomit.
762 4830 1037 4899 Quoniam
1085 4832 1234 4887 enim
1268 4834 1377 4889 Deo
1428 4836 1689 4904 copulati,
1742 4837 1958 4891 illorum
1998 4843 2119 4893 cul-

546 4931 663 4976 tum
696 4924 1040 4985 adamat-unt.
1072 4925 1383 4982 daemonum
1434 4929 1695 4983 honorem
1732 4929 1928 4985 merito
1956 4929 2123 4983 furui-

545 5015 814 5071 cationem
847 5017 1159 5087 appellavit.

618 5203 646 5244 P
681 5191 842 5247 Nunt.
870 5211 958 5261 xx,
986 5196 1073 5253 10.

2228 4480 2425 4550 έφερον
2445 4495 2458 4508 °
2485 4483 2598 4542 τοῖς
2619 4478 2676 4530 δὲ
2702 4476 2941 4538 εἰδώλοις
2967 4476 3061 4528 καὶ
3083 4473 3182 4536 τὰς
3211 4472 3320 4526 τῶν
3344 4472 3551 4524 παίδων
3574 4472 3809 4539 σφαγάς.

2234 4593 2252 4625 ι
2291 4575 2402 4626 Kal.
2452 4572 2791 4642 ἐπόρνευσαν
2826 4570 2884 4621 ἐν
2913 4570 3026 4630 τοῖς
3069 4564 3500 4636 ἐπιτηδεύμασιν
3547 4562 3749 4616 αὐτῶν.
3789 4578 3807 4608 ι

2228 4666 2524 4735 [lepra-far
2546 4662 2779 4717 ἐνταῦθα
2807 4662 2868 4715 οὐ
2898 4660 2999 4730 τὴν
3020 4658 3320 4713 ἀκολασίαν
3354 4657 3534 4725 μόνον,
3557 4653 3699 4706 ἀλλὰ
3719 4652 3812 4704 καὶ

2226 4758 2324 4828 τὴν
2374 4758 2480 4810 τῶν
2528 4756 2761 4810 εἰδώλων
2811 4751 3068 4823 λατρείαν
3110 4749 3285 4803 καλεῖ.
3336 4747 3557 4816 Ἐπειδὴ
3592 4746 3703 4814 γὰρ
3736 4742 3812 4811 τῷ

2228 4849 2348 4918 Θεῷ
2379 4848 2717 4918 συνημμένοι
2747 4844 2845 4915 τὴν
2878 4843 3102 4896 ἐκείνων
3144 4840 3442 4911 θεραπείαν
3484 4838 3808 4906 ἠγάπησαν,

2228 4942 2325 5012 τὴν
2351 4939 2775 5009 δεισιδαιμονίαν
2802 4936 3029 4999 εἰκότως
3057 4932 3318 5004 πορνείαν
3347 4930 3635 4985 ἐκάλεσεν.

1645 5310 1874 5367 νΑΙῖΙᾹζ
1912 5310 2292 5368 Ll'IC'l'lONES
2342 5314 2428 5367 ΕΤ
2469 5315 2704 5371 NOTAE.

620 5474 664 5506 ³³
714 5474 796 5524 '0.
833 5470 953 5526 cod.
997 5472 1017 5524 l
1059 5486 1243 5540 prmm.
1302 5471 1485 5533 αὐτὸς.

936 5514 953 5553 ..
980 5472 1017 5553 _l
1059 5486 1243 5553 prtem.
1302 5471 1502 5553 αὐτὸς..
1563 5472 1636 5553 _‘°
1681 5471 1935 5553 Ῥᾁὸῖιριρ
1978 5473 2161 5553 φαμι
2197 5474 2336 5553 Δτισί-ιι.
2392 5471 2481 5545 ἦν.

546 5541 726 5596 Pauca
764 5543 1167 5611 ιιι-ειςιιιίιῑιιιιιιιιο
1190 5543 1330 5609 apud
1364 5542 1525 5596 (Iord.
1563 5543 1599 5595 l.
1634 5558 1680 5597 c.
1721 5557 1772 5610 ρ.
1812 5543 1929 5594 156.
2008 5543 2051 5573 ⁶³
2111 5542 2122 5562 ’

2222 5546 2298 5596 λὰ
2348 5541 2425 5584 -’
2454 5547 2788 5611 ἐζήλωσαν.
2845 5551 2957 5602 Alia
3018 5541 3180 5601 liabet
3218 5541 3384 5600 Cum.
3428 5541 3548 5603 lac.

2569 5479 2608 5508 ⁸⁸
2644 5479 2763 5529 cod.
2800 5478 2821 5530 Ι
2859 5478 3149 5548 διελέγχει.
3224 5478 3268 5548 ξ’
3305 5475 3433 5543 Τὴν
3462 5478 3577 5545 γὰρ
3608 5495 3665 5531 κ.
3690 5495 3737 5529 τ.
3764 5478 3813 5529 λ.

3630 5550 3677 5581 ⁸⁸
3709 5548 3811 5600 Καί

553 5611 823 5703 ἐμίαν-(λη.
857 5610 1014 5703 ξξυιηκ
1073 5609 1154 5703 EtI
1182 5612 1490 5703 [polluerunt
1532 5629 1659 5703 δορυ.
1727 5609 1783 5645 ίεδ
2054 5630 2125 5668 κα

2222 5620 2404 5703 ιρι-ον.
2469 5609 2589 5669 llus.
2628 5621 2768 5685 apud
2810 5620 2972 5675 (ζυγά.
3007 5619 3042 5671 1.
3071 5637 3118 5672 c.
3157 5634 3208 5687 ρ.
3246 5618 3366 5669 1.57.
3445 5619 3494 5651 ⁸⁸
3522 5620 3719 5673 Ποίαν
3750 5645 3817 5657 -—

561 5680 819 5743 σφαγάς.
861 5679 985 5735 Haec
1018 5684 1155 5752 apud
1182 5682 1342 5736 COI'ti.
1378 5683 1411 5735 Ι.
1449 5698 1496 5737 e.
1531 5683 1597 5736 ad
1642 5697 1781 5736 vers.
1811 5682 1882 5736 55
1908 5685 2156 5753 apposita
2188 5697 2337 5738 sunt.
