4006 6198
186 269 190 273 ’
227 259 371 320 1733

1637 253 1714 313 lN
1754 250 1962 313 PSAL.
2004 247 2115 306 CV.

3363 234 3497 299 1734

298 367 496 437 μ’-μβ’.
530 385 548 419 1
585 366 696 420 Kal.
727 363 972 435 ὠργίσθη
1015 362 1173 435 θυμῷ
1203 361 1411 433 Κύριος
1443 363 1538 417 ἐπὶ
1567 362 1657 416 τὸν
1684 362 1812 414 λαὸν

1985 354 2153 408 Vens.
2192 349 2381 406 ιο-ιε.
2418 365 2437 399 1
2482 345 2546 401 Et
2592 346 2764 402 iratus
2789 353 2874 401 est
2909 343 3092 400 furore
3133 342 3393 399 Dominus
3443 346 3496 399 in

225 458 416 521 αὑτοῦ,
445 458 542 510 καὶ¹
570 456 893 521 ἐϐδελύξατο
931 455 1032 527 τὴν
1065 456 1435 528 κληρονομίαν
1473 453 1663 510 αὑτοῦ.
1700 453 1811 505 Καὶ

227 550 545 621 παρέδωκεν
566 542 763 611 αὐτοὺς
796 548 874 611 είς
901 551 1089 618 χεῖρας
1114 548 1328 618 ἐχθρῶν
1352 548 1420 612 ",
1444 550 1538 601 καὶ
1559 544 1812 616 ἐκυρίευ-

231 657 327 693 σαν
361 639 543 692 αὐτῶν
573 642 623 692 οἱ
653 638 943 709 μισοῦντες
971 638 1192 702 αὐτούς.
1222 639 1332 691 Καὶ
1369 638 1593 707 ἐθλιψαν
1615 637 1813 697 αὐτοὺς

227 733 276 784 οἱ
300 731 490 802 ἐχθροὶ
520 730 723 793 αὐτῶν,
762 732 855 784 καὶ
886 730 1330 802 ἐταπεινώθησαν
1363 731 1468 783 ὑπὸ
1503 732 1600 792 τὰς
1627 732 1813 800 χεῖρας

228 820 426 875 αὐτῶν.
466 840 484 872 t
519 820 704 876 Ταῦτα
736 825 832 876 καὶ
855 823 888 893 ὴ
913 823 1019 875 τῶν
1056 823 1275 891 Κριτῶν
1309 820 1517 891 ἱστορία
1548 821 1813 887 διδάσκει,

228 913 321 964 καὶ
362 912 547 981 μέντοι
576 913 671 967 καὶ
708 915 740 985 ἡ
782 914 891 968 τῶν
939 914 1240 967 Βασιλειῶν
1315 915 1625 986 συγγραφή.
1679 914 1816 967 110τέ

234 1003 332 1073 μὲν
364 1002 472 1072 γὰρ
498 1004 841 1067 Μωαϐίταις,
880 1004 1011 1056 ποτὲ
1032 1003 1090 1057 δέ
1130 1004 1511 1073 Ἀμμανίταις,
1548 1004 1737 1057 ἄλλοτε
1760 1004 1817 1059 δὲ

244 1098 673 1167 ’Λμαλακίταις,
726 1100 821 1153 καὶ
873 1099 1261 1168 Μαδιηναίοις,
1320 1100 1417 1153 καὶ
1473 1098 1814 1166 Ἀλλοφύλοις

236 1190 543 1260 παρέδωκε,
574 1193 641 1261 τῇ
670 1190 887 1261 παιδείᾳ
919 1191 1020 1258 τὴν
1041 1189 1314 1260 ὠφέλειαν
1344 1190 1725 1261 καρπούμενος
1750 1190 1814 1243 ⁸⁸.

309 1304 418 1368 μγ⁹.
453 1320 469 1350 1
507 1300 804 1363 Πλεονάκις
834 1299 1103 1371 ἐρρύσατο
1125 1301 1323 1364 αὐτούς
1342 1319 1355 1332 ’
1386 1302 1541 1358 αὐτοὶ
1561 1301 1620 1355 δὲ
1679 1319 1820 1372 παρ-

234 1392 538 1459 επίκραναν
568 1391 729 1444 αὐτὸν
748 1394 806 1444 ἐν
830 1395 897 1462 τῇ
926 1392 1089 1463 βουλῇ
1118 1392 1320 1456 αὐτῶν,
1338 1394 1427 1446 καὶ
1449 1392 1819 1464 ἐταπεινώθη-

237 1500 337 1535 σαν
360 1484 417 1534 ἐν
438 1486 557 1547 ταῖς
585 1484 831 1553 ἀνομίαις
860 1485 1059 1538 αὐτῶν.
1091 1504 1109 1536 1
1152 1485 1407 1553 Ἐπάγων
1429 1487 1536 1556 γὰρ
1564 1487 1662 1556 τὴν
1696 1503 1825 1538 παι-

235 1572 382 1624 δείαν
406 1573 566 1626 πάλιν
593 1574 869 1642 μετεδίδου
893 1573 1306 1645 φιλανθρωπίας
1323 1591 1336 1605 °
1359 1577 1408 1627 οί
1437 1575 1493 1628 δέ
1521 1575 1681 1628 αὐτὸν
1708 1578 1823 1639 τοῖς

237 1662 498 1725 ἐναντίοις
529 1663 839 1733 ἠμείϐοντο.

312 1774 417 1844 μδ’.
454 1794 475 1826 1
512 1776 623 1829 Καὶ
657 1773 766 1829 εἶδε
809 1776 1013 1847 Κύριος
1030 1778 1072 1809 ⁰⁹
1100 1777 1157 1829 ἐν
1189 1777 1267 1847 τῷ
1297 1777 1572 1831 θλίϐεσθαι
1600 1778 1816 1842 αὐτοὺς,

238 1867 297 1919 ἐν
342 1865 419 1935 τῷ
468 1866 630 1920 αὑτὸν
689 1867 1009 1920 εἰσακοῦσαι
1062 1868 1159 1938 τῆς
1211 1869 1452 1939 δεήσεως
1486 1870 1666 1922 αὐτῶν
1688 1870 1756 1923 ⁷⁸.
1784 1888 1813 1939 υ»

238 1956 426 2011 Ταῦτα
477 1957 571 2010 καὶ
603 1957 658 2010 αῖ
692 1958 921 2029 ἱστορίαι
962 1958 1300 2012 διδάσκουσι-
1345 1959 1438 2012 καὶ
1477 1960 1559 2011 ὅτι
1594 1958 1819 2028 ἐδεήθη·

241 2065 340 2101 σαν
366 2047 459 2101 τοῦ
507 2048 642 2101 Θεοῦ
690 2051 798 2104 ἀπὸ
817 2052 859 2082 ⁷³
912 2050 1010 2121 τῆς
1054 2051 1301 2122 ἀνάγκης
1344 2050 1681 2122 ὠθούμενον
1726 2050 1822 2104 καὶ

240 2141 323 2192 ὅτι
353 2138 633 2210 δεηθέντες
660 2140 1031 2212 ἠκούσθησαν.

318 2259 421 2323 με’.
460 2270 478 2303 1
507 2253 617 2306 Kal.
647 2252 893 2323 ἐμνήσθη
920 2254 1019 2322 τῆς
1046 2255 1310 2325 διαθήκης
1334 2255 1520 2318 αὑτοῦ,
1547 2257 1642 2308 καὶ
1702 2273 1827 2325 μετ-

246 2345 487 2417 εμελήθη
509 2346 720 2399 κατὰτὸ
742 2346 946 2415 πλῆθος
973 2347 1066 2399 τοῦ
1094 2348 1244 2400 ὲλέου
1268 2349 1311 2379 ⁷³
1341 2348 1527 2401 αὑτοῦ.
1555 2367 1573 2398 ι
1597 2347 1693 2399 Διὰ
1720 2348 1826 2415 γὰρ

243 2438 346 2502 τὰς
371 2440 509 2509 πρὸς
538 2439 665 2501 τοὺς
697 2440 941 2509 πατέρας
976 2440 1311 2508 ἐπαγγελίας
1338 2441 1428 2492 τὸν
1457 2439 1605 2492 ἔλεον
1631 2440 1826 2508 ἐχορή-

244 2545 414 2600 γησε·
449 2529 852 2598 μεταμέλειαν
886 2530 940 2582 δὲ
964 2532 1120 2583 καλεῖ
1152 2531 1248 2599 τῆς
1278 2531 1526 2593 παιδείας
1560 2530 1655 2601 τὴν
1698 2531 1830 2583 παῦ-

245 2621 366 2674 λαν.
412 2621 467 2672 Ὀ
493 2620 602 2690 γὰρ
647 2621 779 2683 Θεὸς
815 2623 910 2691 τῆς
954 2622 1315 2691 μεταμελείας
1355 2623 1453 2675 οὐκ
1496 2623 1608 2692 ἔχει
1643 2623 1703 2673 τὸ
1736 2622 1831 2674 πά-

248 2713 362 2779 θος,
395 2714 515 2767 οὐδὲ
536 2714 629 2766 νῦν
664 2714 762 2782 μὲν
784 2713 1011 2780 τούτοις,
1042 2714 1138 2767 νῦν
1168 2715 1225 2767 δὲ
1252 2714 1476 2778 ἐκείνοις
1511 2715 1825 2785 ἀρέσκεταιο

251 2806 388 2858 ἀλλὰ
409 2808 587 2875 σοφῶς
621 2807 833 2859 ἅπαντα
871 2807 1251 2877 πρυτανεύων,
1285 2807 1379 2859 καὶ
1422 2807 1671 2869 παιδείας
1734 2807 1831 2857 ἐπ-

252 2896 400 2964 άγει,
429 2896 521 2947 καὶ
548 2895 956 2966 φιλανθρωπίαν
982 2896 1186 2966 ὀρέγει.

327 3016 446 3078 μς-’.
484 3029 500 3061 1
539 3010 647 3062 Καὶ
674 3010 871 3063 ἔδωκεν
900 3010 1094 3073 αὐτοὺς
1124 3010 1203 3073 είς
1226 3011 1566 3081 οἰκτιρμοὺς,
1590 3011 1829 3064 ἐναντίον
1855 3045 1896 3100 C

254 3101 473 3153 πάντων
493 3103 599 3153 τῶν
634 3100 1194 3172 αἱχμαλωτευσάντων
1228 3102 1448 3165 αὐτούς.
1493 3120 1512 3153 ι
1554 3102 1709 3155 Οὕτω
1737 3103 1829 3154 τὸν

252 3193 437 3263 Κῦρον
464 3192 805 3259 κατέθελξεν,
835 3192 926 3246 καί
951 3194 1032 3256 είς
1064 3192 1211 3245 ἔλεον
1244 3192 1479 3264 ἔκαμψε,
1523 3194 1617 3247 καὶ
1648 3193 1833 3246 δοῦναι

252 3287 364 3347 τοῖς
384 3282 739 3356 δορυαλώτοις
761 3284 858 3357 τὴν
889 3284 1200 3357 ἐλευθερίαν
1237 3285 1522 3357 πεποίηκε.

329 3402 438 3469 μζα
476 3420 495 3452 1
533 3400 713 3453 Σῶσον
749 3402 896 3470 ἡμᾶς
922 3443 937 3466 ,
960 3401 1133 3471 Κύριε
1165 3404 1192 3454 6
1227 3401 1358 3466 Θεὸς
1392 3402 1566 3472 ἡμῶν,
1599 3402 1835 3455 καὶεέπι-

256 3493 536 3559 συνάγαγε
568 3494 714 3562 ἡμᾶς
739 3495 802 3544 ἐκ
832 3494 940 3545 τῶν
975 3493 1169 3547 ἐθνῶψ
1202 3493 1296 3547 τοῦ
1336 3492 1833 3564 ἐξομολογήσασθαι

251 3584 331 3653 τῷ
362 3586 590 3655 ὀνόματί
623 3604 715 3639 σου
745 3586 822 3657 τῷ
851 3588 1009 3658 ἁγίῳ,
1040 3587 1134 3640 τοῦ
1169 3587 1546 3657 ἐγκαυχᾶσθαι
1576 3588 1633 3639 ἐν
1659 3589 1723 3656 τῇ
1751 3587 1836 3636 αἱ-

253 3677 409 3730 νέσει
442 3695 558 3731 σου.
604 3697 621 3728 ι
668 3679 777 3730 Καὶ
808 3678 981 3731 ταῦτα
1010 3678 1177 3748 δηλοῖ,
1214 3679 1289 3741 ὡς
1317 3682 1344 3732 ὁ
1377 3677 1712 3749 προφητικὸς
1736 3676 1837 3728 αὺ-

252 3772 378 3833 τοὺς
409 3771 651 3823 διδάσκει
690 3771 866 3839 λόγος,
909 3772 1025 3835 πῶς
1062 3773 1145 3825 δεῖ
1187 3772 1278 3826 τὸν
1318 3772 1448 3824 Θεὸν
1493 3770 1834 3833 ίλεώσασθαι,

256 3865 349 3916 καὶ
378 3869 481 3935 τῆς
507 3867 637 3936 παρ’
676 3866 841 3918 αὐτοῦ
879 3866 1201 3936 κηδεμονίας
1228 3869 1426 3935 τυχεῖν.
1464 3865 1572 3919 Καὶ
1600 3866 1628 3916 6
1657 3862 1842 3916 θεσπέ-

258 3970 371 4017 σιος
393 3956 452 4008 δὲ
502 3956 824 4018 ’Λπὸστολος
851 3955 949 4025 τὴν
967 3957 1234 4025 ἐσομένην
1278 3956 1549 4017 Ἰουδαίοις
1567 3953 1839 4025 σωτηρίαν

254 4045 343 4099 διὰ
386 4048 568 4102 Ἠλιοῦ
615 4047 709 4101 τοῦ
745 4049 1002 4101 Θεσϐἱτου
1046 4050 1478 4119 προηγόρευσεν·
1533 4067 1552 4101 1
1591 4048 1746 4112 ’Ἥξει
1777 4048 1841 4100 ἐκ

257 4137 396 4191 Σιὼν
418 4142 489 4205 ⁷⁸,
515 4142 700 4209 φησιν,
734 4143 760 4193 6
792 4141 1071 4211 ῥυόμενος,
1107 4141 1201 4193 καὶ
1233 4140 1564 4208 ἀποστρέψει
1587 4139 1842 4202 ἀσεϐείας

256 4231 365 4284 ἀπὸ
410 4230 608 4285 Ἰακώϐ
630 4252 643 4264 ο
674 4234 764 4285 καὶ
794 4232 931 4301 αὕτη
967 4234 1150 4295 αὐτοῖς
1179 4235 1212 4303 ἡ
1248 4235 1377 4304 παρ’
1412 4233 1544 4303 ἐμοῦ
1584 4233 1839 4303 διαθήκη,

255 4320 385 4374 ὅταν
414 4322 709 4390 ἀφέλωμαι
748 4322 846 4384 τὰς
890 4323 1163 4392 ἁμαρτίας
1185 4323 1383 4375 αὐτῶν.
1432 4341 1451 4373 ›
1505 4324 1578 4375 Οὑ
1618 4324 1717 4393 μὲν
1746 4322 1844 4394 τὴν

257 4413 577 4484 οἰκοδομίαν
618 4413 718 4483 τῆς
777 4414 1132 4484 Ἰερουσαλὴμ
1181 4416 1504 4483 προσμεῖναι
1547 4416 1652 4476 δεῖ,
1703 4414 1843 4467 κατὰ

257 4505 384 4565 τοὺς
416 4504 620 4574 μύθους
663 4506 773 4559 τῶν
814 4507 1080 4576 ἀνοήτων,
1127 4506 1221 4558 καὶ
1253 4505 1350 4575 τὴν
1382 4507 1519 4559 κατὰ
1549 4485 1716 4575 νόμον
1752 4506 1845 4558 λα-

258 4596 469 4663 τρείαν,
502 4597 595 4650 καὶ
619 4598 717 4661 τὰς
751 4598 978 4666 ἀλόγους
1009 4597 1219 4662 θυσίας,
1260 4599 1354 4651 καὶ
1398 4598 1716 4668 περιτομὴν,
1751 4596 1846 4650 καὶ

263 4683 560 4752 σάϐϐατον,
596 4689 690 4739 καί
721 4687 925 4758 σκιώδη
949 4691 1383 4759 περιρραντήρια
1414 4688 1550 4758 μετὰ
1596 4688 1655 4738 τὸ
1708 4704 1845 4740 παν-

262 4773 417 4839 ἅγιον
441 4779 724 4848 βάπτισμα
743 4794 757 4809 ·
791 4778 963 4832 ταῦτα
994 4780 1100 4850 γὰρ
1130 4781 1388 4849 γραῖδίων
1408 4780 1713 4849 μεθυόντων
1744 4797 1844 4831 πα-

269 4866 479 4939 ραληρή
491 4890 634 4939 ματα
658 4871 702 4904 ⁷⁸
723 4887 736 4900 ⁸
766 4871 899 4924 ἀλλὰ
917 4871 1106 4941 κλῆσιν
1131 4873 1222 4923 καὶ
1240 4873 1534 4939 ἐπίγνωσιν
1561 4869 1840 4941 ἀληθείας,

270 4956 365 5006 καὶ
394 4961 572 5015 πίστιν
594 4965 673 5026 είς
702 4964 792 5017 τὸν
811 4965 1088 5034 Δεσπότην
1123 4962 1375 5033 Χριστὸν,
1415 4964 1503 5014 καὶ
1526 4962 1625 5033 τῆς
1652 4963 1844 5032 καινῆς

269 5042 537 5121 διαθήκης
562 5054 657 5123 τὴν
681 5056 974 5111 πολιτείαν.

345 5236 372 5275 ει
409 5223 568 5282 Rom.
602 5246 677 5294 XI,
727 5230 819 5296 26,
866 5233 972 5299 ‘37;
1010 5234 1138 5288 coll.
1201 5229 1304 5289 lsa.
1344 5248 1453 5297 th,
1495 5231 1585 5287 ΞΟ.

1913 448 2176 517 pupulum
2231 457 2390 497 suum
2423 480 2437 506 ,
2496 450 2549 494 et
2591 440 2941 494 abominatus
2988 447 3069 492 est
3126 436 3498 492 [nereditatem

1915 551 2094 592 suam.
2126 538 2142 556 ⁶
2163 533 2229 587 Ει
2251 532 2473 587 tradidit
2496 547 2590 586 eos
2624 532 2677 584 itt
2710 545 2908 583 manus
2933 530 3195 592 hostium,
3234 538 3288 582 et
3315 527 3501 583 domi-

1915 628 2029 680 nati
2064 633 2192 679 sunt
2231 624 2319 685 iis.
2351 622 2446 692 qui
2478 624 2709 676 oderunt
2740 636 2854 675 eos.
2889 618 2951 672 l-It
2976 619 3370 673 tribulaveruut
3405 633 3501 671 eos

1916 718 2122 772 inimici
2193 731 2425 781 eorum,
2475 723 2529 769 et
2590 713 2859 767 ltumiliati
2920 721 3050 765 sunt
3103 711 3206 765 sub
3248 708 3503 763 manibus

1917 825 2135 866 eorum.
2204 828 2223 860 ι
2263 809 2385 863 llaec
2424 816 2478 861 et
2521 805 2775 861 Jttdirum
2825 805 3055 859 historia
3106 805 3285 866 docet,
3338 812 3504 871 atque

1918 901 2078 955 etiam
2114 899 2427 969 llegnorum
2456 897 2598 950 libri.
2626 894 2762 949 Nam
2789 897 2950 950 modo
2985 893 3204 962 quidem
3228 891 3502 956 Moabitis,

1919 993 2083 1045 modo
2117 1005 2248 1045 vero
2285 988 2639 1050 Ammanitis,
2682 987 2820 1041 alias
2861 997 3042 1040 autem
3075 984 3411 1045 Amaleeitis,
3447 988 3504 1036 et

1923 1082 2265 1147 Madianazis,
2300 1092 2354 1135 et
2389 1080 2696 1151 Allophylis
2722 1094 2818 1134 eos
2852 1078 3092 1142 tradidit,
3124 1086 3182 1132 ut
3209 1091 3304 1146 per
3337 1075 3504 1131 casti-

1921 1175 2196 1246 gationem
2242 1170 2545 1227 commodis
2581 1170 2825 1239 ipsorum
2866 1170 3192 1223 consuleret.

1995 1284 2158 1338 Vtzns.
2196 1282 2286 1336 65.
2324 1299 2343 1331 1
2389 1277 2544 1350 Satpc
2576 1280 2825 1335 liberavit
2857 1295 2972 1343 eos,
3011 1280 3112 1349 ipsi
3160 1287 3341 1334 autem
3370 1292 3504 1332 exa-

1922 1374 2288 1430 cerhaverunt
2310 1388 2438 1427 eum
2473 1372 2705 1427 consilio
2736 1387 2855 1435 suo,
2883 1381 2936 1426 et
2965 1371 3234 1425 ltumiliati
3284 1376 3413 1425 sunt
3447 1369 3505 1423 in

1925 1466 2310 1535 iniquitatibus
2338 1466 2476 1519 suis.
2528 1483 2547 1514 ι
2584 1461 2840 1534 lnlligens
2863 1464 3009 1516 enim
3045 1477 3283 1532 poenam,
3312 1476 3509 1518 rursus

1926 1554 2318 1623 benignitatem
2354 1552 2583 1625 largitus
2614 1561 2733 1619 est;
2772 1553 2873 1621 ipsi
2911 1561 3093 1606 autent
3121 1550 3392 1605 contraria
3423 1565 3509 1603 re-

1927 1644 2252 1716 pendebant.

1998 1779 2167 1835 Vens.
2210 1779 2299 1832 44.
2334 1797 2351 1829 1
2412 1777 2479 1832 Et
2515 1778 2652 1832 vidit
2692 1776 2957 1832 Dominus
3004 1791 3127 1832 eum
3171 1774 3506 1829 tribttlaren-

1928 1881 2040 1936 tur,
2087 1868 2239 1925 cttm'
2262 1870 2480 1923 audiret
2528 1870 2837 1923 orationem
2885 1884 3098 1923 eorum.
3135 1886 3153 1917 ι
3191 1865 3317 1920 lla:c
3342 1866 3507 1919 etiam

1926 1962 2173 2015 historiae
2194 1962 2414 2023 docent,
2446 1970 2500 2014 et
2537 1960 2687 2029 ipsos
2716 1960 2886 2015 Deum
2918 1961 3244 2015 obSecrasse
3265 1973 3294 2010 a
3324 1973 3509 2013 neces-

1926 2053 2088 2106 sitate
2129 2050 2419 2119 impulsos,
2453 2059 2658 2104 etcum
2705 2064 2896 2119 preces
2950 2048 3239 2110 fudissent,
3281 2046 3508 2101 exaudi-

1929 2151 2013 2194 tos
2048 2138 2235 2194 fuisse.

1999 2249 2163 2303 Vnus.
2195 2250 2286 2302 45.
2321 2268 2339 2298 1
2382 2247 2443 2301 Et
2477 2263 2686 2303 memor
2712 2247 2813 2302 fuit
2855 2247 3078 2304 foederis
3104 2248 3209 2313 sui,
3257 2258 3309 2303 et
3340 2248 3513 2317 pumi-

1930 2339 2032 2392 tuit
2104 2354 2227 2391 eum
2291 2339 2591 2392 secundum
2658 2339 3062 2393 multitudinem
3125 2338 3512 2392 misericordia

1931 2442 2064 2483 suae.
2106 2445 2124 2477 ι
2163 2427 2295 2481 Nam
2347 2438 2571 2495 propter
2601 2427 2998 2493 promissiones
3029 2428 3277 2496 patribus
3338 2426 3513 2483 factas

1932 2520 2366 2574 misericordiam
2402 2519 2671 2573 exhibuit.
2729 2517 3105 2573 Paenitentiam
3144 2518 3357 2590 1365.
3382 2535 3515 2575 vero

1930 2623 2211 2680 nuncupat
2235 2626 2407 2678 meum
2438 2610 2823 2665 cessationem.
2856 2610 3137 2681 Siquidem
3179 2612 3514 2681 poenitentiae

1932 2704 2162 2758 all'ectus
2189 2702 2241 2756 itt
2280 2704 2447 2758 Deum
2488 2716 2594 2757 non
2622 2696 2788 2767 cadit,
2818 2718 2995 2772 neque
3023 2704 3185 2758 modo
3220 2705 3327 2766 his,
3350 2706 3513 2758 modo

1934 2795 2041 2850 illis
2088 2797 2385 2850 delectatur
2417 2813 2430 2847 :
2460 2794 2552 2849 sed
2587 2794 2770 2848 omnia
2806 2793 3080 2863 sapienter
3117 2795 3433 2863 moderans,
3455 2805 3513 2851 et

1932 2884 2199 2953 supplicia
2231 2884 2446 2954 inﬂigit,
2478 2897 2534 2938 et.
2568 2884 2955 2953 benignitatem
2987 2884 3227 2938 exhibet.

2007 2995 2166 3052 Vnus.
2198 2997 2287 3051 46.
2337 3015 2355 3046 1
2398 2996 2461 3050 Et
2501 2996 2702 3061 eﬂ‘ecit,
2738 3006 2798 3051 ut
2842 2997 3269 3053 misericordiam
3315 3012 3511 3054 conse-

1936 3097 2239 3158 querentur
2270 3104 2459 3143 corant
2497 3090 2754 3145 omnibus
2785 3091 2877 3160 qui
2908 3100 3165 3160 ceperant
3206 3106 3322 3146 eos.
3366 3109 3385 3142 ι
3420 3091 3511 3148 Sic

1933 3180 2133 3251 Cyrum
2157 3181 2439 3244 demulsit,
2468 3189 2523 3234 et
2554 3181 2621 3236 ad
2646 3182 3078 3238 misericordiam
3114 3183 3342 3251 inﬂexit,
3366 3193 3421 3239 et
3449 3194 3509 3241 ut

1935 3272 2163 3342 captivis
2199 3272 2503 3328 libertatem
2536 3274 2710 3339 daret,
2742 3274 2941 3330 eﬂecit.

2010 3385 2172 3439 Vens.
2201 3385 2291 3439 47.
2332 3403 2349 3436 1
2385 3385 2577 3441 Salvos
2606 3402 2707 3441 nos
2740 3387 2844 3453 fac,
2868 3387 3096 3444 Domine
3128 3390 3269 3445 Deus
3301 3400 3509 3454 noster,

1935 3487 1985 3531 et
2017 3491 2285 3545 eongrcga
2315 3491 2414 3530 nos
2440 3476 2507 3531 de
2538 3478 2850 3534 nationibus
2878 3495 2893 3534 :
2929 3487 2987 3532 ttt
3015 3483 3377 3535 conliteatnttr
3408 3496 3511 3535 ιιοα

1936 3565 2180 3619 minituo
2207 3573 2415 3631 sancto,
2444 3567 2814 3635 etgloriemur
2840 3568 2892 3621 in
2925 3569 3083 3624 laude
3109 3580 3217 3624 tua.
3256 3588 3276 3623 ι
3310 3570 3373 3626 Et
3404 3568 3515 3624 lrre

1938 3657 2259 3716 ostendunt,
2296 3658 2613 3726 prophetam
2634 3658 2782 3728 ipsos
2805 3659 3019 3725 docere,
3055 3663 3329 3730 quomodo
3361 3677 3517 3731 opor-

1939 3756 2050 3801 teat
2082 3745 2249 3800 Deum
2284 3747 2524 3827 placare,
2555 3759 2608 3803 et
2638 3751 2923 3819 providam
2952 3752 3072 3821 ejus
3102 3768 3287 3807 curam
3318 3767 3514 3807 conse-

1939 3839 2056 3908 qui.
2088 3839 2155 3892 Et
2200 3839 2419 3894 divinus
2440 3841 2736 3910 Apostolus
2760 3843 2996 3898 futuram
3034 3844 3343 3899 Judazorum
3369 3846 3516 3900 salu-

1942 3941 2047 3986 tent
2081 3947 2176 4000 per
2209 3930 2380 3986 Eliam
2410 3932 2722 3988 Thesbitam
2756 3936 2972 3991 asserit.
3022 3956 3040 3988 1
3076 3936 3286 4002 Veniet,
3319 3938 3516 4007 inquit,

1941 4040 2006 4077 ex
2044 4023 2209 4077 Sione
2233 4024 2325 4092 qui
2357 4024 2572 4093 eripiat,
2605 4034 2659 4080 et
2689 4035 2900 4081 avertat
2940 4028 3267 4097 impietatem
3302 4045 3331 4081 a
3358 4028 3521 4083 Jaco-

1942 4115 2014 4169 bo
2049 4135 2061 4169 :
2094 4125 2147 4170 et
2173 4115 2278 4170 hoc
2311 4115 2420 4170 illis
2446 4132 2475 4169 a
2510 4132 2598 4170 me.
2631 4126 3036 4181 testamentum,
3083 4135 3208 4174 cum
3242 4121 3522 4175 abstulero

1948 4217 2170 4278 peccata
2196 4223 2387 4263 eorum
2417 4218 2467 4263 τι.
2509 4228 2526 4261 ι
2556 4206 2675 4262 Νοη
2696 4208 2861 4279 igitur
2888 4209 3300 4264 aediﬁcationem
3331 4211 3522 4265 Hiero-

1951 4301 2173 4371 solyma:
2199 4310 2516 4370 exspectare
2548 4310 2784 4371 oportet,
2814 4302 3114 4357 secundum
3146 4302 3355 4357 fabulas
3389 4303 3522 4355 stul-

1953 4402 2154 4453 torum,
2187 4401 2241 4445 et
2279 4396 2483 4445 cultum
2525 4398 2541 4414 '
2566 4392 2867 4445 secundum
2907 4393 3100 4462 legem,
3152 4401 3204 4446 et
3255 4394 3519 4447 sacriﬁcia

1954 4482 2184 4536 rationis
2223 4482 2488 4551 expertia,
2520 4492 2573 4536 et
2600 4482 3097 4547 eircumcisionem,
3120 4492 3172 4537 et
3208 4484 3522 4557 sabbatum,

1954 4581 2009 4626 et
2059 4572 2381 4626 umbratiles
2418 4574 2764 4642 aspersiones
2807 4584 2930 4644 post
2978 4582 3225 4627 sanctum
3257 4574 3520 4643 baptisma

1957 4666 2099 4735 (ltzec
2128 4664 2274 4718 enim
2311 4664 2494 4717 omnia
2522 4665 2797 4719 ebriarttm
2835 4666 3174 4719 anicularum
3213 4675 3342 4719 sunt
3385 4664 3523 4718 deli-

1959 4754 2250 4822 ramenta),
2272 4756 2364 4809 sed
2396 4757 2759 4817 vocationem,
2785 4765 2840 4811 et
2869 4757 3113 4811 veritatis
3133 4757 3525 4826 cognitionem,

1955 4856 2008 4900 et
2039 4846 2196 4899 lidetn
2228 4847 2278 4898 in
2325 4845 2612 4901 Dominum
2653 4846 2957 4909 Christum,
2979 4856 3032 4903 et
3063 4847 3187 4903 novi
3217 4848 3524 4904 testamenti

1952 4937 2423 4993 constitutionem.

1361 5385 1592 5441 ΥΛΒΙΑἾ
1632 5386 2012 5444 ΗΞΟΊΊΟΝΕΞ
2053 5388 2139 5443 ΕΤ
2177 5390 2411 5449 NOTAE.

344 5492 387 5569 ’ξ
406 5497 696 5569 ξΕχορῶν.
724 5498 885 5554 llebr.
911 5504 1161 5569 gentium.

268 5560 777 5635 '_°_Tﬁc"6ewiaetuq
819 5560 1036 5626 αὐξῶν.
1104 5573 1263 5627 llebr.
1319 5560 1617 5627 Cirimorem
1666 5590 1868 5627 eorum.

269 5630 437 5686 Abest
472 5652 500 5689 ξι
534 5630 654 5691 cod.
695 5630 769 5691 ιζ
817 5641 862 5669 ⁷³
893 5644 1118 5707 [lupa].
1146 5645 1263 5696 eod.
1298 5644 1312 5695 l
1350 5645 1414 5694 τὲ
1437 5645 1749 5714 ληρὴματα.
1792 5644 1831 5696 Ρ

1953 5641 2088 5700 ἀλλὰ
2114 5630 2245 5703 ibid.
2277 5630 2522 5720 sequitur

1240 5503 1283 5533 ³⁸
1324 5507 1511 5575 Ῑζσρπ.
1591 5504 1708 5557 cod.
1764 5506 1779 5557 ί
1840 5508 2383 5575 πραγματευόμενος.

2485 5511 2529 5542 θ’
2570 5512 2805 5580 Κύριος.
2866 5515 3028 5569 Abest
3081 5532 3109 5568 τι
3163 5522 3306 5568 textu
3361 5512 3522 5571 llebr.

1952 5576 2140 5649 "feud.
2212 5581 2231 5632 1
2281 5579 2405 5632 ὑπό.
2484 5581 2528 5612 ⁷³
2577 5576 2702 5639 cod.
2754 5576 2776 5637 ἱ
2834 5587 3040 5649 ἐλέους.
3115 5582 3163 5616 ⁷³
3206 5586 3307 5639 Ἐκ
3359 5589 3515 5639 Σιων.
