4006 6198
377 315 513 386 173Ἶ

1754 329 1835 390 ΙΝ
1872 329 2078 390 PSAL.
2108 332 2252 393 CVI.

3464 355 3611 416 173.)“

441 433 505 487 δ’.
551 452 572 486 ι
603 432 1017 507 Ἐπλανήοησαν
1062 437 1119 491 ὲν
1168 440 1233 510 τῇ
1275 439 1468 512 ἐρξμῳ
1508 442 1566 494 ἐν
1595 442 1892 534 ᾁνύδρῳθθ.
1928 462 1939 496 ι

2134 443 2295 503 Vens.
2330 448 2382 503 4.
2422 469 2440 503 ι
2492 451 2828 515 Erraverunt
2872 462 2926 516 in
2960 463 3198 534 deserto,
3238 469 3332 526 ubi
3379 486 3488 530 non
3519 483 3636 533 erat

371 523 483 576 Καὶ
539 523 797 579 Βαϐυλὼν
855 526 1060 597 ἕρημος
1115 529 1208 581 καὶ
1257 529 1524 603 ἄνυδρος·
1592 531 1799 607 ἕρημος
1842 536 1953 609 γὰρ

370 610 583 682 ὑπῆρχε
637 613 732 667 τοῦ
766 613 903 668 Θεοῦ
939 632 951 645 ο
1009 617 1102 671 καὶ
1148 620 1248 690 τῆς
1297 624 1673 694 πνευματικῆς
1707 626 1948 697 ἀρδείας,

367 700 618 757 δουλεῦον
647 705 853 778 ἐκείνῃ,
884 708 1145 782 ἐστέρητο
1173 712 1281 767 τῶν
1301 713 1571 770 Ἰουδαίων
1602 717 1666 772 τὸ
1708 718 1914 791 πλῆθος
1933 736 1948 751 ⁸

368 791 463 845 καὶ
492 795 543 847 ot
571 792 631 860 ἐξ
677 797 848 851 ὲθνῶν
896 804 1627 872 ππιστευκότειώσαύτως
1667 810 1727 864 ὲν
1755 812 1949 884 ἐρήμῳ

367 885 463 937 καὶ
494 885 711 960 ἀνύδρῳ
740 890 949 962 διῆγον,
998 894 1191 949 ἐλπίδα
1241 897 1316 969 μὴ
1366 897 1600 970 ἔχοντες,
1654 902 1750 956 καὶ
1799 902 1950 958 ἄθεοι

365 973 539 1045 ὄντες,
593 980 762 1050 φησὶν
811 983 841 1035 ό
893 982 1032 1048 θεῖος
1076 985 1419 1053 ’Δπόστολος.
1475 1007 1498 1043 ι
1544 990 1694 1046 Ὀδδν
1740 993 1950 1060 πόλεως

367 1076 797 1146 κατοικητηρίου
825 1078 925 1149 οὐχ
956 1074 1134 1151 εὗρον.
1171 1099 1190 1133 ι
1239 1081 1380 1136 Οὔτε
1406 1082 1520 1155 γὰρ
1560 1084 1805 1139 Ἰουδαῖοι
1831 1087 1946 1141 δια-

366 1163 563 1229 φυγεῖν
587 1164 715 1228 τοὺς
742 1166 1234 1238 ἀνδραποδίσαντας
1261 1173 1462 1243 ἴσχυον,
1494 1177 1589 1229 καὶ
1615 1176 1714 1247 τὴν
1741 1177 1951 1234 οἰκείαν

367 1256 603 1324 πατρίδα
627 1259 957 1313 καταλαϐεῖν
974 1278 988 1293 ⁸
1010 1261 1136 1316 οὔτε
1158 1266 1208 1319 οἱ
1233 1266 1291 1331 ἑξ
1311 1267 1481 1322 ἐθνῶν
1502 1273 1947 1343 πεπιστευκότες,

366 1345 474 1416 πρὸ
506 1349 604 1418 τῆς
635 1348 730 1402 τοῦ
781 1350 1036 1424 Σωτῆρος
1069 1356 1540 1431 ὲνανθρωπήσεως
1570 1360 1670 1434 τὴν
1715 1364 1809 1418 ἐπὶ
1849 1365 1948 1437 τὴν

363 1434 516 1492 θείαν
547 1439 700 1494 πόλιν
744 1443 985 1510 ἄγουσαν
1035 1440 1194 1520 εὗρον
1240 1451 1381 1506 ὁδόν.
1430 1453 1671 1509 Πόλιν⁸⁸⁶
1710 1434 1947 1512 ἐνταῦθα

363 1531 584 1601 νοητέον
612 1533 712 1606 τὴν
740 1536 946 1609 εὐσεδῆ
980 1539 1279 1598 πολιτείαν;

428 1710 492 1767 ε’.
536 1732 558 1765 ι
605 1716 905 1785 Πεινῶντες
948 1723 1044 1776 καὶ
1075 1724 1356 1795 διψῶντες,
1393 1730 1427 1798 ἡ
1478 1729 1626 1803 ψυχὴ
1675 1732 1854 1788 αὐτῶν
1885 1736 1944 1789 ὲν

359 1802 549 1868 αὐτοῖς
576 1806 843 1873 ἐξέλιπεν.
882 1831 902 1864 ι
950 1814 1112 1880 Θείας
1138 1815 1486 1883 διδασκαλίας
1510 1820 1671 1892 λιμὸς
1702 1824 1797 1878 καὶ
1822 1825 1945 1879 τού-
1974 1804 2018 1860 Β

357 1909 486 1958 τους
519 1898 813 1964 κάκείνους
845 1902 1084 1970 ἐπίεζεν.
1127 1906 1373 1963 Ἰουδαῖοι
1406 1912 1507 1982 μὲν
1538 1912 1649 1985 γὰρ
1680 1915 1739 1968 ὲν
1768 1916 1946 1971 Βαϐυ-

356 1985 487 2040 λῶνι
532 1989 1040 2060 δουλεύοντες,’καὶ
1093 1998 1285 2070 ἱερέων
1331 2003 1646 2074 ἐστέρηντο,
1701 2007 1797 2061 καὶ
1842 2008 1943 2080 τὴν

357 2078 500 2131 κατὰ
530 2080 694 2151 νόμον
718 2082 978 2154 λατρείαν
1007 2087 1250 2157 πληροῦν
1283 2092 1385 2146 ούκ
1427 2093 1712 2162 ἠδύναντο.
1766 2097 1848 2152 Τὰ
1883 2078 1943 2153 δὲ

356 2167 484 2238 ἔθνη
516 2171 679 2225 πάλιν
712 2172 837 2227 οὔτε
868 2175 1033 2246 νόμον
1064 2178 1205 2232 θεῖον
1234 2181 1501 2247 ὲδέδεκτο,
1541 2184 1666 2238 οὔτε
1696 2202 1942 2259 πνευμαο

357 2258 519 2328 τικῆς
547 2259 899 2325 διδασκαλίας
930 2266 1201 2334 ἀπήλαυε,
1251 2268 1318 2322 δι’
1345 2264 1422 2323 ὧν
1462 2273 1521 2324 αί
1560 2273 1733 2344 ψυχαὶ
1764 2278 1943 2344 πεφύ-

356 2365 490 2402 κασι
519 2351 844 2423 τρέφεσθαι.
877 2355 1080 2411 Τοῦτον
1106 2358 1207 2428 μέν
1237 2376 1319 2412 τοι
1350 2361 1443 2414 τὸν
1471 2362 1631 2433 λιμὸν
1670 2364 1944 2431 Ἰουδαίοις

354 2444 659 2517 ἠπείλησεν
695 2450 723 2502 ὁ
757 2448 919 2514 Θεός’
959 2470 978 2504 ι
1002 2451 1221 2522 Ἑπάξω
1259 2457 1386 2529 γὰρ,
1422 2458 1552 2529 ἔφη,
1597 2458 1757 2531 λιμὸν
1772 2463 1819 2497 ⁸⁰
1847 2467 1942 2520 ἐπὶ

354 2535 456 2607 τὴν
496 2538 623 2608 γῆν,
653 2539 714 2593 οὐ
747 2540 910 2613 λιμὸν
959 2544 1153 2616 ἄρτου,
1185 2549 1307 2603 οὐδὲ
1341 2550 1500 2620 δίψαν
1548 2549 1766 2620 ὓδατος,
1804 2555 1944 2612 ἀλλὰ

354 2627 513 2699 λιμὸν
542 2631 638 2684 τοῦ
668 2632 904 2690 ἀκοῦσαι
936 2637 1096 2706 λόγον
1130 2640 1360 2713 Κυρίου.
1402 2661 1422 2696 ι

426 2726 509 2784 ς’.
555 2741 575 2773 ι
604 2724 717 2778 Καὶ
760 2727 1073 2800 ὲκέκραξαν
1111 2733 1250 2801 πρὸς
1296 2734 1504 2807 Κύριον
1538 2740 1597 2795 ὲν
1632 2740 1713 2813 τῷ
1760 2740 1940 2796 θλίϐε-

356 2812 484 2866 σθαι
524 2815 727 2881 αύτοὺς
754 2857 768 2882 ,
804 2820 899 2874 καὶ
927 2822 991 2875 ὲκ
1031 2823 1139 2877 τῶν
1168 2825 1429 2894 ἀναγκῶν
1457 2830 1640 2885 αὐτῶν
1665 2834 1938 2906 ἐρρύσατο

355 2905 578 2971 αύτούς.
618 2927 637 2961 ι
679 2910 802 2964 Τῶν
821 2912 869 2945 ⁹⁰
904 2914 1005 2984 μὲν
1042 2916 1318 2973 Ἰουδαίων
1352 2923 1401 2974 οί
1436 2905 1819 2999 εὐσεϐέστεροι
1859 2928 1940 3000 τῷ

353 2996 474 3069 Θεῷ
508 3000 610 3073 τὴν
660 3005 956 3060 ἱκετείανθί
1005 3011 1418 3081 προσήνεγκαν·
1462 3018 1557 3070 καὶ
1589 2996 1751 3072 τοῦτο
1784 2996 1938 3090 ἡμᾶς

354 3092 509 3144 atat“
536 3096 570 3165 ἡ
604 3094 699 3149 τοῦ
741 3099 943 3170 Δανιὴλ
972 3106 1289 3175 προφητεία
1324 3107 1588 3166 διδάσκει.
1627 3112 1738 3165 Καὶ
1770 3113 1937 3178 αὐτὸς

349 3182 480 3253 γὰρ,
508 3187 603 3239 καὶ
637 3189 912 3258 Ἁνανίας,
949 3194 1046 3247 καὶ
1084 3195 1364 3266 Ἀζαρίας,
1398 3201 1496 3253 καὶ
1524 3202 1763 3274 Μισαὴλ,
1792 3203 1934 3277 ὑπὲρ

353 3278 574 3333 πάντων
604 3284 1000 3355 ποτνιώμενοι,
1034 3289 1128 3344 τὸν
1163 3289 1307 3344 θεῖον
1340 3293 1615 3365 ἐζήτησαν
1646 3295 1815 3352 ἔλεον.
1852 3297 1935 3353 Τὰ

351 3367 410 3422 δὲ
441 3369 573 3442 ἔθνη
606 3372 792 3428 ἔστενε
816 3377 917 3447 μὲν
935 3382 1055 3443 ταῖς
1083 3383 1460 3449 παντοδαπαῖς
1486 3390 1932 3459 προσπαλαίοντα

352 3464 663 3532 συμφοραῖς
692 3502 707 3527 ,
740 3467 836 3519 καὶ
867 3471 1154 3538 οίμωγαϊς,
1189 3475 1282 3527 καὶ
1311 3476 1530 3547 θρήνοις
1560 3481 1930 3554 ἀπαραμυθή-

349 3564 464 3613 τοις
504 3553 827 3624 ἐκέχρηντο,
857 3559 956 3629 τῆς
983 3561 1333 3629 ἀναστάσεως
1364 3567 1465 3621 οὐκ
1488 3567 1679 3638 ἔχοντα
1709 3570 1813 3641 τὴν
1845 3553 1930 3625 ἐλ-

350 3639 502 3708 πίδα,
534 3644 596 3696 οὐ
630 3646 787 3715 μὲν⁹³
818 3649 918 3721 τὴν
946 3650 1102 3706 λύσιν
1124 3654 1234 3708 τῶν
1269 3658 1613 3728 κατεχόντων
1643 3660 1831 3716 δεινῶν
1864 3664 1931 3717 ὲκ

346 3732 443 3786 τοῦ
478 3734 614 3790 Θεοῦ
647 3739 757 3792 τῶν
789 3741 924 3795 ὅλων
958 3745 1234 3816 ἐζήτησαν
1248 3748 1315 3803 9⁸.
1358 3746 1483 3804 Εἶδε
1527 3752 1584 3806 δὲ
1621 3754 1772 3824 ὅμως
1809 3756 1931 3810 στέ-

348 3841 538 3891 νοντας
568 3830 596 3882 ὁ
623 3831 1028 3905 φιλάνθρωπος,
1053 3840 1148 3892 καὶ
1173 3841 1264 3894 τὸν
1287 3842 1437 3898 ἔλεον
1466 3841 1669 3916 ὤρεξεν
1681 3847 1746 3902 θ’.

422 3999 488 4064 ζ’.
525 4022 544 4053 ι
578 4004 689 4058 Καὶ
731 4007 1020 4079 ὡδήγησεν
1066 4014 1265 4080 αὐτοὺς
1298 4020 1380 4083 εἰς
1408 4020 1527 4076 ὁδὸν
1555 4024 1793 4095 εὐθεῖαν,
1831 4029 1925 4083 τοῦ

348 4093 687 4165 πορευθῆναι
733 4101 816 4162 εἰς
863 4101 1020 4155 πόλιν
1076 4111 1523 4181 κατοικητηρίου.
1573 4134 1593 4168 ι
1650 4093 1926 4185 Ἰουδαίοις

348 4184 449 4252 μὲν
475 4184 589 4255 γὰρ
610 4186 701 4239 διὰ
728 4188 912 4260 Κύρου
939 4192 1035 4244 τοῦ
1056 4195 1267 4264 Πέρσου
1298 4199 1399 4271 τὴν
1424 4202 1685 4261 ἐπάνοδον
1714 4209 1924 4283 ἐδωρή-

348 4291 515 4327 σατο’
560 4277 629 4329 τὰ
676 4279 729 4331 δὲ
768 4279 899 4350 ἔθνη
929 4282 1021 4336 διὰ
1050 4285 1159 4340 τῶν
1197 4288 1371 4356 ἁγίων
1419 4296 1758 4369 ἐποδήγησεν
1785 4277 1925 4356 ἀπο-

347 4361 579 4428 στόλων,
616 4367 714 4420 καὶ
749 4368 849 4439 τὴν
879 4370 992 4425 ἄνω
1025 4374 1185 4428 πόλιν
1216 4378 1488 4448 ὑπέδειξε,
1648 4361 1713 4443 εν
1740 4391 1922 4463 ὄρεσιν

345 4452 524 4521 ἁγίοις
548 4458 595 4489 ⁸⁸
626 4460 753 4523 τοὺς
787 4461 1077 4533 θεμελίους
1118 4467 1373 4542 ἔχουσαν,

340 4544 672 4620 δημιουργὸς
710 4554 737 4606 ὁ
768 4554 923 4620 Θεός.

412 4644 484 4709 η’.
526 4659 545 4691 ι
591 4641 1220 4719 Ἐξομολογησὰσθωσαν
1248 4657 1327 4728 τῷ
1360 4660 1551 4733 Κυρίῳ
1576 4663 1644 4718 τὰ
1667 4665 1796 4739 ἐλέη
1821 4670 1921 4722 αύ-

337 4729 455 4795 τοῦ,
484 4733 579 4787 καὶ
613 4735 685 4789 τὰ
726 4737 1009 4810 θαυμάσια
1033 4745 1201 4799 αὐτοῦ
1237 4751 1351 4813 τοῖς
1392 4729 1533 4815 υἱοῖς
1562 4755 1671 4810 τῶν
1710 4729 1921 4832 ἀνθρὼ-

338 4835 474 4876 πων.
506 4842 525 4875 ι
576 4825 634 4878 ’0
670 4826 726 4880 δὲ
767 4830 1065 4903 Σύμμαχος
1107 4835 1311 4900 οὕτως’
1355 4843 1465 4896 Καὶ
1514 4844 1589 4899 τὰ
1635 4825 1920 4916 τεράστια

338 4912 523 4969 αὑτοῦ
552 4917 626 4972 τὰ
650 4923 740 4988 εἰς
775 4924 918 4991 τοὺς
955 4928 1129 4995 υἱοὺς
1157 4931 1277 4986 τῶν
1309 4934 1656 5003 ἀνθρώπων.
1682 4912 1786 4997 ’ξ’ὸν
1818 4944 1919 5014 μέν

416 5119 438 5147 τ
462 5111 483 5165 Ι
508 5112 701 5174 Thess.
731 5136 802 5187 tv,
837 5123 923 5179 12.

1023 5134 1045 5162 '
1072 5126 1241 5184 Amos
1292 5147 1411 5199 Vill,
1444 5134 1528 5191 ll.
1628 5141 1647 5175 ί
1688 5139 1822 5194 Dan.
1852 5156 1913 5196 η.

2055 552 2217 609 aqua.
2254 558 2273 592 ι
2310 540 2376 598 Ει
2403 543 2647 619 Babylon
2679 561 2799 609 erat
2832 554 3046 613 deserta
3078 570 3129 613 et
3158 562 3276 618 sine
3304 579 3447 635 aqua
3483 584 3498 621 :
3535 568 3636 624 de-

2056 639 2202 688 serta
2231 634 2378 691 enim
2420 649 2598 696 erata
2650 643 2782 712 Deo,
2819 657 2873 704 et
2921 652 3154 720 populus
3194 634 3509 714 Judzeorum
3555 659 3637 715 illi

2054 724 2302 782 serviens
2349 729 2620 799 spirituali
2660 737 2975 810 irrigatione
3008 744 3251 812 privatus
3280 758 3421 804 erat.
3462 747 3530 804 Et
3557 748 3636 806 illi

2052 815 2144 885 qui
2175 831 2239 872 ex
2273 823 2526 889 gentibus
2553 828 2923 896 crediderunt,
2950 835 3204 892 similiter
3229 839 3283 894 in
3310 840 3631 911 solitudine,

2051 916 2106 963 et
2136 910 2190 964 in
2231 920 2374 969 terra
2421 916 2540 975 sine
2573 919 2726 992 'aqua
2772 925 2941 981 vitam
2986 928 3275 1001 degebant,
3312 950 3437 991 cum
3479 951 3633 1007 spem

2053 1006 2280 1067 minime
2325 1010 2610 1080 baberent,
2652 1027 2707 1073 et
2744 1018 2897 1091 impii
2948 1038 3156 1094 essent,
3197 1038 3257 1084 ut
3303 1031 3380 1085 ait
3414 1032 3634 1088 divinus

2049 1100 2346 1173 Apostolus
2375 1144 2391 1160 .
2428 1126 2448 1159 ι
2478 1107 2634 1165 Viam
2686 1114 2925 1171 civitatis
2956 1118 3250 1177 habitaculi
3281 1124 3493 1197 1367
3520 1142 3632 1181 non

2050 1191 2427 1250 invenerunt.r
2456 1216 2475 1249 ι
2525 1201 2636 1258 Nec
2667 1204 2812 1259 enim
2855 1204 3028 1264 Judaei
3063 1225 3178 1279 eos,
3224 1229 3255 1268 a
3285 1191 3505 1285 quibus
3541 1234 3636 1273 ca-

2049 1283 2187 1354 ptivi
2221 1285 2349 1342 laeti
2383 1298 2534 1356 sunt,
2573 1292 2851 1353 declinare
2888 1307 3207 1372 potuerunt,
3249 1283 3418 1376 seque
3452 1307 3506 1362 in
3540 1324 3635 1378 pa-

2049 1376 2212 1433 triam
2264 1395 2422 1437 suam
2477 1386 2721 1457 recipere
2758 1407 2772 1444 :
2804 1406 2983 1463 neque
3018 1393 3056 1448 ii
3107 1396 3201 1467 qui
3253 1413 3318 1453 ex
3378 1400 3633 1470 gentibus

2049 1472 2418 1544 crediderunt,
2476 1487 2603 1535 ante
2634 1479 2939 1541 Salvatoris
2982 1486 3441 1557 incarnationem,
3486 1493 3630 1547 viam

2049 1562 2116 1617 ad
2145 1564 2387 1622 divinam
2415 1570 2696 1628 civitatem
2726 1574 3012 1633 ducentem
3046 1580 3395 1641 invenerunt.
3427 1585 3633 1641 Civitas

2048 1652 2136 1708 hic
2164 1653 2513 1729 intelligenda
2542 1671 2626 1718 est
2652 1664 2741 1733 pia
2771 1670 3137 1725 conversatio.

2118 1745 2280 1804 Vens.
2305 1747 2369 1804 5.
2408 1771 2427 1803 ι
2469 1751 2788 1812 Esurientes
2820 1768 2874 1814 et
2902 1761 3173 1831 sitientes,
3209 1765 3392 1821 anima
3436 1782 3630 1824 eorum

2048 1836 2102 1891 in
2147 1837 2281 1909 ipsis
2312 1842 2532 1900 defecit.
2574 1866 2594 1898 ι
2638 1850 2843 1907 Divinae
2870 1852 3134 1911 doctrinm
3162 1856 3336 1914 fames
3363 1871 3416 1915 et
3447 1862 3546 1918 hos
3578 1871 3633 1918 et

2046 1926 2168 1982 illos
2190 1932 2491 1999 premebat.
2522 1936 2697 1994 Judaei
2733 1943 2880 1997 enim
2919 1943 3194 2017 Babylone
3224 1951 3547 2019 servientes,
3575 1965 3632 2008 et

2046 2019 2421 2079 sacerdotibus
2442 2024 2618 2081 orbati
2635 2039 2811 2096 erant,
2830 2041 2884 2087 et
2901 2034 3107 2091 cultum
3127 2041 3429 2097 secundum
3455 2044 3629 2116 legem

2044 2109 2306 2178 perlicere
2344 2116 2573 2173 minime
2604 2133 2877 2189 poterant.
2912 2124 3186 2184 Caeterum
3225 2141 3413 2202 gentes
3449 2112 3630 2203 neque

2044 2203 2284 2260 divinam
2312 2223 2635 2279 acceperant
2658 2214 2852 2286 legem,
2881 2234 3056 2291 neque
3078 2223 3350 2294 spirituali
3378 2228 3627 2283 doctrina

2045 2292 2390 2363 fruebantur,
2420 2303 2623 2369 quibus
2652 2309 2851 2363 anima:
2880 2315 3081 2368 nutriri
3110 2316 3311 2372 solent.
3342 2317 3495 2378 Hanc
3528 2322 3632 2393 igi-

2046 2390 2134 2438 tur
2184 2386 2384 2442 famem
2433 2389 2641 2448 Judasis
2688 2397 2828 2454 Deus
2886 2403 3127 2460 minatus
3169 2418 3270 2463 est.
3319 2428 3339 2461 ι
3371 2409 3627 2468 lnducam

2044 2473 2211 2540 enim,
2236 2479 2330 2542 ait,
2360 2476 2557 2534 famem
2588 2498 2752 2552 super
2780 2494 2980 2542 terram
3022 2508 3036 2544 :
3070 2509 3179 2548 non
3209 2494 3408 2552 famem
3445 2502 3626 2570 panis,

2043 2580 2224 2636 neque
2272 2569 2416 2626 sitim
2462 2586 2648 2643 aquae,
2705 2578 2800 2632 sed
2851 2579 3049 2638 famem
3099 2586 3358 2645 audiendi
3401 2593 3627 2650 verbum

2042 2656 2139 2715 Dei
2166 2674 2208 2716 '.
2253 2681 2272 2715 ι

2116 2754 2134 2776 ⁶
2168 2754 2330 2811 Vens.
2358 2756 2413 2812 6.
2464 2779 2483 2811 ι
2532 2760 2596 2818 Ει
2626 2764 3002 2825 clamaverunt
3042 2772 3110 2827 ad
3157 2774 3451 2834 Dominum
3499 2795 3626 2838 cum

2042 2845 2453 2919 tribularentur,
2492 2863 2548 2909 et
2585 2871 2652 2911 ex
2683 2862 2955 2932 angustiis
2999 2880 3191 2923 eorum
3221 2871 3423 2942 eripuit
3449 2889 3565 2933 eos.
3602 2898 3622 2932 ι

2039 2934 2354 2996 Iudaeorum
2387 2946 2609 3016 quidem
2640 2952 3039 3024 religiosissimi
3065 2961 3269 3033 quique
3296 2934 3405 3019 Deo
3436 2981 3626 3036 preces

2040 3027 2376 3100 obtulerunt,
2419 3038 2473 3091 e‘t
2504 3037 2612 3094 hoc
2649 3041 2888 3102 Danieiis
2922 3027 3146 3121 quoque
3173 3027 3489 3112 vaticinatio
3526 3075 3626 3115 nos

1961 3133 2007 3193 ο
2040 3120 2200 3177 docet
2228 3124 2273 3180 τ.
2308 3125 2519 3184 Etenim
2561 3142 2613 3187 et
2641 3133 2777 3205 ipse,
2811 3148 2866 3194 et
2893 3120 3158 3209 Ananias,
3195 3155 3249 3203 et
3295 3148 3541 3218 Azan-ias,
3571 3166 3626 3210 et

2035 3212 2224 3272 Misael
2253 3235 2352 3289 pro
2386 3224 2644 3283 omnibus
2667 3243 2952 3300 precantes
2978 3237 3221 3295 divinam
3252 3212 3623 3316 efﬂagitabant

2033 3306 2489 3370 misericordiam.
2526 3316 2593 3368 At
2626 3329 2837 3390 gentes,
2869 3339 2995 3381 cum
3022 3331 3202 3387 omnis
3228 3337 3442 3404 generis
3467 3339 3620 3394 cala-

2032 3396 2316 3454 mitatibus
2367 3404 2750 3479 colluctantes,
2796 3396 3511 3495 ingemiscebant'quidem,
3566 3439 3621 3486 et

2030 3486 2327 3557 ejulatibus
2350 3493 2679 3571 ﬂetibusque
2717 3508 3056 3576 gravissimis
3087 3514 3400 3585 utebantur,
3435 3535 3620 3576 resur-

2031 3583 2294 3641 rectionis
2344 3602 2492 3658 spem
2539 3608 2649 3649 non
2704 3597 2967 3659 habentes
3005 3623 3019 3660 :
3068 3606 3445 3678 depulsionem
3488 3629 3619 3670 vero

2028 3674 2325 3746 malorum,
2358 3695 2388 3735 a
2420 3682 2629 3754 [quibus
2667 3690 3072 3766 detinebantur,
3111 3714 3142 3755 a
3186 3700 3298 3758 Deo
3330 3706 3618 3763 universo-

2028 3781 2149 3821 rum
2209 3784 2317 3825 non
2370 3777 2716 3844 expetebant.
2773 3781 2917 3839 Vidit
2971 3796 3155 3844 tamen
3213 3807 3308 3850 eos
3364 3795 3617 3867 lugentes

2033 3853 2251 3927 1368
2283 3858 2553 3934 benignus
2585 3866 2752 3939 Deus,
2804 3881 2857 3929 et
2902 3877 3311 3938 misericordem
3359 3900 3420 3942 se
3457 3889 3613 3944 exhi—

2028 3943 2166 4000 buit.

2097 4036 2265 4094 Vens.
2300 4041 2350 4097 7.
2416 4062 2436 4095 ι
2491 4047 2556 4102 Ει
2594 4049 2822 4109 deduxit
2870 4071 2967 4113 eos
3006 4059 3061 4114 in
3099 4062 3241 4118 viam
3295 4076 3518 4138 rectam,
3557 4084 3617 4129 ut

2027 4125 2170 4184 irent
2205 4131 2259 4185 in
2294 4133 2568 4192 civitatem
2598 4140 2981 4204 habitationis.
3024 4169 3045 4203 ι
3082 4151 3284 4212 Iudaeis
3327 4161 3471 4214 enim
3507 4125 3616 4232 iper

2026 4219 2231 4297 Cyrum
2264 4225 2489 4283 Persam
2543 4232 2778 4290 reditum
2819 4239 3042 4298 donavit
3077 4263 3091 4299 :
3131 4256 3317 4316 gentes
3349 4267 3478 4306 vero
3521 4271 3616 4323 per

2026 4313 2408 4372 ‘sanctissimos
2445 4322 2721 4388 apostolos
2757 4325 3004 4397 deduxit,
3042 4313 3444 4410 supernamque
3477 4344 3615 4398 civi-

2026 4407 2193 4457 tatem
2235 4406 2305 4461 iis
2357 4412 2618 4479 ostendit,
2670 4431 2792 4485 qua:
2836 4418 3192 4481 fundamenta
3234 4428 3288 4482 in
3337 4406 3614 4492 montibus

1419 4472 1489 4548 ἧς
1532 4482 1784 4556 τεχνίτης
1829 4487 1924 4541 καὶ

2044 4497 2237 4552 sanctis
2272 4498 2458 4571 habet,
2484 4503 2644 4575 cujus
2668 4509 2865 4566 artifex
2900 4522 2955 4569 et
2978 4516 3159 4586 opifex
3196 4530 3275 4577 est
3308 4522 3468 4580 Deus.

2098 4670 2264 4728 Vens.
2295 4675 2347 4730 8.
2378 4694 2396 4727 ι
2422 4675 2799 4740 Conﬁteantur
2830 4685 2882 4741 in
2909 4684 3173 4747 honorem
3207 4693 3422 4752 Domini
3449 4699 3612 4756 mise-

2026 4762 2321 4820 ricordiam
2363 4768 2505 4838 ejus,
2543 4782 2597 4827 et
2625 4776 2895 4834 mirabilia
2940 4781 3061 4852 ejus
3094 4783 3235 4841 inter
3260 4788 3398 4845 lilios
3434 4791 3610 4846 homi-

2027 4869 2182 4909 num.
2226 4876 2244 4909 ι
2288 4858 2649 4932 Symmachus
2694 4875 2872 4924 autem
2915 4872 2997 4927 sic
3039 4890 3053 4927 :
3092 4873 3161 4929 Et
3203 4881 3451 4952 prodigia
3495 4883 3608 4950 ejus

2026 4961 2152 5018 erga
2177 4951 2318 5019 ﬁlios
2348 4954 2620 5013 hominum
2645 4961 2810 5018 edita.
2844 4961 3118 5035 Hymnum
3144 4986 3275 5028 sane
3308 4951 3606 5041 gratiarum

1467 5288 1703 5348 VABIIE
1730 5294 2118 5357 LECTIONES
2156 5301 2245 5359 ET
2283 5306 2517 5366 NOTA‘I.

414 5400 459 5434 ⁸⁸
502 5404 601 5459 Ἐν
648 5408 905 5481 ἀνύδρῳ.
947 5415 1114 5473 Ilebr.
1174 5419 1241 5474 In
1286 5422 1574 5482 so‘mudine
1626 5432 1726 5485 viae
1762 5447 1808 5488 s.
1848 5433 1901 5488 in

1951 5452 2057 5506 qua
2093 5454 2200 5494 non
2231 5452 2315 5497 est
2351 5443 2456 5499 via.
2511 5444 2617 5500 Sed
2654 5448 2704 5501 οι
2758 5449 2810 5504 0'
2847 5467 3032 5509 vocem
3210 5454 3279 5513 ad
3316 5463 3605 5529 sequentia

338 5500 666 5556 retulerunt.
743 5505 810 5536 ⁸⁸·
843 5510 1047 5567 Πόλιν.
1078 5515 1202 5570 cod.
1248 5517 1272 5571 1
1321 5519 1446 5573 add.
1476 5521 1552 5575 δέ.
1630 5524 1676 5557 ⁸9
1707 5529 1939 5595 Auum.

338 5572 722 5615 annd(1nnl,l
778 5575 841 5615 111
896 5595 931 5615 η
987 5582 1079 5615 ιρι
1203 5588 1246 5615 in
1285 5592 1381 5615 η...
1463 5592 1482 5615 ι
1530 5593 1741 5615 μημλ
1934 5602 1939 5615 .

2044 5542 2174 5615 ιειει
2202 5536 2348 5615 φά.
2383 5537 2437 5591 ι.
2515 5538 2734 5615 “Jay
2760 5500 3170 5615 ξ-έζήτηοξέιν
3208 5500 3413 5606 meo»:
3467 5552 3595 5609 Des.

338 5572 480 5706 agna
512 5572 677 5628 Cord.
709 5585 747 5628 ι.
778 5575 862 5634 tu.
896 5595 951 5647 p.
987 5582 1109 5639 tat.
1203 5588 1246 5620 οι
1281 5572 1407 5645 εδει.
1437 5572 1493 5645 ι
1517 5572 1832 5665 ἐ’κετηρῖᾶξῖξ

337 5641 363 5692 ὲ
400 5640 629 5706 ᾔτησαν.
712 5646 758 5677 ⁸⁵
809 5648 1027 5704 Ἔλεον
1056 5653 1298 5706 ὤρεξεν,
1337 5659 1431 5706 ηις
1469 5666 1717 5706 ηιιιμιιειηι
1751 5669 1832 5706 cui

1934 5601 1978 5632 ⁵³
2016 5605 2145 5657 Kal.
2187 5605 2356 5660 Abest
2410 5622 2438 5660 a
2488 5610 2609 5665 cod.
2660 5612 2711 5665 l.

2812 5614 2861 5687 ff
2886 5616 3007 5687 cod.
3032 5614 3064 5669 ⁷1
3101 5619 3227 5687 μήν.
3333 5623 3381 5654 ⁸³
3405 5625 3524 5679 cod.
3563 5626 3591 5682 1

400 5640 629 5761 ῄτηραῖ.
712 5646 758 5677 ⁸⁵
809 5640 1027 5704 Ἔλεον
1056 5640 1431 5722 (ipseiam—ills

423 5728 503 5761 rm
528 5751 541 5761 .
578 5736 582 5741 ι
615 5758 626 5761 _

2044 5640 2145 5657 .m.
2187 5640 2356 5660 ηυιοι
2410 5640 2438 5660 «ι
2488 5640 2609 5665 υυυ.
2661 5640 2711 5665 ι.
2814 5640 2857 5647 τ’
2886 5640 3007 5670 cuu.
3043 5640 3064 5669 1
3101 5640 3227 5687 μην.
3334 5640 3381 5654 ν’
3405 5640 3524 5679 con.
3563 5640 3591 5682 ι

2044 5689 2121 5728 .ur
2143 5676 2285 5746 apud
2311 5677 2477 5737 Cord.
2516 5682 2554 5735 l.
2588 5696 2637 5735 c.
2714 5682 2760 5715 “
2813 5685 2908 5739 Ἐν
2968 5686 3427 5761 ὄρεσινιάγίοις.
3474 5690 3602 5749 Des.

335 5709 392 5766 in
408 5709 541 5767 "rod.
578 5713 599 5766 ἰ
613 5758 627 5771 .

621 5806 889 5871 ΡΛτιιοι.
929 5811 1043 5872 Gn.
1084 5815 1315 5877 LXXX.

3195 5852 3268 5916 55
