4006 6198
425 277 560 344 1741

1800 283 1882 343 ΙΝ
1924 283 2131 346 PSAL.
2170 285 2312 347 .CVI.

3543 297 3682 364 1742

421 394 789 467 ἐπικειμένων
828 395 1105 468 ἀπήλλαξε
1150 398 1468 468 συμφορῶν,
1513 398 1638 462 τοὺς
1679 397 1735 451 δὲ
1767 397 1860 452 τοῦ
1899 400 1998 469 τῆς

2119 399 2218 456 iuit
2247 403 2672 473 calamitatibus,
2707 407 2806 466 hos
2841 425 2969 467 vero
2999 412 3067 468 ab
3097 412 3419 485 ignorantiae
3445 415 3685 473 tenebris

421 488 651 558 ἀγνοίας
680 487 1027 558 ἠλευθέρωσε
1059 488 1309 556 σκότους,
1349 491 1444 544 καὶ
1471 489 1569 560 τῆς
1589 489 1835 554 δουλείας
1856 489 2002 561 διέρ-

422 581 557 650 ρηξε
595 579 662 633 τὰ
695 579 891 649 δεσμά.

495 679 574 737 ιε’,
612 671 708 738 ις’.
741 690 760 724 ι
782 672 1414 745 Ἐξομολογησάσθωσαν
1451 673 1528 745 τῷ
1554 674 1749 746 Κυρίῳ
1776 674 1844 729 τὰ
1873 675 2001 746 ὲλέη

419 762 607 826 αὐτοῦ,
627 764 722 816 καὶ
749 763 818 818 τὰ
848 764 1133 836 θαυμάσια
1161 764 1328 819 αὑτοῦ
1359 767 1472 829 τοῖς
1496 765 1632 830 υἱοῖς
1654 765 1762 820 τῶν
1791 764 2004 836 ἀνθρώ-

419 871 560 908 πων.
589 855 714 908 Ὀτι
773 855 1065 926 συνέτριψε
1107 855 1284 920 πύλας
1328 856 1576 927 χαλκᾶς,
1631 857 1728 910 καὶ
1773 855 2003 928 μοχλοὺς

422 948 679 1020 σιδηροῦς
730 947 1146 1004 συνέθλασεν¹¹.
1190 968 1210 1001 ›
1249 949 1434 1013 Πύλας
1479 949 1711 1020 χαλκᾶς,
1757 950 1855 1003 καὶ
1904 965 2003 1020 μο-

420 1040 584 1112 χλοὺς
641 1042 932 1114 σιδηροῦς,
981 1041 1042 1096 τδ
1090 1042 1333 1112 ἄφυκτον
1365 1042 1594 1096 ἐκάλεσε
1638 1041 1748 1094 τῶν
1780 1040 1998 1095 κακῶν·

423 1134 673 1205 καθάπερ
701 1133 810 1205 γὰρ
837 1135 928 1187 τὸν
959 1134 1093 1188 εἴσω
1111 1135 1372 1190 τοιούτων
1393 1135 1794 1206 καθειργμένον
1820 1134 2002 1206 θυρῶν

420 1246 479 1280 τε
517 1229 611 1282 καὶ
653 1227 889 1299 μοχλῶν,
934 1227 1252 1298 διαφεύγειν
1272 1230 1316 1261 ¹²
1346 1229 1454 1284 τῶν
1487 1230 1797 1284 ἀδυνάτων·
1826 1229 2001 1295 οὕτως

421 1319 704 1390 ἀμήχανον
750 1314 818 1390 ἦν
862 1319 958 1372 καὶ
1013 1320 1302 1386 Ἰουδαίους
1337 1321 1434 1392 τὴν
1473 1321 1834 1376 Βαϐυλωνίων
1883 1321 2000 1376 δια-

420 1411 613 1481 δρᾶναι
639 1411 906 1478 δουλείαν,
936 1412 1031 1466 καὶ
1064 1414 1275 1478 πάντας
1301 1413 1626 1485 ἀνθρώπους
1648 1413 1742 1468 τοῦ
1774 1413 2001 1470 Θανάτου

417 1504 518 1574 τὴν
549 1505 890 1558 δυναστείαν.
921 1505 1101 1570 Μόνος
1129 1505 1185 1559 δὲ
1203 1509 1230 1558 ὁ
1251 1505 1395 1569 θεῖος
1415 1505 1564 1570 ἔλεος
1590 1506 1792 1578 ἤρκεσε
1817 1507 2002 1561 κάκείο

419 1612 526 1649 νων
561 1597 656 1650 καὶ
693 1597 886 1650 τούτου
919 1597 1174 1652 διαλῦσαι
1219 1597 1279 1652 τὸ
1313 1597 1536 1669 κράτος,
1584 1599 1678 1652 καὶ
1707 1597 1816 1653 τῶν
1841 1600 2002 1654 ἀνια-

419 1689 530 1760 ρῶν
561 1689 659 1760 τὴν
689 1689 843 1744 λύσιν
877 1689 1230 1762 χαρίσασθαι.

491 1801 578 1868 ιζ’.
615 1821 634 1854 ι
685 1803 1038 1858 Ἀντελάσετο
1084 1804 1334 1858 αύτῶν¹³
1376 1803 1437 1870 ἐξ
1467 1803 1588 1858 ὁδοῦ
1630 1805 1864 1877 ἀνομίας
1907 1807 2008 1862 αύ-

416 1896 529 1951 τῶν
551 1913 564 1928 °
594 1895 684 1950 διὰ
715 1897 824 1968 γὰρ
854 1898 957 1961 τὰς
984 1896 1219 1967 ἀνομίας
1247 1896 1430 1952 αὐτῶν
1469 1897 1948 1970 ἐταπεινώθησαν.
1981 1917 2002 1952 ι

418 1987 559 2042 Οῦτε
598 1987 867 2051 Ἰουδαῖοι,
908 1987 1034 2042 οὔτε
1079 1989 1232 2043 πᾶσα
1260 1987 1373 2042 τῶν
1409 1987 1718 2060 ἀνθρώπων
1751 1990 1787 2060 ή
1819 1990 2004 2060 φύσις,

419 2078 625 2141 ἀδίκως
669 2079 783 2140 τοῖς
826 2079 1074 2146 ἀνιαροῖς
1128 2077 1497 2148 περιέπεσεν·
1536 2078 1675 2132 ἀλλά
1717 2080 1814 2134 καὶ
1861 2075 2009 2136 οὗτοι.

421 2174 666 2225 κάκεῖνοι
721 2171 878 2233 δίκας
941 2162 1019 2225 ὧν
1079 2170 1516 2241 ἐπλημμέλησαν
1561 2171 1827 2228 τίνουσιν.
1865 2173 2006 2228 Ἀλλ’

419 2264 591 2332 ὅμως,
627 2263 727 2316 καὶ
755 2261 986 2324 τούτους
1019 2261 1310 2326 κάκείνους
1343 2262 1623 2328 τοσούτοις
1655 2264 2006 2333 έγκαλινδουο

425 2354 626 2424 μένους
660 2355 852 2415 κακοῖς
880 2350 1163 2422 σωτηρίας
1194 2350 1452 2420 ἠξίωσεν.

493 2475 585 2538 ιη’.
627 2487 647 2520 ι
690 2468 806 2521 Πᾶν
839 2466 1039 2538 βρῶμα
1070 2465 1394 2530 έόδελύξατο
1431 2467 1465 2537 ἡ
1493 2466 1642 2540 ψυχὴ
1671 2465 1880 2522 αὐτῶν·
1914 2469 2009 2522 καὶ

421 2565 660 2633 1σ’γγγισαν
706 2561 813 2624 ’έως
857 2558 967 2612 τῶν
1016 2558 1204 2612 πυλῶν
1252 2559 1347 2611 τοῦ
1385 2558 1645 2614 θανάτου.
1685 2580 1704 2612 ι
1759 2557 2007 2612 Ἰουδαῖοι

425 2654 526 2723 μὲν
575 2653 708 2721 γὰρ,
759 2651 836 2722 τῷ
886 2647 1085 2722 πλήθει
1133 2651 1488 2722 συνεχόμενοι
1518 2651 1630 2705 τῶν
1667 2651 1878 2720 κακῶν,
1913 2653 2008 2706 καὶ

422 2743 593 2814 αὐτὴν
641 2741 1052 2813 ἀπεστρέφοντο
1111 2741 1210 2812 τὴν
1265 2734 1497 2812 τροφήν.
1540 2740 1716 2795 Τοῦτο
1759 2743 1868 2813 γὰρ
1913 2742 2008 2796 καὶ

422 2835 480 2888 ὲν
506 2835 678 2906 ἑτέρῳ
703 2833 928 2904 ψαλμῷ,
953 2833 1030 2896 ὡς
1053 2832 1111 2899 ἐξ
1140 2833 1370 2888 ἐκείνων
1395 2832 1620 2905 εἴρηκεν
1643 2836 1670 2886 ὁ
1694 2835 2002 2905 προφήτὴςο

427 2945 448 2980 ι
483 2927 604 2980 Ὅτι
637 2925 989 2996 ἐπελαθόμην
1020 2924 1118 2978 τοῦ
1148 2927 1348 2995 φαγεῖν
1393 2925 1486 2979 τὸν
1517 2925 1679 2996 ἄρτον
1713 2941 1834 2996 μου.
1864 2944 1882 2976 ι
1925 2921 2006 2978 Td:

420 3021 476 3074 δὲ
507 3021 638 3091 ἔθνη
663 3019 782 3072 οὐδὲ
805 3018 847 3050 ¹¹⁵
873 3021 994 3082 ταῖς
1023 3018 1132 3073 τῶν
1170 3018 1388 3071 οἰκείων
1414 3018 1724 3088 φιλοσόφων
1752 3019 2006 3071 διδασκα-

422 3114 567 3177 λίαις
592 3113 884 3184 προσέχειν
911 3111 1186 3166 ἐϐούλετο.
1223 3105 1298 3165 Οῦ
1330 3111 1394 3183 δὴ
1437 3111 1618 3182 χάριν,
1671 3111 1718 3163 oi
1753 3110 1849 3179 μὲν
1887 3109 2004 3160 Σω-
2036 3095 2079 3152 C

423 3205 662 3275 κράτους
711 3202 1162 3272 κατεψηφίσαντο
1191 3202 1452 3256 θάνατον·
1488 3203 1538 3255 οἱ
1581 3193 1638 3254 δὲ
1684 3200 1777 3252 τὸν
1818 3198 2007 3264 Ἀνάξ-

423 3313 594 3366 αρχον
622 3295 748 3367 ξένῃ
796 3295 1106 3365 παρέδοσαν
1130 3294 1375 3366 τιμωρία
1395 3295 1438 3326 ¹³
1458 3311 1472 3326 ο
1501 3294 1550 3348 οί
1581 3293 1638 3346 δὲ
1661 3294 1703 3325 ⁸⁸
1734 3291 1885 3346 ἄλλοι
1910 3290 2004 3345 τοῦ

426 3389 752 3460 Πυθαγόρου
787 3387 1068 3458 διαδόχους
1100 3388 1319 3460 πικρῶς
1342 3387 1718 3458 αἰκισάμενοι,
1754 3385 2006 3457 πρόωρον

426 3481 609 3544 αὐτοῖς
636 3480 920 3551 ἐπήγαγον
957 3478 1212 3535 θάνατον.
1248 3479 1390 3533 Ἀλλ’
1413 3480 1566 3550 ὅμως
1585 3479 1626 3510 ¹⁷
1663 3477 1760 3532 καὶ
1791 3476 2006 3540 τούτοις

425 3574 454 3626 ὁ
481 3572 590 3625 τῶν
618 3571 755 3625 ὅλων
778 3571 910 3634 Θεὸς
938 3571 1323 3643 παρεσκεύασε
1362 3570 1722 3642 μεταδΟΘῆναι
1750 3567 1851 3639 τῆς
1873 3567 2008 3623 ἀθα-

426 3666 592 3718 νάτου
620 3665 866 3734 τροφῆς,
898 3666 995 3718 καὶ
1036 3663 1176 3734 μετὰ
1215 3663 1399 3733 πάσης
1423 3662 1600 3734 ταύτῃ
1633 3661 2006 3735 προσδραμεῖν

427 3751 742 3823 προθυμίας
790 3751 1073 3820 ἀνέπεισε,
1118 3754 1214 3808 καὶ
1257 3753 1370 3807 τῶν
1396 3752 1493 3806 τοῦ
1537 3753 1770 3807 θανάτου
1819 3750 2008 3806 πυλῶν

424 3841 623 3915 ἡλευθέ
633 3860 708 3914 ρω
715 3860 794 3898 σε.

499 3934 588 3990 ιϐ’.
636 3953 655 3988 ι
692 3935 803 3990 Καὶ
841 3934 1151 4006 ὲκέκραξαν
1193 3935 1332 4006 πρὸς
1364 3933 1572 4004 Κύριον
1618 3935 1675 3986 έν
1715 3933 1793 4004 τῷ
1830 3933 2008 3987 θλίϐε-

426 4027 554 4083 σθαι
584 4027 806 4092 αὺτοὺς,
839 4028 934 4081 καὶ
962 4029 1026 4080 ὲκ
1057 4029 1168 4080 τῶν
1191 4029 1452 4096 ἀναγκῶν
1479 4029 1658 4081 αὐτῶν
1684 4027 1888 4081 ἔσωσεν
1910 4028 2008 4082 σύ-

423 4118 576 4182 τούς.
617 4137 635 4170 ι
674 4114 808 4172 Εἶτα
842 4119 1087 4171 διδάσκει
1117 4117 1216 4186 τῆς
1246 4120 1523 4190 σωτηρίας
1547 4120 1638 4172 τὸν
1675 4121 1896 4190 τρόπον.

495 4242 566 4289 κ’.
611 4252 628 4286 ι
679 4233 993 4287 Ἀπέστειλε
1030 4233 1123 4285 τὸν
1159 4231 1318 4300 λόγον
1349 4233 1537 4298 αὑτοῦ,
1569 4235 1663 4288 καὶ
1692 4235 1877 4290 ἰάσατο
1906 4235 2006 4288 αύ-

423 4329 572 4390 τοῦς,
601 4326 694 4379 καὶ
721 4325 990 4398 ἐρρύσατο
1010 4326 1207 4387 αὐτοὺς
1225 4326 1288 4377 ὲκ
1307 4326 1416 4377 τῶν
1437 4325 1744 4396 διαφθορῶν
1768 4326 1966 4380 αὐτῶν.
1981 4345 1999 4377 ι

2104 495 2379 565 liberavit,
2412 499 2805 571 servitutisque
2837 503 3059 561 vincula
3081 507 3338 579 disrupit.

2179 677 2342 735 Vens.
2383 680 2471 744 15,
2504 681 2590 736 16.
2633 700 2650 734 ι
2687 681 3067 742 Conﬁteantur
3093 687 3149 743 in
3174 689 3440 747 honorem
3473 692 3690 749 Domini

2108 773 2540 830 misericordiam
2567 777 2706 848 ejus,
2741 787 2795 834 et
2821 781 3091 838 mirabilia
3115 784 3233 855 ejus
3255 785 3397 844 inter
3427 787 3564 844 ﬁlios
3587 789 3691 845 ho-

2107 864 2337 921 minum.
2371 865 2512 934 Quia
2543 869 2801 926 contrivit
2829 882 3014 943 portas
3046 891 3247 945 aeneas,
3278 885 3330 934 et
3363 888 3546 938 vectes
3578 879 3691 937 fer-

2109 971 2233 1014 reos
2275 959 2561 1030 confregit.
2609 981 2627 1012 ι
2677 961 2869 1020 Portas
2918 981 3096 1024 aeneas
3140 979 3195 1024 et
3229 979 3413 1029 vectes
3458 973 3690 1040 ferreos,

2112 1047 2382 1103 malorum
2413 1050 2522 1104 vim
2547 1052 2915 1110 inevitabilem
2961 1061 3319 1130 nuncupavit.
3365 1063 3517 1118 Sicut
3545 1065 3691 1120 enim

2110 1153 2216 1192 non
2259 1149 2439 1210 potest
2467 1141 2605 1207 fieri,
2649 1151 2706 1198 ut
2737 1144 2804 1210 is,
2831 1147 2921 1215 qui
2961 1148 3104 1202 intra
3137 1151 3270 1207 tales
3294 1151 3493 1221 januas
3525 1163 3579 1209 et
3601 1170 3692 1210 vc-

2107 1237 2221 1286 ctes
2249 1231 2499 1289 detentus
2519 1244 2623 1300 est,
2655 1236 2911 1308 effugiat:
2945 1241 3026 1296 sic
3057 1241 3174 1297 ﬁeri
3207 1243 3432 1301 minime
3456 1256 3690 1316 poterat,

2109 1330 2170 1376 ut
2216 1320 2390 1378 Judaei
2435 1323 2860 1397 Babyloniorum
2899 1330 3190 1387 evaderent
3226 1336 3562 1401 servitutem,
3610 1339 3693 1393 vel

2109 1428 2301 1468 omnes
2324 1414 2573 1473 homines
2597 1420 2788 1475 mortis
2813 1421 3126 1492 imperium.
3155 1423 3280 1480 Sola
3305 1437 3485 1483 autem
3511 1429 3696 1485 divina

2110 1507 2487 1563 misericordia
2519 1521 2572 1566 et
2603 1511 2822 1569 illorum
2852 1526 2906 1570 et
2929 1515 3096 1588 hujus
3125 1520 3426 1588 potentiam
3454 1527 3698 1579 evertere

2107 1599 2310 1669 potuit,
2339 1600 2783 1676 solutionemque
2817 1623 2847 1661 a
2880 1608 3044 1665 rebus
3070 1610 3322 1668 tristibus
3355 1621 3635 1683 praestare.

2183 1805 2200 1826 ·
2236 1802 2400 1862 Vens.
2435 1807 2523 1864 17,
2576 1827 2595 1861 ι
2642 1808 2899 1883 Suscepit
2928 1827 3023 1870 eos
3063 1813 3131 1872 de
3156 1815 3244 1872 via
3275 1816 3581 1888 iniquitatis
3605 1833 3701 1876 eo-

2110 1912 2234 1953 rum
2266 1908 2532 1971 :-propter
2552 1903 2852 1975 injustitias
2871 1907 3019 1962 enim
3042 1923 3173 1965 suas
3197 1909 3469 1967 humiliati
3493 1921 3643 1969 sunt.
3673 1933 3694 1968 ι

2107 1989 2220 2046 Nec
2273 1991 2485 2060 Judaei,
2527 2010 2629 2051 nec
2675 2006 2785 2052 tota
2828 1999 3116 2056 hominum
3151 2012 3347 2060 natura
3398 2005 3604 2071 iniuste
3644 2007 3701 2062 in

2109 2083 2252 2138 mala
2290 2085 2484 2142 incidit
2523 2106 2535 2141 :
2565 2090 2658 2143 sed
2682 2099 2737 2144 et
2769 2089 2858 2145 isti
2881 2091 3033 2146 etilli
3068 2109 3261 2164 pmnas
3297 2111 3491 2152 eorum
3519 2098 3702 2166 luunt,

2109 2191 2232 2246 quae
2259 2187 2478 2247 patrare
2507 2181 2628 2236 ausi
2664 2189 2816 2238 sunt.
2849 2181 3238 2242 Verumtamen
3280 2195 3335 2243 et
3363 2188 3464 2245 hos
3493 2199 3548 2245 et
3578 2190 3704 2246 illos

2112 2268 2312 2325 talibus
2343 2271 2500 2327 malis
2525 2271 2836 2342 implicatos
2857 2275 3035 2332 salute
3059 2277 3318 2348 dignatus
3341 2289 3445 2335 est.

2184 2463 2352 2521 Vens.
2389 2467 2470 2522 l8.
2522 2485 2542 2519 ι
2565 2468 2800 2522 Omnem
2829 2484 3013 2524 esca-tn
3053 2472 3366 2529 abominata
3396 2483 3481 2532 est
3519 2477 3703 2532 anima

2109 2571 2324 2625 eorum,
2349 2568 2403 2612 et
2433 2559 3015 2630 apprOpinquaverunt
3047 2577 3222 2634 usque
3246 2569 3312 2620 ad
3341 2577 3530 2636 portas
3552 2583 3702 2623 mor-

2110 2653 2203 2706 tis.
2246 2669 2266 2705 ι
2325 2651 2461 2706 Nam
2513 2649 2688 2708 Judaei
2732 2653 2954 2724 quidem
3001 2656 3169 2712 tantis
3219 2657 3457 2714 miseriis
3503 2660 3700 2729 pressi,

2109 2743 2286 2815 ipsum
2315 2745 2489 2799 etiam
2521 2744 2703 2800 cibum
2751 2747 3172 2802 aversabantur.
3205 2746 3321 2805 Hoc
3363 2749 3510 2805 enim
3550 2759 3606 2805 et
3645 2751 3701 2806 in

2109 2837 2218 2893 alio
2245 2833 2454 2909 [37],
2487 2839 2724 2909 psalmo,
2752 2839 2920 2896 veluti
2948 2855 3011 2894 ex
3037 2841 3257 2896 illorum
3291 2857 3549 2912 persona,
3573 2856 3704 2913 pro-

2109 2931 2269 3000 pheta
2303 2931 2480 2986 dixit:
2527 2949 2544 2982 ι
2579 2929 2854 2998 Quoniam
2894 2931 3100 2989 oblitus
3128 2947 3250 2988 sum
3284 2933 3574 2989 comedere
3600 2949 3702 3003 pa-

2110 3037 2233 3076 nem
2268 3039 2446 3077 meum
2481 3032 2526 3078 ι.
2577 3040 2597 3074 ι
2631 3023 2830 3079 Gentes
2861 3038 2992 3079 vero
3024 3039 3124 3080 nec
3151 3025 3216 3080 ad
3251 3041 3478 3081 suorum
3519 3026 3702 3095 philo-

2113 3111 2408 3180 80phorum
2440 3113 2719 3169 doctrinas
2765 3113 3048 3169 attendere
3085 3114 3360 3170 volebant.
3404 3113 3701 3184 Propterea

2114 3201 2166 3256 hi
2199 3205 2420 3273 quidem
2451 3204 2733 3262 Socratem
2757 3205 2830 3262 ad
2855 3218 3087 3263 mortem
3111 3209 3581 3275 condemnarunt;
3607 3207 3701 3262 alii

2112 3309 2244 3350 vero
2271 3295 2660 3352 Anaxarchum
2709 3299 2972 3354 inusitata
3016 3310 3190 3356 morte
3231 3300 3569 3366 multarunt;
3605 3299 3701 3356 alii

2114 3396 2296 3441 autem
2338 3387 2656 3459 Pythagorae
2685 3405 3036 3447 successores
3064 3393 3262 3449 acerbe
3287 3395 3562 3450 cruciatos
3596 3394 3702 3448 im-

2113 3487 2326 3532 matura
2358 3489 2536 3535 morte
2574 3480 2892 3537 aﬂecerunt.
2931 3482 3321 3540 Verumtamen
3365 3496 3418 3540 et
3455 3485 3542 3540 bis
3575 3484 3704 3540 uni-

2113 3584 2400 3626 versorum
2426 3571 2569 3629 Deus
2595 3574 2959 3630 immortalem
2982 3576 3163 3630 cibum
3191 3578 3474 3646 impertiit,
3496 3587 3548 3633 et
3573 3592 3696 3632 cum

2113 3663 2263 3719 omni
2289 3664 2460 3718 animi
2489 3665 2918 3736 promptitudine
2956 3666 3022 3722 ad
3064 3668 3211 3723 hunc
3252 3667 3542 3725 accurrere
3571 3682 3700 3738 per-
3799 3699 3810 3707 -

2114 3755 2311 3822 suasit,
2341 3765 2396 3812 et
2434 3770 2464 3811 a
2495 3756 2689 3815 mortis
2713 3756 2899 3828 ianuis
2920 3757 3240 3813 vindicavit.

2191 3932 2356 3987 Vsus.
2402 3932 2489 3987 19.
2539 3951 2560 3985 ι
2592 3931 2664 3987 Et
2704 3934 3082 3989 clamaverunt
3114 3936 3182 3990 ad
3231 3934 3524 3990 numinum
3571 3951 3698 3992 cum

2115 4025 2532 4088 tribularenlur,
2561 4031 2616 4076 et
2637 4038 2701 4076 ex
2736 4026 3005 4094 angustiis
3027 4035 3217 4080 eorum
3243 4026 3498 4082 liberavit
3523 4041 3636 4084 eos.
3670 4044 3696 4082 υ

2117 4121 2322 4176 Deinde
2349 4119 2544 4173 salutis
2569 4118 2794 4172 modum
2830 4119 3007 4173 docet.

2185 4231 2352 4286 Vens.
2379 4231 2470 4284 20.
2521 4247 2539 4281 ι
2572 4225 2718 4284 Misit
2747 4231 2969 4285 verbum
3006 4246 3190 4296 suum,
3220 4242 3276 4285 et
3307 4231 3520 4286 sanavit
3556 4220 3701 4288 eos:

2113 4335 2170 4381 et
2196 4325 2376 4394 erupit
2407 4338 2502 4378 eos
2532 4337 2562 4377 e
2593 4323 2835 4392 pernicie
2865 4337 2984 4378 sua.
3025 4341 3043 4374 ι
3074 4321 3208 4376 Nam
3241 4338 3364 4377 cum
3399 4323 3540 4378 Deus
3572 4323 3705 4378 Ver-

435 4421 494 4471 ὐ
522 4419 632 4491 γὰρ
663 4417 798 4482 Θεὸς
828 4418 998 4486 Λόγος
1035 4415 1485 4487 ὲνανθρωπὴσας,
1528 4418 1622 4472 καὶ
1655 4418 2005 4483 ἀποσταλεὶς,

2119 4418 2244 4472 bum
2273 4417 2568 4470 humanam
2597 4425 2848 4468 naturam
2876 4415 3228 4484 suscepisset,
3263 4424 3426 4483 atque
3447 4423 3506 4468 ut
3536 4415 3700 4469 homo

421 4511 498 4573 ὡς
532 4510 820 4580 ἄνθρωπος
850 4509 947 4580 (ὡς
977 4508 1086 4580 γάρ
1120 4509 1274 4573 Θεὸς,
1298 4510 1710 4582 ’ἀπερίγραφος,
1741 4511 1837 4564 καὶ
1865 4527 2000 4564 παν-

420 4600 590 4670 ταχοῦ
623 4602 888 4670 πάρεστι,
917 4601 1010 4652 καὶ
1036 4600 1282 4671 περιέχει
1311 4602 1380 4654 τά
1414 4600 1840 4673 σύμπαντα),τά
1869 4619 2002 4654 παν-

420 4691 634 4745 τοδαπά
666 4691 775 4746 τῶν
813 4691 1005 4762 ψυχῶν
1042 4693 1232 4746 ίάσατο
1261 4691 1584 4763 τραύματα,
1618 4692 1713 4745 καὶ
1739 4693 1865 4756 τοὺς
1891 4693 2008 4746 δια-

423 4787 734 4858 φθαρέντας
775 4785 1058 4858 ἀνέρρωσε
1087 4786 1405 4859 λογισμούς.
1449 4785 1666 4842 Οὖτω¹⁸
1696 4787 1795 4859 τὴν
1829 4787 2010 4858 ἀμαρ-

425 4880 592 4934 τωλὸν
629 4879 848 4949 ἐκείνην
885 4879 1073 4934 ἰάσατο
1106 4882 1346 4949 γυναῖκα
1368 4921 1382 4946 ,
1415 4880 1510 4934 καὶ
1540 4880 1763 4953 θαρρεῖν
1804 4897 2011 4950 παρεγ-

428 4969 662 5041 γύησεν·
715 4972 858 5026 οὓτω
909 4972 1001 5026 τὸν
1053 4974 1391 5045 παρειμένον
1413 4971 1695 5045 ἐστήριξεν
1745 4970 2008 5043 εἰρηκὼς,

495 5157 518 5186 ι
551 5149 690 5204 Psal.
722 5167 795 5217 Cl,
827 5153 880 5207 4.
973 5165 998 5195 θ
1027 5151 1215 5206 Matth.
1249 5167 1321 5214 ιιι,
1358 5150 1447 5204 22.

2114 4507 2318 4560 missus
2351 4514 2496 4559 esset
2533 4504 2614 4574 (ιιι
2662 4505 2804 4558 Deus
2836 4505 3003 4568 enim,
3051 4513 3134 4558 est
3169 4504 3700 4580 incircumscriptus,

2109 4609 2165 4654 et
2220 4599 2421 4668 ubique
2447 4599 2622 4660 adest,
2655 4607 2708 4650 ct
2742 4596 2926 4650 omnia
2966 4597 3252 4665 continet),
3287 4597 3541 4652 universa
3585 4598 3704 4652 ani-

2110 4705 2322 4745 marum
2366 4690 2590 4743 vulnera
2629 4688 2864 4753 sanavit,
2908 4699 3225 4757 mentesque
3275 4701 3561 4757 corruptas
3604 4703 3702 4742 cu-

2110 4783 2270 4836 ravit.
2307 4779 2396 4836 Sic
2419 4791 2473 4835 et
2506 4783 2792 4836 mulierem
2829 4782 2975 4834 illam
3001 4779 3364 4850 peccatricem
3393 4795 3583 4835 sanam
3615 4778 3698 4836 fe-

2111 4874 2187 4929 cit
2223 4876 2268 4936 ⁸,
2312 4882 2364 4929 et
2402 4882 2460 4928 ut
2494 4874 2640 4928 bono
2676 4873 2866 4928 animo
2895 4882 3064 4937 esset,
3103 4871 3383 4943 praecepit.
3415 4871 3511 4926 Sic
3541 4883 3698 4940 para-

2115 4967 2342 5038 lyticum
2389 4967 2776 5032 consolidavit,
2830 4965 3066 5022 dicens:
3123 4983 3141 5017 ι
3174 4963 3548 5021 Remittuntur
3595 4959 3696 5016 tibi

1512 5323 1748 5379 YARUE
1790 5323 2176 5378 LECTIONES
2218 5323 2305 5377 ΕΤ
2348 5322 2574 5378 NOTAE.

498 5464 536 5496 "
567 5464 1161 5523 Σιννέθλίισεν.ςοι1.1
1199 5465 1540 5536 συνέτριψεν.
1563 5513 1576 5526 ,
1621 5467 1663 5496 ¹²
1705 5467 1824 5520 cod.
1863 5467 1887 5520 1
1924 5468 2006 5520 δια

2119 5470 2231 5519 νεῖν.
2315 5466 2354 5498 ⁸³
2401 5467 2630 5520 ’Λνῖελ.
2659 5465 2878 5520 αὐτῶν.
2911 5466 3071 5522 Hebr.
3106 5447 3270 5523 0’51}:
3309 5462 3485 5521 stulti.
3514 5460 3619 5518 Sed
3642 5462 3694 5517 οῑ

423 5563 477 5640 D’
507 5576 668 5640 seq-ue
722 5577 785 5613 ac
831 5561 1551 5640 Syrus_et_.4rabs“legisse
1597 5564 1852 5640 videntur
1888 5548 2115 5640 εἴηπῇ-ι
2151 5573 2209 5617 ιιι
2251 5564 2405 5640 {elici
2427 5560 2746 5640 conjectura
2773 5558 3121 5640 stat-uitiis].
3150 5543 3338 5640 Dathe.
3378 5557 3588 5640 in‘i‘iqt.
3623 5556 3695 5640 ad

423 5632 475 5684 1ι.
507 5632 540 5685 l.
592 5632 1052 5699 interpretationis
1079 5633 1200 5703 Syr.
1308 5636 1352 5665 ”
1383 5632 1503 5690 cod.
1534 5635 1555 5686 ’1
1589 5635 1671 5687 οὐ.

1783 5637 1822 5666 ¹¹⁵
1855 5637 1976 5690 cod.
2016 5639 2037 5687 1
2067 5635 2338 5706 τιμωρίας
2365 5636 2502 5702 ἰδέᾳ.

2593 5631 2635 5661 ¹⁶
2668 5637 2731 5686 Οἱ
2763 5632 2850 5688 δέ.
2895 5633 3019 5686 Des.
3059 5629 3112 5684 in
3145 5629 3270 5687 cod.
3317 5630 3369 5685 1.
3445 5626 3488 5664 ⁸*
3533 5625 3694 5686 Ἀλλ’

421 5703 597 5772 ὑμέας.
626 5693 748 5757 cod:
789 5705 805 5758 1
843 5703 977 5756 ἀλλα
1074 5693 1332 5771 ¹⁸”Οὔτω,
1367 5724 1419 5759 κ.
1458 5723 1507 5760 τ.
1546 5705 1593 5758 λ.
1632 5705 1755 5762 lianc
1787 5706 1901 5762 des.
1935 5721 2002 5776 ap

2119 5693 2274 5762 Cord.
2311 5693 2364 5775 ί).
2397 5693 2513 5761 ιδ’τ.
