4006 6198
481 262 616 327 I743
1466 253 1956 318 THEODORETI
1992 254 2332 317 EPlSCOPI
2380 251 2749 315 CYRENSIS
3566 260 3670 329 1744

474 386 698 450 peccata
732 385 823 430 tua
861 374 912 426 ι».
954 391 973 424 ι
1013 371 1104 427 Sic
1142 370 1338 426 latroni
1369 372 1684 442 paradisum
1721 371 1983 426 reseravit
2011 381 2056 435 ο,

2090 380 2135 437 Α
2170 391 2188 423 ι
2231 369 2536 441 Ἀφέωνταί
2583 386 2667 423 σοι
2696 369 2751 422 αι
2783 367 3054 440 ἁμαρτίαι
3086 384 3218 422 σου..
3244 386 3261 421 ι
3296 369 3466 436 Οὕτως
3503 374 3666 445 ἀνέῳξε

479 473 560 528 sic
587 471 905 539 publicanos
931 474 1290 539 praeceptores
1324 466 1473 521 orbis
1504 475 1770 521 terrarum
1798 464 2052 528 reddidit,

2160 458 2241 531 τῷ
2267 459 2443 532 ληστῇ
2474 459 2567 514 τὸν
2596 457 2924 530 παράδεισον
2945 499 2961 527 ,
2992 457 3135 513 οὕτω
3164 459 3289 524 τοὺς
3315 462 3531 529 τελώνας
3555 466 3668 521 6:61-

480 561 561 616 sic
587 561 653 617 ad
685 572 936 614 sanctum
972 556 1241 624 baptisma
1265 554 1586 611 accedentes
1626 561 1849 609 renovat
1878 561 1933 608 et
1958 569 2054 608 ex-

2163 549 2396 615 σκάλους
2419 550 2519 621 τῆς
2543 547 2872 620 οἰκουμένης
2906 548 3204 621 ἀπέφηνεν,
3237 547 3373 604 οὕτω
3414 553 3523 617 τοὺς
3564 573 3671 609 παν-

480 654 621 725 piat,
650 663 814 723 atque
843 667 874 706 a
899 651 1105 721 peccati
1138 648 1456 705 vulneribus
1489 647 1700 703 liberat.

2162 641 2304 713 αγίῳ
2321 642 2365 674 ¹⁹
2393 641 2721 713 προσιόντας
2756 639 3092 711 βαπτίσματι
3120 643 3368 712 νεουργεϊ
3406 645 3491 697 καὶ
3517 647 3673 700 καθαί-

2165 751 2280 806 ρει,
2317 735 2413 790 καὶ
2442 734 2553 791 τῶν
2580 734 2679 806 τῆς
2708 733 2986 811 ἁμαρτίας
3020 733 3351 791 ἀπαλλάττει
3377 741 3672 810 τραυμάτων.

553 830 716 887 Vens.
747 830 842 895 9.1,
864 829 955 885 22.
991 847 1009 880 ι
1038 827 1426 884 ‘Conﬁteantur
1466 826 1523 881 in
1556 826 1820 880 honorem
1845 825 2056 881 Domini

2236 832 2344 891 κα’,
2396 826 2502 898 κβθ.
2567 846 2585 879 ι
2635 826 3260 898 Ἐξομολογησάσθωσαν
3307 828 3381 899 τῷ
3423 831 3586 904 Κυρίῳ
3622 833 3675 887 τά

479 924 920 982 misericordiam
954 920 1169 992 1372
1210 920 1351 990 ejus,
1382 928 1437 975 et
1473 918 1746 974 mirabilia
1772 918 1891 988 ejus
1916 917 2059 972 inter

2164 916 2289 986 ὲλέη
2323 915 2521 984 αὐτοῦ,
2555 915 2652 969 καὶ
2683 914 2753 968 τὰ
2799 914 3084 985 θαυμάσια
3112 914 3278 970 αὐτοῦ
3310 918 3417 983 τοῖς
3447 920 3564 985 υίοίς
3594 922 3676 976 τῶν

482 1019 624 1073 ﬁlios
657 1015 962 1071 hominum.
997 1012 1063 1068 Et
1092 1009 1403 1068 sacriﬁcent
1424 1009 1473 1065 ei
1505 1008 1835 1065 sacriﬁcium
1860 1007 2056 1074 laudis,

2165 1005 2491 1078 ἀνθρώπων.
2525 1005 2641 1059 Καὶ
2672 1005 2999 1061 θυσάτωσαν
3038 1006 3192 1078 αὑτῷ
3222 1006 3408 1063 θυσίαν
3442 1010 3674 1077 αἰνέσεως,

481 1120 539 1165 et
584 1108 911 1164 annuntieut
959 1120 1125 1177 opera
1155 1102 1274 1175 ejus
1311 1116 1436 1159 cum
1482 1101 1867 1158 exsultatione.
1904 1119 1922 1152 δ
1953 1099 2059 1156 Pro

2166 1097 2262 1153 καὶ
2290 1097 2773 1168 ὲξαγγειλάτωσαν
2799 1098 2868 1156 τὰ
2895 1098 3033 1168 ἔργα
3062 1097 3231 1153 αὐτοῦ
3257 1099 3315 1153 ὲν
3342 1100 3673 1170 ἀγαλλιάσει.»

483 1202 639 1258 hisce
660 1200 927 1256 omnibus
966 1199 1177 1270 justum
1228 1204 1331 1260 est,
1377 1195 1474 1258 ait,
1506 1195 1761 1251 laudibus
1801 1192 2060 1264 prosequi

2182 1180 2354 1261 ’Υπὲρ
2379 1189 2443 1260 δὴ
2472 1191 2681 1245 τούτων
2708 1190 2965 1245 ἁπάντων
3000 1191 3193 1261 ὑμνεῖν
3211 1191 3279 1259 ’⁸,
3322 1192 3466 1264 φησι,
3491 1193 3677 1260 δίκαιον,

482 1295 783 1363 benignum
810 1291 1018 1357 'Deum,
1050 1295 1067 1310 ‘
1111 1290 1204 1358 qui
1240 1289 1332 1343 tali
1366 1286 1744 1343 misericordia
1784 1302 1918 1343 usus
1952 1295 2057 1349 est,

2167 1280 2259 1335 τὸν
2289 1280 2672 1353 φιλάνθρωπον
2698 1281 2830 1335 θεὸν
2848 1282 2915 1347 ²¹,
2949 1281 3086 1353 ὲλέῳ
3114 1281 3350 1355 τοσούτῳ
3373 1286 3678 1356 χρησάμενον,

482 1397 541 1444 οι
571 1384 945 1441 admirandam
982 1382 1216 1438 salutem
1244 1379 1403 1435 nobis
1435 1387 1520 1435 est
1552 1379 1800 1450 largitus.
1840 1377 2063 1450 Oportet

2169 1373 2265 1429 καὶ
2282 1373 2381 1446 τὴν
2403 1372 2710 1447 παράδοξον
2732 1376 2865 1445 ἡμῖν
2892 1373 3280 1446 δωρησάμενον
3312 1378 3576 1447 σωτηρίαν,
3590 1380 3681 1450 Χρὴ

483 1487 667 1534 autem
728 1492 831 1532 nos
879 1489 989 1530 non
1036 1471 1186 1528 solos
1224 1469 1412 1525 divina
1457 1468 1718 1523 miracula
1753 1468 1926 1533 scire,
1967 1466 2062 1522 sed

2168 1465 2226 1520 δὲ
2279 1465 2355 1537 μὴ
2410 1465 2610 1537 μόνους
2668 1465 2868 1519 εἰδέναι
2916 1466 3021 1528 τὰς
3077 1464 3228 1530 θείας
3285 1466 3679 1540 θαυματουργίας,

486 1571 800 1641 ignorantes
832 1568 1051 1631 docere,
1095 1574 1151 1620 et
1194 1577 1387 1619 omnes
1431 1560 1498 1616 ad
1551 1560 1827 1616 canendas
1874 1559 2063 1615 laudes

2168 1556 2307 1611 ἀλλά
2342 1556 2439 1612 καὶ
2485 1557 2612 1622 τοὺς
2664 1556 2994 1628 ἀγνοοῦντας
3043 1556 3337 1623 διδάσκειν,
3385 1562 3472 1614 καὶ
3521 1562 3682 1626 πάντας

485 1661 805 1716 accendere.
857 1654 1173 1712 Notandum
1210 1662 1297 1709 cst
1328 1652 1514 1723 igitur,
1557 1650 1701 1721 quod
1733 1647 2060 1705 sacriﬁcium

2170 1649 2464 1721 διεγείρειν
2511 1653 2600 1714 είς
2645 1649 2949 1721 ὑμνῳδίαν.
3012 1648 3478 1723 Ἐπισημήνασθαι
3512 1653 3594 1723 μέν
3621 1671 3682 1706 τοι

477 1753 665 1810 laudis
688 1751 800 1806 Deo
819 1748 1016 1805 oﬁ‘erre
1045 1747 1134 1802 hic
1162 1745 1326 1801 etiam
1354 1741 1719 1808 admonuerit,
1752 1755 1861 1795 non
1883 1748 2059 1796 autem

2099 1748 2140 1804 Β
2167 1741 2290 1807 δεῖ,
2324 1741 2399 1807 ὡς
2427 1741 2692 1804 αἰνέσεως
2727 1741 2922 1796 θυσίαν
2951 1741 3048 1796 κα¹ι
3082 1742 3317 1798 ἐνταῦθα
3349 1747 3681 1816 προσενεγκεῖν

482 1847 698 1902 hostias
733 1846 1017 1900 brutorum
1053 1838 1399 1896 animalium.
1430 1835 1776 1905 Quapropter
1807 1834 1897 1888 hic
1926 1848 2063 1904 quo-

2167 1831 2246 1902 τῷ
2265 1831 2387 1902 Θεῷ
2413 1832 2798 1904 παρεγγύησε,
2817 1834 2913 1887 καὶ
2941 1833 3003 1887 οὐ
3035 1833 3145 1888 τῶν
3172 1833 3378 1904 ἀλόγων
3403 1837 3462 1891 τὰ
3489 1835 3679 1908 Θύματσ.

485 1953 595 2011 que
626 1938 833 1995 cultum
869 1935 962 2006 qui
995 1942 1078 1989 est
1107 1929 1407 1987 secundum
1441 1929 1612 1998 legem
1644 1925 1841 1996 rejicit.
1875 1924 2063 1980 Sacri-

2167 1922 2471 1992 Τοιγαροῢν
2496 1921 2748 1977 ἐκϐάλλει
2773 1923 2867 1977 καὶ
2894 1924 3133 1980 ἐνταῦθα
3159 1926 3260 1999 τὴν
3286 1927 3420 1982 κατά
3446 1929 3588 1999 νόμον
3610 1929 3683 1983 λιι-

486 2031 671 2099 ﬁcium
718 2042 850 2083 vero
889 2024 1064 2079 laudis
1092 2062 1109 2089 ,
1149 2019 1344 2092 Aquila
1394 2017 1721 2087 sacriﬁcium
1763 2016 2063 2087 gratiarum

2166 2012 2374 2083 τρείαν.
2414 2013 2528 2084 Τὴν
2574 2013 2630 2068 δὲ
2677 2015 2779 2085 τῆς
2830 2016 3122 2084 αίνέσεως
3183 2019 3400 2074 θυσίαν
3438 2021 3465 2073 ό
3501 2018 3682 2084 ’Δκύλσς

486 2118 715 2173 actionis
744 2112 1054 2186 appellavit.

2170 2104 2394 2158 θυσίαν
2421 2105 2813 2173 εὐχαριστίας
2843 2108 3312 2179 προσηγόρευσεν.

559 2206 726 2262 Vsus.
750 2206 842 2270 25,
865 2204 956 2259 24.
993 2221 1011 2255 ι
1038 2202 1139 2270 Qui
1171 2199 1509 2257 descendunt
1540 2198 1593 2252 in
1624 2211 1776 2252 mare
1809 2194 2063 2258 navibus,

2239 2200 2352 2262 κγ’,
2404 2195 2505 2251 κδ’.
2573 2213 2592 2247 ι
2626 2197 2689 2250 Ol
2750 2197 3182 2264 καταϐαίνοντες
3235 2201 3314 2264 είς
3362 2200 3600 2255 θάλασσαν
3641 2202 3682 2255 ἐν

486 2299 750 2355 facientes
781 2310 921 2367 opus
952 2294 1010 2350 in
1035 2293 1193 2363 aquis
1228 2291 1436 2347 multis.
1472 2288 1578 2360 Ipsi
1615 2288 1871 2342 viderunt
1899 2299 2067 2368 opera

2171 2283 2400 2350 πλοίοις,
2433 2284 2715 2349 ποιοῦντες
2732 2286 2779 2317 ’⁸
2806 2287 3078 2356 ἐργασίαν
3113 2289 3173 2343 ὲν
3204 2288 3355 2344 ὕδασι
3379 2291 3584 2355 πολλοῖς.
3603 2292 3682 2344 Αὑ-

489 2390 731 2456 Domini,
761 2398 815 2446 et
844 2387 1117 2444 mirabilia
1156 2385 1275 2456 ejus
1310 2384 1364 2439 in
1391 2380 1689 2453 profundo.
1726 2398 1745 2433 ι
1780 2379 1882 2435 Per
1914 2377 2067 2434 simi-

2167 2375 2253 2430 τοὶ
2297 2371 2441 2431 εῐδον
2482 2377 2552 2432 τά
2593 2377 2731 2449 ἔργα
2776 2378 3009 2451 Κυρίου,
3045 2381 3144 2435 καὶ
3172 2381 3241 2436 τὰ
3268 2382 3530 2454 θαυμασία
3556 2381 3680 2437 αὑτοῦ

491 2482 777 2538 litudinem
820 2478 1086 2550 propheta
1118 2476 1234 2532 haec
1274 2476 1481 2547 posuit.
1512 2474 1656 2530 Dicit
1697 2483 1877 2553 autem
1914 2473 2019 2529 hoc
2050 2489 2065 2527 :

2168 2470 2228 2525 ὲν
2254 2470 2335 2540 τῷ
2360 2469 2527 2542 βυθῷ.
2562 2488 2582 2524 ι
2627 2472 3027 2544 Παραϐολικῶς
3054 2475 3233 2532 ταῦτα
3272 2477 3501 2532 τέθεικεν
3531 2479 3556 2531 ὁ
3585 2493 3680 2545 προ-

492 2570 965 2642 Quemadmodum
990 2568 1085 2640 qui
1111 2566 1393 2638 navigant,
1414 2574 1470 2622 et
1497 2581 1697 2637 magna
1730 2573 1920 2621 secant
1946 2579 2069 2620 ma-

2172 2561 2372 2634 φήτης.
2397 2563 2564 2633 Λέγει
2585 2563 2642 2617 δὲ
2665 2563 2944 2632 τοῦτο,ὅτι
2961 2568 3220 2642 καθάπερ
3241 2571 3292 2624 οἰ
3318 2568 3677 2640 ναυτιλλόμενοι,

494 2666 599 2733 ria,
636 2678 748 2735 prae
774 2662 988 2718 caeteris
1020 2660 1203 2715 divina
1235 2658 1496 2714 miracula
1532 2666 1783 2723 cernunt,
1830 2672 1956 2712 cum
2010 2656 2068 2711 in

2169 2654 2267 2708 καὶ
2309 2653 2379 2708 τὰ
2424 2654 2639 2726 μεγάλα
2676 2654 3051 2727 διαπερῶντες
3091 2659 3306 2732 πελάγη
3328 2702 3341 2728 ,
3383 2661 3679 2733 διαφερόντως

490 2770 684 2827 graves
715 2758 1067 2824 tempestates
1087 2749 1359 2813 incidunt,
1383 2758 1437 2805 et
1478 2755 1675 2819 praeter
1712 2761 1932 2802 omnem
1964 2746 2069 2800 hu-

2167 2745 2268 2810 τάς
2312 2745 2464 2810 θείας
2507 2748 2911 2822 μεγαλουργίας
2955 2750 3150 2822 ὁρῶσι,
3183 2753 3415 2808 κλύδωσι
3447 2753 3534 2824 μὲν
3557 2750 3686 2823 Xalt:

484 2862 712 2901 manam
742 2859 893 2916 spem
923 2844 1154 2899 salutem
1185 2852 1644 2912 consequuntur:
1677 2840 1758 2896 sic
1786 2846 1841 2894 et
1869 2837 2065 2904 Judaei,

2171 2839 2298 2902 ποῖς
2323 2839 2769 2910 περιπίπτοντες,
2802 2844 2956 2915 παρά
2986 2846 3171 2901 πᾶσαν
3198 2846 3255 2900 δὲ
3285 2846 3594 2919 ἀνθρωπίνην
3617 2843 3680 2896 ὲλ-

491 2956 616 2995 eum
650 2941 706 2994 in
733 2938 1073 2995 calamitates
1096 2935 1218 2990 illas
1253 2933 1644 2998 incurrissent,
1677 2940 1730 2988 et
1758 2933 2066 2988 libertatem

2171 2928 2307 2982 πίδα
2334 2929 2435 3001 τῆς
2460 2931 2737 3003 σωτηρίας
2757 2932 3130 2999 ἀπολαύοντες
3155 2951 3170 2968 ·
3199 2934 3340 2990 οὕτω
3370 2936 3459 2990 καὶ
3491 2934 3679 2989 Ἰουδαῖοι

484 3032 852 3101 recepissent,
900 3028 1141 3084 divinam
1185 3025 1497 3081 didicerunt
1538 3025 1858 3094 potentiam.
1889 3022 2066 3092 Atque

2099 3086 2137 3101 η.
2169 3020 2290 3082 ταῖς
2361 3022 2671 3093 συμφοραῖς
2726 3022 2968 3087 ὲκείναις
3023 3029 3441 3098 περιπεσόντες,
3489 3026 3569 3081 καὶ
3609 3023 3681 3093 τὴν

484 3123 656 3178 etiam
686 3135 878 3175 omnes
929 3117 1205 3181 homines,
1247 3129 1443 3170 novam
1484 3122 1667 3169 rerum
1708 3114 2066 3169 mutationem

2098 3086 2140 3147 α
2174 3086 2497 3184 ἐλευθερίαν
2534 3086 2904 3185 ἀπειληφότες
2921 3086 2969 3149 ’ί
2989 3157 3004 3182 ,
3032 3086 3137 3191 τὴν
3163 3119 3314 3174 θείαν
3339 3086 3607 3189 κατέμαθον
3623 3086 3680 3168 δί-

493 3211 918 3281 conspicientes,
947 3218 1001 3264 et
1039 3207 1255 3278 pristini
1298 3206 1501 3262 erroris
1530 3206 1916 3270 cessationem,
1947 3206 2071 3261 ani-

2173 3220 2363 3274 ναμιν.
2397 3204 2507 3259 Καὶ
2540 3204 2640 3276 μὲν
2667 3205 2732 3277 δὴ
2763 3206 2862 3260 καὶ
2908 3208 3116 3273 πάντες
3142 3210 3415 3281 ἄνθρωποι
3449 3209 3535 3282 τὴν
3566 3207 3681 3274 ξένην

498 3318 823 3372 merumque
862 3300 1335 3372 tranquillitatem,
1391 3314 1457 3355 ac
1498 3298 1920 3354 resurrectionis
1948 3313 2075 3368 por-

2174 3296 2284 3350 τῶν
2316 3296 2659 3367 πραγμάτων
2701 3297 2942 3370 ὁρῶντες
2982 3302 3316 3374 μεταϐολὴν,
3359 3303 3556 3374 καὶτῆς
3583 3316 3681 3370 προ-

497 3408 637 3459 tum,
671 3396 867 3451 horum
908 3394 1220 3464 largitorem
1249 3391 1504 3448 laudibus
1531 3392 1829 3448 celebrant.

2174 3387 2340 3458 τέρας
2371 3388 2590 3459 ἀπάτης
2619 3388 2720 3462 τὴν
2749 3391 2988 3458 παῦλαν,
3033 3396 3134 3448 καὶ
3169 3395 3278 3451 τῶν
3314 3395 3488 3467 ψυχῶν
3509 3392 3590 3463 τὴν
3609 3406 3680 3458 γα·

2174 3478 2369 3550 λήνηνν
2411 3480 2507 3535 καὶ
2535 3481 2638 3552 τῆς
2673 3482 3028 3550 ἀναστάσεως
3056 3487 3152 3544 τὸν
3180 3487 3388 3561 λιμένα,
3420 3487 3502 3542 τὸν
3530 3483 3682 3540 τούτων

2178 3570 2522 3641 θαυμάζουσι
2556 3575 2814 3645 χορηγόν.

573 3662 786 3733 13³13
808 3661 997 3717 ενι-κισ.
1020 3662 1116 3728 25,
1145 3661 1237 3716 26.
1286 3682 1304 3714 ι
1335 3661 1506 3727 Dixit,
1552 3672 1612 3716 et
1643 3662 1794 3717 stetit
1846 3661 2075 3731 spiritus

2248 3665 2350 3732 κε’,
2378 3672 2496 3732 κςν.
2552 3687 2571 3719 ι
2601 3664 2736 3722 Εῐπε
2760 3706 2777 3736 ,
2812 3671 2911 3726 καὶ
2955 3672 3089 3747 ἔστη
3103 3674 3152 3709 ⁸⁸
3177 3674 3393 3746 πνεῦμα
3422 3669 3682 3739 καταιγίδοςι

495 3755 772 3824 procellae,
810 3763 864 3808 et
903 3752 1129 3809 exaltati
1172 3761 1298 3807 sunt
1330 3750 1539 3806 vﬁuctus
1570 3751 1715 3819 ejus.
1755 3750 2077 3806 Ascendunt

2176 3757 2276 3811 καὶ
2308 3756 2500 3829 ὑψώθη
2528 3758 2596 3814 τά
2625 3760 2848 3831 κύματα
2871 3764 3064 3836 αὐτῆς.
3095 3767 3490 3823 Ἀναϐαίνουσιν
3506 3764 3594 3827 ’ἕως
3609 3759 3686 3813 τῶν

499 3858 677 3912 usque
710 3841 776 3896 ad
807 3841 1001 3907 caelos,
1032 3848 1087 3894 et
1112 3838 1456 3895 descendunt
1484 3854 1658 3909 usque
1686 3838 1751 3894 ad
1789 3839 2071 3911 ahyssos.»

2178 3848 2464 3920 οὐρανῶν,
2510 3852 2606 3904 καὶ⁸
2650 3854 3077 3913 καταϐαίνουσιν
3123 3859 3231 3925 ἕως
3271 3861 3375 3914 τῶν
3418 3858 3683 3914 eadem:

496 3934 597 3989 llis
624 3950 846 4004 quoque
884 3933 1067 3989 verbis
1097 3933 1304 3998 docuit,
1340 3932 1460 4003 ipso
1492 3941 1864 4001 annuente,et
1901 3934 2075 3990 tristia

2179 3938 2294 3992 Καὶ
2324 3938 2416 3993 διά
2444 3940 2654 3996 τούτων
2684 3943 2947 4013 ἐδίδαξεν,
2973 3948 3051 4014 ὡς
3074 3950 3247 4005 αὐτοῦ
3273 3950 3524 4014 νεύοντος,
3551 3944 3624 3999 καὶ
3640 3940 3689 3995 τά

496 4027 637 4095 ﬁeri,
667 4035 721 4082 et
760 4033 955 4097 postea
984 4024 1228 4097 jucunda
1265 4025 1579 4081 succedere.

2181 4029 2405 4102 λυπηρά
2434 4032 2710 4102 γίγνεται,
2743 4039 2843 4093 καὶ
2869 4039 2941 4094 τὰ
2973 4041 3199 4116 θυμήρη
3235 4043 3576 4117 προσγίνεται.

574 4136 595 4170 ι
630 4117 827 4173 Anima
871 4132 1066 4174 eorum
1116 4117 1278 4173 malis
1324 4117 1659 4174 tabescebat.
1710 4118 1918 4192 [Vsus
1958 4119 2076 4193 27.]

2253 4140 2273 4174 ι
2293 4123 2361 4177 '11
2379 4123 2527 4197 ψυχὴ
2552 4127 2736 4183 αὐτῶν
2768 4130 2828 4184 έν
2849 4134 3041 4197 κακοῖς
3074 4136 3325 4207 ἐτήκετο.
3355 4132 3498 4208 [κζ’.]
3524 4124 3688 4198 Ἐτυρά-

470 4208 725 4275 ⁴’Ϊιινιιιιιί
757 4218 910 4276 sunt,
946 4217 1002 4265 et
1030 4209 1167 4264 moti
1210 4217 1344 4264 sunt
1376 4208 1517 4265 sicut
1543 4209 1750 4279 ebrius,
1797 4219 1852 4267 et
1898 4212 2046 4266 omni

2178 4212 2412 4285 χθησαν,
2443 4217 2540 4271 καὶ
2557 4219 2604 4251 ³⁵
2626 4220 3027 4295 ὲσαλεύθησαν,
3044 4224 3121 4290 ὼς
3149 4229 3177 4281 ὁ
3211 4226 3420 4298 μεθύων
3437 4242 3451 4258 ο
3478 4223 3560 4278 καὶ
3581 4221 3688 4273 πᾶσι

495 4300 766 4370 sapientia
800 4316 994 4356 eorum
1028 4300 1290 4372 absorpta
1322 4309 1427 4356 est.
1467 4319 1488 4353 ι
1536 4299 1750 4357 Perstat
1784 4304 1838 4356 in
1881 4301 2077 4358 simili-

2172 4305 2214 4376 ὴ
2240 4306 2403 4375 σοφία
2451 4307 2635 4364 αὐτῶν
2681 4313 2983 4386 κατεπόθη.
3018 4333 3039 4368 ι
3095 4315 3383 4389 Ἐπέμεινε
3425 4317 3486 4387 τῇ
3527 4309 3686 4383 ’φυκί’

493 4394 708 4451 tudine.
742 4392 811 4448 Et
840 4393 1061 4449 videtur
1092 4393 1316 4464 quidem
1362 4393 1430 4447 de
1470 4393 1856 4465 navigantibus
1888 4394 2075 4466 loqui;

2113 4428 2157 4485 D
2182 4397 2278 4449 καὶ
2315 4395 2465 4452 δοκεῖ
2516 4401 2615 4471 μὲν
2641 4402 2778 4472 περὶ
2804 4404 2913 4459 τῶν
2956 4407 3388 4480 ναυτιλλομένων
3416 4407 3604 4475 λέγειν·
3628 4399 3687 4452 αἰ-

494 4500 592 4555 νοι·
618 4485 733 4540 hac
767 4495 952 4541 autem
982 4485 1164 4541 innuit
1190 4485 1375 4542 varias
1412 4501 1476 4542 ac
1511 4486 1847 4558 multiplices
1879 4487 2076 4543 animae

2184 4486 2424 4543 νίττεται
2458 4488 2517 4543 δὲ
2550 4491 2639 4546 διὰ
2670 4493 2879 4550 τούτων
2901 4497 3002 4562 τὰς
3032 4499 3380 4563 παντοδαπὰς
3402 4496 3495 4568 τῆς
3526 4491 3687 4563 φύσεως

495 4575 1027 4647 calautitates,.quas
1056 4590 1214 4632 nemo
1240 4576 1494 4631 humanas
1516 4575 1798 4646 sapientia:
1818 4574 1870 4630 vi
1893 4574 2077 4630 discu-

2186 4581 2518 4653 συμφοράςο
2570 4584 2637 4649 ἃς
2682 4587 2861 4653 οὐδεὶς
2894 4589 3216 4666 ἀνθρωπίνῃ
3264 4592 3420 4666 σοφίᾳ
3469 4586 3688 4659 χρώμενος

497 4676 613 4720 tere
637 4665 1000 4734 potest..Nec
1049 4667 1195 4722 enim
1240 4666 1463 4723 navium
1500 4666 1914 4738 gubernatores,
1970 4667 2079 4721 huc

2187 4670 2371 4736 ἱκανὸς
2410 4672 2680 4730 διαλῦσαι.
2717 4680 2854 4734 Οὐδὲ
2881 4682 2989 4753 γὰρ
3024 4684 3074 4736 oi
3119 4665 3461 4756 κυϐερνῆται,
3492 4677 3597 4749 τῇδε
3621 4670 3688 4725 κά·

470 4763 554 4811 et
598 4755 731 4810 illuc
758 4756 1049 4811 ebriorum
1099 4757 1279 4811 instar
1328 4757 1537 4828 agitati,
1585 4771 1710 4812 cum
1749 4755 1904 4812 adest
1941 4765 2046 4812 tem

2185 4762 2337 4814 κεῖσε
2388 4764 2698 4833 μεθυόντων
2747 4769 2903 4842 δίκην
2943 4755 3366 4846 περιφερόμενοι
3389 4812 3403 4836 ,
3432 4770 3503 4824 ὅτ’
3536 4767 3591 4821 ἀν
3619 4763 3690 4815 ὑπ’

498 4859 704 4917 pestas.
757 4861 974 4903 omnem
1011 4849 1334 4906 adhibentes
1380 4858 1573 4916 artem,
1630 4849 1770 4903 mala
1818 4864 2080 4920 superare

2190 4850 2339 4924 άρχῃ
2366 4851 2431 4906 τδ
2460 4855 2776 4925 κλυδώνιον,
2824 4862 3008 4917 πᾶσαν
3040 4865 3385 4938 εἰσφέροντες
3410 4859 3500 4931 τὴν
3522 4856 3688 4927 τέχνην

496 4946 748 5007 possunt.

2189 4943 2576 5014 περιγενέσθαι
2607 4946 2863 5006 δύνανται
2896 4953 3005 5008 τῶν
3031 4954 3240 5011 δεινῶν.

570 5025 732 5082 Vens.
768 5027 960 5084 εις-50.
985 5048 1003 5081 ι
1041 5027 1109 5083 Ει
1136 5028 1513 5085 clamaverunt
1539 5029 1605 5085 ad
1634 5029 1925 5085 Dominum
1950 5047 2075 5087 cum

2257 5033 2470 5106 κη’,-λ’.
2507 5056 2526 5091 ι
2558 5038 2672 5096 Καὶ
2718 5041 3030 5117 ὲκέκραξαν
3060 5047 3196 5118 πρὸς
3224 5048 3423 5120 Κύριον
3446 5046 3498 5100 ὲν
3520 5039 3582 5113 τῷ
3609 5030 3689 5088 01t-

562 5226 599 5268 ³³
637 5224 772 5283 Luc.
814 5242 866 5292 v,
894 5226 986 5282 20.
1069 5237 1091 5266 ο
1125 5226 1261 5284 Luc.
1299 5244 1458 5297 mu,
1489 5229 1579 5284 45.

1608 5413 1846 5471 ἾΑΒΙᾹΞ
1872 5415 2261 5476 LECTIONES
2308 5419 2398 5476 ET
2435 5419 2673 5479 ΝΟΤιΕ.

569 5568 886 5659 ﬁgura}...
928 5577 1049 5659 eod.
1082 5578 1103 5631 ί
1164 5579 1495 5659 μεσπι-τῷ.
1564 5583 1620 5659 ξο
1649 5584 1772 5638 cod.
1817 5584 1865 5659 _l_
1893 5584 2151 5659 ἀνυμνεὶξν

2109 5588 2174 5659 te.
2251 5589 2294 5659 ’ξ
2332 5590 2504 5643 Θεόν.
2550 5591 2719 5648 Abest
2749 5609 2777 5648 a
2812 5596 2935 5653 cod.
2981 5600 3035 5654 l.
3110 5600 3159 5632 ¹²
3188 5596 3510 5659 Ποιοῦντες·
3561 5584 3691 5651 ""Pc‘

942 5647 1063 5737 [ex
1106 5645 1303 5737 errore
1368 5645 1621 5737 librarii.
1678 5664 1739 5707 ut
1767 5645 2016 5737 _videtur:

2108 5657 2154 5688 ’³
2188 5657 2338 5737 εοάσ,
2370 5645 2776 5737 Leonidis}?
2818 5645 3039 5724 Vinii
3089 5645 3485 5737 ευέἧῗίἱιὶιὲὲἰ
3506 5669 3548 5713 et
3580 5645 3681 5708 usi-rt

498 5708 717 5779 facins.
750 5714 1030 5770 excitavit.
1106 5720 1151 5750 ιε
1183 5720 1314 5774 Καί.
1370 5722 1536 5779 AbCSt
1595 5708 1624 5778 εἰ
1679 5723 1801 5779 cod.
1859 5708 2027 5782 leta
2072 5708 2482 5785 ιθχιιὶῗεῶνοῖ.
