4006 6198
407 283 551 348 Π59
1366 273 1866 338 THEODORETI
1933 273 2275 335 EPISCOPI
2332 273 2714 334 CYRENSIS
3525 275 3639 343 κω

408 413 643 455 numero
699 397 866 454 etiam
921 397 1051 453 ﬁliis
1105 395 1464 466 peccantibus
1494 394 1721 464 profuit,
1755 401 1815 448 ut
1863 392 1990 448 ﬁdes

2055 390 2446 461 ιμελήσαντας
2481 389 2659 460 ὢνησε
2703 386 2920 452 παῖδας,
2963 385 3038 450 ὡς
3081 387 3204 450 τούς
3244 388 3517 453 Ἰουδαίους
3561 394 3637 446 τοῦ

408 490 711 547 Abrahami
766 488 993 557 Iudaeis,
1056 497 1110 544 et
1171 487 1392 544 Davidis
1448 489 1625 558 pietas
1687 485 1990 542 Salomoni.

2108 479 2364 553 Ἀϐραὰμ
2394 482 2426 550 ή
2469 480 2675 545 πίστις,
2725 479 2802 543 ὡς
2846 478 2940 532 τὸν
2971 477 3294 549 Σολομῶντα
3325 479 3414 533 τοῦ
3451 483 3647 549 Λαϐιδή

414 583 519 637 Sed
571 583 812 650 pravitas
854 592 1073 652 patrum
1109 579 1234 635 ﬁliis
1268 578 1543 634 similibus
1580 593 1798 648 poenam
1831 591 1996 647 ange-

2094 572 2368 626 εὐσέὸεια.
2411 571 2656 643 Πονηρία
2705 570 2761 624 δὲ
2793 569 3051 640 πατέρων
3090 572 3203 633 τοῖς
3233 569 3437 640 ὁμοίοις
3478 577 3641 626 παισὶν

413 673 532 726 bit:
571 672 700 742 quia
745 672 898 728 nullo
925 686 993 726 ex
1029 670 1150 726 loco
1198 667 1598 725 misericordiae
1636 668 1855 724 occasio
1887 666 1992 721 ulla

2096 663 2324 729 ἐπαύξει
2369 663 2469 735 τὴν
2513 663 2786 734 τιμωρίαν
2806 679 2820 693 ·
2852 662 3082 730 οὐδεμία
3108 661 3218 730 γὰρ
3249 662 3540 730 οὐδαμόθεν
3563 666 3641 718 εὐ-

415 765 740 819 invenietur.
779 761 893 818 lioc
935 763 1102 833 igitur
1140 763 1362 818 divinus
1395 777 1577 817 sermo
1607 761 1740 816 dicit
1771 779 1785 816 :
1814 759 1994 815 Judaei

2098 759 2349 830 ρίσκεται
2400 757 2618 829 φειδοῦς
2654 758 2902 828 ἀφορμή.
2943 755 3116 810 Τοῦτο
3147 756 3328 809 τοίνυν
3365 756 3456 810 καὶ
3480 760 3506 810 ὁ
3531 774 3644 829 προ-

417 866 722 910 extremum
771 854 1000 910 exitium
1059 853 1433 924 perferentes,
1498 863 1698 924 prieter
1745 852 1994 923 pr0prias

2095 851 2326 922 φητικδς
2378 850 2484 922 ἔφη
2539 850 2718 919 λόγος,
2756 851 2840 903 ὅτι
2875 848 3124 903 Ἰουδαῖοι
3157 848 3257 920 τὴν
3294 848 3644 920 πανωλεθρίαν

419 948 746 1016 impietates,
778 947 938 1000 etiam
972 947 1042 1001 ob
1078 945 1401 1000 memoriam
1434 955 1782 1016 paternorum
1817 943 1990 999 malo-

2095 945 2462 1016 ὑπομένοντες
2488 945 2623 1016 πρὸς
2647 947 2765 1008 ταῖς
2785 943 3017 1006 οἰκείαις
3039 941 3320 1006 ἀσεϐείαις
3345 945 3410 1013 τῇ
3433 944 3452 974 ¹
3480 945 3645 1018 μνήμη

419 1054 541 1092 rum
570 1043 586 1058 '
619 1038 812 1108 majori
837 1037 1214 1093 exsecratione
1245 1037 1394 1107 digni
1421 1036 1772 1092 videbuntur.
1805 1035 1993 1091 Patres

2094 1037 2206 1092 τῶν
2233 1037 2511 1109 πατρῴων
2543 1037 2729 1091 κακῶν
2760 1037 3092 1106 φανήσονται
3121 1034 3520 1107 βδελυρώτεροι.
3546 1040 3644 1091 Πα-

417 1130 624 1198 quippe
664 1129 884 1183 illorum
916 1136 1075 1183 vocat
1116 1143 1232 1193 eos,
1276 1127 1370 1197 qui
1413 1127 1465 1184 in
1499 1127 1794 1184 solitudine
1830 1127 1996 1198 impie

2095 1130 2270 1197 τέρας
2317 1130 2375 1183 δὲ
2404 1129 2586 1183 αὐτῶν
2621 1128 2778 1182 καλεῖ
2811 1129 2939 1192 τοὺς
2970 1129 3029 1180 ὲν
3063 1130 3129 1200 τῇ
3154 1128 3346 1198 ἐρήμῳ
3378 1130 3442 1200 τῇ
3475 1127 3642 1182 δυσσε-

415 1229 667 1290 egerunt,
715 1229 770 1274 et
813 1234 909 1275 eos
953 1219 1045 1289 qui
1090 1226 1332 1286 tempore
1364 1217 1616 1274 Judicum
1665 1229 1717 1274 et
1762 1219 1991 1289 Regum,

2096 1220 2220 1292 ϐεία
2249 1220 2650 1292 χρησαμένους,
2698 1220 2827 1284 τοὺς
2853 1219 2948 1273 ἐπὶ
2995 1220 3106 1272 τῶν
3147 1218 3387 1290 Κριτῶν,
3415 1220 3534 1283 τοὺς
3568 1221 3645 1274 ἐπὶ

412 1321 468 1367 et
501 1311 594 1382 qui
641 1322 766 1382 post
801 1311 1038 1366 reditum
1088 1325 1118 1364 e
1157 1309 1437 1380 Babylone
1486 1310 1672 1379 inique
1714 1312 1989 1366 vixerunt.

2095 1312 2202 1365 τῶν
2235 1311 2530 1377 Βασιλέων,
2564 1314 2690 1376 τοὺς
2727 1312 2864 1383 μετὰ
2893 1310 2992 1383 τὴν
3023 1311 3131 1366 ἀπὸ
3162 1310 3476 1375 Βαϐυλῶνος
3501 1313 3642 1366 ἐπάν-⁴

415 1402 642 1455 Matrem
679 1416 806 1456 vero
840 1401 916 1454 ait
949 1399 1399 1471 Hierosolymam,
1439 1400 1492 1455 in
1521 1416 1628 1470 qua
1656 1402 1839 1458 scelus
1870 1417 1993 1472 par-

2094 1403 2214 1457 οδον
2283 1405 2601 1476 παρανομίᾳ
2681 1405 3111 1476 συζήσανταςθο
3172 1404 3399 1474 μητέρα
3459 1405 3512 1458 δὲ
3563 1407 3645 1474 τὴν

412 1495 594 1550 ricidii
647 1495 702 1548 in
747 1492 1038 1548 Dominum
1089 1493 1368 1548 Christum
1408 1502 1628 1563 patrare
1676 1494 1797 1549 ausi
1843 1502 1989 1550 sunt.

2101 1491 2471 1564 Ἰερουσαλὴμ
2527 1493 2632 1566 ἔφη
2667 1494 2721 1525 ⁸·
2755 1495 2812 1546 ἐν
2953 1495 3053 1564 τῆς
3092 1493 3241 1546 κατά
3270 1491 3364 1545 τοῦ
3405 1495 3641 1546 Δεσπότου

421 1585 538 1640 Hoc
564 1586 707 1640 enim
739 1586 1005 1640 Dominus
1034 1586 1207 1640 sacris
1235 1585 1288 1639 in
1319 1584 1630 1655 Evangeliis
1657 1585 1794 1640 dixit
1825 1603 1838 1640 ι
1875 1603 1891 1636 ι
1925 1585 1994 1640 Ut

2095 1585 2335 1656 Χριστοῦ
2371 1585 2688 1656 μιαιφονίας
2716 1585 2994 1656 ἐτολμήθη
3022 1587 3083 1639 τδ
3113 1587 3305 1656 μύσος.
3330 1585 3491 1638 Τοῦτο
3511 1588 3600 1657 γὰρ
3625 1588 3640 1618 ³

413 1679 596 1732 veniat
647 1693 814 1748 super
874 1677 1282 1747 generationem
1347 1676 1488 1733 hanc
1530 1677 1710 1734 omnis
1769 1677 1992 1748 sanguis

2095 1680 2123 1732 δ
2151 1679 2356 1751 Κύριος
2385 1682 2443 1733 ἐν
2463 1682 2574 1744 τοῖς
2597 1679 2950 1749 Εὐαγγε).ίοις
2975 1679 3081 1750 ἔφη
3107 1697 3122 1710 ·
3154 1677 3374 1742 ιὍπως
3393 1679 3454 1734 ἂν
3473 1681 3640 1750 ἐπέλθῃ

414 1771 702 1836 innocens,
740 1769 836 1840 qui
869 1768 1078 1824 cﬂ‘usus
1106 1779 1188 1825 est
1221 1784 1386 1839 super
1421 1778 1620 1824 terram
1665 1784 1696 1823 a
1729 1769 1996 1840 sanguine

2058 1759 2068 1804 ί
2099 1771 2192 1824 ἐπὶ
2232 1772 2331 1841 τὴν
2381 1770 2576 1840 γενεὰν
2609 1773 2816 1841 ταύτην
2849 1772 2959 1824 πᾶν
2999 1767 3142 1841 αἷμα
3171 1771 3350 1824 ἀθῶον
3379 1772 3640 1842 ἐκχυνόμε-

412 1863 601 1917 Abelis
646 1862 779 1932 justi
830 1877 1005 1932 usque
1040 1861 1108 1916 ad
1152 1861 1474 1932 sanguinem
1503 1861 1798 1926 Zachariae,
1831 1876 1992 1930 quem

2097 1881 2188 1917 νον
2244 1865 2336 1918 ἐπὶ
2366 1865 2468 1935 τῆς
2523 1865 2651 1935 γῆς,
2695 1865 2803 1920 ἀπὸ
2854 1865 2948 1919 τοῦ
3006 1865 3246 1935 αἵματος
3278 1865 3438 1918 ’Ἅϐελ
3471 1867 3553 1918 τοῦ
3576 1866 3641 1922 δι·

413 1955 737 2009 occidcrunt
785 1954 927 2007 inter
975 1955 1237 2023 templum
1285 1962 1339 2008 et
1390 1952 1560 2006 altare
1581 1962 1629 2005 ει.
1669 1969 1688 2003 ι
1737 1951 1993 2006 Omnium

2098 1955 2279 2021 καίου,
2307 1955 2412 2020 ἕως
2440 1954 2530 2010 τοῦ
2561 1956 2798 2026 αἵματος
2826 1957 3120 2027 Ζαχαρίου,
3147 1958 3167 1988 ⁸
3188 1952 3247 2012 οὗ
3269 1957 3544 2026 ἐφόνευσαν
3565 1974 3639 2028 με-

413 2047 560 2100 enim
600 2047 789 2100 eodem
818 2059 1059 2115 tempore
1089 2061 1281 2114 pcenas
1306 2044 1562 2116 pendent.

2096 2047 2229 2112 ταξύ
2268 2048 2363 2102 τοῦ
2408 2049 2540 2104 ναοῦ
2568 2049 2664 2102 καὶ
2691 2051 2786 2102 τοῦ
2819 2049 3238 2120 θυσιαστηρίου.
3267 2068 3286 2101 ι
3317 2051 3530 2104 Πάντων
3551 2049 3640 2122 γὰρ

2098 2139 2242 2192 κατὰ
2273 2141 2469 2193 ταυτῗιν
2489 2139 2702 2192 τίσουσι
2731 2141 2908 2204 δίκας.

483 2227 652 2283 Vens.
695 2229 781 2283 t5.
831 2247 851 2282 ι
887 2227 1012 2285 Sint
1046 2243 1235 2284 coram
1267 2226 1500 2282 Domino
1529 2242 1770 2296 semper,
1805 2234 1860 2281 et
1891 2225 1997 2281 dis-

2173 2223 2255 2276 ιε’.
2304 2243 2322 2276 ι
2375 2224 2768 2296 Γενηθήτωσαν
2818 2227 3061 2282 ἐναντίον
3117 2229 3330 2300 Κυρίου
3364 2227 3639 2292 διαπαντὸς,

415 2330 602 2390 pereat
632 2321 700 2376 de
731 2333 873 2376 terra
911 2321 1174 2376 memoria
1219 2336 1435 2376 eorum.
1478 2319 1682 2375 Omnes
1711 2320 1880 2386 enim,
1915 2319 1997 2374 in-

2099 2313 2195 2367 καὶ
2241 2313 2650 2387 ὲξολοθρευθείη
2698 2316 2764 2370 ἐκ
2807 2319 2908 2387 γῆς
2937 2318 2997 2370 τὸ
3038 2321 3385 2390 μνημόσυνον
3419 2317 3634 2370 αὐτῶν.»

413 2415 552 2481 quit,
600 2414 915 2481 iniquitates
955 2428 1096 2482 quas
1143 2413 1266 2468 ausi
1319 2420 1469 2477 sunt,
1519 2425 1736 2481 semper
1777 2410 1995 2466 intuens

2099 2404 2286 2459 Πάντα
2335 2407 2464 2476 γάρ,
2500 2408 2651 2479 φησὶ,
2685 2407 2753 2462 τά
2792 2408 2882 2461 ὐπ’
2909 2409 3092 2463 αὐτῶν
3122 2411 3462 2481 τολμηθέντα
3491 2409 3635 2479 παρὰ·

416 2504 580 2565 Deus,
618 2505 763 2558 nulla
799 2505 1174 2560 misericordia
1201 2520 1298 2561 eos
1321 2503 1657 2578 dignabitur,
1705 2503 1796 2558 sed
1831 2503 1998 2557 inter-

2098 2513 2238 2568 νομα
2267 2497 2356 2551 ἀεὶ
2391 2497 2662 2569 θεώμενος
2693 2501 2722 2552 ὁ
2748 2501 2901 2566 Θεὸς,
2933 2501 3202 2571 οὐδεμιᾶς
3232 2503 3424 2565 αὐτοὺς
3454 2501 3636 2567 ἀξιώσει

416 2596 650 2650 necione
675 2597 799 2652 illos
828 2598 1100 2652 multabit.
1145 2597 1212 2652 Et
1238 2597 1365 2652 hinc
1388 2605 1557 2668 patet,
1614 2596 1758 2664 quod
1793 2610 1900 2649 non
1934 2595 1998 2652 de

2099 2585 2337 2655 φειδοῦς.
2377 2586 2513 2641 ἀλλὰ
2541 2587 2890 2659 πανωλεθρίᾳ
2916 2589 3260 2661 παραδώσει.
3294 2589 3400 2642 Καὶ
3430 2587 3635 2640 ἐντεῦθεν

414 2685 552 2741 Juda
586 2696 817 2756 tantum,
844 2690 938 2745 sed
961 2691 1027 2744 de
1043 2690 1300 2745 omnibus
1319 2689 1634 2743 infidelibus
1663 2687 1779 2742 haec
1808 2703 1996 2742 narra—

2101 2677 2286 2746 μέντοι
2337 2675 2516 2746 δῆλον,
2571 2677 2649 2740 ὼς
2695 2678 2756 2730 οὐ
2806 2679 2935 2748 περὶ
2991 2679 3160 2748 μόνου
3194 2677 3286 2731 τοῦ
3317 2677 3497 2742 Ἰούδα,
3527 2675 3635 2728 ἀλλά

415 2781 602 2834 verit:
636 2783 1080 2852 quandoquidem
1122 2783 1190 2837 ab
1237 2784 1399 2837 unico
1437 2781 1502 2836 ad
1551 2781 1754 2838 multos
1797 2781 1997 2836 oratio-

2099 2765 2228 2837 περὶ
2271 2764 2491 2819 πάντων
2543 2766 2562 2797 ⁷
2599 2767 2987 2837 ήπιστηκότων
3029 2767 3211 2821 ταῦτα
3267 2767 3490 2836 διῆλθεν.
3531 2766 3635 2816 Ἀπὸ

415 2889 540 2927 nem
585 2874 868 2929 transfert.
899 2874 1018 2930 Non
1064 2874 1210 2931 enim
1255 2875 1370 2946 jam
1424 2875 1563 2929 dixit
1591 2874 1728 2943 ejus,
1776 2874 1870 2929 sed
1914 2891 1997 2928 eo-

2097 2859 2206 2928 γάρ
2234 2857 2416 2911 ἑνικοῦ
2447 2858 2767 2928 προσώπου,
2804 2859 2898 2912 ἐπὶ
2924 2858 2984 2911 τὸ
3004 2859 3376 2930 πληθυντικὸν
3402 2859 3485 2910 τὸν
3511 2857 3634 2923 λόγον

415 2981 557 3020 ηιηι⁸
1794 2985 1801 2991 -
2025 2998 2068 3056 C
2104 2955 2459 3026 μετήνεγκεν.
2494 2953 2688 3007 Οὐκέτι
2741 2954 2850 3024 γὰρ
2877 2948 3031 3007 εἶπεν
3064 2955 3281 3018 αὑτοῦ,
3315 2953 3425 3008 ἀλλ’
3454 2949 3634 3006 αὐτῶν.

493 3061 708 3132 1386
736 3059 903 3117 Vens.
946 3063 1034 3128 16,
1071 3063 1159 3117 17.
1206 3081 1226 3116 ι
1267 3062 1372 3118 Pro
1397 3078 1464 3119 eo
1493 3064 1639 3134 quod
1663 3078 1771 3119 non
1797 3073 1882 3120 est
1905 3079 1993 3118 re-
2028 3041 2068 3056 ν

2049 3041 2068 3056 ⁸
2176 3044 2271 3110 ις’,
2307 3045 2390 3109 ιζ’.
2440 3064 2458 3097 ι
2506 3045 2647 3098 Ἀνθ’
2678 3041 2752 3098 ῶν
2794 3045 2895 3099 οὐκ
2940 3046 3196 3116 ἐμνήσθη
3251 3045 3463 3116 ποιῆσαι
3498 3043 3631 3102 ἕλεος.

420 3153 678 3207 cordatus
699 3153 1136 3209 misericordiam
1163 3155 1444 3211 exhibere.
1478 3155 1542 3210 Et
1566 3166 1888 3227 persecutus
1913 3165 1997 3210 est

2097 3137 2208 3192 Kal
2247 3138 2574 3203 κατεδίωξεν
2598 3138 2885 3207 ἄνθρωπον
2923 3139 3161 3208 πένητα,
3204 3139 3296 3192 καὶ
3326 3137 3540 3207 πτωχὸν,
3563 3134 3635 3184 καὶ

421 3243 699 3297 hominem
744 3245 958 3315 inopem
996 3255 1050 3301 et
1103 3248 1438 3315 mendicum,
1497 3257 1552 3303 et
1607 3256 1993 3318 compunctum

2104 3229 2569 3300 κατανενυγμένον
2597 3233 2665 3301 τῇ
2708 3229 2908 3301 καρδίᾳ
2935 3228 3031 3283 τοῦ
3068 3229 3404 3284 θανατῶσαι.
3441 3245 3459 3279 ι
3488 3222 3636 3278 Ταῦτα

414 3334 582 3388 corde
605 3345 664 3388 ut
707 3334 1017 3392 interﬁciat.
1043 3355 1062 3387 ι
1094 3335 1218 3392 Haec
1237 3346 1440 3403 autem,
1462 3338 1662 3407 inquit,
1688 3338 1994 3407 patiuntur,

2097 3322 2174 3386 δὲ,
2209 3323 2364 3392 φησι,
2393 3321 2699 3389 πείσονται,
2749 3322 2974 3394 ἀπηνῶς
3008 3323 3102 3375 καὶ
3136 3321 3413 3394 θηριωδῶς
3433 3321 3494 3390 τῇ
3519 3333 3636 3388 μιαι-

416 3424 565 3494 quod
598 3426 898 3483 crudeliter
919 3435 973 3482 et
1001 3427 1236 3483 ferarum
1265 3429 1442 3485 instar
1468 3427 1822 3498 parricidium
1855 3444 1998 3483 com-

2099 3412 2260 3484 φονία
2306 3411 2672 3484 χρησάμενοι,
2723 3413 2816 3467 καὶ
2855 3412 2948 3466 τὸν
3001 3413 3159 3486 πάσῃ
3210 3413 3535 3485 χρησάμενον
3564 3424 3636 3478 με-

417 3515 695 3583 miserint,
728 3526 785 3572 et
811 3533 960 3583 eum,
1010 3519 1106 3589 qui
1145 3519 1295 3574 omni
1339 3520 1716 3575 moderatione
1751 3529 1806 3574 et
1851 3533 1999 3572 man-

2098 3506 2344 3576 τριότητι
2399 3507 2496 3559 καὶ
2546 3504 2818 3574 πραότητι
2869 3503 3033 3576 μέχρι
3087 3504 3326 3559 θανάτου
3370 3501 3635 3567 διώξαντες.

415 3609 712 3664 suetudine
769 3626 906 3667 usus
954 3621 1076 3676 est,
1135 3611 1202 3666 ad
1255 3627 1444 3666 necem
1503 3627 1679 3680 usque
1727 3610 1997 3680 persecuti

2099 3596 2323 3658 Τούτοις
2362 3595 2794 3658 καὶἊπόστολος
2824 3595 3130 3667 μαρτυρεῖε
3154 3596 3355 3664 λόγοις,
3388 3595 3475 3647 καὶ
3505 3590 3637 3653 αὐτὸς

417 3699 642 3755 fuerint.
679 3699 746 3754 Et
787 3701 902 3757 haec
938 3701 1237 3772 Apostolus
1264 3702 1581 3757 testimonio
1618 3716 1720 3758 suo
1748 3716 1999 3772 compro-

2098 3692 2127 3744 ὁ
2161 3690 2437 3760 Δεσπότης
2459 3708 2472 3723 ο
2495 3691 2523 3743 ὁ
2561 3689 2659 3761 μὲν
2706 3689 3030 3753 Ἀπόστολος
3062 3688 3226 3759 βοῶν·
3261 3707 3280 3740 ι
3317 3689 3407 3751 ⁸ος
3433 3686 3493 3739 δι’
3521 3684 3640 3753 ἡμᾶς

415 3795 533 3862 bat,
585 3804 641 3851 et
689 3795 810 3866 ipse
856 3797 1023 3851 etiam
1073 3798 1363 3852 Dominus.
1411 3797 1716 3868 Apostolus
1779 3797 1997 3866 quidem

2102 3781 2420 3852 ἐπτώχευσε
2464 3781 2721 3844 πλούσιος
2745 3779 2846 3844 ὣν,
2878 3780 2968 3835 ἵνα
3000 3782 3167 3851 ἡμεῖς
3197 3781 3264 3851 τῇ
3299 3778 3496 3832 ἐκείνου
3523 3792 3640 3826 πτω-

416 3889 776 3944 exclamans:
835 3906 857 3939 ι
893 3888 999 3954 Qui
1051 3903 1174 3944 cum
1228 3898 1374 3946 esset
1419 3889 1593 3957 dives,
1633 3899 1857 3961 propter
1899 3903 1998 3945 nos

2101 3873 2221 3945 χεία
2255 3872 2646 3942 πλουτήσωμεν
2667 3889 2680 3902 ·
2715 3889 2734 3922 ι
2758 3871 2853 3926 καὶ
2877 3870 3061 3925 πάλιν·
3092 3889 3110 3922 ι
3143 3873 3242 3934 Ὃς
3259 3872 3315 3924 ὲν
3351 3868 3516 3940 μορφῇ
3532 3865 3636 3916 Θεοῦ

415 3993 619 4048 egenus
668 3977 847 4033 factus
897 3987 1002 4046 est,
1053 3989 1112 4036 ut
1167 3981 1315 4038 illius
1365 3982 1549 4050 inopia
1579 3954 1800 4038 divites
1847 3996 1997 4036 esse-

2100 3968 2380 4038 ὑπάρχων.
2415 3967 2514 4036 οὐχ
2550 3963 2848 4036 ἁρπαγμὸν
2875 3964 3125 4036 ἡγήσατο
3158 3965 3219 4016 τὸ
3249 3959 3384 4016 εἶναι
3416 3960 3496 4012 ίσα
3522 3954 3634 4050 Θεῷ.

419 4084 540 4124 mus
560 4077 600 4122 τ.
636 4087 656 4122 ι
689 4067 756 4123 Et
783 4086 975 4128 rursus
1009 4089 1024 4125 :
1065 4090 1084 4125 ι
1122 4073 1381 4139 Quicum
1420 4072 1656 4129 formam
1702 4073 1796 4128 Dei
1836 4073 2000 4127 habe-

2100 4057 2217 4112 ἀλλ’
2234 4056 2426 4112 ἑαυτὸν
2447 4056 2683 4110 ὲκένωσε
2701 4054 2914 4128 μορφήν
2948 4054 3139 4109 δούλου
3165 4053 3366 4108 λαϐών·
3393 4071 3412 4104 ι
3432 4053 3457 4104 ὁ
3481 4050 3529 4102 δὲ
3549 4045 3639 4139 Κύ-

417 4170 520 4226 ret,
556 4177 662 4217 non
703 4163 951 4233 rapinam
979 4165 1277 4222 arbitratus
1331 4173 1417 4221 est
1460 4181 1520 4221 se
1565 4181 1688 4221 esse
1731 4165 1994 4235 aequalem

2103 4169 2216 4224 ριος
2240 4150 2334 4205 νῦν
2368 4149 2465 4221 μέν
2506 4150 2699 4221 φησιθ·
2740 4166 2759 4201 ι
2783 4148 2999 4203 Μάθετε
3043 4148 3141 4200 ἀπ’
3185 4145 3342 4216 ἐμοῦ,
3372 4145 3450 4197 ὅτι
3498 4136 3639 4210 πρᾶός

417 4251 550 4313 Deo,
579 4254 672 4306 sed
707 4253 1061 4324 semetipsum
1104 4253 1426 4321 exinanivit,
1469 4253 1702 4309 formam
1734 4253 1874 4310 servi
1909 4269 1999 4308 ac-

2101 4243 2346 4315 είμι,καὶ
2371 4242 2624 4307 ταπεινὸς
2657 4243 2722 4313 τῇ
2751 4241 2950 4313 καρδίᾳ
2975 4239 3068 4294 καὶ
3095 4239 3154 4292 εὐ
3165 4240 3357 4311 ρήσετε
3379 4236 3639 4290 ἀνάπαυσιν

419 4342 628 4412 cipiens
655 4351 700 4400 '.
747 4363 766 4397 ι
822 4321 1193 4402 Είῡοιηίηιιε
1237 4362 1380 4402 nunc
1426 4347 1645 4415 quidem
1697 4347 1813 4401 ait:
1857 4365 1874 4398 ι
1909 4345 1997 4400 Di-

2057 4333 2074 4388 i
2099 4339 2221 4400 ταῖς
2247 4337 2446 4408 ψυχαῖς
2472 4333 2627 4406 ὑμῶν
2653 4349 2666 4364 ⁸
2706 4353 2725 4386 ι
2752 4333 2846 4388 νῦν
2872 4332 2959 4386 δέ·
2996 4350 3014 4383 ι
3046 4333 3113 4385 Δί
3139 4329 3420 4391 ἀλώπεκες
3440 4321 3639 4415 φωλεούς

420 4435 556 4490 scite
585 4451 615 4490 a
653 4451 761 4502 me,
802 4439 931 4508 quia
961 4439 1110 4494 mitis
1160 4456 1304 4505 sum,
1358 4448 1413 4494 et
1448 4440 1675 4494 humilis
1712 4440 1898 4504 corde,
1942 4450 1997 4495 et

2095 4429 2300 4501 ἔχουσι,
2330 4429 2423 4482 καὶ
2452 4425 2675 4480 πετεινά
2695 4424 2786 4478 τοῦ
2817 4422 3050 4497 οὐρανοῦ
3079 4417 3515 4490 κατασκηνώσεις
3534 4407 3638 4466 ’ὁδὲ

419 4525 709 4582 invenietis
750 4533 993 4601 requiem
1020 4547 1119 4601 pro
1144 4533 1436 4587 animabus
1466 4533 1663 4587 vestris
1694 4533 1710 4568 ι
1742 4550 1756 4598 ;
1794 4549 1812 4582 ι
1848 4545 1996 4587 nunc

2097 4524 2212 4587 υίὸς
2261 4522 2353 4576 τοῦ
2399 4519 2687 4592 ἀνθρώπου
2751 4518 2852 4573 οὐκ
2918 4517 3034 4588 ἔχει
3098 4513 3204 4570 ποῦ
3278 4515 3376 4585 τὴν
3433 4503 3637 4578 κεφαλὴν

420 4634 592 4672 vero:
644 4639 663 4671 ι
704 4621 906 4692 Vulpes
958 4622 1146 4680 foveas
1194 4625 1417 4689 habent,
1463 4634 1519 4679 et
1563 4624 1816 4679 volucres
1869 4623 1993 4678 οωΙί

848 4638 906 4678 es
958 4622 1146 4680 foveas
1194 4625 1417 4689 habent,
1463 4634 1519 4679 et
1563 4624 1816 4679 volucres
1869 4623 1993 4678 οωΙὶ
2096 4615 2253 4689 κλίνῃ
2290 4615 2371 4668 ¹⁰.
2409 4632 2428 4666 ι

421 4712 599 4778 nidos,
628 4712 798 4770 Filius
826 4726 1009 4771 autem
1037 4717 1276 4772 hominis
1309 4733 1418 4771 non
1448 4717 1610 4772 habet
1640 4717 1732 4771 ubi
1764 4715 1989 4771 reclinet

419 4813 583 4874 caput
613 4815 830 4860 suum“.
873 4825 892 4858 ι
3183 4877 3194 4881 ,
3246 4875 3308 4881 ,,-
3430 4871 3442 4881 .
3492 4867 3513 4881 .

495 4893 655 4951 Vens.
699 4896 785 4950 18.
833 4914 852 4947 ι
898 4895 964 4952 Ει
989 4898 1184 4954 dilexit
1226 4899 1692 4966 maledictionem,
1729 4908 1783 4954 ct
1812 4897 1996 4953 veniet

2177 4899 2266 4962 ιη’.
2313 4908 2332 4941 ι
2372 4888 2478 4943 Καὶ
2507 4884 2765 4956 ἠγάπησε
2794 4881 3067 4952 κατάραν,
3110 4877 3208 4931 καὶ
3241 4875 3360 4946 ἥξει
3387 4867 3540 4976 αὐτῷζ
3566 4863 3638 4968 καὶ

420 4979 473 5036 ei
514 4996 531 5038 :
575 4994 630 5038 et
668 4983 846 5039 noluit
891 4985 1353 5053 benedictionem,
1415 4997 1470 5042 et
1528 4961 1875 5058 ειοιιέιώίιιιι⁸
1925 4985 1994 5040 ab

2106 4961 2228 5036 00y.
2251 4980 2515 5051 ἠθέλησεν
2555 4974 2832 5043 εὐλογίαν,
2857 4971 2951 5026 καὶ
2983 4966 3429 5040 μακρυνθήσεται
3455 4961 3539 5015 ἀπ’
3562 4961 3637 5007 αὑ-

421 5173 1046 5302 ηίίέᾇθίίδλυυιδδ·
1127 5191 1150 5221 ¹
1191 5182 1235 5238 υ
1262 5182 1389 5239 Cor.
1421 5200 1538 5249 vui.
1569 5184 1621 5239 9.
1738 5179 2275 5251 ει)1ιὶ1ἱρρ.ιι,6,7.
2395 5172 2736 5239 tumtum,
2776 5169 2867 5224 ει).
2943 5149 3631 5228 uMatth.vm,20;Luc.

483 5282 501 5312 ,
606 5285 621 5301 .

409 5365 419 5398 l

1485 5385 1716 5440 VARUE
1764 5383 2151 5439 LECTIONES
2189 5381 2275 5436 ΕΤ
2304 5380 2536 5438 ΝΟΤΙΕ.

491 5530 802 5607 ’.Tﬁ._cod.
845 5537 868 5590 Ι
911 5554 1099 5607 prtem.
1143 5539 1255 5596 καί.
1332 5540 1350 5571 ³
1381 5541 1500 5595 cod.
1567 5541 1585 5593 Ι
1653 5539 1946 5605 συζῶντας.
2023 5539 2043 5570 "

2073 5539 2251 5606 Ἔφη.
2299 5537 2465 5591 Abest
2502 5551 2546 5607 a7
2579 5535 2703 5607 eod.
2747 5533 2771 5587 1
2851 5534 2872 5566 ³
2898 5529 3049 5607 reip.
3101 5526 3281 5607 {mihi
3318 5520 3422 5579 καί.
3455 5517 3527 5607 ﬂ"
3546 5500 3628 5607 01:1.

425 5595 549 5697 (30d.
593 5581 629 5651 ¹ί
671 5601 750 5652 ὃν.
782 5670 796 5682 ι
859 5607 878 5637 ⁷
913 5581 1178 5666 Iheb-tur.
1239 5581 1429 5669 ξολλ
1496 5611 1618 5664 add.
1682 5581 1808 5668 τῶν.
1901 5581 1937 5640 ’⁸
1969 5614 2007 5664 Α

509 5667 634 5723 cod.
679 5667 702 5718 1
747 5675 941 5726 κλῖναι.

2043 5581 2465 5678 ῖγᾶξῗὲοᾙῗῖ
2486 5581 2788 5668 a_ddv.';oic_.
2898 5581 2923 5634 δ
2958 5581 3131 5670 dinei.
3172 5597 3360 5653 Abest.
3385 5611 3416 5648 a
3443 5587 3547 5645 coJ.
3589 5581 3625 5632 i-
