4006 6198
356 297 485 367 1761

1682 299 1765 363 IN
1813 302 2019 363 PSAL.
2058 300 2266 365 CVIII.

3491 298 3629 372 1769.

347 409 467 464 τοῦ.
521 427 543 458 ν
587 405 862 462 Ἐνταῦθα
915 405 1104 476 σαφῶς
1141 405 1203 461 τδ
1256 407 1513 463 εὐκτικὸν
1559 411 1942 482 μεταϐέϐληκε

2050 427 2134 466 eo.
2176 428 2195 462 ι
2237 410 2354 465 Hoc
2401 411 2455 464 in
2510 410 2633 466 loco
2683 409 2976 467 manifesto
3006 413 3341 483 precationis
3394 414 3626 473 formam

350 493 562 566 σχῆμα,
622 496 716 550 καὶ
771 496 1258 568 προαγορευτικῶς
1309 498 1602 570 ἀμφότερα
1664 501 1935 569 τέθεικεν,

346 591 432 642 ὅτι
466 587 560 642 καὶ
583 587 683 660 τὴν
704 588 953 658 κατάραν
975 587 1044 660 ἢν
1073 590 1377 660 ἠγάπησαν
1404 590 1693 663 λήψονται,
1721 595 1815 648 καὶ
1838 595 1940 665 τῆς

351 676 605 745 εὐλογίας
641 678 706 742 ¹·¹,
732 677 802 748 ἢν
824 677 1009 731 λαϐεῖν
1033 678 1132 733 οὐκ
1162 678 1455 752 ἠθέλησαν,
1488 682 1937 755 στερηθήσονται.

351 783 369 814 t
406 768 520 821 Kal.
560 768 849 822 ἐνεδύσατο
904 771 1153 840 κατάραν
1190 771 1265 836 ὡς
1296 775 1538 844 ἱμάτιον.
1582 795 1601 828 ι
1644 777 1790 830 Ἀντὶ
1820 778 1937 844 τοῦ,

351 858 525 930 ταύτῃ
584 861 926 931 πανταχόθεν
960 863 1447 933 περιεστοίχισται.
1492 883 1511 917 ι
1540 865 1651 920 Καὶ
1688 867 1940 938 εἰσῆλθεν

353 948 485 1002 ὡσεὶ
543 951 690 1022 ὕδωρ
746 954 826 1016 εἰς
872 954 940 1007 τά
973 953 1181 1022 ἔγκατα
1226 955 1416 1012 αὐτοῦ.
1459 977 1478 1010 ι
1524 959 1598 1011 Οὐ
1625 958 1737 1031 γὰρ
1780 959 1940 1030 μόνον

355 1041 577 1106 ἔξωθεν,
631 1043 768 1097 ἀλλὰ
800 1046 894 1097 καὶ
928 1045 1143 1101 ἔνδοθεν
1174 1047 1518 1118 περίκεινται
1548 1050 1616 1104 τὰ
1642 1050 1811 1118 κακὰ,
1842 1050 1941 1105 καὶ

357 1131 462 1183 ὑπὸ
526 1131 736 1186 τούτων
810 1134 969 1205 δίκην
1027 1134 1223 1200 ὓδατος
1284 1136 1733 1208 περικλύζονται.
1805 1135 1939 1194 Εῐτα

354 1221 543 1291 ἐπειδὴ
596 1223 656 1276 τὸ
704 1222 849 1295 ὕδωρ
895 1224 1113 1296 ἀρδεύει
1152 1225 1253 1297 μὲν
1278 1226 1341 1280 τὸ
1386 1228 1546 1298 σῶμα
1601 1229 1696 1284 καὶ
1729 1229 1935 1301 βρέχει,

355 1315 455 1368 οὐκ
488 1314 599 1384 ἔχει
630 1315 684 1368 δὲ
710 1317 947 1387 μόνιμον
969 1316 1068 1389 τὴν
1096 1317 1393 1390 ὑγρότητα,
1418 1321 1697 1392 ἐπήγαγεν
1728 1338 1741 1353 ο
1779 1342 1797 1374 ι
1830 1324 1940 1378 Καὶ

355 1405 489 1458 ὡσεὶ
534 1406 715 1460 ἔλαιον
770 1409 830 1462 ὲν
881 1410 993 1472 τοῖς
1051 1410 1263 1474 ὀστέοις
1320 1412 1509 1468 αὑτοῦ.
1551 1433 1569 1466 ι
1634 1414 1709 1467 Τὸ
1751 1416 1797 1447 ¹²
1830 1415 1939 1488 γὰρ

354 1498 535 1553 ἔλαιον
583 1499 677 1577 ἐπὶ
731 1501 986 1555 πλεῖστον
1014 1501 1267 1572 ἐπιμένει
1292 1502 1371 1575 τῷ
1404 1504 1642 1577 σώματι.
1676 1507 1742 1561 Ὃ
1771 1506 1829 1560 δὲ
1853 1507 1939 1560 λέ-

353 1605 441 1658 γει
500 1588 744 1643 τοιοῦτόν
795 1592 982 1645 ἐστιν’
1024 1592 1485 1667 Ἐπενεχθήσεται
1545 1599 1687 1670 φορὰ
1726 1599 1935 1667 κακῶν,

353 1681 448 1735 τοῦ
484 1683 582 1753 μὲν
624 1682 819 1748 ὓδατος
847 1684 945 1757 τὴν
1001 1687 1360 1759 σφοδρότητα,
1405 1690 1500 1742 τοῦ
1538 1691 1596 1745 δὲ
1626 1690 1807 1746 ἐλαίου
1848 1709 1939 1764 μι⁴

356 1772 606 1845 μουμένη
654 1774 714 1827 τὸ
743 1774 992 1845 μόνιμον.

427 1889 514 1945 ιϐ’.
574 1909 595 1943 ι
633 1891 927 1964 Γενηθήτω
979 1892 1132 1965 αὐτῷ
1173 1895 1252 1959 ὡς
1286 1896 1523 1966 ἱμάτιον,
1552 1897 1581 1950 ὃ
1618 1896 1940 1967 περιϐάλλε-

350 2000 445 2053 ται
475 2000 488 2013 ·
535 1984 632 2039 καὶ
661 1985 795 2038 ὡσεὶ
823 1984 991 2058 ζώνη,
1031 1987 1100 2055 ἣν
1124 1987 1415 2053 διαπαντὸς
1454 1988 1876 2061 περιζώννυται.
1912 2009 1934 2043 ι

354 2077 723 2147 Πανταχόθεν,
782 2079 938 2147 φησι,
994 2080 1108 2142 τοῖς
1139 2080 1565 2152 προειρημένοις
1600 2082 1811 2146 κακοῖς,
1841 2081 1939 2136 καὶ

354 2168 433 2232 ὡς
497 2168 689 2247 ἐσθῆτι
743 2168 1125 2237 καλυπτέσθω,
1178 2169 1276 2224 καὶ
1321 2168 1396 2234 ὡς
1441 2170 1684 2243 ζωστῆρι
1706 2171 1939 2242 σφιγγέ-

357 2261 493 2319 σθω.

427 2373 502 2430 κ’.
546 2393 567 2429 ι
616 2373 793 2429 Τοῦτο
839 2375 886 2407 ¹³
927 2374 991 2428 τὸ
1021 2374 1184 2447 ἔργον
1226 2376 1337 2429 τῶν
1365 2376 1825 2431 ὲνδιαϐαλλόντων
1870 2393 1939 2447 με

354 2467 511 2537 παρὰ
547 2468 781 2540 Κυρίου.
816 2485 835 2519 ι
862 2468 927 2521 Οἱ
953 2467 1010 2520 δὲ
1035 2467 1208 2534 ἄλλοι,
1226 2467 1346 2522 τῶν
1374 2469 1821 2539 ἀντικειμένων,
1842 2470 1943 2539 ἡρ-

358 2559 660 2630 μήνευσαν.
703 2578 724 2611 ι
774 2559 886 2612 Καὶ
921 2558 1032 2612 τῶν
1063 2558 1371 2614 λαλούντων
1405 2560 1620 2632 πονηρὰ
1664 2565 1805 2614 κατὰ
1839 2560 1941 2631 τῆς

351 2650 537 2720 ψυχῆς
570 2667 694 2721 μου.
732 2669 752 2703 ι
783 2650 1022 2714 Τούτους
1049 2651 1385 2722 τρυγήσουσι
1405 2652 1534 2716 τοὺς
1548 2652 1817 2723 καρποὺς,
1847 2652 1943 2706 καὶ

352 2743 406 2795 oi
438 2742 501 2794 τὸ
547 2743 686 2812 πρὸς
719 2742 821 2813 ἐμὲ
863 2744 1019 2812 μῖσος
1061 2743 1483 2814 άναδειξάμενοι
1532 2743 1598 2809 ⁸⁸,
1628 2745 1723 2797 καὶ
1754 2745 1785 2797 ὁ
1810 2744 1941 2798 τού-

352 2850 477 2897 τοις
532 2834 887 2905 ὑπουργήσας
931 2835 1216 2907 προδότης.
1270 2835 1493 2906 Ἐπειδὴ
1527 2835 1637 2907 γὰρ
1696 2834 1943 2890 ἀντίθεον

353 2924 530 2978 αὐτὸν
561 2926 658 2979 καὶ
689 2926 1009 2997 παράνομον
1040 2925 1293 2990 ἐκάλουν,
1323 2927 1553 2990 εἰκότως
1580 2920 1724 2980 εἷπε·
1763 2943 1782 2978 ι
1818 2925 1942 2980 Τῶν

354 3016 822 3071 ἐνδιαϐαλλόντων
860 3034 928 3088 με
951 3018 1103 3090 παρὰ
1136 3016 1365 3088 Κυρίου.
1389 3035 1410 3069 ι

2045 503 2302 569 mutavit,
2342 511 2402 557 et
2434 502 2842 561 vaticinationis
2889 520 3040 561 more
3088 514 3384 577 utrumque
3421 509 3629 578 posuit,

2042 603 2099 649 et
2156 594 2303 665 quod
2361 594 2826 663 maledictionem,
2882 613 3046 667 quam
3111 598 3480 675 adamarnnt,
3536 615 3630 655 ac-

2040 687 2299 757 cepturi‘
2335 686 2466 755 sint,
2511 696 2565 744 et
2611 691 2756 759 quod
2808 689 3210 755 benedictione,
3262 707 3429 761 quam
3485 694 3630 747 acci-

2040 790 2173 845 pere
2201 774 2524 843 noluerunt,
2567 777 2792 832 earituri
2840 777 2972 833 sint.
3020 796 3039 830 ι
3073 777 3137 833 Ει
3189 778 3368 833 induit
3397 780 3630 835 maledi-

2040 867 2302 933 etionem,
2334 868 2479 924 sicut
2508 868 2922 925 vestimentum.
2965 889 2984 923 ι
3020 870 3190 937 Quasi
3222 872 3429 927 diceret
3464 889 3476 924 :
3516 871 3632 929 llac

2039 960 2401 1032 undiquaquc
2452 962 2666 1019 cinctus
2717 971 2824 1019 est.
2886 982 2905 1016 ι
2938 962 3004 1018 Ει
3044 963 3268 1019 intravit
3304 965 3446 1021 sicut
3480 980 3624 1036 aqua

2041 1053 2095 1108 in
2140 1053 2404 1110 interiora
2446 1055 2590 1125 ejus.
2625 1074 2645 1109 ι
2692 1054 2810 1111 Non
2843 1056 3008 1112 modo
3048 1058 3195 1112 enim
3248 1056 3407 1124 foris,
3440 1075 3628 1113 verum

2040 1147 2205 1202 etiam
2239 1148 2391 1203 intus
2422 1148 2788 1204 circmnstant
2832 1150 3000 1216 mala,
3032 1158 3087 1206 et
3122 1151 3192 1207 ab
3231 1151 3319 1207 his
3362 1160 3626 1221 tanquam

2042 1242 2111 1296 ab
2155 1257 2299 1313 aqua
2346 1243 2894 1300 circumfunduntur.
2932 1243 3139 1300 Deinde
3168 1246 3428 1314 quoniam
3481 1260 3627 1315 aqua

2046 1331 2242 1404 irrigat
2288 1336 2510 1405 quidem
2562 1350 2788 1406 corpus,
2831 1336 3043 1407 1387
3075 1346 3130 1391 et
3170 1336 3484 1402 madefecit,
3535 1337 3632 1391 sed

2041 1438 2151 1478 non
2184 1425 2346 1480 habet
2368 1426 2588 1482 ﬁrmum
2620 1427 2925 1493 humorem,
2958 1428 3147 1483 subdit
3179 1447 3192 1483 :
3223 1447 3242 1481 ι
3273 1429 3338 1483 Ει
3367 1439 3631 1498 tanquam

2043 1511 2223 1569 oleum
2263 1515 2320 1569 in
2353 1516 2573 1572 ossibus
2618 1516 2759 1587 ejus.
2798 1536 2816 1569 ι
2870 1517 3063 1573 Oleum
3113 1519 3259 1574 enim
3311 1520 3519 1575 diutius
3574 1519 3630 1574 in

2043 1620 2277 1675 corpore
2336 1616 2645 1677 permanet.
2693 1607 2851 1675 Quod
2904 1619 3088 1665 autem
3139 1612 3294 1677 dicit,
3348 1612 3455 1667 hoc
3501 1623 3629 1668 est:

2042 1692 2312 1752 Malorum
2356 1698 2510 1769 copia
2563 1700 2803 1769 ingruat,
2844 1718 2968 1772 qua:
3005 1718 3163 1775 aquae
3206 1706 3630 1768 vehementiam,

1972 1810 2018 1867 Β
2043 1786 2150 1842 olei
2182 1802 2314 1843 vero
2344 1788 2661 1843 ﬁrmitatem
2690 1791 3019 1849 imitabitur.

2114 1895 2283 1955 Vens.
2345 1900 2435 1954 19.
2499 1919 2518 1952 ι
2578 1900 2701 1957 Fiat
2749 1903 2800 1957 ei
2854 1904 2997 1959 sicut
3049 1907 3440 1962 vestimentum
3519 1924 3633 1979 quo

2041 1987 2314 2056 Operitur,
2348 1997 2404 2042 et
2431 1989 2572 2044 sicut
2603 2006 2741 2045 zona
2774 2006 2882 2061 qua
2939 2009 3157 2064 semper
3190 1997 3567 2068 prax-ingitur.
3606 2018 3627 2051 ι

2050 2075 2330 2148 Undique,
2367 2079 2570 2148 inquit,
2605 2081 2882 2150 praedictis
2904 2084 3088 2149 malis,
3125 2086 3272 2139 sicut
3305 2088 3633 2143 vestimento

2040 2171 2350 2241 operiatur,
2381 2182 2438 2229 et
2469 2173 2644 2230 veluti
2677 2174 2898 2245 cingulo
2927 2177 3362 2247 constringatur.

2092 2356 2287 2428 Δκιτειιε.
2327 2373 2419 2429 20.
2469 2394 2487 2427 ι
2536 2376 2653 2430 Hoc
2705 2391 2844 2446 opus
2898 2392 3128 2441 eorum,
3184 2377 3279 2447 qui
3341 2377 3639 2433 detrahunt

2043 2465 2178 2519 mihi
2213 2480 2243 2519 a
2282 2452 2537 2521 Domino.
2580 2484 2599 2518 ι
2651 2468 2761 2522 Alii
2797 2483 2947 2534 vero,
2995 2469 3088 2538 qui
3117 2478 3305 2522 contra
3351 2478 3634 2534 steterunt,

2046 2555 2398 2627 interpretati
2448 2564 2597 2612 sunt.
2638 2575 2657 2609 ι
2696 2556 2763 2611 Ει
2807 2557 2901 2627 qui
2935 2557 3236 2627 loquuntur
3270 2559 3409 2611 mala
3444 2559 3638 2611 adur-

2045 2661 2143 2703 sus
2193 2648 2434 2703 animam
2485 2665 2686 2705 meam.
2728 2669 2747 2705 ι
2788 2649 2898 2705 llos
2930 2652 3225 2720 decerpent
3269 2650 3484 2706 fructus
3517 2660 3634 2704 tum

2045 2738 2107 2804 ii,
2137 2739 2235 2810 qui
2268 2748 2460 2796 contra
2502 2757 2588 2795 me
2615 2742 2796 2797 scelus
2828 2742 3193 2810 admiserunt,
3225 2753 3338 2798 tum
3372 2745 3637 2812 proditor,

2045 2832 2139 2902 qui
2172 2832 2312 2902 ipsis
2357 2832 2605 2888 servivit.
2639 2833 2912 2900 Quoniam
2949 2834 3093 2888 enim
3128 2835 3468 2890 contrarium
3500 2833 3638 2901 Deo,

2044 2922 2294 2995 legisque
2348 2932 2812 2997 transgressorem
2869 2942 2995 2982 eum
3052 2926 3366 2993 vocabant,
3441 2927 3640 2983 merito

2045 3015 2185 3071 dixit
2213 3034 2228 3071 :
2269 3036 2288 3068 ι
2324 3016 2756 3084 Quidetrahunt
2786 3018 2923 3072 mihi
2953 3033 2983 3073 a
3011 3017 3266 3074 Domino.
3286 3042 3309 3079 ο

430 3129 541 3186 κα’.
591 3150 611 3182 ι
646 3131 758 3185 Καὶ
795 3132 884 3197 σὺ,
914 3132 1114 3203 Κύριε,
1142 3132 1338 3205 Κύριε,
1369 3134 1597 3204 ποίησον
1629 3131 1769 3203 μετὰ
1807 3131 1942 3204 ἐμοῦ

2119 3127 2289 3185 Vens.
2328 3130 2420 3186 2|.
2454 3148 2475 3182 ι
2506 3129 2572 3185 Et
2604 3140 2685 3195 tu,
2721 3132 2969 3198 Domine,
3010 3131 3262 3195 Domine,
3305 3130 3394 3186 fac
3420 3147 3637 3189 mecum

348 3223 549 3277 ἕνεκεν
584 3222 679 3276 τοῦ
705 3223 974 3294 ὀνόματός
1008 3241 1123 3291 σου,
1145 3226 1228 3280 ὅτι
1255 3225 1494 3297 χρηστὸν
1515 3226 1576 3279 τὸ
1597 3225 1747 3289 ἔλεός
1777 3242 1895 3280 σου.
1922 3245 1942 3279 ι

350 3316 473 3370 Καὶ
506 3314 681 3370 ταῦτα
727 3315 1083 3384 ἀνθρωπίνως
1139 3318 1360 3390 εἴρηκεν
1410 3320 1439 3372 ό
1476 3319 1754 3390 Δεσπότης
1809 3320 1947 3390 Χρι-

353 3407 488 3470 στός
513 3420 528 3437 ο
568 3407 748 3460 πάντα
774 3407 884 3478 γάρ
926 3407 995 3461 τὰ
1021 3407 1341 3480 ἀνθρώπεια
1368 3408 1507 3479 πλὴν
1535 3409 1816 3481 ἁμαρτίας
1846 3426 1946 3462 πε-

350 3498 675 3570 πλήρωκεν.
721 3499 945 3571 Ἐτέχθη
996 3501 1104 3572 γάρ
1155 3503 1250 3555 καὶ⁴
1300 3502 1445 3556 κατὰ
1496 3502 1588 3555 τὸν
1630 3502 1798 3571 νόμον
1844 3501 1948 3571 φύ-

348 3608 501 3656 σεως
519 3591 584 3656 ",
606 3592 701 3645 καὶ
729 3592 869 3663 ὑπὲρ
890 3592 979 3646 τὸν
995 3594 1159 3663 νόμον
1177 3594 1277 3665 τῆς
1304 3593 1536 3664 φύσεως.
1554 3593 1626 3647 Τὺ
1648 3594 1868 3665 μὲνγὰρ
1884 3595 1949 3646 ὲκ

344 3685 643 3753 γυναικὸς,
672 3686 772 3755 τῆς
796 3685 1145 3756 ἀνθρωπίνης
1174 3688 1390 3757 φύσεως
1411 3704 1426 3718 ο
1464 3686 1606 3758 ὑπὲρ
1632 3684 1947 3763 ταύτηνδὲ,

341 3778 411 3830 τὸ
438 3778 510 3830 ὲκ
541 3774 843 3847 Παρθένου.
884 3778 1134 3843 Ἐδέξατο
1166 3779 1458 3850 σπάργανα
1491 3780 1585 3832 καὶ
1624 3777 1945 3849 περιτομὴν,

342 3869 449 3923 καὶ
507 3868 611 3940 τὴν
654 3870 717 3922 ὲκ
770 3868 1042 3938 γάλακτος
1093 3870 1335 3941 τροφὴν,
1385 3871 1480 3925 καὶ
1528 3869 1718 3935 θυσίας
1779 3886 1949 3942 προσ-

340 3963 616 4034 ἡνεγκεν,
668 3960 984 4029 ὲνήστευσε,
1034 3961 1131 4014 καὶ
1158 3962 1463 4027 ἐπείνασεν,
1494 3962 1716 4033 ἐδίψησε
1753 3962 1817 4026 ’⁸,
1853 3961 1951 4014 καὶ

340 4050 679 4107 ἐκοπίασεν.
725 4050 883 4104 Οὕτω
914 4052 1009 4104 καὶ
1067 4052 1504 4123 προσευχόμενος
1538 4056 1596 4107 ὲν
1629 4057 1743 4119 τοῖς
1785 4055 1951 4127 ἱεροῖς

341 4141 721 4212 Εὐαγγελίοις
769 4141 1033 4211 διηνεκῶς
1075 4142 1507 4213 ἀναγέγραπται.
1552 4146 1665 4199 Καὶ
1715 4145 1950 4200 ἐνταῦθα

337 4236 545 4290 τοίνυν
584 4234 945 4306 ἀνθρωπίνως
974 4234 1071 4308 τὴν
1116 4234 1269 4291 θείαν
1293 4236 1635 4293 ἐπικαλεῖται
1674 4238 1948 4312 βοήθειαν.

421 4438 546 4510 κβ’.
593 4456 611 4489 ι
663 4436 856 4492 Ῥῦσαί
914 4454 1005 4509 με,
1064 4438 1146 4492 ὅτι
1201 4438 1416 4510 πτωχὸς
1463 4440 1559 4493 καὶ
1606 4439 1774 4511 πένης
1830 4439 1950 4511 εἰμὶ

2048 3230 2275 3291 propter
2315 3236 2516 3276 nomen
2571 3230 2751 3290 tuum,
2794 3224 2925 3293 quia
2972 3223 3159 3278 suavis
3202 3232 3289 3279 est
3319 3223 3638 3279 misericor-

2049 3312 2138 3367 dia
2172 3321 2283 3367 tua.
2324 3330 2345 3365 ι
2377 3312 2444 3367 Ει
2478 3313 2595 3368 haec
2618 3312 2881 3369 Christus
2910 3314 3176 3368 Dominus
3208 3314 3451 3369 humano
3484 3330 3643 3373 more

2049 3405 2210 3460 dixit.
2241 3404 2439 3460 Omnia
2463 3404 2612 3460 enim
2639 3422 2763 3476 quae
2788 3406 3052 3470 humana,
3098 3416 3296 3476 prater
3324 3419 3637 3476 peceatum,

2050 3496 2317 3567 implevit.
2355 3497 2528 3553 Natus
2557 3507 2643 3553 est
2678 3499 2825 3554 enim
2870 3510 2923 3553 et
2953 3497 3256 3554 secundum
3301 3499 3478 3568 legem
3535 3515 3635 3553 na-

2049 3598 2208 3656 turae,
2237 3597 2291 3646 et
2315 3605 2483 3661 supra
2512 3592 2685 3662 legem
2716 3602 2948 3647 natum.
2978 3590 3135 3658 Quod
3167 3592 3314 3646 enim
3342 3607 3408 3646 ex
3434 3592 3642 3646 femina

2049 3688 2214 3737 natus
2249 3681 2344 3749 sit,
2385 3683 2644 3739 humanae
2669 3694 2882 3740 naturae
2909 3695 2992 3741 est
3028 3703 3042 3738 :
3075 3684 3221 3755 quod
3253 3700 3381 3740 vero
3411 3700 3475 3740 ex
3512 3683 3638 3740 Vir-

2050 3772 2196 3841 gine,
2235 3790 2406 3844 supra
2456 3783 2712 3830 naturam
2754 3785 2862 3832 est.
2897 3775 3104 3831 Pannis
3137 3777 3418 3834 involutus
3446 3787 3501 3832 et
3530 3779 3642 3833 circ

2051 3864 2331 3921 cumcisus
2372 3864 2544 3934 fuit',
2581 3867 3097 3938 nutrimentumque
3127 3882 3194 3923 ex
3227 3869 3369 3925 lacte
3406 3870 3635 3938 accepit,

2050 3964 2105 4011 et
2129 3956 2403 4011 sacriﬁcia
2439 3957 2661 4022 obtulit,
2690 3959 2963 4028 jejunavit
2986 3967 3031 4026 ³,
3068 3968 3121 4015 et
3154 3961 3404 4025 esurivit,
3445 3962 3634 4026 sitivit,

2051 4057 2108 4103 et
2137 4048 2430 4104 laboravit.
2460 4049 2726 4104 Similiter
2758 4060 2811 4104 et
2840 4050 2895 4104 in
2929 4052 3103 4106 sacris
3140 4051 3453 4123 Evangeliis
3479 4054 3639 4109 .scri-

2052 4149 2206 4210 ptum
2240 4151 2325 4197 est
2345 4150 2399 4206 γ,
2439 4141 2702 4196 continue
2746 4140 2928 4212 ipsum
2969 4156 3182 4198 orasse.
3225 4142 3339 4198 Hoc
3381 4145 3546 4213 igitur
3582 4146 3634 4198 in

2055 4235 2177 4289 loco
2213 4235 2379 4289 etiam
2419 4234 2637 4306 1388
2672 4234 2914 4289 humano
2954 4249 3109 4290 more
3145 4235 3391 4290 divinum
3442 4237 3638 4299 implo-

2050 4340 2137 4383 rat
2173 4328 2464 4384 auxilium.

2130 4436 2299 4493 Vens.
2341 4437 2432 4492 22.
2483 4456 2500 4489 ι
2548 4436 2745 4493 Libera
2779 4452 2887 4503 me,
2933 4438 3060 4509 quia
3095 4452 3300 4510 egenus
3337 4449 3388 4494 et
3432 4456 3637 4510 panper

341 4508 494 4603 ἐγὼ,
524 4531 624 4584 καὶ
656 4531 688 4601 ἡ
725 4508 925 4602 καρδία
961 4548 1064 4602 μου
1119 4508 1448 4601 τετάρακται
1484 4531 1525 4564 ¹⁷
1584 4508 1740 4595 ἐντός.
1768 4508 1900 4603 μου..
1925 4550 1942 4584 ι

2058 4544 2205 4595 sum,
2238 4538 2291 4582 et
2325 4544 2422 4583 eor
2451 4544 2633 4583 meum
2686 4508 2965 4584 turbatum
3007 4539 3091 4585 est
3136 4530 3276 4587 intra
3318 4546 3424 4587 me.
3465 4550 3483 4584 ι
3523 4530 3637 4586 lloc

340 4626 541 4681 Τοῦτο
580 4623 621 4654 ¹⁸
663 4623 757 4676 καὶ
807 4624 900 4676 ὑπ’
948 4622 1115 4677 αὐτοῦ
1150 4626 1208 4678 ὲν
1238 4627 1352 4688 τοῖς
1398 4626 1563 4697 ἱεροῖς
1595 4626 1942 4694 Εὑαγγελίοις

2055 4630 2110 4675 et
2142 4622 2211 4676 ab
2242 4621 2364 4692 ipso
2409 4622 2461 4675 in
2510 4623 2682 4677 sacris
2709 4622 3020 4696 Evangeliis
3054 4623 3260 4680 dictum
3307 4624 3636 4683 invenimus.

341 4714 661 4790 εἰρημένον
699 4715 1028 4786 εὑρίσκομεν
1059 4715 1122 4769 ¹⁹.
1154 4714 1380 4769 Μέλλων
1409 4715 1519 4788 γὰρ
1553 4716 1838 4787 προσιέναι
1872 4713 1942 4786 τῷ

2056 4712 2195 4767 Cum
2244 4712 2390 4767 enim
2427 4713 2493 4768 ad
2543 4728 2762 4769 crucem
2814 4715 3119 4783 accederet,
3171 4715 3313 4771 dixit
3356 4731 3369 4770 :
3421 4735 3439 4767 ‹
3481 4714 3640 4773 Nunc

345 4809 560 4873 πάθει,
590 4803 740 4863 εἶπε·
791 4826 810 4859 ι
849 4807 964 4861 Νῦν
991 4810 1024 4878 ὴ
1056 4808 1203 4881 ψυχή
1237 4826 1338 4878 μου
1366 4810 1724 4881 τετάρακται,
1765 4810 1860 4864 καὶ
1895 4810 1942 4863 τί

2058 4805 2242 4859 anima
2290 4821 2412 4861 mea
2448 4807 2663 4862 turbata
2692 4816 2798 4876 est,
2830 4816 2886 4863 et
2913 4807 3042 4879 quid
3077 4808 3306 4865 dicam?
3347 4807 3528 4877 Pater,
3575 4811 3639 4864 li-

347 4901 507 4952 εἵπω
535 4915 553 4964 ;
589 4900 792 4970 Πάτερ,
827 4898 1003 4955 σῶσόν
1036 4918 1105 4971 με
1134 4901 1199 4953 ὲκ
1227 4899 1327 4970 τῆς
1354 4899 1505 4973 ὥρας
1529 4900 1735 4975 ταύτης
1766 4919 1781 4934 ·
1813 4901 1942 4958 ἀλλὰ

2058 4898 2190 4959 bcra
2232 4898 2249 4922 ¹
2297 4914 2387 4955 me
2434 4915 2501 4954 ex
2550 4901 2653 4957 hac
2697 4900 2831 4957 hora
2869 4917 2883 4955 :
2920 4901 3017 4959 sed
3065 4912 3352 4975 propterea
3406 4903 3529 4958 veni
3584 4903 3638 4958 in

347 4989 448 5043 διὰ
478 4990 644 5044 τοῦτο
673 4993 912 5063 ἐλήλυθα
945 4993 1024 5056 είς
1050 4993 1152 5065 τὴν
1179 4991 1329 5064 ὤραν
1350 4992 1573 5066 ταύτην.
1613 5011 1634 5046 ι
2067 4993 2260 5048 horam
2304 4992 2445 5049 hanc
2468 5001 2514 5047 ³.
2556 5012 2575 5046 ι

431 5197 463 5225 ν
499 5184 639 5257 Lyc.
678 5204 736 5254 ιι,
772 5189 825 5257 7,
867 5192 956 5246 21.

348 5197 463 5320 ιιιν
678 5204 736 5254 u’
772 5192 825 5257 7’
867 5192 956 5246 21'
1068 5206 1092 5234 ³
1125 5192 1319 5249 Μίηίίιο
1351 5210 1426 5260 η’,
1455 5193 1526 5261 2;
1557 5192 1716 5250 Joan.
1789 5209 1867 5261 ιι,
1932 5222 1942 5241 ι

2075 5192 2205 5248 Luc.
2238 5210 2301 5260 ιι,
2333 5195 2386 5250 1.

446 5298 463 5326 ,
497 5277 607 5311 zu

2494 5204 2526 5245 γ
2555 5192 2684 5253 Luc.
2759 5211 2895 5266 χιιι,
2930 5196 3041 5269 44;
3073 5211 3233 5267 mn,
3260 5197 3349 5253 46.
3429 5207 3452 5234 ²
3480 5196 3637 5254 Joan.

1479 5410 1725 5467 VARIE
1764 5410 2152 5470 LECTIONES
2195 5414 2283 5469 ET
2309 5414 2545 5472 NOTAE.

420 5570 470 5605 ἐ
508 5565 643 5622 cod.
676 5565 696 5617 1
739 5563 840 5635 τὴν
866 5562 1135 5633 εὐλογίαν.
1218 5566 1275 5645 ¹¹¹
1300 5565 1369 5619 Τὸ
1400 5594 1467 5604 -
1496 5567 1784 5645 pla-mor.-
1821 5566 1942 5625 Des.

2053 5570 2122 5645 ud
2159 5570 2334 5645 Comi.
2366 5570 2487 5645 l._e.
2515 5586 2597 5645 Ap.
2619 5571 2754 5645 229.
2832 5575 2876 5607 ¹³
2913 5575 3096 5630 Τοῦτο
3126 5605 3194 5616 -
3224 5577 3467 5645 Κυρίου.
3510 5575 3639 5634 Haec

335 5648 417 5703 sit
455 5651 707 5715 merces,
738 5650 1138 5715 qna-plosores
1172 5635 1277 5715 mei
1312 5645 1591 5715 reportent
1633 5652 1661 5689 a
1701 5635 1930 5715 .lehqya.

2050 5641 2073 5715 ξ
2120 5641 2245 5695 eod.
2315 5642 2373 5715 l__
2402 5635 2817 5715 άναδέξάμενοι.
2896 5647 2939 5677 ⁸⁵
2977 5646 3089 5700 Καὶ
3115 5676 3186 5688 -
3214 5635 3475 5715 φύόνεως.
3512 5647 3635 5702 Des.

333 5719 394 5773 in
430 5706 658 5785 cod_.._i.
713 5707 780 5785 _‘°
823 5704 1126 5785 Ἐὸίξριησε.
1161 5706 1285 5759 cuti.
1324 5707 1345 5757 1
1375 5722 1596 5785 prtem:
1629 5707 1746 5760 καί.
1778 5709 1875 5785 ,ἐξ
1914 5714 1942 5763 7

2050 5710 2289 5785 ἱρακῖίιι.
2332 5709 2497 5785 liehr.
2541 5704 2875 5768 vulneratum
2906 5725 3000 5772 est.
3081 5717 3123 5750 ¹⁸
3163 5704 3367 5785 Τῦῦτο,
3409 5704 3463 5774 ιὶ.
3499 5734 3553 5772 τ.
3582 5717 3633 5775 λ.

338 5787 485 5846 Hace
530 5776 828 5835 Theodoro
862 5777 1212 5852 imbuuntur
1247 5777 1387 5845 apud
1456 5776 1620 5832 Cord.
1685 5792 1738 5849 p.
1775 5777 1900 5835 230.

2050 5786 2057 5803 '
2088 5782 2210 5837 cod.
2244 5781 2265 5835 ‘l
2325 5782 2652 5854 εὑρήσομεν.
