2003 3099
280 154 332 185 ’ῑῦτ

259 208 385 235 Christo?
395 208 473 243 cujus
491 213 532 235 est
542 208 636 236 ﬁlius?
651 218 659 234 ι
670 208 737 235 Cum
749 213 839 236 autem
854 209 890 235 illi
907 209 1051 239 dixissent.

259 254 379 286 Davidis,
399 255 553 287 respondit:
572 264 580 280 1
596 254 738 287 Quomodo
754 262 818 289 ergo
839 254 921 281 David
947 253 973 280 in
994 254 1051 288 spi-

258 300 312 327 iilu
332 300 474 327 Dominum
492 301 580 335 ipsum
600 305 687 332 vocat,
697 300 810 327 dicens:
828 301 899 327 Dixit
915 300 1046 327 Dominus

259 345 375 372 Domino
395 353 469 375 meo.
488 345 556 372 Sede
569 353 584 372 a
598 345 701 372 dextris
718 345 797 372 meis.
815 354 824 370 ι
847 345 949 372 Deinde
970 353 1051 380 argu-

259 395 413 417 mentatur:
433 400 442 416 1
459 391 487 417 Si
502 391 584 417 David
600 396 677 417 vocat
695 391 783 425 ipsum
803 391 828 417 in
845 391 941 424 spiritu
960 391 1052 417 Domi-

258 444 340 469 num,
362 437 497 471 quomodo
522 437 594 463 lilius
615 436 701 470 ipsius
727 435 815 463 esti?
833 445 842 461 ι
871 436 930 463 Hoc
960 441 1050 463 autem

259 482 335 513 dicit.
354 491 407 509 non
429 483 574 511 inliciando
590 483 654 517 quin
671 482 797 510 Christus
818 482 890 509 ﬁlius
909 487 981 510 esset
998 482 1049 509 Da-

259 528 341 560 vidis,
357 529 403 555 sed
419 529 594 563 adjungendo
611 529 637 555 id
655 529 728 562 quod
744 528 922 563 ignorabatur
936 529 959 556 ci
978 528 1050 564 quod

259 574 286 600 in
303 581 431 600 comesse
446 580 515 601 erat.
530 573 671 600 Christum
691 575 764 601 enim
784 574 870 601 ﬁlium
890 582 951 602 esse
971 575 1052 601 Davi-

259 618 302 644 dis
317 618 519 644 conﬁtebantur
535 618 679 649 Pharisaei,
699 619 745 645 sed
761 618 870 646 Daridis
883 627 944 646 esse
959 619 1052 646 Domi-

258 671 323 689 num
354 663 464 697 penitus
500 663 671 697 ignorabant.
700 664 831 698 Adjungit
863 664 944 698 igitur
978 665 1051 698 quod

258 709 372 740 deerat,
393 709 439 735 sed
462 717 517 735 rem
543 709 696 736 confessam
725 709 837 736 minime
853 709 932 742 tollit,
950 709 1052 737 docens

259 754 348 787 ipsum
369 759 395 780 et
415 755 499 780 lilium
523 762 586 781 esse
613 754 724 781 Ilavidis
745 755 896 782 secundum
920 763 1049 789 carnem,

258 803 285 825 et
301 799 422 833 ejusdem
435 806 495 826 esse
512 799 670 831 Dominum,
685 804 815 834 tanquam
830 800 915 827 Deum
933 805 960 828 et
976 808 1052 828 crea-

260 849 357 871 torem.
385 843 531 870 Manifesta
556 853 620 878 ergo
645 845 741 872 beatus
769 844 853 872 David
878 846 1050 873 divinitatem

257 890 360 916 Christi
384 890 490 916 Domini
506 891 644 925 praedicit.
669 895 696 918 et
719 892 778 918 ait:
797 902 806 918 1
823 891 893 919 Dixit
916 893 1047 920 Dominus

258 935 375 963 Domino
400 936 505 971 1392
529 944 608 963 meo:
633 936 701 964 Sede
722 945 737 963 a
757 937 861 964 dextris
880 937 957 964 meis.
974 947 983 963 ι
1018 937 1046 965 Si

258 983 420 1015 David~i'cx,
436 987 463 1009 et
479 983 538 1016 pius
555 990 601 1009 rex
613 1002 620 1015 ,
637 983 682 1016 qui
696 983 846 1017 prophetia:
862 991 972 1018 quoque
986 991 1047 1017 gra-

258 1029 295 1055 tia
311 1029 426 1056 donatus
445 1033 505 1061 est,
530 1028 677 1055 Dominum
696 1036 775 1055 suum
794 1034 873 1056 vocat
887 1029 1025 1057 Christum
1038 1050 1045 1060 ,

258 1073 381 1106 profecto
394 1080 447 1099 non
467 1073 555 1099 solum
571 1077 612 1100 est
626 1073 707 1100 homo
722 1074 872 1100 secundum
888 1074 1044 1101 Iudaeorum

258 1117 404 1149 insaniam,
424 1117 470 1144 sed
485 1117 566 1144 etiam
582 1123 624 1145 est
635 1112 726 1151 Deus,
744 1119 843 1154 quippe
856 1119 966 1147 Davidis
979 1128 1046 1148 con-

257 1164 331 1190 ditor
345 1183 351 1194 .
375 1168 402 1190 et
423 1163 566 1190 Dominus.
584 1163 716 1191 Caeterum
732 1165 890 1193 communio
904 1166 1046 1193 nominum

257 1209 426 1236 identitatcm
442 1209 603 1236 substantia:
616 1210 743 1237 ostendit.
761 1211 892 1238 Dominus
907 1211 979 1238 enim
995 1211 1047 1239 Do-

257 1256 332 1282 mino
345 1255 428 1288 dicit,
446 1260 473 1283 et
495 1263 549 1282 non
566 1255 699 1284 Dominus
718 1262 852 1285 creaturae
865 1279 871 1291 ,
890 1266 977 1293 neque
995 1259 1047 1286 Do-

257 1300 349 1327 minus
358 1300 487 1335 ﬁgmento
496 1300 593 1328 :1Sede
603 1309 620 1327 a
628 1301 729 1329 dextris
744 1303 820 1330 meis.
842 1312 850 1328 ι
862 1302 987 1338 Magnum
995 1304 1047 1331 hoc

258 1346 341 1373 etiam
355 1352 397 1373 est
409 1366 417 1379 ,
432 1351 458 1374 et
474 1354 527 1374 non
542 1347 624 1374 modo
639 1355 721 1381 supra
740 1348 886 1376 humanam
903 1355 1027 1377 naturam
1038 1372 1045 1383 ,

256 1400 351 1420 verum
377 1393 459 1420 etiam
491 1401 573 1428 Sllpl‘ﬂ
593 1401 701 1421 omnem
723 1400 888 1422 creaturam.
913 1395 1047 1423 Carterum

256 1439 310 1466 hoc
325 1440 447 1467 humano
462 1441 544 1467 etiam
563 1449 637 1467 more
649 1441 753 1468 dictum
772 1446 824 1469 est.
840 1441 907 1469 Nam
925 1447 953 1469 ut
967 1444 1046 1475 Deus,

257 1485 344 1512 Filius
374 1487 568 1521 sempiternum
593 1488 674 1515 habet
701 1489 829 1515 thronum
850 1498 856 1516 :
890 1499 899 1515 1
920 1489 1047 1518 Thronus

261 1531 334 1557 enim
352 1535 425 1564 tuus,
442 1533 452 1541 "
465 1532 563 1566 inquitl
581 1532 662 1567 Deus,
679 1534 705 1560 in
727 1536 857 1562 smculum
878 1537 978 1566 smcul'L
991 1535 1013 1563 i.
1036 1547 1045 1563 ι

256 1575 315 1603 Non
339 1577 411 1603 enim
433 1581 494 1611 post
515 1585 623 1605 erucem
643 1583 671 1606 et
690 1580 846 1614 passionem
869 1581 922 1608 hoc
944 1582 1048 1610 honore

258 1623 376 1649 donatus
393 1627 435 1649 est
452 1627 480 1649 ut
497 1622 578 1655 Deus,
595 1624 642 1651 sed
659 1629 687 1652 ut
704 1625 786 1652 homo
798 1626 912 1661 accepit,
931 1628 1003 1661 quod
1021 1632 1049 1655 ut

259 1668 332 1694 Deus
359 1669 485 1695 habebat.
504 1668 597 1704 Neque
622 1672 695 1697 enim
730 1679 792 1698 eum
828 1672 938 1700 humilis
965 1678 1046 1707 esset,

259 1715 386 1743 sublimis
414 1717 526 1745 ell‘cctus
549 1719 667 1746 estzsed
686 1727 748 1746 cum
776 1720 929 1749 altissimus
956 1727 1046 1754 esset,

258 1771 375 1799 eumque
410 1763 525 1792 formam
564 1765 610 1793 Dei
646 1766 776 1802 haberet,
808 1768 961 1796 humiliavit
1003 1777 1048 1797 se-

258 1811 422 1844 metipsum,
461 1810 577 1838 formam
603 1813 675 1840 servi
693 1814 830 1848 accipiens
847 1814 871 1841 Ιί.
890 1814 994 1842 Idcirco
1021 1820 1048 1843 et

263 1856 430 1890 evangelista
448 1857 583 1885 exclamat
607 1867 613 1885 :
631 1868 640 1884 1
659 1858 821 1894 Unigenitus
836 1860 930 1893 Filius,
947 1861 991 1896 qui
1007 1866 1047 1889 est

259 1900 286 1927 in
304 1901 366 1927 sinu
385 1901 484 1933 Patris,
501 1902 559 1936 ipse
574 1904 712 1931 enarravit
725 1903 746 1931 ι.
764 1913 773 1929 ι
793 1904 826 1932 Ει
840 1905 898 1940 ipse
914 1906 1047 1935 Dominus

259 1946 314 1972 ait:
334 1956 343 1971 1
360 1947 416 1981 Ego
429 1946 456 1972 in
473 1946 562 1979 Patre,
576 1951 603 1974 et
613 1947 692 1975 Pater
704 1949 732 1975 in
747 1957 791 1977 me
803 1954 844 1977 est
857 1955 904 1976 πε.»
921 1950 953 1978 Et
965 1951 1046 1978 alibi:

262 1991 407 2019 «Gloriﬁea
420 2000 462 2019 me
475 1997 515 2025 tu,
527 1992 617 2026 Pater,
642 1995 726 2029 gloria
742 2003 823 2030 quam
841 1996 923 2024 habui
939 1998 1009 2032 apud
1022 2003 1047 2025 te

259 2038 420 2074 priusquam
433 2039 553 2067 mundus
565 2040 640 2067 ﬁeret
651 2044 676 2067 1³.
689 2050 698 2066 ι
713 2041 747 2068 Ut
761 2041 844 2070 homo
858 2042 940 2077 igitur
953 2043 1045 2071 audit:

262 2094 271 2109 1
292 2084 361 2112 Sede
382 2092 396 2112 a
413 2085 515 2112 dextris
540 2086 628 2114 meis:
645 2096 654 2111 ι
675 2095 737 2114 nam
754 2092 783 2115 ut
799 2088 887 2121 Deus,
905 2090 1047 2124 sempiter-

259 2139 324 2158 num
354 2131 435 2158 habet
463 2132 619 2166 imperium.
645 2142 654 2158 1
674 2133 765 2161 Donec
791 2142 891 2169 ponam
920 2135 1046 2164 inimicos

259 2180 320 2203 tuos
342 2175 489 2202 scabellum
515 2177 614 2210 pedum
637 2182 758 2205 tuorum.
778 2187 787 2203 ι
812 2178 915 2207 Inimici
935 2180 1045 2215 potissi—

259 2229 333 2247 nmm
353 2225 417 2248 sunt
430 2221 564 2253 diabolus,
582 2227 608 2249 et
626 2223 707 2258 hujus
723 2224 842 2252 ministri
856 2225 1004 2259 daemones,
1020 2231 1046 2254 et

259 2267 372 2301 insuper
386 2267 431 2301 qui
449 2267 549 2294 divinis
570 2268 630 2302 ejus
644 2269 882 2304 prtedicationibus
895 2272 1043 2306 resistunt,

260 2312 388 2340 nimirum
412 2312 497 2340 Iudici
523 2314 628 2349 1393
656 2319 682 2342 et
707 2316 833 2351 gentiles.
854 2317 923 2344 Illud
953 2323 1043 2347 autem

258 2357 347 2385 Donec
368 2366 421 2385 non
442 2363 548 2393 tempus
564 2360 689 2393 denotat,
709 2362 755 2388 sed
779 2361 879 2389 idioma
903 2370 1044 2391 sacrarum

258 2403 433 2432 Litterarum.
448 2404 493 2432 Sic
507 2406 577 2432 enim
598 2410 625 2433 et
642 2414 689 2441 per
704 2407 862 2441 prophetam
875 2408 941 2435 dicit
954 2410 1024 2438 Deus
1037 2420 1044 2437 :

260 2457 269 2474 1
294 2447 350 2483 Ego
375 2456 456 2480 sum.
479 2453 506 2476 et
530 2450 615 2477 donec
642 2450 802 2483 senescatis,
835 2459 885 2487 ego
911 2460 971 2481 smn
991 2459 1010 2482 °.
1033 2465 1042 2481 ι

257 2493 334 2522 Patet
357 2497 448 2521 autem
462 2513 469 2526 ,
495 2495 644 2523 essentiam
667 2495 715 2523 Dei
737 2496 879 2524 hominum
904 2504 1045 2528 senectute

760 152 1007 183 TIIEODORETI
1028 153 1201 184 EPISCOPI
1212 154 1396 186 CYRENSIS

1061 1564 1082 1593 C

1807 161 1856 196 lilii

1069 211 1087 238 Α
1104 217 1154 242 γκε
1166 218 1172 224 ·
1188 218 1198 234 1
1214 209 1246 236 Τί
1258 210 1323 245 ὑμῖν
1334 210 1408 237 δοκεῖ
1418 211 1482 246 περὶ
1491 211 1610 246 Χριστοῦ
1619 221 1626 244 ;
1636 212 1707 244 τινος
1716 214 1781 240 ἐστὶν
1788 216 1856 250 uiden

1105 255 1264 290 Εἰρηκότων
1295 256 1323 282 δὲ
1354 256 1479 290 ἐκείνων,
1507 257 1560 284 Τοῦ
1588 258 1682 291 Δαϐὶδ,
1712 261 1858 296 ἀπεκρῖνατο,

1106 311 1115 327 ‹
1136 302 1197 333 Πῶς
1212 300 1259 328 οὖν
1276 302 1361 328 Δαὸὶδ
1377 304 1406 329 ὲν
1417 304 1555 338 πνεύματι
1569 304 1672 339 Κύριον
1697 306 1772 333 αὑτὸν
1789 309 1858 342 καλεῖ,

1102 348 1198 382 λέγων·
1221 347 1304 375 Εἶπεν
1321 349 1335 374 ὁ
1363 349 1465 385 Κύριος
1487 349 1526 385 τῷ
1543 351 1637 386 Κυρίῳ
1668 360 1727 386 μου,
1746 353 1822 381 Κάθου
1835 355 1860 382 ἐκ

1102 393 1198 426 δεξιῶν
1215 403 1285 429 μου;
1305 404 1315 421 ι
1331 393 1397 422 Εἶτα
1414 396 1665 430 ἐπισυλλογίζεται·
1681 407 1689 423 1
1704 398 1784 426 Εξοῦν
1796 402 1860 427 Δαεὶό

1103 439 1182 466 καλεῖ
1197 440 1279 466 αὐτὸν
1293 441 1322 467 ὲν
1353 442 1490 477 πνεύματι
1508 442 1630 476 Κύριον,
1649 443 1704 476 πῶς
1723 445 1774 476 υἱὸς
1795 446 1858 473 αὐτοῦ

1102 485 1162 511 ἐστι
1182 493 1190 519 ;
1210 495 1219 511 ι
1240 485 1326 513 Τοῦτο
1353 487 1382 513 δὲ
1410 487 1474 523 ἔφη,
1490 488 1541 514 οὐκ
1567 488 1705 516 assum
1728 491 1782 517 τδ⁵¹
1805 490 1859 519 εἶναι

1103 532 1160 558 υἱὸν
1179 531 1225 558 τοῦ
1243 532 1325 559 Δαΰὶδ
1335 532 1383 559 τὸν
1400 533 1528 566 Χριστὸν,
1545 534 1612 561 ἀλλὰ
1628 535 1666 570 τῷ
1683 536 1859 574 ὁμολογουμένη)

1102 577 1161 604 τὸδ’
1178 578 1363 613 ἀγνοούμενον
1381 579 1551 614 προςτιθεὶς.
1569 581 1606 606 Τὸ
1624 581 1671 615 μὲν
1686 582 1738 617 γὰρ
1746 583 1795 608 υἱὸν
1806 581 1857 609 εἶναι

1101 623 1149 650 τοῦ
1164 624 1248 651 Δαϐὶδ
1261 625 1308 651 τὸν
1324 625 1444 660 Χριστὸν
1460 626 1618 661 ὡμολόγουν
1628 628 1653 653 οἱ
1671 629 1798 663 Φαρισαῖοι
1810 638 1816 644 ·
1828 630 1857 656 ὅτι

1102 672 1130 697 δὲ
1149 672 1195 698 καὶ
1215 671 1320 707 Κύριος
1339 670 1374 707 ἦν
1399 672 1446 699 τοῦ
1467 673 1558 705 Δαϐὶδ,
1576 675 1692 708 ἠγνόουν
1717 676 1856 711 παντάπασι.

1102 719 1138 744 Τὸ
1153 718 1246 744 λεῖπον
1269 718 1360 745 τοίνυν
1376 719 1569 755 προστίθησιν,
1588 721 1618 746 οὐ
1633 721 1662 748 τὸ
1675 722 1857 758 ὁμολογούμενον

1101 763 1220 798 ἀναιρεῖ,
1238 763 1374 791 διδάσκων
1388 764 1425 795 ὡς
1436 765 1450 790 ὸ
1465 764 1547 796 αὐτὸς
1561 765 1609 792 καὶ
1633 766 1689 797 υἱὸς
1710 767 1784 793 αὑτοῦ
1804 768 1857 793 κατὰ

1103 810 1203 844 σάρκα,
1221 810 1269 836 καὶ
1288 809 1390 844 Κύριος
1404 810 1487 836 αὑτοῦ
1510 810 1548 842 ὡς
1562 811 1630 843 Θεὸς
1642 812 1688 838 καὶ
1710 812 1855 848 δημιουργός.

1102 856 1201 890 Σαφῶς
1216 856 1307 882 τοίνυν
1320 857 1334 882 ὁ
1351 856 1487 891 μακάριος
1509 857 1593 883 Δαϐὶδ
1611 857 1661 892 τὴν
1683 858 1727 884 τοῦ
1749 859 1855 884 Δεσπότιυ

1101 902 1224 938 Χριστοῦ
1257 902 1389 938 κηρύττει
1411 903 1535 938 θεότητα,
1563 903 1611 930 καί
1635 913 1729 938 φησιν·
1745 914 1753 929 1
1772 902 1856 931 Εἴπενό

1100 949 1204 985 Κύριος
1222 949 1261 985 τῷ
1275 949 1371 984 Κυρίῳ
1387 958 1449 984 μου,
1470 949 1564 976 Κάθου
1573 950 1597 965 ⁸⁸
1612 951 1644 976 ὲκ
1668 950 1756 983 δεξιῶν
1778 960 1826 985 μου.
1846 960 1853 976 ι

1085 989 1132 1023 SE!
1148 996 1232 1022 Δαϐὶδ
1243 996 1257 1021 ὁ
1272 996 1412 1031 βασιλεὺς,
1434 996 1481 1023 καὶ
1490 996 1513 1012 ’⁸³
1536 996 1652 1031 εὐσεϐὴς
1668 996 1782 1031 βασιλεὺς
1799 996 1855 1023 ὁκαὶ

1100 1041 1277 1077 προφητικῆς
1288 1041 1401 1077 χάριτος
1413 1042 1574 1077 ἠξιωμένος,
1589 1042 1690 1078 Κύριον
1703 1043 1789 1069 ἑαυτοῦ
1798 1043 1855 1069 κειὶεί

1099 1088 1147 1115 τὸν
1172 1087 1313 1123 Δεσπότην
1328 1088 1447 1122 Χριστόν
1464 1097 1471 1104 ·
1486 1088 1537 1115 οὐκ
1561 1089 1617 1123 ἄρα
1645 1088 1721 1123 μόνον
1742 1088 1854 1122 ἄνθρωπος

1099 1134 1173 1162 κατὰ
1186 1133 1236 1170 τὴν
1253 1133 1388 1160 Ἰουδαίων
1400 1134 1502 1165 ἄνοιαν,
1523 1134 1594 1161 ἀλλὰ
1614 1135 1661 1161 καὶ
1682 1135 1752 1165 Θεὸς,
1776 1134 1807 1165 ὡς
1821 1134 1853 1160 τοῦ

1101 1180 1184 1207 Δαϐὶδ
1200 1180 1368 1216 δημιουργός
1381 1188 1410 1206 τε
1426 1180 1474 1206 καὶ
1488 1180 1604 1215 Κύριος.
1619 1181 1673 1207 Καὶ
1697 1181 1724 1207 τὺ
1745 1180 1818 1206 κοινὸν
1834 1179 1853 1205 δὲ

1101 1226 1157 1253 τῶν
1184 1225 1327 1260 ὀνομάτων
1355 1225 1405 1259 τὴν
1435 1225 1590 1259 ταυτότητα
1613 1225 1663 1259 τῆς
1687 1225 1772 1255 οὐσίας
1790 1223 1852 1258 δηλοῖ.

1101 1273 1204 1308 Κύριος
1214 1272 1237 1288 ⁸⁰
1249 1272 1303 1307 γὰρ
1321 1271 1415 1306 Κυρίῳ
1430 1271 1515 1305 λέγει,
1533 1271 1579 1297 καὶ
1598 1272 1628 1298 οὒ
1639 1272 1734 1306 Κύριος
1743 1270 1851 1304 κτίσματι,

1101 1317 1162 1344 οὐδὲ
1191 1317 1293 1352 Κύριος
1320 1317 1473 1352 ποιήματι·
1494 1325 1503 1341 1
1525 1317 1619 1342 Κάθου
1635 1317 1666 1343 ἐκ
1687 1315 1773 1348 δεξιῶν
1791 1322 1849 1350 μου.»

1100 1364 1182 1397 Μέγα
1203 1363 1254 1397 μὲν
1269 1361 1316 1390 οὖν
1333 1363 1381 1389 καὶ
1404 1363 1498 1389 τοῦτο·
1527 1363 1574 1389 καὶ
1598 1363 1629 1389 οὺ
1651 1363 1726 1398 μόνον
1748 1362 1805 1397 ὑπὲρ
1818 1360 1851 1395 τὴν

1101 1409 1277 1444 ἀνθρωπείαν
1290 1408 1383 1443 φύσιν,
1401 1408 1471 1434 ἀλλὰ
1487 1408 1535 1435 καὶ
1552 1408 1625 1443 ὑπὲρ
1637 1409 1741 1435 ἃπασαν
1755 1408 1795 1443 τὴν
1809 1406 1850 1433 κτί-

1103 1463 1155 1481 σιν.
1170 1455 1244 1489 Πλὴν
1270 1454 1449 1490 ἀνθρωπίνως
1467 1454 1514 1480 καὶ¹
1533 1455 1601 1481 αὐτὸ
1633 1455 1743 1489 εἴρηται.
1759 1454 1797 1484 Ὧς
1813 1453 1850 1486 γὰρ

1102 1501 1180 1532 Θεὸς,
1197 1501 1286 1531 ὸΥἰὺς
1308 1500 1416 1526 αἰώνιον
1438 1499 1495 1535 ἔχει
1510 1500 1557 1526 τὸν
1572 1500 1681 1536 θρόνον·
1698 1510 1706 1525 1
1734 1500 1759 1526 '0
1781 1498 1850 1533 θρόνος

1103 1554 1150 1572 σου
1166 1545 1230 1581 γὰρ,
1243 1546 1335 1580 φησιν,
1353 1545 1366 1571 ὁ
1381 1543 1447 1576 Θεὸς
1462 1546 1502 1576 εἰς
1513 1545 1560 1571 τὸν
1572 1545 1659 1572 αἰῶνα
1679 1543 1723 1571 τοῦ
1746 1543 1829 1572 αἱώνος-
1842 1549 1848 1565 ³

1101 1592 1138 1618 Οὐ
1150 1592 1204 1626 γὰρ
1224 1591 1292 1626 μετὰ
1304 1591 1350 1618 τὸν
1366 1591 1494 1626 σταυρὸν,
1508 1591 1555 1618 καὶ
1568 1591 1601 1618 τδ
1616 1590 1709 1623 πάθος,
1729 1588 1812 1622 ταύτης
1824 1586 1850 1616 ὡς

1100 1637 1166 1669 Θεὸς
1181 1637 1294 1672 τιμῆς⁸⁷
1312 1636 1435 1672 ἠξιώθη·
1463 1637 1522 1663 ἀλλ’
1544 1637 1644 1664 ἐλαϐεν
1670 1636 1706 1668 ὡς
1730 1634 1849 1669 ἄνθρωπος,

1099 1683 1167 1717 ὅπερ
1184 1680 1255 1717 εἶχεν
1272 1682 1310 1714 ὡς
1329 1682 1405 1714 Θεός.
1428 1683 1465 1709 Οὐ
1490 1683 1545 1718 γὰρ
1567 1682 1695 1713 ταπεινὸς
1717 1680 1750 1707 ὢν
1771 1678 1847 1713 ὑψώθη,

1099 1728 1157 1755 ἀλλ’
1183 1727 1294 1763 ὕψιστος
1319 1727 1373 1760 ὢν,
1397 1727 1444 1754 καὶ
1468 1729 1497 1754 ὲν
1527 1729 1621 1763 μορφῇ
1645 1726 1711 1754 Θεοῦ
1738 1725 1849 1759 ὑπάρχων,

1099 1774 1282 1800 ἐταπείνωσεν
1303 1774 1400 1800 ἑαυτὸν
1413 1773 1521 1809 μορφὴν
1536 1773 1633 1800 δούλου
1650 1773 1743 1800 λαὸών.
1762 1770 1798 1797 Διὸ
1816 1768 1849 1795 καὶ

1099 1819 1321 1855 ὸεὺαγγελιστὴς
1340 1820 1398 1856 βοᾷ·
1416 1829 1425 1846 ‹
1450 1820 1479 1846 '0
1501 1820 1653 1855 μονογενὴς
1665 1819 1761 1851 Υἱὺς,ὁ
1779 1816 1808 1842 ὢν
1821 1814 1847 1844 εἰς

1098 1865 1144 1891 τὸν
1155 1866 1256 1892 κόλπον
1275 1865 1322 1892 τοῦ
1336 1865 1454 1900 Πατρδς,
1475 1867 1578 1897 ἐκεῖνος
1607 1866 1762 1901 ἐξηγήσατο.
1782 1871 1789 1888 ι
1809 1860 1848 1887 Καὶ

1099 1912 1180 1943 αὐτὸς
1188 1911 1216 1938 δὲ
1231 1911 1245 1938 6
1265 1911 1369 1947 Κύριός
1384 1919 1479 1946 φησιν’
1493 1920 1502 1936 1
1525 1910 1598 1946 Ἐγὼ
1608 1912 1638 1938 ὲν
1662 1911 1699 1946 τῷ
1714 1909 1797 1944 “arpi,
1815 1905 1847 1932 XII

1098 1958 1112 1983 ὁ
1128 1957 1223 1992 Πατὴρ
1238 1957 1268 1984 ἐν
1285 1957 1356 1992 ἐμοί.
1376 1966 1385 1982 ι
1410 1958 1465 1983 Καὶ
1482 1957 1612 1992 ἁλλαχοῦι
1625 1966 1634 1983 1
1661 1955 1766 1989 Δόξασόν
1779 1961 1814 1988 με,
1825 1952 1846 1976 σὺ

1098 2003 1201 2038 Πάτερ.
1217 2004 1249 2038 τῇ
1264 2003 1328 2039 δόξῃ
1372 2001 1445 2038 εἶχον
1459 2003 1535 2038 παρὰ
1547 2004 1589 2030 σοὶ
1598 2003 1650 2038 πρὸ
1666 2002 1709 2029 τοῦ
1724 2001 1764 2027 τὸν
1773 1999 1846 2032 κόσμον

1097 2048 1236 2083 γενέσθαι.
1257 2058 1266 2075 ι
1294 2050 1337 2081 Ὠς
1350 2049 1492 2085 ἄνθρωπος
1510 2049 1603 2076 τοίνυν
1624 2045 1812 2076 ἀκούει·Κάθου
1825 2043 1846 2068 ἐκ

1097 2093 1192 2127 δεξιῶν
1203 2103 1256 2129 μου
1266 2102 1273 2109 ·
1291 2103 1300 2119 ι
1317 2094 1354 2126 ὠς
1368 2094 1422 2130 γὰρ
1442 2095 1518 2128 Θεὸς,
1534 2094 1643 2122 αἰώνιον
1658 2094 1711 2129 ἔχει
1721 2092 1748 2118 τὸ
1763 2090 1845 2126 κράτος.

1100 2149 1109 2165 1
1131 2140 1203 2171 Ἕως
1214 2140 1247 2167 ἂν
1259 2139 1299 2166 θῶ
1313 2140 1376 2171 τοὺς
1389 2139 1502 2174 ἐχθρούς
1516 2148 1562 2165 σου
1577 2139 1717 2166 ὑποπόδιον
1728 2136 1774 2163 τῶν
1783 2132 1845 2159 πηδῶν

1099 2194 1156 2212 σου.
1176 2195 1186 2211 ι
1213 2186 1322 2221 Ἐχθροὶ
1346 2186 1530 2222 διαφερόντως
1546 2186 1596 2221 μὲν
1617 2186 1631 2212 ὁ
1650 2184 1769 2213 διάϐολος.
1782 2179 1816 2207 καὶ
1828 2177 1844 2202 0!

1063 2240 1084 2267 ο
1097 2230 1193 2257 τούτου
1211 2229 1329 2257 διᾶκονοι
1343 2230 1481 2266 δαίμονες,
1498 2230 1566 2266 πρὸς
1574 2230 1603 2257 δὲ
1612 2230 1713 2261 τούτοις
1722 2227 1763 2254 καὶ
1774 2225 1793 2251 οἱ
1805 2222 1844 2251 τοῖς

1098 2276 1181 2308 θείοις
1206 2276 1289 2303 αὑτοῦ
1319 2277 1497 2312 κηρύγμασιν
1516 2276 1727 2305 ἀντιπίπτοντες,
1751 2268 1843 2298 Ἰουδαῖοι

1099 2323 1147 2349 καὶ
1163 2322 1307 2358 Ἕλληνες.
1320 2323 1356 2349 Τὸ
1374 2323 1402 2350 δὲ
1423 2323 1516 2356 ἕως-⁸⁸,
1531 2324 1562 2350 οὺ
1584 2323 1679 2358 χρόνου
1700 2314 1843 2364 σημαντξκδνζ

1098 2369 1156 2396 ἀλλ’
1171 2368 1268 2403 ἱδίωμα
1283 2369 1332 2403 τῆς
1342 2369 1416 2401 Θείας
1427 2369 1549 2405 Γραφῆς.
1564 2369 1641 2395 Οὕτω
1652 2367 1702 2403 γὰρ
1714 2365 1754 2411 κᾳὶ
1765 2362 1801 2411 ﬁli
1809 2362 1843 2411 τξῧ

1099 2414 1240 2449 προφήτου
1265 2415 1349 2449 φησὶν
1364 2415 1378 2441 ὁ
1401 2414 1477 2446 Θεὸς,
1504 2423 1513 2440 1
1532 2414 1604 2448 Ἐγώ
1622 2414 1688 2446 εἰμι,
1706 2410 1747 2437 καὶ
1767 2408 1843 2436 Enni"

1098 2460 1311 2495 καταγηράσητε
1321 2460 1376 2494 ἐγώ
1389 2461 1458 2494 εἰμι.
1479 2469 1488 2486 ι
1502 2460 1587 2494 Δῆλον
1599 2460 1626 2486 δὲ
1640 2459 1679 2485 ὃτι
1688 2458 1716 2484 οὐ
1739 2458 1842 2488 συμπερι”

1097 2504 1220 2540 ορὶζεται
1231 2506 1261 2532 τὸ
1270 2504 1341 2533 εἶναι
1352 2506 1401 2533 τοῦ
1409 2506 1475 2533 Θεοῦ
1487 2506 1526 2542 τῷ
1538 2506 1617 2541 γήρει
1624 2505 1645 2521 ⁸⁵
1653 2503 1704 2530 τῶν
1711 2498 1840 2535 ἀνθρώπων·

1068 887 1088 914 Β

295 2594 303 2614 ι
323 2592 418 2637 λὶδιῑὶιί
433 2600 509 2637 'x‘xu,
525 2593 621 2637 42.4%.
660 2595 666 2620 i
689 2595 760 2637 ᾔδει-1.
775 2604 849 2627 xm,
865 2596 927 2637 6.}
945 2598 1047 2635 Philip;

1098 2608 1119 2633 ι,
1136 2601 1163 2635 6,
1180 2602 1204 2628 7.
1230 2601 1238 2621 1
1259 2601 1337 2630 Joan.
1355 2611 1381 2637 1,
1400 2603 1444 2630 18.
1482 2608 1503 2622 ω
1517 2601 1596 2630 Joan.
1611 2608 1666 2633 xw,
1682 2598 1721 2625 Η.
1756 2592 1838 2620 "103"-

256 2629 366 2660 zrn,5.
406 2631 416 2644 °
432 2628 518 2656 Exod.
535 2637 575 2662 ιιι,
593 2630 642 2663 it;
657 2630 720 2658 coll.
736 2631 789 2659 Isa.
804 2639 875 2665 XLVI,
892 2631 921 2661 4.

797 2718 916 2747 VARI/I5
935 2719 1132 2748 LECTIONES
1150 2721 1193 2748 ΕΤ
1212 2721 1327 2750 NOTAE.

289 2781 312 2799 ιι
326 2783 388 2810 cod.
401 2783 412 2810 I
426 2784 484 2811 τοῦ.
522 2785 544 2800 ⁸³
556 2785 618 2812 eod.
631 2785 642 2811 I
660 2785 716 2811 τόν.
754 2786 776 2801 δ”
792 2786 890 2814 Κάθου
905 2803 939 2807 —

949 2797 1019 2822 μου.
1036 2788 1097 2815 Des.
1116 2788 1143 2815 in
1158 2790 1218 2817 cod.
1233 2790 1258 2816 I.
1296 2790 1318 2806 ⁸⁸
1331 2790 1395 2816 Καί.
1407 2790 1467 2818 cod.
1490 2790 1503 2817 I

1528 2798 1619 2825 praem.
1635 2789 1680 2825 ml.
1694 2786 1767 2822 μέγας
1779 2780 1837 2825 91f!"

366 2817 388 2832 “
414 2820 533 2860 Ιξύριος2
547 2829 577 2860 οι.
594 2829 619 2860 ε.
635 2820 737 2860 )1.MII:_e_c
751 2813 889 2860 ἀνωνυμεὶ
901 2813 1022 2860 exhibuit
1040 2858 1047 2860 Α

1153 2813 1276 2860 ιῗίιίξῇ)⁸
1288 2813 1472 2859 eti—Mf"?
1488 2813 1682 2860 amitti}
1694 2813 1833 2857 amasse;-

256 2848 279 2865 ⁵³
293 2851 377 2879 "Eme.
395 2848 483 2881 cedit
502 2848 564 2882 add.
580 2853 619 2882 οὗ.

660 2856 680 2871 ³³
696 2855 736 2887 Τῷ
756 2856 848 2890 γήρει.
864 2858 925 2885 cod.
942 2858 953 2885 I
972 2857 1001 2883 τδ
1021 2858 1117 2893 γῆρας.

1925 1290 1927 1367 l

1926 1562 1927 1645 ι
