4006 6198
298 320 438 387 1773

1669 313 1750 373 ΙΝ
1805 312 2015 374 PSAL.
2058 311 2213 372 CIX.

3397 305 3539 375 17η

216 492 222 499 ,
292 436 460 506 σύνης
498 433 720 503 εὐλογία
760 430 983 503 μετέϐη.
1030 426 1322 500 Ἰερατεύει
1347 425 1520 481 δὲνῦν
1543 429 1571 481 ὁ
1600 427 1661 493 ἐξ
1691 428 1864 483 Ἰούδα

1980 429 2067 484 los
2095 435 2279 483 autem
2318 440 2465 482 nunc
2498 436 2578 483 est
2620 425 2890 495 Christus,
2942 443 3008 484 ex
3051 426 3189 483 Juda
3239 428 3537 485 secundum

293 527 435 580 κατὰ
459 528 637 599 σάρκα
677 525 986 597 βλαστήσας
1017 523 1252 595 Χριστὸς
1269 562 1283 586 ,
1304 521 1404 575 οὑκ
1422 520 1588 584 αὐτός
1616 538 1668 574 τι
1689 537 1864 592 προσ-

295 619 515 689 φέρων,
568 618 702 671 ἀλλὰ
760 615 869 670 τῶν
915 613 1336 686 προσφερόντων
1394 612 1607 684 κεφαλὴ
1649 630 1869 684 χρημα-

293 708 477 774 τίζ‹ο›ν.
536 708 704 777 Σῶμα
756 706 866 776 γὰρ
909 704 1075 759 αὑτοῦ
1130 707 1229 775 τὴν
1290 703 1620 775 Ἐκκλησίαν
1669 705 1864 769 καλεῖ,

1967 533 2188 575 carnem
2216 528 2391 586 ortus,
2430 534 2538 574 non
2570 520 2685 590 ipse
2708 521 2915 591 aliquid
2950 517 3206 585 ollerens,
3236 521 3330 577 sed
3373 530 3540 592 caput

1968 611 2239 667 exsistens
2266 626 2455 666 eorum
2501 613 2593 683 qui
2639 612 2892 668 oﬁ‘erunt.
2947 612 3159 683 Corpus
3186 614 3331 668 enim
3381 629 3538 670 suum

1973 703 2185 773 1397
2220 702 2522 758 Ecclesiam
2546 714 2721 770 vocat,
2744 715 2796 760 et
2822 722 2917 776 per
2945 722 3064 761 eam
3092 707 3398 762 sacerdotio
3427 706 3544 762 fun-

295 798 388 850 καὶ
423 797 510 850 διὰ
567 795 772 865 ταύτης
831 794 1098 867 ίερατεύει
1165 794 1240 857 ὡς
1296 794 1599 866 ἄνθρωπος,
1652 794 1865 864 δέχεται

1980 795 2116 863 gitur
2144 805 2202 849 ut
2236 800 2421 860 homo,
2469 797 2662 866 recipit
2690 806 2869 855 antem
2905 813 2969 853 ea
2992 813 3115 869 quae
3135 797 3460 865 oll‘eruntur,
3484 810 3544 855 ut

293 887 348 939 δὲ
399 889 466 940 τὰ
515 886 937 959 προσφερόμενα
995 886 1070 949 ῶς
1113 884 1263 948 Θεός.
1297 884 1311 907 ⁸
1342 884 1647 955 Προσφέρει
1710 883 1766 938 δὲ
1832 886 1866 955 ἡ

1980 884 2134 940 Deus.
2182 884 2352 941 Oll‘ert
2392 902 2522 940 vero
2572 887 2816 944 Ecclesia
2862 890 3108 958 Corporis
3150 900 3204 945 et
3257 891 3542 961 sanguinis

295 979 596 1046 Ἐκκλησία
645 980 712 1032 τὰ
748 977 844 1031 τοῦ
898 976 1149 1048 σώματος
1180 975 1349 1029 αὑτοῦ
1380 974 1597 1029 καὶτοῦ
1634 976 1868 1045 αἵματος

1980 978 2244 1047 symbola,
2282 985 2450 1034 totam
2477 994 2713 1035 massam
2748 997 2844 1050 per
2869 982 3138 1052 primitias
3171 984 3542 1040 sanctiﬁcans.

298 1070 566 1140 σύμϐολα,
609 1071 719 1123 πᾶν
753 1068 816 1121 τὸ
860 1066 1087 1140 φύραμα
1125 1067 1213 1120 διὰ
1255 1066 1355 1135 τῆς
1396 1066 1649 1138 ἁπαρχῆς
1714 1066 1872 1133 ἁγιά-

299 1162 489 1226 ζουσα.

371 1259 431 1305 ε’.
469 1271 487 1303 ι
524 1250 727 1321 Κύριος
774 1253 837 1303 ἐκ
867 1248 1054 1314 δεξιῶν
1086 1266 1180 1302 σου
1230 1248 1555 1302 συνέθλασεν
1599 1248 1656 1301 ἐν
1687 1247 1872 1318 ἡμέρᾳ

299 1343 469 1415 ὀργῆς
503 1342 668 1396 αὑτοῦ
703 1342 963 1412 βασιλεῖς.
1010 1360 1029 1393 ι
1065 1340 1206 1405 Τοὺς
1230 1341 1285 1395 δὲ
1316 1339 1412 1393 νῦν
1446 1338 1872 1402 ἀντιτείνοντας,

301 1437 394 1491 καὶ
430 1435 868 1506 θρασυνομένους
896 1434 1164 1505 ἄρχοντάς
1197 1451 1256 1486 τε
1308 1434 1404 1488 καὶ
1437 1431 1695 1505 βασιλέας
1725 1433 1781 1485 ὲν
1806 1433 1873 1503 τῇ

299 1530 396 1598 τῇς
443 1527 678 1597 κρίσεως
721 1525 905 1596 ἡμέρᾳ
952 1523 1268 1595 παραδώσει
1309 1524 1552 1578 κολάσει.
1603 1522 1748 1608 re"
1793 1522 1872 1586 δὲ,

308 1637 326 1669 ι
371 1618 574 1688 Κύριος
608 1619 672 1670 ὲκ
697 1614 884 1681 δεξιῶν
916 1633 1031 1681 σου,
1059 1636 1077 1668 ι
1106 1616 1247 1671 ἔοικε
1273 1616 1351 1686 τῷ
1384 1618 1441 1669 ἐν
1471 1614 1549 1686 τῷ
1583 1615 1816 1686 πέμπτῳ
1830 1616 1878 1648 ⁷⁸

305 1710 396 1762 καὶ
449 1708 660 1778 δεκάτῳ
706 1708 906 1778 ψαλμῷ
957 1707 1022 1772 ³⁷⁷,
1083 1725 1102 1759 ι
1151 1705 1511 1779 Προωρώμην
1542 1706 1652 1776 γὰρ
1697 1706 1744 1739 ⁷⁸
1782 1704 1877 1760 τὸν

2044 1238 2212 1294 Vens.
2241 1240 2293 1295 5.
2324 1258 2343 1291 ι
2384 1239 2652 1296 Dominus
2681 1255 2713 1295 a
2742 1242 2978 1298 dexteris
2999 1243 3108 1299 tuis
3144 1242 3414 1316 confregit
3452 1246 3541 1302 die

1975 1330 2069 1385 irae
2097 1347 2209 1387 suae
2231 1347 2408 1403 reges.
2439 1351 2458 1384 ι
2491 1332 2772 1405 Principes
2804 1343 2857 1390 et
2883 1352 3036 1407 reges
3075 1353 3222 1392 nunc
3247 1354 3547 1409 repugnan—

1977 1432 2057 1478 tes
2112 1431 2167 1478 et
2205 1422 2549 1495 insurgentes
2582 1426 2669 1480 die
2707 1426 2898 1496 judicii
2946 1429 3229 1499 suppliciis
3274 1431 3544 1508 multabit.

1977 1514 2093 1589 lloc
2124 1523 2330 1580 autem,
2369 1515 2626 1571 Dominus
2650 1535 2685 1597 Ia
2724 1517 2958 1573 dexteris
2983 1523 3105 1584 tuis,
3137 1521 3315 1576 simile
3344 1533 3426 1578 cst
3447 1524 3544 1586 illi,

1977 1606 2125 1677 quod
2158 1606 2212 1661 in
2255 1606 2467 1662 decimo
2499 1607 2690 1677 quinto
2715 1611 2930 1679 psalmo
2954 1611 3156 1666 dictum
3191 1621 3271 1667 est
3301 1630 3314 1666 τ
3345 1630 3364 1663 ι
3400 1611 3548 1670 Prae-

1979 1698 2226 1752 videbam
2266 1697 2555 1752 Dominum
2602 1699 2655 1752 in
2683 1709 2976 1770 conspectu
3004 1716 3124 1756 meo
3149 1717 3382 1772 semper,
3412 1719 3551 1774 quo-

302 1800 507 1870 Κύριον
551 1772 784 1854 ἐνώπιόν
821 1772 924 1869 μου
952 1799 1041 1853 διὰ
1075 1772 1297 1863 παντὸς,
1318 1772 1413 1852 -ὄτι
1443 1772 1507 1852 ὲκ
1549 1772 1741 1865 δεξιῶν
1775 1795 1875 1868 μού

1984 1791 2130 1845 niam
2164 1806 2194 1845 a
2235 1793 2476 1846 dexteris
2504 1799 2589 1846 est
2617 1792 2769 1851 mihi.
2804 1809 2872 1848 ne
2920 1810 3268 1851 commovear
3303 1806 3352 1850 1.
3399 1817 3417 1849 ι
3455 1798 3549 1853 Et-

303 1894 469 1955 ἐστιν,
502 1891 588 1942 ἵνα
625 1890 698 1960 μὴ
730 1890 996 1943 σαλευθῶ.
1039 1909 1056 1941 ι
1092 1891 1203 1943 Καὶ
1229 1889 1338 1958 γὰρ
1373 1891 1491 1942 ἐκεῖ
1518 1887 1879 1958 ἀνθρωπίνως

300 1982 456 2037 τοῦτο
485 1981 702 2052 εἴρηκε,
721 1981 815 2036 καὶ
830 1981 1099 2051 δεδήλωκε
1132 1981 1230 2050 τῆς
1256 1979 1550 2050 ὲνωθείσης
1576 1979 1794 2048 φύσεως
1819 1977 1880 2031 τὸ

303 2073 600 2145 ἀχώριστον
616 2089 630 2102 ·
648 2072 744 2125 καὶ
760 2071 993 2125 ἐνταῦθα
1010 2070 1054 2103 ⁷⁸
1074 2070 1214 2124 κατὰ
1236 2069 1432 2124 ταυτὸν
1448 2069 1540 2124 καὶ
1565 2069 1635 2122 τὰ
1656 2067 1774 2122 θεῖα
1787 2068 1878 2122 λέ·

303 2183 411 2234 γει,
434 2164 530 2218 καὶ
546 2163 612 2215 τὰ
629 2161 724 2215 ἀνθ
734 2161 966 2233 ρώπινα.
987 2162 1059 2214 Τὸ
1091 2161 1189 2229 μὲν
1210 2161 1372 2230 γὰρ,‹
1396 2159 1581 2214 Κάθου
1609 2159 1672 2212 ὲκ
1687 2150 1879 2223 δέξιῶν

309 2274 432 2325 μου.
470 2274 489 2306 ι
528 2256 594 2324 τῇ
627 2250 942 2322 ἀνθρωπεία
962 2250 1121 2320 φύσει
1156 2251 1497 2321 πρόσφορον·
1521 2249 1679 2314 τὸδὲ,
1715 2267 1734 2301 ι
1782 2249 1881 2303 Ἐκ

306 2347 541 2417 γαστρὸς
578 2343 685 2414 πρὸ
709 2342 985 2413 ὲωσφόρου
1025 2341 1290 2411 ὲγέννησά
1313 2357 1393 2404 σε,
1421 2358 1440 2392 ι
1464 2339 1758 2411 δηλωτικὸν
1782 2338 1881 2408 τῆς

308 2436 593 2507 θεότητος·
626 2434 687 2488 τὸ
723 2434 801 2498 δὲ,
838 2452 855 2485 ι
894 2433 968 2487 Σὺ
1000 2428 1049 2485 εἶ
1087 2433 1265 2504 ἱερεὺς
1295 2433 1374 2495 είς
1411 2430 1584 2486 αίῶνα
1608 2430 1676 2495 ⁸ο,
1716 2447 1737 2480 ›
1773 2428 1883 2482 πά-

306 2529 388 2582 λιν
421 2530 495 2592 ὡς
524 2527 658 2599 πρὸς
693 2526 979 2598 ἄνθρωπον
1007 2524 1246 2595 εἴρηται.
1280 2522 1556 2587 Ὡσαύτως
1575 2521 1633 2576 δὲ
1663 2521 1757 2575 καὶ
1784 2520 1845 2574 τὸ
1863 2559 1879 2585 ,

311 2635 330 2668 ι
380 2618 579 2688 Κύριος
611 2618 675 2669 ὲκ
709 2615 896 2680 δεξιῶν
930 2631 1046 2681 σου,
1079 2632 1098 2667 ι
1126 2613 1247 2668 ἀντὶ
1274 2612 1389 2680 τοῦ,
1410 2611 1714 2683 ἀχώριστον
1736 2610 1883 2683 ἔχεις

306 2709 403 2779 τὴν
437 2707 730 2762 ὲνωθεῖσαν
756 2706 1006 2778 θεότητα.

380 2797 454 2862 ς’.
495 2816 512 2849 ι
555 2799 748 2870 Κρινεῖ
792 2799 850 2850 ὲν
880 2800 993 2861 τοῖς
1021 2795 1221 2862 ἔθνεσι,
1259 2795 1539 2866 πληρώσει
1573 2792 1879 2864 πτώματα·

310 2889 596 2942 συνθλάσει
623 2888 863 2958 κεφαλὰς
894 2888 987 2942 ἐπὶ
1019 2889 1120 2959 γῆς
1155 2887 1366 2942 πολλῶν
1395 2888 1461 2941 ⁸⁸.
1492 2906 1511 2939 ι
1542 2886 1884 2958 Σαφέστερον

308 2978 542 3032 ἐνταῦθα
592 2977 692 3049 τὴν
734 2978 915 3050 κρίσιν
962 2977 1195 3048 ἐδήλωσε
1245 2977 1339 3031 καὶ
1379 2978 1463 3031 ὅτι
1510 2978 1634 3031 κατ’
1665 2977 1882 3048 ἐκείνην

1980 1881 2125 1936 enim
2167 1882 2240 1935 ibi
2267 1882 2422 1951 juxta
2460 1883 2856 1938 humanitatem
2893 1886 2996 1940 hoc
3026 1886 3184 1952 dixit,
3221 1896 3277 1942 et
3303 1887 3545 1943 declara-

1979 1971 2060 2026 vit
2120 1980 2326 2026 naturae
2362 1973 2530 2027 unitae
2567 1975 3087 2045 inseparabilitatem
3124 1995 3137 2031 :
3168 1989 3245 2032 et.
3275 1979 3381 2033 hoc
3429 1983 3551 2038 loco

1980 2062 2143 2118 simul
2168 2072 2221 2117 et
2242 2062 2424 2118 divina
2449 2064 2602 2130 dicit,
2636 2074 2689 2120 et
2721 2066 2979 2122 humana.
3007 2066 3121 2123 Hoc
3149 2070 3317 2134 enim,
3355 2088 3376 2122 ι
3412 2071 3552 2127 Sede

1960 2164 2011 2210 _a
2059 2149 2299 2205 dexteris
2342 2152 2500 2215 meis,
2540 2169 2559 2202 ι
2598 2152 2851 2207 humanae
2878 2154 2895 2174 ‘
2927 2164 3139 2208 natura;
3169 2156 3441 2226 congruit.
3484 2156 3553 2210 ll—

1982 2240 2072 2295 lud
2102 2256 2255 2304 vero,
2297 2260 2314 2293 ι
2354 2242 2430 2296 Ex
2465 2253 2624 2297 utero
2657 2252 2784 2299 ante
2808 2243 3094 2299 luciferum
3120 2246 3281 2316 genui
3311 2255 3383 2309 te,
3414 2264 3434 2299 ι
3469 2247 3554 2303 di-

1983 2332 2264 2387 vinitatem
2292 2333 2565 2398 declarat;
2595 2344 2648 2387 et
2681 2334 2814 2388 illud
2844 2350 3036 2390 rursus
3067 2352 3080 2388 :
3113 2354 3132 2387 ι
3170 2336 3251 2390 Tu
3287 2351 3347 2391 es
3376 2351 3554 2392 sacer-

1982 2423 2084 2477 dos
2117 2423 2171 2477 in
2218 2432 2503 2489 teter-num,
2556 2442 2575 2474 ι
2626 2432 2887 2494 tanquam
2926 2425 2995 2479 ad
3041 2426 3315 2481 hominem
3346 2427 3550 2484 dictum

1983 2496 2087 2568 est.
2121 2512 2195 2568 Ita
2228 2528 2449 2583 quoque
2474 2512 2606 2567 illud
2640 2531 2653 2567 :
2697 2532 2716 2565 ι
2753 2513 3017 2570 Dominus
3046 2530 3076 2567 a
3105 2516 3345 2571 dexteris
3373 2518 3500 2582 tuis,
3530 2536 3549 2569 ι

1984 2604 2143 2675 quasi
2172 2603 2339 2669 dicat,
2391 2604 2723 2658 lndividuam
2768 2605 2935 2661 habes
2969 2606 3317 2676 coniunctam
3359 2607 3542 2663 divini

1986 2705 2177 2752 tatem.

2058 2786 2227 2842 Vens.
2250 2787 2303 2842 6.
2353 2807 2371 2837 ε
2395 2787 2669 2843 Jutlicabit
2697 2788 2840 2843 inter
2867 2789 3138 2854 nationes,
3162 2789 3408 2860 implebit
3428 2792 3549 2863 (ter-

1985 2880 2126 2949 ram)
2160 2881 2460 2951 stragibus,
2503 2879 2904 2950 conquassabit
2943 2880 3123 2950 capita
3151 2880 3205 2935 itt
3242 2890 3384 2938 terra
3414 2886 3546 2939 mul-

1988 2981 2188 3028 torum.
2229 2991 2248 3025 ι
2279 2971 2619 3052 Manifestius
2643 2972 2745 3045 hoc
2768 2972 2890 3026 loco
2925 2972 3188 3040 judicium
3218 2972 3553 3031 demonsrra-

306 3070 406 3140 τὴν
436 3070 648 3139 ἡμέραν
680 3070 1049 3132 παντοδαπαῖς
1081 3068 1401 3142 παραδώσει
1434 3070 1729 3142 τιμωρίαις
1755 3071 1876 3134 τοὺς

1985 3065 2079 3131 vit,
2107 3080 2276 3135 seque
2297 3065 2390 3119 illo
2412 3065 2512 3119 die
2544 3065 2794 3120 homines
2836 3064 3035 3135 impios
3067 3067 3323 3137 vitiisque
3374 3068 3554 3139 inqui-

306 3162 593 3231 δυσσεϐείᾳ
623 3160 987 3231 συνεζηκότας
1010 3177 1025 3191 ·
1066 3163 1161 3215 καὶ
1192 3162 1333 3216 κατὰ
1361 3162 1451 3215 τὸν
1480 3162 1725 3233 παρόντα
1753 3160 1881 3230 μέν-

305 3269 388 3305 τοι
441 3252 486 3283 ⁸’
546 3251 694 3322 βίον,
750 3252 976 3316 πολλαῖς
1026 3252 1225 3315 αὐτοὺς
1296 3252 1555 3315 πολλάκις
1609 3252 1880 3315 παιδείαις

309 3343 568 3411 ὑπέϐαλε,
604 3345 703 3413 τὴν
752 3344 961 3398 οίκείαν
1004 3345 1237 3415 δύναμιν
1275 3345 1404 3409 τοὺς
1437 3342 1768 3413 ἀγνοοῦντας
1804 3343 1880 3396 δι-

308 3434 544 3490 δάσκων.

379 3524 444 3588 ζ’.
487 3543 505 3575 ι
558 3527 651 3579 Ἐκ
697 3527 1013 3599 χειμάρρου.
1043 3527 1101 3580 ἐν
1132 3525 1238 3597 όδῷ
1287 3526 1492 3590 πίεται,
1528 3526 1617 3580 διὰ
1646 3526 1693 3558 ⁸³
1722 3525 1879 3579 τοῦτο

309 3614 511 3681 ὑψώσει
540 3615 802 3686 κεφαλήν.
842 3636 860 3669 ι
898 3616 1095 3688 Πολλῇ,
1127 3617 1312 3686 φησὶν,
1340 3615 1767 3687 ὲνανθρωπήσας
1794 3614 1882 3667 εὑ-

307 3703 487 3774 τελείᾳ
522 3704 802 3775 χρήσεται,
831 3703 971 3758 ὥστε
1000 3706 1095 3758 καὶ
1123 3708 1237 3768 τοῖς
1265 3705 1408 3759 κατὰ
1448 3705 1550 3775 τὴν
1577 3705 1696 3758 ὁδὸν
1730 3705 1879 3776 εὑρι-

309 3796 593 3864 σκομένοις
625 3794 778 3848 ὕδασι
812 3795 1137 3866 θεραπεύειν
1179 3796 1242 3850 τὸ
1274 3796 1448 3866 δίψος.
1489 3799 1646 3850 Δοκεῖ
1686 3798 1742 3850 δέ
1786 3815 1878 3869 μοι

308 3884 401 3935 καὶ
432 3884 623 3954 ἑτέραν
673 3884 976 3955 βαθυτέραν
1017 3885 1162 3956 ἔχειν
1204 3887 1239 3957 ἡ
1281 3887 1587 3957 προφητεία
1622 3885 1874 3943 διάνοιαν.

309 3975 574 4044 Ποτήριον
609 3975 729 4038 ἔθος
755 3976 902 4046 αὑτῷ
935 3977 997 4029 τὸ
1027 3975 1197 4040 πάθος
1229 3977 1413 4030 καλεῖν
1437 3993 1453 4009 ·
1491 3996 1508 4029 ι
1535 3977 1718 4049 Πάτερ
1744 3978 1872 4050 γάρ,

305 4065 432 4135 ἔφη,
482 4068 528 4119 εί
560 4067 802 4131 δυνατὺν,
847 4067 1089 4138 παρέλθῃ
1111 4067 1157 4099 ⁸⁵
1187 4067 1248 4121 τὸ
1286 4069 1538 4139 ποτήριον
1587 4070 1746 4124 τοῦτο
1779 4071 1878 4125 ἀπ’

306 4156 463 4226 ἐμοῦ·
505 4176 523 4208 ι
563 4157 923 4226 χειμάρῤουν
952 4159 1007 4211 δὲ
1032 4160 1157 4221 τοὺς
1200 4159 1488 4223 Ἰουδαίους
1520 4159 1692 4225 καλεῖ,
1725 4162 1875 4226 θείας

309 4251 408 4317 μὲν
454 4248 672 4319 χάριτος
710 4249 1097 4319 τετυχηκότας,
1143 4250 1241 4302 οὑκ
1273 4251 1447 4304 ἀεὶδὲ
1491 4253 1693 4324 ταύτης
1739 4255 1874 4307 ἀπο-

304 4340 626 4402 λαύσαντας.
666 4340 930 4410 Καθάπερ
953 4340 1060 4410 γὰρ
1088 4341 1116 4393 ὁ
1142 4341 1476 4411 χειμάρρους
1519 4343 1617 4396 οὑκ
1649 4343 1874 4397 άένναον

1987 3165 2149 3212 natos
2210 3156 2495 3225 suppliciis
2543 3157 2888 3212 traditurum.
2939 3156 3006 3212 Et
3053 3173 3185 3213 sane
3226 3159 3280 3213 in
3320 3159 3425 3216 hac
3449 3161 3559 3218 vita

1986 3250 2186 3319 saepius
2221 3250 2407 3305 multis
2436 3250 2891 3319 castigationibus
2924 3251 3049 3306 illos
3095 3252 3327 3321 punivit,
3370 3262 3552 3325 poten-

1987 3342 2115 3396 tiam
2147 3355 2300 3395 suam
2340 3339 2559 3410 ignaros
2589 3340 2810 3396 docens.

2057 3516 2224 3572 Vens.
2291 3518 2342 3571 7.
2382 3516 2425 3570 E
2475 3524 2723 3574 torrente
2792 3519 2846 3574 in
2909 3520 2996 3574 via
3040 3521 3222 3588 bibet,
3271 3533 3556 3595 propterea

1991 3608 2206 3680 1393
2230 3608 2495 3664 exaltabit
2525 3617 2709 3680 caput.
2753 3628 2771 3661 ι
2798 3609 3005 3679 ,Multa,
3056 3612 3252 3683 inquit,
3300 3629 3425 3669 cum
3460 3618 3553 3672 ho-

1985 3716 2076 3755 mo
2137 3701 2313 3756 factus
2376 3701 2501 3764 erit,
2564 3702 2869 3758 humilitate
2907 3711 3113 3769 utetur,
3153 3704 3228 3760 ita
3292 3715 3351 3761 ut
3399 3710 3558 3778 aquis

1983 3793 2146 3848 etiam
2181 3809 2303 3862 qua).
2329 3793 2385 3847 in
2415 3793 2501 3847 via
2534 3794 2907 3862 inveniuntur,
2945 3795 3092 3851 sitim
3123 3797 3442 3869 restinguat.
3460 3800 3557 3855 Vi-

1984 3886 2142 3941 detur
2181 3896 2360 3940 autem
2414 3886 2551 3940 mihi
2595 3886 2916 3943 vaticinatio
2950 3902 3174 3944 sensum
3211 3890 3378 3946 alium
3422 3908 3552 3963 pro-

1985 3977 2293 4033 fundiorem
2326 3978 2551 4033 habere.
2579 3978 2814 4034 Calicem
2848 3980 2988 4036 solet
3021 3982 3136 4052 ipse
3164 3998 3381 4039 crucem
3415 4000 3555 4040 nun-

1983 4081 2198 4137 cupere.
2233 4085 2250 4118 ι
2277 4065 2437 4120 Pater
2459 4066 2625 4131 enim,
2660 4066 2859 4138 inquit,
2880 4069 2923 4123 si
2950 4071 3208 4138 possibile
3236 4081 3341 4138 est,
3376 4082 3553 4129 trans-

1982 4170 2070 4217 eat
2115 4161 2252 4216 ealix
2302 4160 2407 4216 iste
2446 4176 2476 4214 a
2512 4176 2596 4214 me
2626 4170 2672 4215 ι.
2721 4181 2740 4212 ι
2782 4161 3086 4216 Torrentem
3137 4179 3289 4231 vero,
3334 4165 3554 4224 Judaeos

1981 4251 2274 4321 vocat,qui
2300 4251 2539 4306 divinam
2571 4252 2788 4322 quidem
2817 4251 3051 4322 gratiam
3094 4253 3262 4321 nacti,
3305 4256 3398 4311 sed
3443 4273 3553 4312 non

1983 4359 2200 4413 semper
2235 4343 2338 4399 hac
2362 4343 2518 4413 pctiti
2551 4350 2699 4399 sunt.
2736 4342 3209 4409 Quemadmodum
3257 4348 3403 4401 enim
3433 4357 3546 4402 tor-

306 4428 414 4497 ἔχει
436 4430 532 4498 τὴν
556 4428 665 4481 τῶν
691 4430 899 4483 ὑδάτων
927 4430 1116 4500 φορὰν,
1145 4429 1282 4483 ἀλλὰ
1310 4433 1374 4484 ἐκ
1402 4433 1509 4485 τῶν
1539 4434 1876 4505 τικτομένων

1982 4449 2111 4489 rens
2158 4448 2266 4487 non
2299 4448 2591 4503 perennem
2645 4448 2913 4503 aquarum
2967 4432 3173 4489 ﬂuxum
3226 4434 3414 4505 habet,
3455 4438 3549 4493 sed

304 4517 368 4570 ἑκ
421 4519 528 4571 τῶν
582 4520 758 4588 νεφῶν
805 4522 1116 4575 συνίσταται
1160 4523 1365 4576 ὑετῶν·
1418 4524 1591 4589 οὕτως
1634 4526 1877 4581 Ἰουδαῖοι

303 4609 639 4681 πρόσκαιρον
692 4608 849 4682 ἔσχον
883 4611 976 4665 τοῦ
1024 4613 1188 4684 νόμου
1239 4615 1338 4684 τὴν
1387 4607 1567 4686 χάριν,
1617 4612 1728 4672 οἷον
1771 4620 1877 4674 ἀπό

301 4716 461 4753 τινων
493 4701 670 4768 νεφῶν
699 4702 807 4755 τῶν
842 4704 1136 4774 προφητῶν
1169 4707 1604 4778 χορηγουμένην.
1636 4709 1874 4777 Μετὰξδὲ

301 4791 472 4844 ταῦτα
516 4793 609 4845 τοῦ
644 4794 834 4865 θέρους
884 4797 1166 4864 φανέντος,
1216 4799 1356 4851 κατὰ
1398 4799 1497 4868 τὴν
1528 4799 1621 4852 τοῦ
1666 4801 1870 4871 Κυρίου

303 4884 519 4954 φωνήν·
562 4903 581 4937 ι
635 4887 905 4957 Ἐπάρατε
947 4887 992 4920 ⁸⁵
1028 4887 1155 4957 γὰρ,
1205 4889 1357 4956 φησὶ,
1397 4889 1521 4951 τοὺς
1562 4888 1871 4961 ὀφθαλμοὺς

304 4969 477 5040 ὑμῶν,
510 4976 605 5028 καὶ
631 4977 856 5046 βλέπετε
888 4978 933 5010 ⁸⁵
964 4980 1041 5039 εἰς
1069 4977 1168 5042 τὰς
1198 4978 1403 5048 χώρας,
1432 4979 1515 5032 ὅτι
1545 4979 1736 5034 λευκαί
1765 4984 1871 5036 είσι

307 5060 441 5129 πρὸς
496 5063 783 5136 θερισμόν·
846 5087 863 5119 ι
916 5068 1227 5137 ἀναγκαίως
1296 5071 1323 5122 ό
1387 5072 1720 5142 χειμάῤῥους
1772 5074 1871 5143 τῆς

305 5265 335 5307 7
365 5257 513 5312 Psal.
545 5274 632 5323 xv,
672 5260 723 5312 8.

804 5272 825 5298 ι
858 5263 1044 5319 Matth.
1075 5282 1225 5330 XXVI,
1259 5266 1345 5322 '59.
1423 5279 1446 5306 δ
1477 5267 1638 5321 Joan.
1674 5281 1742 5331 tv,
1778 5267 1865 5320 55.

1982 4540 2047 4580 ex
2086 4524 2377 4588 imbribus,
2432 4521 2525 4593 qui
2567 4537 2633 4577 ex
2668 4523 2910 4578 nubibus
2955 4524 3275 4593 gignuntur,
3323 4527 3546 4582 oritur:

1981 4616 2061 4669 sic
2095 4612 2266 4669 Judaei
2320 4613 2609 4668 durantem
2662 4617 2727 4668 ad
2763 4623 2974 4684 tempus
3009 4615 3239 4685 gratiam
3284 4615 3418 4688 legis
3453 4618 3549 4672 ha-

1979 4706 2240 4772 buerunt,
2292 4705 2551 4759 a.sacris
2605 4704 2907 4774 prephetis,
2956 4704 3102 4758 velut
3148 4719 3178 4758 a
3217 4705 3545 4774 quibusdam

1978 4797 2218 4851 nubibus
2250 4795 2673 4867 suppeditatam.
2726 4795 2923 4851 Postea
2950 4810 3100 4859 vero,
3140 4804 3335 4851 aestate
3379 4811 3547 4867 appe-

1979 4899 2146 4953 tente,
2194 4889 2497 4945 secundum
2535 4887 2749 4943 Domini
2788 4902 2977 4943 vocem
3009 4907 3019 4941 :
3059 4907 3077 4939 ι
3122 4887 3319 4944 Levate
3353 4889 3545 4944 oculos

1978 4991 2212 5048 vestros,
2246 4991 2300 5036 et
2329 4982 2508 5037 videte
2536 4982 2807 5053 regiones,
2857 4983 3116 5049 quoniam
3149 4983 3286 5038 alba:
3315 4989 3444 5037 sunt
3473 4981 3540 5036 ad

1981 5090 2211 5129 messem
2250 5087 2313 5142 ι,
2364 5093 2381 5126 ι
2429 5074 2742 5131 necessario
2791 5083 3003 5131 torrens
3055 5074 3221 5145 priori
3274 5088 3540 5145 aquarum

1404 5405 1639 5460 VARI/IS
1673 5403 2052 5461 LECTIONES
2081 5405 2164 5459 ET
2188 5403 2419 5461 ΝΟΤᾹΪ.

382 5519 425 5549 ⁷⁵
462 5516 532 5571 Τὸ
564 5548 630 5589 τ-
679 5518 848 5571 ἐνωθ.
884 5522 1149 5588 θεότητα.
1190 5521 1351 5577 Conf.
1409 5522 1474 5576 ad
1512 5524 1567 5577 lt.
1596 5523 1632 5576 l.
1682 5537 1805 5589 quae
1851 5522 1876 5576 il

1983 5521 2265 5577 Michaelis
2303 5522 2340 5576 l.
2372 5538 2423 5577 e.
2455 5537 2510 5588 ι).
2538 5522 2663 5588 589,
2712 5523 2947 5577 monuit.

3053 5522 3097 5552 "
3132 5519 3252 5574 cod.
3293 5519 3314 5571 l
3354 5518 3539 5575 πέντε.

309 5587 354 5622 τ⁷
380 5587 621 5676 ιράἰίμῷ.
651 5589 819 5676 ωτι.)
855 5587 1367 5676 ριἰξῐηᾷείρημένεεκ
1404 5663 1417 5676 ¹
1444 5593 1645 5676 ⁷⁸Ιςάρ.
1678 5587 1845 5676 Abest
1871 5612 1876 5646 :

1980 5592 2038 5647 Id.
2076 5592 2127 5646 1.
2204 5587 2576 5676 "lamiae.
2603 5587 2727 5676 oud.
2760 5594 2938 5676 Ladd:
2972 5589 3173 5646 τοίνυν.
3195 5587 3539 5676 Mf”,

301 5664 425 5734 coit.
462 5660 482 5710 l
518 5673 703 5734 prtem.
740 5656 865 5734 τόν.
927 5656 972 5734 ⁸ξ
997 5656 1273 5734 ⁸Πολζίίἱξν.
1319 5656 1488 5717 llebr.
1525 5656 1709 5731 (super
1769 5671 1876 5734 terr

1980 5678 2193 5734 magna.
2268 5662 2313 5694 ⁸³
2339 5663 2460 5721 cod.
2507 5662 2531 5717 l
2569 5663 2688 5734 μέν.
2765 5661 2939 5716 ⁸³Διὰ
2971 5689 3039 5703 -
3066 5658 3361 5730 κεφαλήν.
3412 5660 3539 5720 Des.

317 5729 449 5782 ibid.
528 5728 575 5761 3‘
602 5728 720 5783 cod.
761 5727 776 5780 l
814 5728 1125 5798 παρελθεῖν.
1202 5732 1245 5765 ⁸⁸
1289 5733 1409 5787 cod.
1447 5734 1469 5786 l
1507 5727 1692 5803 ἄρατε.
1771 5733 1816 5765 ⁸⁸
1840 5748 1876 5788 ει

2004 5732 2027 5786 1
2064 5727 2317 5803 βλέψατε.
