4006 6198
284 328 419 397 1777

1662 342 1740 402 IN
1773 344 1979 405 PSAL.
2025 346 2141 407 CX.

3433 364 3605 429 1778f

279 453 562 525 θελήματα
593 454 780 509 αὑτοῦ.
820 474 838 507 ι
875 457 1025 509 Ποιεῖ
1064 457 1163 528 μὲν
1193 458 1238 490 θ’
1288 459 1388 513 ὅσα
1439 460 1708 531 βούλεται,
1737 462 1850 515 ἔκαε

1977 479 2101 519 nem
2132 466 2470 523 voluntatem
2521 471 2661 540 ejus.
2696 492 2716 524 ι
2769 473 2921 529 Facit
2966 456 3184 546 quidem
3221 496 3589 555 qumcunqnov

279 562 404 599 στον
428 546 485 599 δὲ
509 545 620 599 τῶν
651 547 956 619 γινομένων
1007 548 1201 620 σοφίας
1231 550 1470 623 ὑπάρχει
1503 552 1725 621 μεστὸν,
1773 555 1871 609 καὶ

280 634 433 706 παρά
468 637 687 691 πάντων
711 638 811 708 τὴν
840 640 1122 710 εὐφημίαν
1149 641 1460 711 ἐφέλκεται.

349 734 421 797 γ’.
465 747 484 780 ι
522 728 942 803 Ἐξομολόγησις
975 732 1072 787 καὶ
1106 734 1556 807 μεγαλοπρέπεια
1601 735 1664 790 τὸ
1709 736 1873 809 ἔργον

275 820 465 875 αὑτοῦ.
510 840 528 872 t
563 823 818 877 Ἀπαντα
846 825 914 878 τὰ
947 826 1040 879 ὑπ’
1070 827 1236 882 αὐτοῦ
1262 830 1547 902 γινόμενα,
1586 830 1683 884 καὶ
1717 832 1751 903 ἡ
1778 831 1872 903 δη.

279 917 561 987 μιουργία,
595 920 685 972 καὶ
709 921 742 990 ἡ
767 920 1070 993 οἰκονομία,
1094 925 1186 977 καὶ
1211 926 1550 996 μεγαλοφυῆ,
1582 926 1675 980 καὶ
1699 926 1869 999 ὑπερ·

276 1010 387 1079 φυῆ
419 1051 433 1074 ,
466 1010 559 1063 καὶ
587 1011 687 1079 τῆς
738 1012 889 1084 παρὰ
936 1016 1152 1070 πάντων
1185 1016 1233 1050 ⁸⁸
1256 1016 1563 1089 ἀνθρώπων
1594 1019 1870 1091 ὑμνῳδίας

273 1096 422 1163 ἀξια.
473 1100 954 1172 Ἐξομολόγησιν
986 1106 1032 1138 ⁹⁹
1083 1106 1316 1163 ἐνταῦθα
1362 1108 1463 1180 τὴν
1514 1109 1868 1181 εὐχαριστίαν

275 1188 454 1245 καλεῖ.
493 1209 512 1242 ι
558 1194 720 1265 Καὶή
756 1194 1071 1267 δικαιοσύνη
1098 1199 1263 1253 αὑτοῦ
1297 1200 1449 1272 μένει
1473 1203 1552 1266 εἰς
1573 1203 1666 1257 τὸν
1694 1203 1868 1257 αἰῶνα

274 1281 369 1334 τοῦ
407 1283 624 1345 αἰῶνος.
679 1303 697 1336 ι
755 1287 922 1340 Οὐδὲν
955 1289 1139 1343 ἄδικον
1180 1290 1292 1344 τῶν
1340 1294 1672 1364 γινομένων,
1727 1296 1867 1352 ἀλλὰ

274 1374 452 1428 πάντα
496 1375 572 1446 τῷ
614 1377 809 1446 δικαίῳ
853 1385 1177 1452 κοσμεῖται·
1215 1384 1285 1438 δι’
1315 1385 1513 1450 αἰῶνος
1549 1386 1658 1458 γὰρ
1692 1387 1867 1461 ταύτῃ

273 1466 555 1537 χρώμενος
587 1473 916 1541 πρυτανεύει
948 1474 1018 1528 τὰ
1047 1475 1364 1546 σύμπαντα.

343 1556 405 1613 δ’.
451 1579 468 1610 ι
507 1563 714 1617 Μνείαν
760 1565 1059 1637 ἐποιήσατο
1098 1568 1208 1623 τῶν
1243 1569 1564 1641 θαυμασίων
1605 1572 1792 1627 αὑτοῦ.
1838 1593 1858 1627 ι

270 1650 493 1723 Ἐπειδὴ
531 1658 823 1725 προφανῶς
854 1661 1154 1731 εἰργάσατο
1184 1663 1295 1717 τῶν
1329 1665 1603 1735 πολεμίων
1632 1665 1724 1720 τὸν
1747 1666 1864 1720 ὄλε-

273 1741 421 1812 θρον.
476 1745 652 1801 Ταυτδ
705 1749 761 1803 δὲ
810 1751 970 1805 τοῦτο
1009 1755 1104 1807 καὶ
1146 1756 1382 1809 ἐπὶτῶν
1431 1758 1716 1828 προγόνων
1764 1775 1859 1812 πε-

272 1833 492 1918 ποίηκε,
528 1837 661 1890 ποτὲ
693 1840 794 1908 μὲν
832 1843 960 1905 τοὺς
993 1846 1323 1911 Αίγυπτίους
1354 1848 1734 1918 συγκαλύψας,
1767 1850 1860 1903 ἄλ-

267 1920 391 1976 λοτε
437 1901 494 1979 δὲ
547 1901 1090 2002 τοὺς-Ἀμαληκίτας
1142 1938 1207 2005 τῇ
1267 1901 1490 1990 ἐκτάσει

265 2017 470 2086 χειρῶν
521 2022 962 2088 κατακοντίσαςο
1016 2026 1112 2079 καὶ
1160 2028 1527 2095 Χαναναίους,
1577 2032 1673 2084 καὶ
1716 2034 1857 2086 Χετ-

264 2109 475 2174 ταίους,
504 2113 599 2164 καὶ
628 2113 698 2166 τὰ
728 2114 865 2168 ἄλλα
888 2117 1038 2188 ἔθνη,
1070 2119 1136 2171 δι’
1169 2120 1345 2191 Ἰησοῦ
1374 2121 1467 2175 τοῦ
1495 2123 1653 2195 Ναυῆ
1684 2141 1852 2180 καταο

266 2200 459 2265 λύσας.
497 2202 831 2275 Ἀνάμνησιν
860 2208 970 2262 τῶν
1004 2209 1322 2279 Θαυμασίων
1356 2213 1582 2267 ἐκάλεσε
1616 2215 1725 2268 τῶν
1756 2235 1853 2270 πο·

265 2293 471 2359 λεμίων
503 2297 603 2367 τὴν
633 2299 905 2369 τιμωρίαν
944 2315 957 2330 ο
994 2301 1115 2354 ἀντὶ
1158 2302 1253 2356 τοῦ
1282 2321 1295 2334 ·
1333 2303 1444 2368 Τάς
1479 2305 1853 2377 πολυθρυλλή-

264 2400 394 2449 τους
439 2404 532 2440 σου
590 2388 1074 2462 θαυματουργίας,
1128 2394 1227 2458 τὰς
1280 2395 1494 2464 ψευδεῖς
1544 2397 1695 2468 παρά
1739 2400 1853 2464 τοῖς

263 2477 515 2544 ἀπίστοις
548 2479 936 2553 νομιζομένας,
980 2484 1189 2553 ἔδειξας
1235 2489 1457 2560 ἀληθεῖς
1481 2493 1549 2561 τῇ
1587 2492 1683 2564 νέᾳ
1717 2492 1849 2546 θαυ-

266 2574 597 2647 ματουργία,
629 2576 723 2630 καὶ
753 2576 1066 2648 ἀνέμνησας
1101 2581 1248 2652 ἡμᾶς
1279 2584 1299 2613 ³
1329 2575 1404 2637 ὧν
1430 2583 1524 2637 ἐπὶ
1557 2585 1666 2638 τῶν
1708 2588 1849 2658 ήμεα

262 2666 323 2718 τέ
331 2684 442 2737 ρων
472 2669 715 2739 εἰργάσω
739 2671 1044 2743 προγόνων.

343 2779 360 2810 ι
404 2760 688 2832 Ἐλεὴμων
729 2766 823 2818 καὶ
847 2767 1150 2836 οἰκτίρμων
1177 2770 1205 2822 ὁ
1229 2769 1455 2840 Κύριος.
1496 2769 1585 2843 [εἸ
1628 2772 1850 2844 Τροφὴν

265 2849 436 2906 ἔδωκε
464 2857 578 2917 τοῖς
607 2855 963 2926 φοϐουμένοις
1015 2860 1199 2916 αὑτόν.
1245 2879 1264 2912 ι
1304 2862 1417 2931 Τὴν
1460 2863 1713 2932 τροφὴν,
1745 2864 1849 2931 θή-

255 2961 378 3013 ραν
425 2949 472 2999 οἱ
525 2947 675 3001 ἄλλοι
731 2943 885 3002 εἷπον
935 2951 1288 3022 έρμηνευταί.
1340 2953 1540 3027 Ἀληθῆ
1580 2956 1637 3009 δὲ
1666 2958 1847 3027 ἀμφό-

262 3054 417 3106 τερα.
453 3040 563 3092 Kal.
596 3040 705 3110 γὰρ
735 3040 809 3103 ὡς
849 3042 943 3094 ἐπὶ
969 3041 1144 3113 θήραν
1173 3042 1393 3116 ἕτοιμον
1429 3046 1664 3118 ἔδραμον
1697 3049 1791 3101 ἐπὶ
1824 3049 1845 3081 ³

1980 560 2114 625 ruit,
2146 564 2580 635 unumquodque
2599 580 2728 622 vero
2752 582 2966 637 eorum,
3000 586 3125 641 qua:
3148 572 3306 640 tiunt,
3341 578 3562 647 sapien-

1978 653 2064 707 Iize
2093 664 2172 709 est
2207 656 2451 726 plenum,
2484 670 2537 715 et
2588 662 2658 714 ah
2687 663 2943 719 onmibus
2986 664 3204 721 laudent
3242 669 3430 727 refert.

2046 749 2063 767 ‘
2095 744 2259 802 Vens.
2306 749 2358 802 5.
2403 768 2421 801 ι
2462 749 2751 807 Confessio
2781 762 2834 807 et
2869 756 3279 826 magniﬁcentia
3309 771 3393 816 est
3419 776 3561 834 opus
3616 746 3622 755 ’

1972 837 2112 908 ejus.
2151 859 2169 891 ι
2205 839 2402 897 Omnia
2437 859 2559 914 quae
2592 844 2659 899 ab
2702 846 2821 915 ipso
2852 846 2993 904 facta
3045 862 3192 918 sunt,
3228 862 3284 908 et
3329 858 3556 924 creatio,

1972 938 2026 983 et
2055 931 2405 1001 gubernatio,
2437 943 2490 991 et
2517 940 2807 1005 magnitiea
2836 949 2983 1003 sunt,
3031 950 3084 997 et
3115 953 3365 999 naturam
3396 963 3559 1003 exce-

1971 1019 2132 1087 dunt,
2182 1032 2234 1077 et
2261 1023 2427 1096 digna
2476 1037 2604 1081 sunt
2636 1043 2760 1098 quae
2820 1029 2890 1085 ab
2935 1032 3192 1089 omnibus
3244 1034 3559 1094 hominibus

1970 1111 2130 1169 laude
2151 1115 2521 1173 celebrentur.
2544 1118 2944 1190 Confessiouem
2988 1123 3092 1179 hoc
3111 1126 3231 1181 loco
3253 1130 3555 1198 gratiarum

1971 1206 2245 1262 actionem
2279 1220 2456 1266 vocat.
2502 1232 2521 1264 ι
2571 1212 2637 1268 Et
2661 1214 2878 1281 justilia
2915 1217 3037 1287 ejus
3062 1230 3247 1274 manet
3278 1221 3332 1275 in
3382 1237 3558 1278 sareu-

1969 1297 2081 1353 lnm
2116 1302 2327 1357 saeculi.
2370 1322 2390 1356 ι
2438 1305 2583 1359 Nhil
2616 1307 2880 1377 injustum
2914 1319 2999 1365 est
3027 1325 3215 1367 eorum
3259 1329 3381 1384 qua:
3410 1315 3552 1370 facta

1967 1403 2119 1460 sunt,
2155 1394 2250 1450 sed
2273 1398 2458 1451 omnia
2486 1399 2702 1469 justitia
2736 1408 2870 1457 sunt
2895 1411 3089 1460 ornata
3115 1420 3367 1477 :semper
3401 1409 3549 1464 enim

1968 1487 2072 1543 hac
2103 1497 2260 1544 utens
2283 1492 2601 1548 moderatur
2630 1497 2838 1555 omnia.

2041 1580 2206 1638 Vens.
2239 1584 2296 1638 4.
2327 1602 2345 1634 ι
2376 1582 2698 1641 Memoriam
2726 1587 3210 1647 fecitmirabilium
3237 1609 3493 1649 suorum.
3526 1616 3542 1647 ι

1971 1671 2244 1740 Quoniam
2283 1677 2580 1735 ntattit‘esto
2620 1681 2804 1739 hostes
2850 1683 3214 1742 internecioni
3247 1688 3418 1744 dedit.
3450 1689 3548 1744 At-

1962 1780 2071 1835 que
2127 1767 2233 1824 hoc
2264 1767 2409 1824 idem
2462 1773 2735 1847 majorum
2784 1784 3029 1847 tempore
3068 1781 3342 1849 praestitit,
3387 1784 3549 1837 modo

1962 1857 2186 1927 quidem
2218 1860 2515 1933 Egyptios
2547 1866 2811 1934 obruens,
2844 1871 3010 1925 modo
3060 1886 3192 1927 vero
3219 1872 3549 1930 Amalecitas

1958 1954 2219 2019 expansis
2254 1952 2421 2011 Mosis
2468 1959 2722 2015 manibus
2754 1960 3065 2034 conﬁgens,
3101 1973 3157 2018 et
3182 1965 3547 2033 Chananseos,

1957 2050 2012 2094 et
2041 2039 2340 2107 Chettmos,
2369 2055 2418 2100 et
2456 2047 2594 2103 alias
2640 2060 2830 2119 gentes
2884 2067 2980 2121 per
3017 2052 3245 2110 Josuam
3275 2056 3424 2113 Nare
3447 2060 3545 2115 de-

1956 2141 2204 2188 struens.
2238 2132 2697 2192 Recordationem
2723 2140 3061 2197 mirabilium
3087 2143 3223 2198 dixit
3256 2136 3449 2214 poenas
3477 2149 3553 2204 de

1958 2224 2212 2279 hostibus
2235 2236 2486 2296 sumptas
2515 2247 2528 2283 :
2561 2232 2721 2299 quasi
2743 2231 2951 2288 diceret
2986 2253 2998 2288 :
3029 2235 3398 2292 Celeberrima
3441 2240 3546 2294 mi-

1959 2317 2149 2371 racula
2185 2327 2302 2382 tua,
2350 2336 2476 2388 qua:
2507 2322 2576 2375 ab
2606 2323 2921 2381 inﬁdelibus
2964 2326 3099 2382 falsa
3135 2328 3541 2397 existimantur,

1957 2425 2082 2463 vera
2120 2413 2413 2468 ostendisti
2444 2416 2653 2490 1501
2688 2434 2836 2473 novo
2871 2421 3162 2487 miraculo,
3203 2433 3257 2478 et
3311 2441 3413 2480 nos
3443 2430 3544 2480 ad-

1958 2503 2231 2557 monuisti
2271 2504 2339 2559 de
2369 2506 2437 2561 iis
2489 2523 2609 2577 qua:
2640 2519 2960 2567 nostrorum
3013 2516 3283 2586 majorum
3338 2529 3546 2589 tempe-

1953 2602 2095 2649 state
2125 2594 2325 2652 iecisti.

2030 2792 2050 2825 ι
2079 2771 2396 2830 Misericors
2428 2786 2485 2832 et
2517 2778 2812 2836 miserator
2832 2792 2917 2839 est
2941 2784 3226 2841 Dominus.
3256 2786 3447 2858 [νειιε.
3481 2789 3537 2845 5.

1952 2864 2148 2921 Escam
2179 2867 2332 2923 dedit
2366 2871 2694 2928 timentibus
2717 2874 3125 2949 θιιιιι.]›Εεειιηι
3156 2880 3249 2934 alii
3274 2879 3532 2953 interpre-

1953 2966 2036 3012 tes
2084 2958 2320 3027 prmium
2352 2960 2613 3017 dixerunt
2652 2984 2665 3020 :
2714 2981 2843 3020 vera
2877 2976 3060 3023 autem
3107 2979 3237 3024 sunt
3280 2981 3535 3042 utraque.

1950 3046 2089 3103 Nam
2122 3050 2269 3105 velut
2301 3053 2367 3106 ad
2395 3064 2642 3123 paratam
2670 3058 2906 3127 praedam
2940 3059 3006 3114 ad
3043 3060 3281 3117 hostium
3313 3065 3538 3122 divitias

262 3132 373 3180 τῶν
399 3129 678 3200 πολεμίων
703 3131 795 3185 τὸν
824 3133 1076 3202 πλοῦτον,
1111 3136 1204 3188 καὶ
1234 3136 1444 3208 τροφὴν
1491 3139 1702 3192 ἐκεῖθεν
1731 3140 1850 3195 ἰκα-

1962 3155 2347 3212 cucurrerunt,
2391 3148 2688 3218 cibumque
2733 3150 2859 3207 inde
2887 3164 3243 3223 reportarunt
3277 3158 3530 3214 multum.

263 3224 361 3292 νὴν
391 3223 741 3293 ἐπορίσαντο.
798 3244 817 3277 ι
873 3228 1264 3297 Μνησθήσεται
1297 3233 1376 3294 εἰς
1410 3229 1501 3284 τὸν
1524 3231 1702 3287 αἰῶνα
1732 3232 1852 3288 δια-

265 3312 442 3384 θήκης
492 3314 682 3371 αὑτοῦ.
741 3335 760 3368 ι
826 3317 885 3371 '0
935 3318 993 3372 δὲ
1044 3319 1342 3391 Σύμμαχος
1396 3320 1602 3387 οὑτως·
1650 3325 1852 3394 Θήραν

267 3403 451 3459 ἔδωκε
478 3406 602 3472 τοῖς
626 3412 1021 3480 φοϐουμένοις
1049 3413 1256 3475 αὑτὸν.
1287 3418 1685 3486 μνημονεύων
1712 3421 1849 3473 alw-

266 3498 401 3552 νίου
436 3500 752 3569 συνθήκης
781 3503 991 3560 αὑτοῦ.
1045 3506 1165 3561 Τῶν
1210 3507 1320 3579 γὰρ
1355 3510 1491 3580 πρὸς
1520 3513 1647 3574 τοὺς
1678 3513 1847 3566 πατέ-

266 3606 370 3659 ρας
424 3594 811 3663 γεγενημένων
871 3596 1222 3667 ὑποσχέσεων
1287 3601 1523 3673 ἄληστον
1578 3602 1693 3673 ἔχει
1750 3603 1849 3675 τὴν

263 3683 520 3754 μνήμην,
582 3685 677 3739 καὶ
734 3685 800 3741 δι’
852 3688 1071 3763 ἐκείνην
1136 3694 1272 3764 ἡμῖν
1348 3695 1671 3767 μεταδίδωσι
1738 3697 1847 3750 τῶν

259 3775 501 3844 ἀγαθῶν.

332 3866 407 3931 ς’,
438 3865 502 3931 ζ’.
554 3886 569 3919 ι
611 3869 789 3940 ’ἰσχὺν
835 3868 1014 3941 ἔργων
1061 3873 1228 3928 αὑτοῦ
1286 3876 1579 3948 ἀνήγγειλε
1609 3878 1688 3948 τῷ
1735 3880 1846 3951 λαῴ

258 3955 424 4010 αὑτοῦ
457 3971 470 3985 ·
523 3957 617 4010 τοῦ
663 3958 851 4013 δοῦναι
902 3960 1087 4025 αὑτοῖς
1147 3962 1512 4036 κληρονομίαν
1562 3967 1752 4025 ἐθνῶν.
1820 3990 1839 4023 ι

259 4049 478 4104 Μᾶλλον
509 4050 530 4082 ’⁸
558 4052 691 4122 ἡμῖν
729 4053 978 4124 ἐναργῶς
1018 4057 1119 4127 τὴν
1151 4057 1361 4111 οἰκείαν
1389 4059 1560 4126 ἔδειξε
1588 4062 1842 4133 δύναμιν,

257 4143 346 4197 τὸν
373 4144 484 4197 τῶν
514 4144 725 4216 ἐχθρῶν
757 4148 890 4216 ἡμῖν
921 4147 1312 4219 δωρησάμενος
1349 4152 1600 4209 πλοῦτον.
1632 4157 1706 4209 Οὑ
1735 4158 1843 4228 γὰρ

263 4236 421 4305 μόνον
451 4238 601 4306 ἡμᾶς
643 4238 743 4308 τῆς
774 4238 905 4309 παρ’
956 4240 1183 4295 ἐκείνων
1215 4243 1557 4318 ἠλευθέρωσε
1586 4247 1767 4317 λώϐης
1798 4251 1840 4315 ⁸,

258 4326 397 4381 ἀλλά
434 4329 528 4380 καὶ
559 4329 660 4399 τὴν
692 4330 917 4383 ἐκείνων
962 4334 1282 4404 περιουσίαν
1327 4339 1406 4400 εἰς
1438 4337 1537 4402 τὰς
1565 4339 1842 4410 ἡμετέρας

261 4420 644 4489 μετατὲθεικεν
674 4420 695 4452 ⁸
723 4421 920 4485 οἰκίας.
977 4443 995 4475 ι
1043 4424 1220 4495 Ἔργα
1257 4428 1460 4499 χειρῶν
1498 4431 1665 4485 αὑτοῦ
1694 4433 1840 4502 ἀλή-

1959 3253 1978 3285 ι
2020 3234 2230 3290 Memor
2258 3239 2365 3293 erit
2408 3238 2463 3293 in
2500 3241 2764 3296 saeculum
2808 3247 3119 3301 testamenti
3159 3249 3264 3304 sui.
3315 3266 3336 3301 ι
3373 3250 3532 3321 Sym-

1952 3328 2182 3384 machus
2218 3341 2400 3384 autem
2435 3333 2518 3388 sic
2550 3347 2564 3392 :
2601 3335 2848 3391 Pwdaut
2882 3338 3028 3394 dedit
3059 3341 3368 3398 timentibus
3390 3360 3535 3412 eum,

1951 3422 2263 3476 recordatus
2288 3427 2593 3494 sentpiterui
2609 3430 2755 3498 pacti
2776 3432 2880 3484 sui.
2903 3430 3339 3492 Promissionum
3361 3438 3532 3504 enim,

1950 3529 2073 3582 qua:
2119 3515 2372 3583 patrihus
2417 3516 2574 3573 facta:
2610 3519 2786 3590 luere,
2830 3522 3173 3580 indelebilem
3211 3527 3374 3583 habet
3414 3544 3532 3585 Ine-

1953 3607 2209 3674 ntoriam,
2242 3619 2295 3663 et
2334 3626 2430 3680 per
2465 3611 2618 3667 illam
2648 3614 2806 3670 nobis
2838 3616 2979 3673 bona
3012 3618 3274 3690 impertit.

2025 3843 2186 3899 Vens.
2223 3844 2276 3912 6,
2311 3845 2361 3899 7.
2407 3862 2425 3898 ι
2466 3845 2737 3904 Virtutem
2776 3865 3006 3923 operum
3043 3867 3272 3908 suorum
3313 3868 3531 3910 annun-

1949 3937 2101 3990 tiahit
2122 3937 2323 4007 populo
2345 3954 2468 3993 suo.
2494 3939 2562 3994 Ut
2583 3941 2798 3998 detillis
2819 3943 3188 3999 hmreditatem
3212 3946 3478 4015 gentium.
3507 3965 3525 3997 ι

1947 4030 2120 4099 Magis
2139 4046 2397 4099 expresse
2430 4047 2586 4086 suam
2614 4033 2773 4089 nobis
2801 4037 3044 4089 ostendit
3075 4039 3396 4107 potentiam,
3430 4039 3531 4094 ho-

1947 4122 2114 4176 stium
2152 4121 2375 4178 divitias
2407 4123 2570 4178 nobis
2604 4124 2854 4195 largitus.
2892 4124 3012 4180 Non
3059 4130 3222 4184 modo
3269 4130 3417 4185 enim
3461 4133 3530 4185 ab

1948 4215 2169 4270 illorum
2201 4215 2405 4270 damno
2433 4231 2532 4270 nos
2564 4216 2839 4279 liberavit,
2869 4219 2961 4273 sed
2988 4220 3150 4273 etiam
3182 4236 3372 4275 eorum
3398 4237 3532 4291 opes

1946 4308 1999 4362 in
2032 4318 2254 4364 nostras
2285 4309 2484 4364 domos
2522 4310 2820 4364 transtulit.
2854 4330 2871 4360 ι
2916 4308 3091 4381 Opera
3119 4328 3377 4366 manuum
3410 4314 3528 4383 ejus

1947 4402 2151 4457 veritas
2185 4413 2237 4457 et
2264 4401 2559 4473 judicium.
2601 4422 2619 4454 ι
2656 4401 2774 4457 Non
2825 4403 3043 4474 injuste,
3090 4405 3183 4459 sed
3229 4407 3523 4460 admodum

258 4513 379 4567 θεια
427 4513 522 4567 καὶ
567 4512 767 4583 κρίσις.
813 4532 831 4565 ι
877 4514 990 4568 orm
1022 4492 1229 4583 ἀδίκιος
1258 4492 1365 4586 Et;
1396 4521 1534 4576 ἀλλὰ
1580 4524 1676 4579 και
1717 4492 1836 4578 λίαν

1968 4504 2087 4549 uste
2116 4495 2231 4549 hrec
2259 4493 2410 4547 fecit.
2443 4493 2581 4548 Cum
2610 4496 2755 4549 enim
2780 4495 2847 4550 de
2870 4496 3028 4551 nobis
3047 4496 3197 4551 nulla
3231 4496 3284 4551 in
3305 4512 3361 4552 re
3390 4514 3524 4553 con-

256 4604 480 4669 ὲνδίκως
516 4606 688 4659 ταῦτα
722 4606 1035 4675 εἰργάσατο.
1068 4610 1236 4663 Οὐδὲν
1264 4611 1371 4683 γὰρ
1408 4617 1542 4684 ἡμῖν
1583 4616 1836 4684 ἐγκαλεῖν

258 4699 490 4768 ἔχοντες,
526 4697 829 4753 καταλῦσαι
876 4700 1153 4764 παντελῶς
1186 4705 1581 4775 ἐπειράθησαν.
1634 4708 1833 4780 ’Δληοῆ

253 4793 429 4845 τοίνυν
461 4793 555 4846 καὶ
579 4792 797 4845 δικαίαν
828 4791 949 4845 κατ’
976 4793 1158 4846 αὐτῶν
1184 4795 1472 4869 ἐξενήνοχε
1501 4796 1700 4869 ψῆφον.

322 4891 391 4953 η’.
431 4904 449 4936 ι
479 4885 676 4938 Πισταὶ
704 4886 761 4939 αἰ
785 4886 804 4916 ⁷
837 4886 1009 4939 πᾶσαι
1036 4887 1249 4941 ἐντολαὶ
1272 4887 1437 4941 αὑτοῦ
1458 4904 1469 4916 '
1501 4891 1835 4964 ἐστηριγμέ-

258 4988 343 5024 ναι
377 4974 458 5035 εἰς
490 4975 581 5027 τὸν
615 4974 789 5028 αἰῶνα
816 4973 909 5028 τοῦ
942 4976 1160 5041 αἰῶνος,
1199 4979 1568 5049 πεποιημέναι
1610 4992 1671 5033 εν
1698 4982 1834 5053 ἀληο

259 5064 377 5133 θεία
404 5065 499 5118 καὶ
522 5067 797 5139 εὑθὺτητι.
839 5088 856 5120 ι
904 5069 1232 5140 Νομοθετῶν
1261 5073 1290 5124 ὁ
1330 5071 1461 5135 Θεὸς
1492 5073 1591 5144 τὴν
1623 5075 1833 5130 οἰκείαν

258 5158 545 5225 εὐμένειαν
594 5160 616 5192 ⁸
661 5167 773 5227 τοῖς
825 5165 1158 5232 φυλάττουσι
1205 5165 1295 5218 τὸν
1329 5167 1494 5235 νόμον
1540 5168 1829 5237 ὑπέσχετο.

258 5248 427 5302 Τοῦτο
466 5253 562 5303 καὶ
595 5255 833 5309 ἐνταῦθα
865 5274 1052 5328 φησιν,
1081 5259 1165 5311 ὅτι
1200 5257 1455 5328 ἀψευδεῖς
1493 5261 1549 5311 αἱ
1579 5260 1833 5331 περὶτῆς

256 5338 363 5392 τῶν
393 5341 620 5395 ἐντολῶν
646 5345 667 5376 ⁹
699 5344 947 5417 φυλακῆς
990 5347 1336 5419 ὑποσχέσεις,
1370 5349 1464 5403 καὶ
1505 5351 1553 5402 οἱ
1587 5347 1763 5401 ταῦτα
1790 5350 1835 5381 ⁸⁸

1940 4587 2098 4656 queri
2153 4587 2390 4656 possint,
2441 4586 2659 4657 penitus
2694 4603 2799 4642 nos
2847 4597 3095 4645 evertere
3139 4590 3319 4644 conati
3372 4603 3521 4647 sunt.

1942 4681 2137 4736 Veram
2178 4681 2341 4751 igitur
2373 4688 2427 4736 et
2448 4680 2654 4752 justam
2688 4681 2740 4735 in
2772 4697 2867 4737 eos
2919 4684 3143 4752 protulit
3171 4685 3521 4739 sententiam.

2009 4864 2179 4920 Vens.
2217 4862 2270 4918 8.
2307 4882 2323 4914 ι
2364 4860 2515 4918 Fidei
2546 4864 2703 4932 plena
2729 4871 2858 4918 sunt
2888 4862 3071 4916 omnia
3100 4863 3350 4916 mandata
3379 4862 3523 4932 ejus,

1941 4958 2265 5014 conﬁrmata
2304 4955 2357 5009 in
2393 4956 2656 5010 sarculum
2692 4957 2902 5021 Saeculi,
2937 4955 3082 5015 facta
3109 4954 3166 5010 in
3209 4956 3439 5010 veritate
3468 4965 3522 5010 et

1941 5052 2214 5122 :eqnitate.
2267 5070 2285 5102 ι
2343 5053 2355 5070 ’
2406 5048 2602 5119 Legem
2660 5048 2841 5104 ferens
2898 5047 3040 5104 Deus
3088 5047 3521 5103 bettevolentiam

1941 5159 2096 5197 suam
2147 5142 2457 5211 spopondit.
2507 5141 2621 5195 Hoc
2674 5141 2816 5195 idem
2854 5141 2941 5195 hic
2992 5141 3090 5204 ait,
3120 5155 3252 5194 vera
3300 5154 3423 5193 esse
3453 5138 3520 5192 de

1942 5234 2291 5289 observantia
2324 5235 2707 5288 mandatorum
2740 5234 3016 5303 promissa
3051 5249 3064 5286 :
3101 5231 3313 5304 1402
3342 5238 3397 5286 et
3423 5230 3516 5301 qui

1945 5330 2061 5384 hzee
2090 5328 2349 5398 perlicere
2375 5327 2761 5392 decreverunt,
2795 5326 2971 5397 ipsius
2999 5339 3102 5395 ope
3135 5338 3352 5392 semper
3384 5321 3515 5377 frui.

1359 5482 1588 5539 VARUS
1629 5484 2020 5542 LECTIONES
2076 5486 2168 5541 ET
2198 5483 2432 5540 ΝΟΤιΕ.

323 5590 543 5674 ί⁹⁷Μένζ
566 5592 620 5646 In
649 5594 825 5686 coda;
864 5598 1110 5686 sequitur
1137 5601 1262 5686 γάρ.
1341 5602 1386 5633 ⁸⁸
1425 5600 1850 5686 Πιίφ·ι’‹ιιέις.η‹ιοι1τ

1962 5604 2075 5686 ὧν..
2102 5676 2114 5686 _
2137 5604 2182 5636 9°
2209 5602 2486 5686 ξΕξοέισνξ.
2511 5602 2632 5686 cod.
2673 5604 2696 5657 i
2730 5601 3012 5686 ξιιψκγάρ.
3094 5601 3108 5630 ¹
3140 5597 3455 5686 illaraz‘cp'tl.
3486 5598 3508 5652 1

256 5663 604 5753 υιιιιιιμητῶν.
628 5666 703 5753 Μ’
738 5662 1122 5753 Ἠμᾶςίςομκ
1150 5662 1165 5723 l
1202 5662 1390 5753 praeut.
1424 5671 1541 5753 xui.
1618 5673 1638 5703 ³
1843 5673 1850 5726 l

1962 5715 1969 5730 .
2003 5674 2148 5753 ibid._
2212 5675 2234 5707 ⁴
2272 5662 2400 5727 coll.
2432 5673 2459 5753 ξ
2486 5674 2652 5753 μάλα.
2684 5745 2703 5753 Α
2728 5673 2750 5705 ⁵
3058 5670 3183 5753 eod.
3232 5669 3251 5723 Ι
3285 5667 3509 5753 βλάδης.

263 5742 280 5769 ε
302 5735 424 5786 trod.
454 5734 469 5786 Ι
515 5734 852 5813 μετέθεικεν.
931 5738 951 5769 ⁷
980 5741 1162 5813 ᾼίςμιη
1200 5734 1321 5795 end.
1352 5741 1375 5795 ‘l
1420 5743 1637 5811 ponitur
1667 5752 1792 5813 post
1821 5761 1850 5797 τι

1962 5763 2018 5808 ιι,
2049 5756 2109 5798 nt
2138 5747 2187 5798 in
2218 5754 2365 5799 textu
2390 5734 2498 5796 τῶν
2528 5748 2607 5800 0'.
2684 5745 2704 5774 ⁸
2728 5743 2849 5797 cod.
2882 5746 2900 5795 l
2938 5734 3246 5810 ἐῦγένειαν,
3271 5734 3510 5808 ascripta

254 5811 432 5861 tamen
461 5807 632 5861 altera
664 5807 918 5864 lectione.
995 5812 1014 5842 ⁹
1054 5810 1364 5866 Ἐι·το.ἰῶν.
1404 5807 1524 5869 eod.
1566 5815 1588 5868 1
1632 5807 1830 5886 vapori.

1979 5807 2102 5870 eod.
2140 5822 2155 5869 t
2196 5817 2417 5878 ταύτας.
