4006 6198
352 293 484 360 1731
1713 289 1796 348 IN
1838 287 1953 348 PS.)1

2098 284 2250 346 CXI.
3470 275 3639 340 1781'

417 413 488 476 γ’.
530 427 548 458 ι
588 405 725 472 Δόξα
749 406 841 459 καὶ
895 402 1123 469 πλοῦτος
1151 404 1210 458 ἒν
1241 402 1319 474 τῷ
1357 401 1492 474 οἴκῳ
1519 401 1706 456 αὑτοῦ.
1748 421 1766 452 ι
1807 400 1919 454 Καὶ
1950 454 1953 461 ,

2096 396 2262 452 Vsus.
2287 393 2342 450 5.
2385 413 2406 447 ι
2438 393 2623 450 Gloria
2649 402 2702 449 et
2726 391 2928 448 divitiae
2958 391 3012 446 in
3047 391 3212 446 domo
3237 389 3360 460 ejus
3389 401 3538 445 sunt.
3579 413 3598 444 ι

347 497 548 562 ταύτας
577 497 650 562 ὡς
675 497 811 568 πρὸς
833 495 1042 560 ἀτελεῖς
1060 495 1162 561 ἔτι,
1186 495 1280 549 καὶ
1319 495 1430 550 τῶν
1457 492 1679 547 τελείων
1710 493 1922 547 ὲπαϊειν

2057 485 2094 540 It
2117 485 2216 541 has
2251 483 2646 556 promissiones
2677 490 2936 553 tauquam
2965 480 3325 550 imperfectis,
3357 479 3455 549 qui
3481 495 3624 533 non--

350 591 411 644 οὐ
455 589 806 660 δυναμένους,
853 591 1088 641 ποιεῖται
1120 588 1217 651 τὰς
1249 585 1596 657 ὑποσχέσεις.
1644 584 1784 647 Τοὺς
1815 583 1926 654 γὰρ

2057 581 2158 632 ium
2191 575 2430 648 perfecta
2459 575 2648 631 audire
2677 581 2930 644 possunt,
2963 572 3113 628 facit.
3152 569 3432 627 Perfectos
3464 569 3618 626 enim

349 681 590 746 τελείους
627 683 657 735 ὁ
681 681 960 752 Δεσπότης
988 681 1220 755 Χριστὸς
1246 680 1507 734 τάναντία
1544 677 1808 741 διδάσκει,
1837 675 1924 729 λέ-

2057 670 2297 724 lominus
2343 667 2595 722 Christus
2636 666 2908 722 contraria
2947 666 3128 731 docet,
3169 663 3360 719 dicens
3399 681 3412 718 :
3452 681 3472 715 ε
3504 661 3618 718 No-

351 790 464 840 γων
486 791 500 806 -
544 791 563 825 ι
599 775 694 845 Μὴ
722 773 1002 846 κτήσησθε
1047 773 1270 844 χρυσὸν,
1321 772 1457 844 μηδὲ
1495 771 1758 842 ἄργυρον,
1793 769 1930 838 μήτε

2057 761 2128 816 ite
2156 759 2434 831 possidere
2457 773 2678 822 aurum,
2705 771 2881 828 neque
2909 765 3218 826 argentum,
3253 769 3432 825 neque
3457 769 3533 810 tes
3561 755 3614 808 in

351 864 549 934 χαλκὸν
580 867 659 929 είς
683 864 784 928 τὰς
811 865 986 930 ζώνας
1012 866 1188 936 ὑμῶν,
1224 865 1298 936 μὴ
1332 865 1515 935 πήραν
1561 865 1640 927 εἰς
1680 862 1823 925 ὁδὸν,
1857 861 1933 932 μὴ

356 955 704 1028 ὑποδήματα,
741 955 876 1027 μηδὲ
922 956 1139 1027 ῥάϐδον.
1175 975 1194 1007 ι
1222 956 1335 1010 Καὶ
1372 954 1538 1009 πάλιν
1563 969 1576 985 ο
1611 971 1630 1006 ι
1683 952 1811 1006 Ἐἀν
1857 951 1932 1021 μή

355 1067 439 1113 τις
467 1048 809 1119 ἀποτάξηται
838 1051 971 1104 πᾶσι
995 1053 1108 1114 τοῖς
1147 1051 1484 1120 ὑπάρχουσιν
1529 1045 1716 1112 αὐτοῦ,
1758 1045 1820 1100 οὐ
1854 1043 1938 1098 δύ·

357 1140 514 1193 ναταί
543 1157 644 1210 μου
676 1133 817 1193 εἶναι
845 1140 1109 1212 μαθητής.
1143 1159 1162 1191 ι
1200 1139 1346 1194 Καί·
1384 1159 1403 1191 ι
1444 1139 1506 1192 Ei
1535 1137 1710 1200 θέλεις
1731 1136 1939 1200 τέλειος

359 1231 638 1300 γενέσθαι,
665 1231 916 1302 πώλησόν
943 1248 1036 1285 σου
1060 1231 1128 1286 τά
1170 1232 1506 1304 ὑπάρχοντα,
1537 1229 1630 1284 καὶ
1668 1230 1754 1294 δὸς
1794 1246 1940 1283 πτω-

361 1327 494 1392 χοῖς.
529 1343 548 1376 t
577 1324 716 1376 Ἀλλ’
743 1325 892 1395 ὅμως
919 1323 1091 1377 ταῦτα
1114 1323 1442 1394 νομοθετῶν,
1468 1325 1650 1376 ἐκεῖνα
1678 1324 1790 1385 τοῖς
1815 1322 1941 1375 ἀτε-

360 1416 474 1468 λέσι
501 1416 592 1469 καὶ
619 1415 984 1485 ὑπισχνεῖται,
1017 1415 1113 1468 καὶ
1135 1415 1374 1469 δίδωσιν.
1409 1413 1565 1468 Οὕτω
1591 1413 1669 1485 τῷ
1697 1415 1740 1446 ¹⁹
1780 1413 1941 1467 Σολο-

365 1508 537 1576 μῶντι
589 1507 684 1560 καὶ
731 1506 964 1560 πλοῦτον
1009 1507 1104 1562 καὶ
1148 1505 1306 1572 δόξαν
1354 1507 1400 1540 ’⁸
1443 1507 1835 1578 προστέθεικεν
1875 1507 1941 1561 ’³.

363 1597 522 1654 Οὕτω
551 1600 598 1630 ²¹
628 1601 746 1663 τοῖς
785 1601 920 1663 υἱοῖς
965 1598 1188 1670 Ἰσραὴλ
1227 1600 1318 1653 τὸν
1345 1598 1454 1652 τῶν
1482 1599 1797 1668 Αἰγυπτίων
1825 1597 1948 1650 ὲδω-

367 1693 573 1762 ρήσατο
603 1690 856 1747 πλοῦτον.
905 1708 924 1741 ι
959 1691 1066 1743 Καὶ
1092 1691 1125 1760 ἡ
1147 1689 1462 1760 δικαιοσύνη
1495 1687 1659 1743 αὐτοῦ
1693 1688 1846 1760 μένει
1869 1688 1948 1750 είς

363 1781 456 1834 τὸν
482 1781 652 1836 αἰῶνα
693 1781 789 1834 τοῦ
830 1781 1049 1844 αἰῶνος.
1090 1799 1111 1833 ι
1145 1781 1414 1851 Ἀληστον
1459 1781 1566 1852 γάρ
1593 1781 1622 1833 ό
1663 1778 1775 1832 τῶν
1811 1777 1946 1832 ὅλων

365 1872 494 1934 Θεὸς
523 1871 635 1941 ἔχει
668 1871 767 1940 τὴν
807 1869 1050 1940 μνήμην,
1082 1870 1178 1923 καὶ
1206 1869 1538 1940 ἀείμνηστον
1563 1867 1728 1923 αὑτοῦ
1753 1867 1948 1936 διαφυο

363 1963 550 2016 λάττει
571 1962 631 2014 τὸ
657 1960 833 2024 κλέος.

433 2054 498 2110 δ’.
533 2071 552 2106 ι
585 2051 954 2118 Ἐξανέτειλεν
987 2051 1044 2104 ἐν
1081 2049 1266 2104 σκότει
1289 2048 1402 2118 φῶς
1433 2051 1547 2112 τοῖς
1584 2047 1796 2102 ἔθνεσιν
1823 2047 1890 2102 ³³.
1921 2065 1941 2100 t

367 2148 590 2212 Σκότος
617 2147 744 2199 ποτὲ
783 2145 880 2214 μὲν
928 2143 1027 2214 τὴν
1053 2142 1280 2212 ἄγνοιαν
1307 2143 1374 2208 ³⁵,
1420 2143 1554 2196 ποτὲ
1591 2141 1648 2194 δὲ
1681 2141 1779 2205 τὰς
1813 2157 1950 2212 συμ-

369 2243 543 2314 φοράς
587 2239 866 2311 ὀνομάζει,
900 2239 996 2293 καὶ⁵
1037 2237 1164 2306 φῶς
1192 2235 1248 2288 δὲ
1289 2235 1552 2298 ὡσαύτως
1583 2234 1680 2287 νῦν
1713 2234 1814 2304 μὲν
1847 2234 1949 2305 τὴν

373 2333 600 2403 γνῶσιν,
635 2331 730 2385 νῦν
757 2329 816 2384 δὲ
839 2329 949 2382 τῶν
981 2327 1168 2382 κακῶν
1198 2325 1297 2397 τὴν
1321 2323 1644 2394 ἀπαλλαγὴν
1677 2338 1952 2392 προσαγο-

375 2425 546 2496 ρεύει.
596 2423 759 2492 Λέγει
787 2421 992 2486 τοίνυν,
1038 2421 1121 2473 ὅτι
1149 2417 1244 2472 καὶ
1282 2414 1570 2487 ἀγνοοῦσιν
1609 2413 1878 2479 ὑποδείξει
1907 2414 1954 2448 ⁸⁸

375 2518 471 2590 τὴν
501 2515 784 2588 ἀλήθειαν,
815 2515 908 2568 καὶ
928 2513 988 2565 ὲν
1021 2513 1086 2582 τῇ
1111 2509 1217 2563 τῶν
1247 2505 1510 2578 λυπηρῶν
1539 2505 1816 2576 προσϐολῇ
1851 2503 1952 2576 τὴν

373 2609 582 2664 οἰκείαν
615 2605 939 2676 ὲπικουρίαν
969 2602 1170 2676 ὀρέξει.
1219 2597 1377 2654 Οὕτω
1408 2597 1498 2650 τὸν
1523 2597 1721 2666 Ἰωσὴφ
1751 2597 1816 2650 ἑκ
1854 2595 1955 2666 τῆς

375 2701 486 2754 τῶν
532 2698 775 2767 ἀδελφῶν
828 2693 1144 2768 μιαιφονίας
1181 2691 1512 2763 ἐξήρπασεν,
1571 2685 1748 2750 οὕτως
1791 2687 1955 2742 αὐτὸν

379 2789 478 2860 τῆς
498 2787 864 2858 συκοφαντίας
890 2785 1136 2854 ἀπέφηνε
1169 2783 1482 2854 κρείττονα’
1517 2776 1660 2832 οὕτω
1691 2777 1788 2847 τῆς
1819 2777 1956 2848 Σάῤ.

385 2884 483 2954 ρας
533 2877 882 2951 ἁρπαγείσης
923 2874 1093 2946 ὤρεξε
1157 2871 1236 2942 τῷ
1291 2870 1542 2942 Ἀϐραὰμ
1603 2869 1704 2938 τὴν
1749 2868 1954 2921 οἰκείαν

385 2973 558 3044 ῥοπήν
582 2988 596 3002 ·
629 2970 773 3025 οὓτω
799 2969 891 3023 τὸν
919 2967 1106 3022 Λάσαν
1133 2963 1550 3035 ὲξεδειμάτωσε,
1581 2959 1675 3014 καὶ
1705 2958 1794 3012 τὸν
1827 2957 1956 3027 φεύ-

2035 852 2190 909 zonis
2215 851 2436 916 vestris,
2464 865 2574 904 non
2603 863 2787 919 peram
2813 848 2867 902 in
2891 847 3001 907 via.
3024 861 3200 918 neque
3221 846 3635 912 calceamenta,

2037 961 2218 1017 neque
2249 945 2456 1014 virgam
2487 939 2538 998 ά.
2577 961 2597 995 ι
2631 941 2697 996 Ει
2743 955 2937 997 rursus
2978 959 2993 996 :
3033 957 3054 990 ί
3090 938 3206 994 Nisi
3256 939 3382 1010 quis
3415 954 3621 994 renun-

2043 1037 2264 1094 tiaverit
2311 1034 2570 1092 omnibus
2625 1047 2748 1104 quae
2777 1032 3037 1102 possidet,
3080 1046 3190 1087 non
3239 1041 3420 1100 potest
3462 1046 3622 1086 meus

2039 1145 2162 1188 esse
2212 1127 2598 1198 discipulus“).
2647 1143 2666 1177 ι
2721 1125 2828 1179 Et:
2878 1142 2898 1175 ι
2933 1123 2989 1177 Si
3024 1123 3107 1179 vis
3159 1122 3436 1194 perfectus
3469 1137 3618 1184 esse,

2039 1222 2213 1279 vende
2247 1221 2432 1275 omnia
2461 1233 2584 1288 quae
2621 1217 2811 1280 habes,
2843 1223 2896 1270 et
2930 1217 2996 1270 da
3018 1215 3352 1286 pauperibus
3387 1213 3432 1269 τ.
3465 1231 3484 1264 ι
3521 1212 3622 1268 Ve-

2043 1321 2352 1368 rumtamen
2381 1312 2496 1366 haec
2529 1324 2656 1364 cum
2692 1308 2992 1378 prmcipiat,
3043 1305 3256 1380 1m
3286 1306 3377 1360 illa
3417 1305 3622 1376 imper-

2045 1405 2202 1463 fectis
2223 1413 2278 1461 et
2299 1403 2550 1474 spondet,
2588 1408 2642 1456 et
2683 1401 2933 1472 largitur.
2967 1401 3058 1456 Sic
3091 1399 3370 1454 Salomoni
3403 1398 3622 1453 divitias

2045 1509 2101 1558 et
2129 1500 2361 1571 gloriam
2394 1497 2548 1553 auxit
2579 1515 2593 1551 :
2626 1495 2708 1552 sic
2737 1495 2866 1550 filiis
2917 1495 3082 1551 Israel
3115 1493 3495 1565 Egyptiorum
3545 1491 3626 1546 di-

2047 1591 2208 1655 vitias
2244 1587 2488 1644 donavit.
2527 1605 2546 1639 ‹
2585 1585 2650 1642 Ει
2673 1586 2882 1658 iustitia
2905 1585 3024 1656 ejus
3057 1593 3242 1640 manet
3272 1585 3326 1638 in
3367 1583 3630 1638 saeculum

2050 1679 2255 1738 saeculi.
2309 1699 2330 1732 ι
2375 1677 2663 1734 Eternam
2709 1679 2854 1733 enim
2906 1677 3070 1733 habet
3108 1675 3426 1730 memoriam
3481 1675 3626 1730 Deus

2049 1773 2470 1840 universorum,
2537 1780 2592 1827 et
2651 1781 2966 1842 perpetuam
3041 1777 3332 1825 conservat
3395 1767 3629 1839 gloriam

2049 1878 2230 1920 suam.

2049 2049 2070 2090 ξ-
2122 2039 2286 2098 Vsus.
2309 2039 2364 2095 4.
2418 2059 2436 2093 ι
2471 2040 2734 2095 Exortum
2764 2048 2848 2099 est
2874 2038 2928 2092 in
2960 2036 3200 2093 tenebris
3242 2035 3429 2091 lumen
3457 2033 3633 2106 genti-

2049 2133 2174 2189 bus.
2212 2151 2231 2184 ι
2274 2129 2536 2186 Tenebras
2579 2131 2743 2186 modo
2779 2127 3000 2200 quidem
3037 2127 3430 2198 ignorantiam,
3465 2123 3630 2180 modo

2051 2240 2180 2280 vero
2203 2222 2541 2279 calamitates
2569 2223 2816 2276 nominat
2847 2237 2863 2275 :
2893 2227 2950 2276 et
2977 2218 3153 2274 lumen
3181 2217 3456 2282 similiter,
3486 2217 3634 2270 nunc

2052 2315 2271 2385 quidem
2303 2314 2699 2385 cognitionem,
2725 2327 2872 2367 nunc
2899 2325 3032 2366 vero
3057 2309 3434 2364 liberationem
3459 2321 3490 2361 a
3521 2320 3638 2361 ma-

2053 2405 2122 2460 lis
2152 2403 2408 2474 appellat.
2443 2403 2585 2458 Dicit
2625 2401 2814 2470 igitur.
2848 2408 2903 2456 et
2930 2399 3310 2468 ignorantibus
3343 2399 3641 2454 veritatem

2055 2507 2116 2548 se
2147 2493 2672 2556 demonstraturum,
2710 2497 2766 2544 et
2805 2488 2860 2542 in
2904 2487 3172 2542 malorum
3201 2488 3428 2542 incursu
3474 2499 3632 2540 suam

2055 2595 2212 2652 opem
2239 2579 2532 2634 allaturum
2563 2591 2706 2633 esse.
2739 2577 2832 2632 Sic
2860 2575 3158 2645 Josephum
3191 2574 3424 2630 fratrum
3452 2573 3634 2644 parri-

2056 2673 2200 2730 cidio
2219 2670 2442 2740 eripuit,
2476 2671 2558 2726 sic
2582 2669 2838 2724 eumdem
2869 2683 2900 2722 a
2931 2667 3208 2722 calumnia
3237 2665 3523 2722 liberavit:
3554 2664 3641 2721 sic

2056 2777 2240 2836 erepta
2273 2763 2405 2818 Sara
2429 2761 2694 2817 auxilium
2725 2759 2852 2814 tulit
2874 2759 3188 2814 Abrahamo
3213 2774 3228 2813 :
3253 2758 3333 2814 sic
3359 2755 3633 2812 Labanem

2057 2856 2371 2928 perterruit,
2411 2861 2468 2908 et
2520 2851 2817 2921 fugientem
2881 2851 3203 2920 insequente
3268 2847 3644 2918 potentiorem

2057 2945 2314 3002 ostendit.
2347 2941 2554 2996 Divina:
2583 2940 2752 3010 igitur
2778 2940 3036 3010 potentiae
3083 2939 3190 2994 hoc
3221 2947 3306 2995 est
3343 2952 3639 3008 argumen-

383 3077 549 3131 γοντα
599 3059 694 3114 τοῦ
747 3057 1036 3120 διώκοντος
1089 3051 1460 3124 δυνατώτερον
1514 3047 1702 3113 ἔδειξε.
1755 3045 1868 3115 Τῆς
1907 3046 1953 3078 ¹⁶

2057 3047 2195 3102 tum,
2222 3032 2568 3090 excitationis
2602 3047 2768 3087 causa
2799 3031 3131 3100 permittere,
3178 3038 3238 3086 ut
3261 3029 3398 3100 justi
3440 3029 3496 3082 in
3549 3043 3644 3084 res

383 3151 535 3212 θείας
585 3149 765 3202 τοίνυν
823 3147 1106 3216 δυνάμεως
1175 3143 1270 3197 καὶ
1323 3141 1482 3194 τοῦτο
1525 3137 1844 3206 τεκμήριον,
1893 3133 1955 3187 τὸ

383 3239 692 3314 γυμνασίας
736 3239 834 3310 μὲν
868 3237 1052 3291 εἵνεκα
1095 3233 1402 3304 συγχωρεῖν
1439 3225 1798 3300 προσϐάλλειν
1843 3227 1956 3288 τοῖς

384 3333 612 3396 δικαίοις
653 3331 722 3384 τὰ
761 3329 1002 3400 λυπηρὰ,
1041 3325 1278 3380 διαλύειν
1319 3321 1376 3374 δὲ
1425 3319 1629 3373 τούτων
1665 3317 1724 3370 τὸ
1775 3314 1954 3384 νέφος,

388 3423 482 3478 καὶ
512 3421 758 3494 καθαρὰν
810 3420 1026 3490 αἰθρίαν
1069 3412 1410 3486 χαρίζεσθαι.
1465 3429 1484 3461 ι
1520 3407 1822 3478 Ἐλεήμων,
1864 3405 1958 3459 καὶ

389 3517 688 3586 οἰκτίρμων
715 3514 781 3580 ’⁷,
822 3513 918 3565 καὶ
945 3510 1204 3570 δίκαιος.)
1245 3503 1428 3558 Ταῦτα
1461 3501 1520 3554 δὲ
1547 3496 1964 3568 πρυτανεύειδι-

392 3605 671 3676 καιοσύνῃ,
704 3605 797 3658 καὶ
822 3601 977 3670 ἐλέῳ,
1008 3600 1102 3652 καὶ
1121 3595 1419 3667 ἁγαθότητι
1449 3591 1750 3664 χρώμενος.
1783 3587 1959 3658 Κήδε-

388 3719 480 3756 ται
523 3699 621 3770 μὲν
655 3697 762 3769 γάρ
789 3697 865 3758 ὡς
893 3691 1294 3762 φιλάνθρωπος,
1325 3683 1624 3756 στεφανοῦν
1647 3681 1705 3736 δὲ
1730 3681 1856 3741 τοὺς
1883 3679 1960 3732 δι-

2057 3127 2318 3182 adversas
2367 3123 2628 3189 incidant,
2671 3130 2728 3176 et
2774 3121 2968 3176 harum
3035 3121 3291 3176 nebulam
3339 3119 3634 3182 discutere,

2058 3231 2362 3289 puramque
2389 3214 2738 3272 serenitatem
2769 3212 3006 3270 edicere.
3047 3230 3068 3265 ι
3104 3211 3424 3269 Misericors
3451 3219 3506 3266 et
3531 3209 3638 3264 mi-

2060 3319 2286 3372 serator,
2314 3310 2332 3330 ‘
2371 3313 2426 3362 et
2458 3307 2643 3378 justus
2687 3313 2792 3362 est.
2837 3323 2856 3358 ι
2896 3305 3024 3360 Haec
3065 3313 3248 3360 autem
3297 3303 3638 3366 moderatur,

2061 3400 2294 3472 justitia,
2343 3407 2400 3453 et
2442 3396 2844 3459 misericordia,
2895 3405 2951 3452 ct
2981 3397 3224 3453 bonitate
3280 3404 3457 3450 utens.
3501 3393 3636 3448 Nam

2063 3508 2250 3550 curam
2283 3493 2422 3564 gerit
2465 3491 2682 3562 quidem
2737 3499 2796 3545 ut
2835 3491 3104 3560 benignus
3141 3507 3154 3544 :
3201 3503 3470 3545 coronare
3511 3501 3640 3542 vero

2059 3586 2239 3656 justos
2268 3587 2482 3648 volens,
2513 3582 2816 3639 certamina
2848 3581 3135 3652 permittit,
3172 3579 3336 3635 solvit
3365 3592 3491 3632 vero
3526 3576 3645 3630 hanc

2066 3677 2316 3750 protinus
2345 3675 2416 3731 ob
2441 3676 2766 3732 immensam
2798 3672 3120 3730 bonitatem.

391 3765 578 3854 χαίοος
616 3765 955 3862 βουλόμενος,
1005 3784 1277 3854 συγχωρεί
1312 3780 1438 3842 τοὺς
1484 3775 1722 3846 ἀγῶνας,
1788 3770 1907 3826 λύει
1971 3769 2029 3824 δὲ
2066 3769 2291 3834 τούτους
2335 3769 2420 3824 ὅτι
2458 3768 2504 3802 ³⁸
2556 3767 2787 3838 τάχιστα
2843 3765 2932 3820 διὰ
2979 3766 3078 3838 τὴν
3141 3767 3454 3836 ἀμέτρητον
3509 3767 3646 3832 ἀγα-

393 3883 614 3938 θός-ητα.
1399 3931 1406 3937 .

461 3901 484 3919 ι·
526 3900 614 3934 τα.
1399 3931 1406 3937 .

461 3900 530 4049 5?.
567 4014 585 4046 ι
622 3991 868 4062 Χρηστδς
897 3988 1034 4058 ἀνὴρ
1067 3987 1096 4038 ὀ
1126 3984 1432 4056 οἰκτείρων,
1470 3982 1568 4036 καὶ
1605 3979 1842 4052 κιχρῶν·
1881 3979 1960 4032 οἰ-

2135 3973 2302 4030 Vsns.
2329 3956 2386 4028 5..
2413 3991 2431 4024 ‹
2459 3971 2733 4042 Benignus
2757 3970 2924 4026 homo
2957 3970 3050 4042 qui
3083 3969 3374 4024 miseretur
3415 3977 3469 4024 et
3497 3983 3646 4023 com~

395 4055 688 4157 κονομήσεί
731 4055 860 4142 τοὺς
894 4055 1087 4147 λόγους
1138 4055 1311 4128 αὑτοῦγ
1352 4074 1414 4126 ὲν
1459 4071 1659 4144 κρίσει.
1712 4089 1734 4121 ι
1795 4069 1854 4124 '0
1900 4068 1953 4123 δὲ

2064 4066 2270 4128 modat,
2289 4063 2540 4132 diSponet
2571 4057 2782 4130 15.05
2807 4073 3092 4114 sermones
3119 4073 3250 4113 suos
3274 4059 3328 4112 in
3357 4055 3588 4127 judicio.
3621 4075 3639 4108 ι

397 4147 692 4247 Σύμμαχος
740 4169 946 4234 οὕτως·
1007 4165 1261 4236 Ἀγαθός,
1311 4162 1682 4235 χαριστικὸς,
1715 4161 1813 4216 καὶ
1875 4177 1953 4215 κι-

2075 4154 2437 4230 Symmacbus
2469 4160 2650 4206 autem
2691 4151 2771 4205 sic
2813 4166 2828 4202 :
2859 4149 3060 4212 Bonus,
3099 4149 3381 4217 muniﬁcus
3419 4155 3468 4201 et
3503 4163 3650 4200 com-

398 4267 578 4336 χρῶν,
611 4262 940 4332 οἰκονομῶν
967 4259 1039 4314 τὰ
1067 4258 1382 4328 πράγματα
1424 4255 1612 4312 αὑτοῦ
1653 4254 1805 4324 μετὰ
1843 4255 1968 4322 κρί-

397 4371 573 4420 σεως.
614 4353 674 4406 ὐ
709 4352 819 4422 γὰρ
853 4350 941 4404 τὸν
982 4349 1178 4403 οἰκεῖον
1209 4346 1474 4418 δεσπότην
1515 4344 1853 4418 μιμούμενος
1883 4361 1971 4412 φι-

397 4447 632 4516 λοτίμως
689 4441 982 4514 θεραπεύει
1023 4441 1151 4502 τοὺς
1203 4438 1558 4509 ὁμοδούλους·
1607 4436 1892 4506 οἰκτείρων
1925 4436 1970 4468 ³⁸

404 4537 524 4606 μὲν,
569 4536 645 4600 ὼς
684 4535 784 4606 τῆς
812 4533 1026 4604 φύσεως
1061 4530 1337 4593 κοινωνὸς,
1387 4528 1596 4600 κιχρῶν
1645 4527 1722 4593 δὲ,
1754 4527 1830 4591 ὡς
1873 4525 1974 4598 τὴν

401 4631 606 4684 ἔκτισιν
647 4627 800 4698 ποιρά
839 4625 934 4680 τοῦ
967 4623 1148 4678 κοινοῦ
1185 4621 1507 4694 προσμένων
1547 4621 1838 4674 Δεσπότου.
1875 4620 1973 4672 Οὑ-

401 4719 490 4774 δὲν
533 4718 591 4772 δὲ
635 4719 664 4772 ό
716 4716 956 4780 τοιοῦτος
997 4714 1326 4788 ἀδιακρίτως
1365 4713 1682 4786 ἐργάζεται,
1729 4714 1844 4767 ἀλλ’
1888 4713 1974 4782 όρ·

403 4810 511 4874 θῶς
541 4811 586 4843 ”
621 4809 900 4882 χρώμενος
927 4805 1194 4878 λογισμῷ,
1223 4807 1318 4860 καὶ
1357 4805 1486 4869 τοὺς
1536 4804 1732 4874 λόγους
1761 4803 1856 4858 καὶ
1905 4801 1975 4856 τά

405 4903 542 4972 ἔργα
570 4903 782 4972 κοσμεῖ.

480 5124 509 5165 ιι
534 5124 720 5182 Matth.
754 5142 810 5192 x,
834 5125 889 5192 9,‘
920 5125 1008 5180 10.
1131 5135 1154 5163 ⁸
1187 5123 1322 5177 Luc.
1357 5137 1470 5186 xiv,
1496 5121 1582 5176 55.

2071 4249 2314 4314 modans,
2361 4245 2450 4316 qui
2496 4244 2768 4312 dispensat
2815 4256 2898 4294 res
2944 4255 3068 4294 suas
3115 4254 3236 4292 cum
3272 4237 3502 4307 judicio.
3542 4235 3647 4302 Qui

2072 4341 2217 4398 enim
2249 4338 2533 4394 dominum
2569 4349 2730 4391 suum
2763 4331 3028 4398 imitatur,
3060 4330 3210 4400 larga
3232 4341 3398 4383 manu
3429 4342 3650 4382 conser-

2074 4435 2154 4489 vis
2175 4430 2470 4492 succurrit.
2495 4427 2766 4482 miserans
2788 4424 3006 4496 quidem
3033 4431 3090 4478 ut
3115 4433 3328 4476 naturas
3351 4419 3648 4491 particeps,

2073 4525 2431 4582 commodatis
2463 4537 2613 4587 vero,
2650 4527 2910 4589 tanquam
2937 4532 2968 4572 a
2993 4513 3272 4572 communi
3303 4513 3536 4570 Domino
3561 4527 3653 4568 re-

2079 4615 2508 4672 munerationem
2538 4621 2884 4682 exspectans.
2911 4607 3054 4664 Nihil
3073 4616 3256 4664 autem
3289 4605 3414 4662 talis
3434 4605 3653 4662 incaute

2079 4710 2230 4774 facit,
2265 4707 2360 4764 sed
2407 4707 2574 4762 rectis
2603 4715 2764 4762 utens
2815 4701 3258 4776 cogitationibus,
3293 4711 3348 4758 et
3391 4699 3554 4757 verba
3599 4707 3657 4754 et

2081 4817 2244 4874 opera
2275 4809 2452 4856 ornat.

1683 5119 1702 5159 ί
1738 5119 1926 5174 Matth.
1970 5133 2084 5182 xtx,
2111 5117 2204 5171 21.

1469 5321 1702 5378 VARIIE
1743 5319 2124 5377 LECTIO‘NES
2181 5316 2268 5372 ET
2297 5315 2534 5372 ΝΟΤέΕ.

527 5477 570 5512 ⁸⁸
607 5477 718 5544 Τῷ.
753 5477 875 5534 cod.
901 5479 926 5532 1

425 5708 560 5763 ριος.

970 5494 1159 5550 prtem.
1191 5481 1306 5534 καί.
1356 5479 1426 5550 ,⁸ο
1446 5478 1571 5550 cod.
1605 5477 1632 5530 ί
1655 5475 1749 5531 καὶ
1773 5474 1953 5550 δόξαν

2073 5471 2322 5550 πλούτον.
2355 5542 2366 5550 _
2405 5471 2606 5550 "ibid.
2647 5469 3027 5550 Epeo-sionem

425 5551 548 5605 add.
571 5521 694 5604 κειἴῖ
704 5521 718 5532 ’
755 5521 1159 5605 ἶῖτέθὲἑὸξῒξ
1177 5521 1306 5605 ἕοᾟῖ
1342 5549 1367 5604 t
1403 5521 1638 5610 εὲὄέςέινζ
1655 5521 1899 5616 Eget-iiii;
1912 5521 1947 5600 ἰ

2355 5521 2626 5616 lectione;
2639 5521 3087 5616 itébig__:§7uii‘7.

419 5621 467 5654 "
519 5621 651 5674 ibid.
685 5618 1003 5684 ὑποδείξεις.
1075 5620 1122 5652 ’⁸
1157 5619 1272 5687 Τῆς
1301 5652 1368 5660 -
1407 5619 1762 5688 ἀγαθότητα.
1809 5613 1942 5688 Des.

2057 5615 2143 5669 uid
2437 5627 2483 5688 c_.

637 5691 682 5722 ³⁸
723 5689 876 5744 Ὅτι.
937 5689 1103 5746 Abest
1161 5705 1191 5745 a
1221 5686 1341 5746 trod.
1376 5691 1428 5744 1.
1459 5686 1467 5688 “
1505 5690 1550 5722 ’⁸
1587 5691 1708 5744 cod.
1748 5686 2122 5758 ἰοίκτίρμων.

3446 5461 3570 5520 cod.
3631 5461 3657 5515 1

3168 5535 3213 5568 ¹⁴
3239 5535 3363 5590 cod.
3397 5533 3422 5587 l
3456 5535 3662 5588 ἄνοιαν.

2805 5610 2846 5641 ⁸⁷
2885 5609 3040 5660 Olet.
3078 5607 3201 5661 cod.
3243 5607 3267 5660 1
3307 5603 3486 5660 add.6
3547 5602 3665 5656 Κύ-

3130 5467 3174 5498 "
3201 5465 3386 5518 Οὕτω.

2559 5653 2570 5664 .
2597 5610 2726 5666 276.

2201 5685 2246 5715 ³ο
2282 5683 2414 5738 una.
2447 5679 2616 5754 ὀρθῷ.
