4006 6198
431 347 568 417 1793

1769 347 1850 407 IN
1905 346 2113 407 PSAL.
2141 345 2359 408 CXIII.

3560 349 3690 416 17M

491 467 679 533 ιγ’-ιε’.
729 480 748 515 ι
776 461 960 534 Στόμα
987 459 1200 532 ἔχουσι,
1254 461 1348 514 καὶ
1373 460 1434 515 οὐ
1477 459 1808 530 λαλήσουσιν
1829 474 1843 491 ⁸
1899 459 2000 530 όφ-

2179 455 2342 512 Vsns.
2396 455 2582 512 13-15.
2643 477 2662 510 ι
2704 457 2780 515 Os
2828 457 3050 524 habent,
3103 465 3158 513 et
3209 474 3314 514 non
3365 459 3687 531 loquentur;

421 553 664 625 θαλμοὺς
691 553 738 586 ⁸³
771 552 977 624 ἔχουσι,
1009 555 1101 608 καὶ
1148 553 1250 606 οὐκ
1294 552 1544 623 ὄψονται.
1595 547 1736 605 Ὦτα
1791 551 2000 624 ἔχουσι,

420 646 517 700 καὶ
544 645 646 697 ούκ
675 643 1002 699 ἀκούσονται
1030 659 1044 674 ⁸
1073 647 1227 716 ῥῖνας
1257 644 1466 716 ἔχουσι,
1492 645 1588 698 καὶ
1612 645 1716 698 οὐκ
1758 645 2002 715 ὀσφραν-

420 735 698 806 θήσονται.
731 735 937 806 Χεῖρας
969 734 1180 806 ἔχουσι,
1218 738 1314 789 καὶ
1339 735 1402 790 οὐ
1434 734 1830 806 ψηλαφήσουσι
1859 749 1874 764 ⁸
1904 735 2004 788 πό-

418 824 510 886 δας
534 823 740 895 ἔχουσι,
766 827 862 879 καὶ
895 827 961 879 οὐ
991 827 1487 897 περιπατήσουσιν.
1527 846 1547 880 ι
1579 827 1700 880 Τῶν
1741 826 2004 899 αἰσθητη-

421 915 570 986 ρίων,
607 917 764 988 φησὶ,
793 919 893 981 τὰς
927 918 1026 988 μὲν
1056 918 1270 982 εἰκόνας
1313 918 1673 990 περίκεινται,
1701 917 1801 988 τῆς
1829 918 1884 971 δὲ
1913 921 2002 972 ὲν-

419 1008 643 1080 εργείας
661 1011 1006 1080 ἐστέρηνται.
1025 1010 1412 1082 Εὑτελέστεροι
1427 1009 1608 1063 τοίνυν
1628 1010 1690 1062 ού
1714 1007 1875 1078 μόνον
1892 1009 2002 1062 τῶν

421 1103 736 1168 ποιούντων,
757 1102 894 1156 ἀλλὰ
923 1106 1017 1156 καὶ
1047 1101 1152 1155 τῶν
1181 1102 1565 1173 σμικροτάτων
1584 1100 1962 1170 ζωῦφίωνείσί
1983 1115 1998 1130 ⁸

424 1194 576 1261 μυῖαι
611 1195 739 1262 γὰρ,
777 1193 871 1246 καὶ
903 1192 1182 1255 κώνωπες,
1220 1194 1315 1245 καὶ
1358 1191 1427 1245 τὰ
1473 1192 1676 1244 τούτων
1710 1190 2003 1262 σμικρότε-

425 1299 512 1351 ρα,
532 1281 640 1334 τῶν
661 1281 1038 1353 αἰσθητηρίων
1068 1281 1253 1351 ἔχουσι
1275 1281 1374 1352 τὴν
1405 1281 1690 1350 ἐνέργειαν
1713 1295 1726 1309 ⁸
1746 1280 2002 1350 βλέπουσι

417 1371 547 1442 γὰρ,
565 1373 658 1425 καὶ
673 1371 957 1436 ἀκούουσι,
973 1371 1068 1427 καὶ
1091 1373 1376 1438 πέτανται,
1395 1373 1491 1426 καὶ
1509 1371 1813 1442 βαδίζουσιν
1839 1388 1854 1404 ⁸
1879 1372 1928 1425 οἱ
1945 1371 2003 1425 δὲ

422 1463 500 1525 ὡς
528 1461 642 1516 θεοὶ
674 1463 1169 1534 προσκυνούμενοι,
1202 1463 1325 1518 οὐδὲ
1346 1464 1446 1536 τὴν
1474 1463 1584 1516 τῶν
1612 1461 1810 1530 ὀλίγων
1836 1462 1883 1496 ⁸⁸
1905 1463 2003 1517 καὶ

419 1555 669 1624 σμικρῶν
695 1554 852 1618 ζώων
885 1555 1166 1626 ἐνέργειαν
1196 1557 1432 1628 ἔχουσιν.

495 1649 590 1706 ις’.
631 1662 649 1695 ι
681 1643 754 1696 Οὐ
811 1645 1157 1717 φωνήσουσιν
1207 1649 1266 1701 ὲν
1313 1648 1394 1719 τῷ
1435 1649 1672 1720 λάρυγγι
1735 1646 1937 1702 αὐτῶν.
1977 1665 1998 1700 ι

431 1732 654 1802 Ἐπειδὴ
701 1733 812 1804 γὰρ
835 1735 885 1788 oi
925 1733 994 1788 δι’
1041 1735 1223 1790 αὐτῶν
1281 1738 1642 1810 ἐνεργοῦντες
1690 1739 1951 1810 δαίμονες
1983 1778 2000 1804 ν

2105 548 2296 602 oculos
2329 547 2566 614 habent,
2619 557 2676 604 et
2711 564 2819 604 non
2854 549 3136 605 videbunt.
3168 549 3345 607 Aures
3373 551 3597 617 habent,
3633 561 3691 606 et

2103 656 2216 697 non
2256 641 2473 716 1414
2502 643 2758 712 audient;
2795 659 2956 699 nares
2998 643 3220 706 habent,
3256 652 3446 700 etnon
3491 642 3690 699 odora-

2103 733 2336 790 buntur.
2373 736 2568 790 Manus
2602 735 2836 800 habent,
2883 745 2938 791 et
2983 751 3090 791 non
3143 735 3474 806 palpabunt;
3519 734 3688 806 pedes

2104 827 2344 894 habent,
2399 837 2450 880 et
2501 843 2606 882 non
2641 827 3024 883 ambulabunt.
3063 845 3082 879 ι
3123 829 3428 883 δὶιηιιιειιιι-ιι
3465 827 3685 898 quidem

2103 925 2367 973 sensuum
2404 917 2701 975 domiciliis
2751 919 2939 974 induta
2987 926 3156 988 sunt,
3203 921 3520 990 operatione
3559 935 3688 976 vero

2101 1007 2386 1066 destituta.
2425 1007 2632 1064 Viliora
2701 1010 2868 1081 igitur
2910 1025 3021 1065 non
3073 1011 3237 1065 modo
3293 1019 3423 1066 sunt
3477 1011 3545 1065 iis
3592 1009 3686 1081 qui

2103 1098 2220 1169 ipsa
2271 1100 2577 1166 tinxerunt,
2624 1101 2717 1156 sed
2763 1101 2928 1155 etiam
2980 1098 3222 1156 minimis
3273 1099 3685 1154 animantibus:

2103 1191 2552 1260 quandoquidem
2587 1206 2800 1248 musca.
2833 1200 2886 1246 et
2915 1191 3146 1255 culices,
3179 1199 3232 1244 et
3263 1190 3349 1245 his
3381 1189 3685 1254 tenuiores,

2103 1281 2160 1336 in
2197 1297 2460 1338 sensuum
2499 1282 2725 1338 sedibus
2757 1283 2866 1337 vim
2913 1284 3115 1338 habent
3157 1283 3378 1355 (vident
3410 1282 3578 1346 enim,
3632 1290 3689 1337 et

2103 1375 2354 1442 audiunt,
2389 1385 2442 1431 et
2474 1378 2678 1441 volant,
2711 1388 2766 1432 et
2796 1376 3113 1448 ambulant)
3144 1395 3157 1431 :
3183 1377 3240 1432 hi
3269 1391 3399 1432 vero
3421 1377 3514 1446 qui
3566 1385 3689 1430 tan-

2103 1481 2272 1536 quam
2305 1467 2382 1522 dii
2415 1469 2692 1534 coluntur,
2744 1484 2922 1538 neque
2955 1470 3273 1524 tenuiorum
3319 1467 3686 1524 animantium

2103 1563 2318 1614 ratione
2357 1561 2666 1615 carentium
2697 1559 2805 1613 vim
2845 1559 3070 1614 habent.

2172 1649 2341 1705 Vens.
2369 1651 2456 1706 l6.
2489 1668 2507 1702 ι
2535 1649 2654 1706 Non
2699 1651 3015 1706 clamabunt
3052 1659 3274 1721 gutture
3329 1665 3486 1706 suo.»
3537 1649 3688 1717 Quo-

2103 1741 2250 1798 niam
2302 1743 2449 1798 enim
2497 1743 2792 1808 daetuones,
2841 1745 2935 1815 qui
2979 1758 3079 1813 per
3120 1745 3238 1814 ipsa
3291 1744 3686 1814 operahantur,

421 1825 514 1876 καὶ
551 1827 673 1888 ταῖς
709 1825 934 1895 ψευδέσι
963 1827 1244 1900 χρώμενοι
1286 1831 1592 1900 μαντείαις,
1651 1832 1712 1885 ού
1765 1831 1854 1884 διὰ
1888 1831 1998 1884 τῶν

2112 1833 2370 1904 l‘alsisque
2414 1833 2913 1891 vaticinationibus
2967 1835 3285 1898 utebantur,
3320 1851 3430 1890 non
3471 1851 3568 1907 per
3605 1837 3689 1890 in-

418 1919 646 1989 ἅψύχων
683 1921 891 1986 ταύτας
912 1923 1174 1988 εἰδώλων,
1211 1925 1349 1981 ἀλλὰ
1374 1926 1468 1980 διὰ
1492 1927 1604 1982 τῶν
1639 1926 1880 1996 λογικῶν
1903 1927 2002 1980 ἀν-

419 2011 660 2075 θρώπων
693 2015 1125 2088 προσέφερον,ἢ
1173 2016 1264 2071 διὰ
1316 2018 1606 2089 συμϐόλων
1659 2019 1824 2072 τινῶν
1877 2015 2003 2071 τινὰ

423 2106 795 2178 κατεμήνυον,
859 2109 1087 2172 είκότως
1119 2110 1246 2180 ἔφη·
1284 2129 1302 2162 ι
1339 2111 1412 2164 Ού
1445 2111 1793 2182 φωνήσουσιν
1843 2111 1903 2164 ὲν
1923 2109 2002 2181 τῷ

423 2195 662 2266 λάρυγγι
692 2197 894 2254 αὐτῶν.
933 2217 952 2252 ι
1003 2199 1267 2268 Ἀκίνητα
1297 2201 1406 2273 γὰρ
1440 2201 1536 2256 καλ⁸
1571 2202 1756 2274 ἄψυχα
1807 2201 2003 2255 εἴδωλα

423 2287 730 2352 παντελῶς.

494 2377 584 2444 ιζ’.
619 2379 840 2450 Ὅμοιοι
877 2383 1063 2445 αὐτοῖς
1119 2381 1360 2450 γένοιντο
1411 2382 1464 2434 οι
1499 2381 1782 2448 ποιοῦντες
1838 2383 2001 2449 αὐτὰ,

424 2469 518 2524 καὶ
546 2470 750 2534 πάντες
779 2471 828 2524 οί
864 2471 1188 2536 πεποιθότες
1225 2474 1314 2526 ἐπ’
1345 2473 1554 2536 αὐτοῖς.
1586 2491 1607 2526 ι
1658 2471 1802 2526 Ἀλλ’
1854 2475 2005 2528 ὲκεί-

423 2579 537 2627 νοις
571 2563 673 2632 μὲν
708 2563 1030 2634 ὁμοιωθεῖεν
1061 2563 1158 2618 καὶ
1183 2565 1232 2618 οἱ
1286 2564 1749 2635 προσκυνοῦντες,
1803 2567 1896 2620 καὶ
1954 2567 2004 2620 οἱ

423 2654 904 2727 δημιουργοῦντες.
925 2656 1064 2721 Τοὺς
1077 2656 1188 2724 γὰρ
1201 2655 1344 2726 λόγῳ
1361 2657 1786 2727 τετιμημένους,
1802 2657 1901 2710 καὶ
1925 2659 2006 2722 είς

426 2743 696 2816 τοσαύτην
774 2745 1002 2814 ἀλογίαν
1066 2745 1544 2813 ἐκπεπτωκότας,
1617 2745 1827 2800 δίκαιον
1895 2746 2006 2800 τῶν

428 2835 518 2886 ὑπ’
577 2834 758 2889 αὐτῶν
802 2837 1305 2908 προσκυνουμένων
1354 2835 1456 2908 τὴν
1507 2835 1878 2908 ἀναισθησίαν
1909 2837 2006 2890 λα-

427 2928 569 2982 ϐεῖν.

501 3029 590 3092 ιη’,
623 3021 710 3076 ιθθ.
748 3039 768 3074 ι
807 3016 970 3086 Οἶκος
1007 3021 1226 3094 Ἰσραὴλ
1256 3022 1488 3094 ἤλπισεν
1518 3024 1564 3056 ⁸⁷
1605 3023 1702 3078 ἐπὶ
1757 3021 1966 3094 Κύριον
1989 3037 2005 3053 ⁸

431 3115 623 3184 βοηοὺς
675 3115 771 3168 καὶ
833 3115 1253 3188 ὑπερασπιστὴς
1303 3117 1488 3170 αὐτῶν
1528 3119 1700 3174 ἐστιν.
1763 3113 1924 3180 Οἶκος
1961 3115 2008 3148 ⁸⁸

2104 1926 2354 1981 animata
2385 1927 2674 1982 simulacra
2694 1927 2794 1982 has
2817 1926 3185 1997 proferebant,
3207 1927 3300 1982 sed
3317 1941 3412 1997 per
3433 1925 3688 1982 homines

2099 2017 2336 2071 rationis
2365 2025 2670 2086 compotes,
2715 2019 2800 2072 vel
2833 2033 2932 2088 per
2961 2017 3226 2073 nonnulla
3271 2019 3424 2088 signa
3471 2017 3685 2089 aliquid

2099 2109 2536 2174 denuntiabant,
2579 2107 2777 2162 merito
2819 2108 2940 2163 ait:
2971 2127 2990 2160 ι
3026 2107 3146 2162 Νοη
3193 2109 3514 2164 clamabunt
3555 2116 3685 2178 gut-

2102 2207 2222 2254 ture
2263 2214 2386 2254 suo.
2422 2217 2443 2252 »
2486 2198 2793 2254 lmmobilia
2827 2198 2974 2254 enim
3027 2207 3081 2254 et
3119 2198 3419 2254 inanimata
3469 2199 3688 2267 penitus

2102 2299 2231 2346 sunt
2261 2290 2428 2343 idola.

2173 2376 2338 2432 Vens.
2377 2377 2464 2430 l7.
2525 2395 2546 2428 ι
2586 2374 2806 2432 Similes
2835 2377 2943 2432 illis
2981 2376 3114 2431 ﬁant
3141 2378 3234 2446 qui
3266 2377 3476 2432 faciunt
3515 2391 3600 2438 ea,
3635 2385 3690 2431 et

2101 2482 2293 2522 omnes
2328 2467 2422 2536 qui
2471 2466 2756 2520 conﬁdunt
2807 2466 2860 2520 in
2905 2466 3005 2520 eis.
3041 2484 3060 2518 ι
3101 2465 3274 2522 Porro
3308 2467 3417 2522 illis
3459 2467 3682 2536 quidem

2104 2559 2311 2614 similes
2339 2556 2470 2612 [iant
2491 2565 2545 2610 et
2569 2559 2664 2626 qui
2697 2557 2814 2626 ipsa
2845 2557 3055 2620 colunt,
3085 2567 3138 2612 et
3165 2559 3259 2628 qni
3293 2559 3520 2614 faciunt.
3547 2557 3688 2612 Cum

2105 2652 2248 2705 enim
2289 2649 2392 2703 etsi
2431 2647 2642 2704 ratione
2677 2648 2890 2719 praaditi
2924 2649 3056 2710 sint,
3091 2648 3146 2703 in
3188 2659 3397 2704 tantam
3431 2650 3688 2705 absurdi-

2103 2751 2268 2798 tatem
2327 2741 2649 2807 inciderint,
2707 2741 2915 2812 justum
2972 2751 3056 2798 est
3107 2759 3326 2798 omnem
3375 2759 3468 2800 eos
3525 2745 3692 2799 amit-

2105 2844 2222 2889 tere
2263 2849 2524 2898 sensum,
2581 2835 2760 2889 instar
2808 2834 3077 2888 idolorum
3125 2851 3248 2906 qua:
3287 2837 3355 2892 ab
3394 2837 3530 2905 ipsis
3579 2851 3678 2892 co-

2104 2927 2318 2982 luntur.

2179 3018 2348 3076 Vsus.
2381 3020 2468 3087 18,
2499 3021 2580 3076 19.
2626 3039 2644 3072 ι
2676 3019 2882 3078 Domus
2903 3021 3072 3076 lsracl
3096 3011 3412 3092 speravitin
3439 3019 3688 3086 Domino,

2109 3113 2330 3183 adjutor
2377 3129 2602 3182 eorum,
2655 3123 2710 3168 et
2752 3124 3026 3182 protector
3075 3129 3265 3168 eorum
3323 3121 3424 3168 est.
3481 3111 3691 3168 Domus

428 3203 644 3276 Ἀαρὼν
661 3205 890 3276 ἤλπισεν
910 3206 956 3237 ⁸³
977 3206 1068 3258 ἐπὶ
1086 3205 1292 3279 Κύριον
1312 3223 1327 3238 ⁸
1353 3208 1549 3279 βοηθὸς
1579 3207 1672 3261 καὶ
1692 3207 2005 3276 ὑπερασπι-

2112 3203 2296 3258 Aaron
2341 3205 2581 3273 speravit
2611 3203 2665 3258 in
2701 3205 2956 3272 Domino,
2985 3205 3207 3275 adjutor
3235 3219 3452 3272 eorum,
3485 3212 3540 3258 et
3565 3219 3691 3274 pro-

429 3313 560 3364 στςς
589 3297 770 3350 αὐτῶν
804 3297 974 3352 ἐστιν.
1015 3317 1034 3350 ι
1101 3299 1331 3353 Ἐκεῖνοι
1379 3301 1480 3370 μὲν
1531 3298 1762 3370 ζημίαν,
1798 3298 1914 3353 ἀλλ’
1939 3299 2000 3352 ού

2113 3305 2286 3350 tectnr
2309 3311 2500 3349 eorum
2536 3304 2640 3351 est.
2673 3314 2692 3348 ι
2724 3295 2806 3350 llli
2838 3297 3060 3366 quidem
3097 3311 3206 3350 non
3234 3296 3688 3363 emolumentum,

429 3387 622 3459 κέρδος
653 3389 716 3442 ἐκ
747 3389 844 3459 τῆς
869 3391 1078 3444 τούτων
1106 3391 1408 3462 ἑδρέψαντο
1447 3392 1880 3463 προσκυνήσεως
1903 3407 1919 3422 ⁸
1977 3393 2005 3444 ό

2112 3391 2203 3445 sed
2229 3389 2619 3445 detrimentum
2644 3404 2711 3444 ex
2732 3390 2930 3444 horum
2957 3389 3274 3468 adoratione
3291 3395 3688 3459 perceperunt:

430 3480 487 3532 δὲ
518 3479 614 3532 τοῦ
655 3479 872 3551 Ἰσραὴλ
903 3477 1052 3546 οἶκος
1078 3482 1176 3554 τὴν
1207 3485 1287 3547 είς
1319 3483 1411 3537 τὸν
1451 3484 1582 3538 ὄντα
1635 3483 1770 3536 Θεὸν
1812 3482 2005 3536 ἐλπίδα

2112 3481 2204 3536 sed
2241 3481 2454 3537 Israelis
2489 3482 2686 3536 domus
2723 3497 2876 3552 spem
2906 3481 2962 3536 in
2994 3479 3106 3536 Deo
3134 3496 3266 3534 vero
3289 3494 3520 3550 ponens,
3551 3494 3688 3536 eon-

433 3571 796 3641 κτησὰμενος,
837 3573 940 3642 τῆς
965 3573 1096 3644 παρ’
1120 3573 1290 3628 αὑτοῦ
1332 3573 1594 3646 προνοίας
1637 3572 1904 3628 ἀπολαύει
1929 3573 2004 3625 δι·

2112 3572 2264 3628 tinue
2291 3588 2448 3643 opem
2481 3573 2553 3628 ab
2595 3573 2718 3642 ipso
2751 3574 3132 3644 consequitur.
3173 3571 3387 3645 1415
3417 3571 3522 3626 Per
3548 3571 3690 3626 divi-

433 3661 663 3732 ηνεκῶς.
695 3663 852 3716 Κατὰ
884 3663 1152 3734 διαίρεσιν
1206 3665 1264 3718 δὲ
1295 3666 1394 3738 τὴν
1424 3667 1648 3736 μνήμην
1685 3665 2000 3736 ἐποιήσατο,

2112 3667 2320 3721 sionem
2354 3669 2372 3689 ⁸
2393 3675 2576 3722 autem
2610 3667 2678 3721 de
2706 3666 3016 3721 sacerdotio
3049 3666 3176 3721 fecit
3203 3665 3560 3728 mentionem,
3588 3664 3693 3720 hoc

430 3753 532 3821 τὴν
587 3753 893 3826 ἱερωσύνην
937 3755 1108 3828 ταύτῃ
1155 3757 1354 3827 τιμῶν,
1402 3759 1499 3812 καὶ
1550 3757 1820 3810 διδάσκων
1877 3757 2005 3821 τοὺς

2112 3756 2412 3822 hor-orans,
2437 3769 2492 3812 et
2514 3759 2720 3814 docens
2749 3757 3006 3813 homines
3033 3757 3182 3830 illius
3208 3757 3488 3827 temporis.
3518 3771 3694 3825 quan-

432 3845 760 3916 τηνικαῦτα,
795 3847 939 3919 πόση
971 3849 1110 3919 πρὸς
1149 3849 1280 3910 τοὺς
1331 3849 1531 3914 ἄλλους
1586 3850 1620 3920 ή
1653 3849 1761 3902 τῶν
1816 3849 2005 3920 ἱερέων

2112 3857 2225 3902 tum
2278 3849 2351 3904 sit
2398 3849 2695 3905 discrimen
2753 3851 2895 3904 inter
2945 3849 3262 3905 sacerdotes
3305 3860 3360 3904 et
3405 3849 3544 3904 alios
3593 3847 3692 3902 ho-

430 3939 690 4010 διαφορά.

2112 3939 2309 3994 mines.

503 4037 574 4086 κ’.
619 4049 637 4083 ι
667 4033 730 4084 Οἱ
762 4030 1094 4102 φοϐούμενοι
1121 4031 1214 4086 τὸν
1247 4031 1455 4104 Κύριον
1483 4033 1723 4106 ἤλπισαν
1747 4032 1844 4086 ἐπὶ
1894 4031 2005 4085 Κύ-

2181 4029 2347 4086 Vsns.
2381 4030 2472 4086 20.
2509 4049 2528 4082 ι
2565 4031 2668 4098 Qui
2716 4033 2908 4087 timent
2959 4032 3276 4095 Dominum,
3335 4039 3692 4102 speraverant

437 4137 554 4191 ριον
577 4135 592 4150 ⁸
623 4121 818 4192 βοηθὸς
835 4121 930 4174 καὶ
951 4121 1372 4192 ὑπερασπιστὴς
1403 4123 1585 4177 αὐτῶν
1607 4125 1773 4177 ἐστιν.
1802 4141 1820 4174 ι
1853 4121 2005 4174 ’Έτε-

2112 4127 2166 4181 ἰη
2199 4125 2434 4180 Domino
2472 4143 2486 4179 :
2523 4125 2745 4195 adjutor
2785 4139 3012 4192 eorum,
3063 4133 3118 4178 et
3172 4133 3449 4194 protector
3500 4139 3690 4178 eorum

441 4228 532 4281 ρον
565 4211 723 4266 τοῦτο
757 4211 946 4282 τάγμα
971 4211 1128 4284 παρὰ
1159 4213 1230 4266 τὰ
1261 4213 1527 4284 πρότερα.
1574 4215 1828 4269 Διδάσκει
1875 4213 1934 4268 δὲ
1982 4213 2005 4266 ό

2112 4226 2215 4273 est.
2249 4237 2268 4270 ›
2303 4219 2486 4272 Alium
2517 4219 2769 4273 ordinem
2800 4227 2966 4288 quam
3001 4217 3056 4270 in
3092 4217 3472 4285 superioribus
3495 4216 3688 4269 tenuit.

439 4303 616 4371 λόγος,
651 4304 734 4357 ὅτι
767 4303 871 4356 κᾶν
904 4305 980 4374 μὴ
1013 4303 1115 4375 τὴν
1147 4304 1248 4370 τῆς
1281 4305 1584 4376 ἱερωσύνης
1605 4323 1692 4368 τις
1721 4304 1880 4370 ἀξίαν
1899 4304 2005 4376 ἔχει

2113 4307 2284 4364 Docet
2313 4318 2496 4364 autem
2541 4324 2747 4374 sermo,
2799 4309 2924 4362 licet
2961 4307 3160 4377 aliquis
3189 4307 3480 4362 sacerdotii
3511 4306 3691 4376 digni-

443 4395 576 4466 μηδὲ
605 4395 703 4464 τὴν
745 4395 1148 4465 Ἰσραηλιτικὴν
1181 4397 1508 4464 συγγένειαν
1542 4397 1881 4470 περίκειται,
1933 4396 2005 4469 τῷ

2117 4407 2282 4455 tatem
2323 4414 2428 4454 non
2463 4399 2682 4466 haheat,
2725 4415 2900 4470 neque
2937 4415 3000 4454 ex
3039 4398 3335 4454 Israelitica
3369 4397 3694 4468 ctvguatione

438 4483 495 4534 δὲ
527 4483 658 4554 θείῳ
687 4483 838 4552 φόϐῳ
867 4483 1245 4554 κοσμούμενος
1271 4485 1617 4554 ἐπιμελεῖται
1649 4489 1749 4560 τῆς
1808 4488 2005 4560 ἀρετῆς

2117 4490 2210 4557 sit,
2245 4499 2424 4546 tamen
2459 4491 2505 4546 si
2539 4491 2726 4546 divino
2754 4492 2950 4546 timore
2981 4489 3243 4562 praeditus
3279 4491 3370 4557 sit,
3398 4499 3450 4544 et
3475 4489 3694 4546 virtutis

437 4573 539 4644 τῆς
565 4572 686 4643 ἴσης
715 4574 811 4627 καὶ
835 4573 998 4636 αὐτὸς
1021 4575 1171 4646 παρὰ
1197 4575 1292 4628 τοῦ
1323 4577 1460 4630 Θεοῦ
1499 4577 1610 4630 τῶν
1637 4577 1776 4632 ὅλων
1829 4577 2005 4644 τεύξε·

2117 4597 2308 4638 curam
2345 4593 2518 4654 gerat,
2553 4583 2818 4653 aequalem
2851 4599 3008 4652 opem
3051 4581 3214 4636 etiam
3258 4581 3436 4650 ipsum
3469 4581 3537 4634 ab
3567 4580 3695 4634 uni-

439 4683 530 4718 ται
560 4665 922 4737 προμηθείας.
941 4661 1126 4720 Ἷίσαν
1145 4666 1200 4720 δὲ
1225 4669 1322 4722 καὶ
1349 4668 1521 4722 πάλαι
1539 4669 1693 4738 παρὰ
1735 4669 2005 4734 Ἰουδαίοις

2118 4689 2402 4728 versorum
2431 4673 2542 4728 Deo
2566 4682 3014 4730 consecuturum.
3037 4671 3208 4728 Erant
3237 4687 3368 4728 sane
3395 4671 3523 4725 olim
3551 4671 3694 4739 apud

437 4757 678 4810 τοιοῦτοι
711 4757 920 4822 πολλοὶ,
979 4759 1044 4810 ὲκ
1075 4758 1176 4828 μὲν
1221 4760 1319 4828 τῆς
1361 4759 1726 4831 Ἀϐραμιαίας
1779 4760 1842 4814 ού
1888 4759 2018 4831 βλα-

439 4849 741 4920 στήσαντες
770 4847 948 4919 ῥίζης,
987 4848 1046 4915 ἐξ
1084 4849 1288 4921 ἐτέρων
1319 4851 1364 4883 ⁹⁰
1429 4851 1486 4903 δὲ
1525 4851 1914 4920 προσελθόντες
1969 4852 2014 4884 ⁹¹

439 4940 630 5006 ἐθνῶν,
666 4941 996 5014 προσήλυτοι
1039 4943 1086 4974 θ’
1135 4941 1698 5012 προσαγορευόμενοι,
1743 4945 1837 4996 καὶ
1885 4943 2016 5014 περὶ

443 5029 638 5084 πολλοῦ
674 5033 742 5085 τὰ
765 5035 892 5085 θεῖα
920 5033 1259 5102 ποιούμενοι.
1290 5032 1404 5085 Καὶ
1437 5032 1532 5086 νῦν
1555 5032 1612 5086 δὲ
1643 5031 1711 5086 τὰ
1760 5032 1889 5106 ἔθνη
1915 5033 2016 5086 ούκ

441 5119 672 5188 ἔχειτοῦ
721 5124 972 5196 Ἀϐραὰμ
993 5126 1096 5196 τὴν
1130 5125 1274 5178 κατὰ
1307 5125 1488 5195 σάρκα
1528 5123 1877 5192 συγγένειαν,
1919 5122 2014 5176 τοῦ

441 5209 498 5262 δὲ
545 5211 795 5283 Ἀϐραὰμ
825 5215 920 5284 τὴν
953 5218 1136 5272 πίςτιν
1167 5217 1508 5288 κτησάμενα,
1541 5214 1707 5270 τέκνα
1735 5215 2010 5287 χρηματί-

445 5299 530 5365 ζει
559 5303 652 5357 τοῦ
695 5304 964 5374 Ἀϐραάμ.

2117 4761 2336 4818 ,Ιιιόαιοε
2361 4763 2676 4832 hujusmodi
2701 4765 2954 4819 homines
2984 4763 3160 4826 multi,
3188 4761 3282 4829 qui
3309 4776 3372 4814 ex
3397 4757 3694 4814 Ahrahami

2121 4855 2306 4910 radice
2349 4855 2578 4910 minime
2639 4856 2741 4910 orti
2789 4863 2966 4920 erant,
3022 4857 3114 4909 sed
3165 4868 3228 4906 ex
3271 4852 3395 4906 aliis
3443 4849 3696 4922 gentibus

2119 4947 2486 5012 advenerant,
2527 4956 2583 5002 et
2627 4947 2888 5020 proselyti
2945 4947 3306 5004 vocabantur,
3361 4945 3566 5014 quique
3606 4953 3696 4994 res

2118 5037 2334 5093 divinas
2360 5039 2542 5109 magni
2570 5038 2860 5095 faciebant.
2895 5037 3052 5093 Nunc
3079 5048 3258 5092 autem
3283 5047 3474 5107 gentes
3495 5045 3699 5100 cogna-

2117 5128 2321 5182 tionem
2365 5129 2662 5182 Ahrahami
2710 5130 3010 5185 secundum
3049 5143 3269 5184 carnem
3313 5140 3420 5178 non
3470 5121 3693 5186 habent,

2119 5223 2214 5274 sed
2261 5221 2556 5276 Abrahami
2605 5221 2761 5275 ﬁdem
2807 5221 3092 5284 habentes,
3139 5219 3230 5272 ﬁlii
3273 5212 3568 5270 Abrahami
3601 5225 3697 5265 νος

2116 5317 2332 5363 cantur.

1505 5443 1744 5501 VARIAS
1801 5441 2192 5500 LECTIONES
2251 5443 2338 5498 ET
2365 5443 2599 5500 NOT/E.

511 5552 1096 5632 8"'_0§0:A—_5Z8pt3.
1151 5561 1276 5632 Des.
1315 5561 1447 5617 ibid.
1522 5562 1572 5594 ⁸⁸
1607 5563 1876 5632 Ὀλίγων.
1919 5563 1994 5618 ib.

2112 5562 2288 5630 .όγων.
2363 5563 2408 5593 ⁸⁷
2433 5557 2615 5632 Οἷκρν
2653 5561 2917 5632 Ἰσραὴλ
2940 5559 3228 5632 ἠλέησεν.
3273 5551 3439 5606 llcbr.
3475 5545 3694 5631 .Israel,

443 5625 667 5706 con/ide.
743 5628 789 5660 ³⁸
817 5624 994 5706 ρζκοέ
1009 5660 1093 5706 _-_-
1119 5631 1316 5706 αὐτῶν
1347 5633 1538 5706 ἐστιν.
1572 5633 1696 5706 Des.
1735 5624 1786 5706 in
1822 5635 1945 5690 cod.
1967 5633 2034 5706 il.

447 5699 596 5774 ntimo
627 5714 766 5754 vers.
839 5700 886 5734 ’°
932 5699 1034 5765 Ἐξ
1063 5699 1295 5770 ἐτέρων.
1336 5705 1456 5758 cod.
1493 5705 1517 5759 1
1568 5703 1885 5774 ὲξαιρὲτων.
1962 5704 2005 5735 ⁹¹

2116 5703 2172 5758 ιι.
2214 5703 2706 5774 προσεληλυθότες.

445 5765 560 5822 καί.

2109 5620 2500 5687 ⁸⁸’Ἤλπισεφκ
2541 5620 2756 5699 Ιίθιιν.,’
2785 5620 3051 5699 rohﬁdite.
3090 5627 3162 5678 Ita
3212 5639 3430 5692 quoque
3474 5620 3528 5673 in
3559 5634 3692 5686 pro-

2116 5703 2172 5752 Ll.
2214 5703 2706 5752 ποοσεληλυθότες.
2809 5705 2853 5732 ν’
2911 5699 3310 5752 Προσήλυτοι.
3339 5694 3468 5748 ibid.
3502 5704 3689 5752 prmm.

2955 5709 3310 5767 ξροσηλυτοι.
3339 5709 3468 5748 toto.
3501 5709 3689 5762 prmm.
