3974 6206
307 316 441 384 1797

1628 325 1710 386 IN
1745 327 1952 390 PSAL.
2036 328 2224 392 CXIV.

3418 347 3556 417 1798

303 433 512 498 ζῶντας
567 433 875 506 παραϐῆναι
929 434 1020 488 τὸν
1077 435 1217 489 θεῖον
1283 439 1664 509 παρεσκεύασε
1695 440 1860 510 νόμον

1984 440 2194 539 desidia
2235 443 2505 515 vivebant,
2550 449 2790 509 divinam
2824 460 3330 532 transgrederentur
3356 465 3553 539 legem.

301 524 362 576 οι
392 523 448 575 δὲ
481 523 582 592 τῆς
611 523 890 588 εὐσεϐείας
919 525 1148 596 ἐρασταὶ
1176 527 1302 589 τοὺς
1336 527 1474 599 ὑπὲρ
1499 529 1702 600 ταύτης
1724 531 1875 598 ἀγῶ-

303 629 397 672 νας
431 614 730 682 προθύμως
759 615 1168 686 ἀναδεξάμενοι,
1215 618 1324 672 τῶν
1373 619 1694 676 καλλινίκων
1754 639 1876 676 στε-

301 703 486 772 φάνων
549 705 894 776 ἀπήλαυσαν.
957 707 1176 779 Ταύτην
1221 711 1403 764 αὐτῶν
1469 711 1568 784 τὴν
1619 714 1876 785 ἀνδρείαν

300 797 330 864 η
385 796 636 866 παροῦσα
699 799 932 868 μελῳδία
987 803 1262 870 προλέγει.
1309 805 1588 874 Διηγεῖται
1636 806 1692 860 δὲ
1731 807 1874 862 κατὰ

295 890 490 942 ταυτὸν
528 893 622 942 καὶ
651 890 752 954 τὰς
797 891 906 944 τῶν
955 893 1220 963 ἀλγεινῶν
1275 898 1606 967 προσϐολὰς,
1649 902 1746 955 καὶ
1773 901 1873 973 τὴν

296 982 735 1051 παρασχεθεῖσαν
793 986 979 1050 αὐτοῖς
1036 989 1188 1058 παρὰ
1249 989 1342 1043 τοῦ
1400 991 1535 1045 Θεοῦ
1576 994 1684 1046 τῶν
1733 995 1871 1049 ὅλων

301 1074 499 1144 ῥοπήν.

367 1169 434 1230 α’,
473 1164 538 1234 β’.
569 1187 588 1218 (
624 1167 936 1238 Ἠγάπησα,
987 1169 1069 1221 ὅτι
1109 1167 1492 1223 εἰσακούσεται
1532 1171 1737 1242 Κύριος
1769 1173 1870 1242 τῆς

297 1256 478 1326 φωνῆ,
515 1259 612 1326 τῆς
635 1257 870 1329 δεήσεως
897 1277 1017 1330 μου.
1053 1262 1178 1315 Ὅτι
1222 1263 1399 1317 ἔκλινε
1459 1265 1516 1318 τὸ
1555 1267 1647 1330 οὖς
1701 1268 1868 1322 αὑτοῦ

295 1346 437 1414 ἐμοί.
485 1366 505 1398 ι
541 1348 750 1412 Αὐτοὺς
781 1349 956 1404 ταῦτα
985 1352 1164 1420 λέγειν
1203 1357 1235 1424 ή
1275 1357 1577 1426 προφητεία
1605 1355 1868 1422 διδάσκει,

294 1439 376 1492 ὅτι
405 1438 630 1492 Πάντων
662 1458 754 1512 μοι
785 1442 852 1494 τὰ
897 1442 1014 1496 θεῖα
1059 1443 1464 1517 θυμηρέστερα,
1512 1447 1608 1501 καὶ
1643 1448 1867 1520 ἀξιεραο

295 1529 546 1600 στότερόν
599 1549 691 1602 μοι
727 1533 838 1588 τῶν
871 1533 1048 1588 ἄλλων
1091 1536 1151 1588 τὸ
1206 1536 1298 1590 τὸν
1338 1539 1468 1593 Θεὸν
1509 1537 1866 1610 θεραπεύειν·

291 1620 508 1690 δέχεται
536 1616 644 1695 γάρ
677 1642 779 1694 μου
825 1625 922 1688 τὰς
973 1627 1203 1699 δεήσεις,
1247 1631 1341 1684 καὶ
1390 1633 1492 1702 τῆς
1543 1634 1750 1697 οἰκείας
1775 1637 1868 1706 ῥο-

295 1721 401 1790 πῆς
435 1718 456 1748 ⁸
485 1719 646 1782 ἀξιοῖ.
680 1737 698 1770 ι
741 1721 852 1772 Καὶ
875 1721 933 1774 ὲν
969 1723 1091 1785 ταῖς
1123 1722 1358 1792 ἡμέραις
1395 1741 1498 1792 μου
1549 1724 1869 1779 ἐπικαλέσο-

1984 525 2210 586 Pietatis
2242 548 2370 590 vero
2399 538 2629 596 studiosi
2653 557 2752 612 pro
2792 545 2895 602 hac
2923 525 3194 620 prcpenso
3216 525 3556 614 animoucer-

1984 623 2192 677 tamina
2231 629 2623 699 suscipientes,
2674 637 3031 709 triumphales
3084 659 3319 704 coronas
3370 651 3554 722 adepti

1981 723 2132 812 sunt.
2162 715 2315 812 lianc
2346 721 2559 780 illorum
2606 725 2982 788 fortitudinem
3017 735 3104 792 hic
3129 740 3372 808 psalmus
3417 715 3556 812 prte-

1982 805 2137 861 ciuit.
2186 809 2388 866 Narrat
2433 825 2613 872 autem
2667 819 2831 876 simul
2869 834 2924 878 et
2966 805 3333 886 aerumnarum
3377 805 3551 890 insul-

1983 906 2113 966 tus,
2180 912 2234 957 et
2278 918 2436 973 opem
2495 908 2566 963 ab
2630 913 3010 972 universorum
3069 917 3182 975 Deo
3231 921 3366 993 ipsis
3409 941 3550 996 prae-

1978 991 2170 1048 bitam.

2048 1169 2216 1230 Vens.
2258 1177 2309 1244 l,
2341 1179 2398 1235 2.
2433 1198 2453 1232 ι
2488 1180 2682 1251 Dilexi,
2715 1187 2973 1256 quoniam
3000 1192 3258 1248 exaudiet
3290 1193 3551 1254 Dominus

1976 1275 2167 1318 vocem
2201 1268 2470 1325 orationis
2502 1286 2656 1327 mete.
2690 1273 2826 1340 Quia
2861 1277 3140 1336 inclinavit
3175 1297 3364 1341 aurem
3395 1302 3550 1342 suam

1976 1355 2042 1408 ad
2073 1371 2180 1412 me.
2218 1376 2237 1410 ι
2271 1357 2396 1416 Haec
2438 1363 2618 1420 dicere
2664 1369 2946 1436 prophetia
2983 1371 3131 1441 ipsos
3170 1373 3330 1430 docet
3361 1391 3375 1430 :
3403 1375 3550 1432 Nihil

1976 1451 2110 1504 mihi
2141 1453 2346 1521 potius,
2380 1455 2625 1527 nihilque
2652 1460 3092 1530 desiderabilius,
3127 1480 3294 1534 quam
3344 1483 3432 1524 res
3465 1469 3553 1526 di-

1974 1543 2136 1606 vinae,
2184 1555 2239 1597 et
2275 1559 2435 1613 quam
2474 1547 2640 1602 Deum
2671 1549 2874 1615 colere,
2924 1554 3363 1624 quandoquidem
3398 1573 3550 1616 meas

1977 1649 2164 1702 preces
2209 1635 2469 1704 admittit,
2515 1653 2725 1710 suaque
2783 1656 2885 1712 ope
2946 1659 3034 1699 me
3097 1647 3368 1716 dignatur.
3431 1667 3450 1701 ε
3487 1649 3546 1706 In

1974 1725 2168 1780 diebus
2201 1729 2337 1784 meis
2363 1729 2649 1787 invocabo.
2685 1751 2705 1786 ι
2731 1731 3026 1804 Propterea
3049 1753 3146 1807 per
3170 1746 3338 1794 totam
3369 1757 3547 1798 meam

295 1829 410 1882 μαι.
446 1831 465 1863 ι
499 1809 574 1864 UB
607 1812 628 1841 ‘
660 1811 722 1880 δὴ
753 1812 938 1882 χάριν,
978 1816 1128 1882 παρὰ
1163 1815 1346 1867 πάντα.
1372 1833 1474 1884 μου
1505 1816 1598 1869 τὸν
1630 1817 1745 1886 βίον
1777 1819 1860 1871 κα]

1975 1817 2139 1872 vitam
2187 1819 2364 1888 ipsum
2413 1823 2666 1879 laudibus
2698 1800 3008 1894 celebrabo,
3050 1800 3430 1902 auxiliumque
3475 1835 3547 1889 ab

290 1902 474 1970 ὑμνῶν
499 1903 662 1954 αὑτὸν
686 1902 999 1968 διατελέσω,
1028 1903 1123 1957 καὶ
1149 1905 1250 1974 τὴν
1280 1906 1410 1975 παρ’
1449 1907 1614 1960 αὑτοῦ
1651 1926 1868 1978 συμμα-

289 1995 410 2062 χίαν
442 1994 670 2065 αἰτήσω.
713 1991 845 2046 Εἶτα
893 1994 1167 2064 διηγεῖται
1206 1996 1266 2048 τὸ
1301 1997 1507 2066 πλῆθος
1553 1999 1662 2052 τῶν
1685 1999 1869 2069 ἀλγει-

291 2085 417 2138 νῶν.

363 2179 431 2236 γ’.
474 2191 490 2222 ι
531 2172 824 2242 Περιὲσχον
857 2189 924 2242 με
963 2174 1151 2237 ὠδῖνες
1182 2175 1438 2244 Θανάτου,
1487 2179 1719 2233 κίνδυνοι
1740 2180 1865 2252 ᾅδου

289 2263 522 2334 ε’ύροσάν
551 2281 639 2332 με.
683 2283 700 2315 ›
734 2264 952 2334 Κυρίως
975 2265 1184 2332 ὠδῖνες
1212 2268 1512 2324 καλοῦνται
1534 2273 1591 2324 αἱ
1635 2273 1744 2342 πρὸ
1775 2273 1865 2326 τού

289 2357 451 2408 τόκου
475 2356 574 2426 τῆς
597 2355 890 2424 τικτούσης
915 2354 1118 2413 ὀδύναι.
1151 2358 1454 2429 Τοιγαροῦν
1489 2361 1553 2414 ὲκ
1581 2364 1678 2432 τῆς
1703 2379 1868 2430 μετα-

291 2447 461 2516 φορᾶς
486 2447 692 2516 ταύτης
723 2445 930 2512 ὠδῖνες
955 2445 1104 2514 ᾅδου
1135 2449 1658 2520 προσαγορεύονται,
1683 2455 1739 2505 αἱ
1767 2454 1866 2506 αὑ-

287 2537 364 2606 τῷ
401 2537 654 2600 πελάζειν
686 2535 764 2608 τῷ
791 2537 1006 2608 θανάτῳ
1023 2539 1542 2608 παρασκευάζουσαι
1565 2544 1863 2613 συμφοραί.

288 2633 452 2698 Λέγει
473 2629 673 2696 τοίνυν,
695 2631 776 2684 ὅτι
801 2629 1015 2693 πολλοῖς
1040 2631 1166 2684 καὶτ
1199 2631 1561 2697 παντοδαποῖς
1594 2651 1866 2705 περιστοι-

289 2721 506 2789 χηθεῖσι
539 2720 560 2751 ⁸
591 2721 805 2783 δεινοῖς,
837 2719 914 2783 ὡς
973 2721 1105 2792 παρ’
1132 2721 1296 2775 αὑτὸν
1337 2722 1596 2790 γενέσθαι
1629 2723 1720 2777 τὸν
1771 2725 1868 2779 θάο

287 2828 447 2865 νατον
479 2851 494 2876 ,
529 2812 622 2865 καὶ
684 2811 852 2874 αὐτὰς
909 2811 1240 2867 καταλαϐεῖν
1297 2813 1390 2866 τοῦ
1447 2813 1575 2886 ᾅδου
1635 2817 1733 2880 τὰς
1761 2818 1868 2872 πύ-

285 2905 405 2968 λας.
1654 2969 1672 2986 Ι

361 3017 379 3048 ι
417 2995 606 3066 Θλίψιν
647 2995 739 3049 καὶ
764 2994 956 3066 ὀδύνην
996 2989 1170 3066 εὗρον.
1193 2993 1280 3068 [δ’]
1311 2997 1416 3050 Καὶ
1455 2998 1516 3051 τὸ
1555 2997 1723 3068 ὄνομα
1753 3001 1862 3054 Κυ-

1971 1908 2091 1977 ipso
2122 1908 2450 1980 implorabo.
2485 1912 2690 1972 Deinde
2721 1927 2912 1974 narrat
2941 1920 3317 1978 calamitatum
3359 1923 3548 1981 multi-

1969 1999 2234 2053 tudinem.

2039 2183 2055 2203 ‘
2092 2179 2254 2236 Vens.
2291 2183 2346 2236 5.
2383 2201 2403 2234 ι
2441 2184 2936 2244 Circumdederunt
2965 2204 3054 2246 me
3079 2190 3298 2250 dolores
3328 2195 3546 2264 mortis,

1966 2281 2018 2326 et
2045 2275 2290 2342 pericula
2323 2275 2521 2330 inferni
2555 2279 2882 2336 invenerunt
2905 2297 3012 2338 me.
3040 2302 3060 2336 ι
3090 2285 3315 2355 PrOprie
3338 2285 3546 2342 dolores

1967 2373 2234 2418 vocantur
2271 2366 2350 2418 illi
2385 2369 2476 2436 qui
2528 2371 2858 2426 antecedunt
2904 2382 3122 2442 partum
3163 2379 3544 2446 parturientis.

1967 2456 2069 2510 Per
2095 2455 2474 2524 metaphoram
2509 2457 2674 2526 igitur
2700 2459 2769 2514 ab
2808 2461 2917 2516 illis
2961 2463 3186 2530 petitam
3223 2465 3431 2520 dolores
3457 2468 3546 2522 in-

1967 2549 2202 2616 ferorum
2252 2555 2519 2602 vocantur
2573 2549 2680 2604 illae
2730 2550 3090 2616 calamitates,
3141 2569 3264 2625 quae
3309 2555 3424 2612 fere
3473 2559 3546 2614 ad

1959 2639 2202 2692 'montem
2239 2638 2464 2692 ducunt.
2503 2637 2647 2694 Dicit
2681 2639 2845 2709 igitur
2875 2639 3092 2714 1418
3121 2645 3309 2700 multis
3338 2647 3547 2706 omnis-

1967 2745 2074 2798 que
2102 2730 2317 2798 generis
2355 2731 2638 2787 doloribus
2687 2733 3058 2789 circumdatos
3108 2750 3251 2802 esse,
3302 2738 3440 2795 adeo
3483 2749 3545 2797 ut

1967 2839 2132 2894 prope
2161 2826 2333 2894 ipsam
2369 2836 2602 2882 mortem
2641 2827 2776 2894 sint,
2816 2837 2871 2882 et
2916 2827 2985 2882 ad
3041 2828 3188 2900 ipsas
3239 2831 3542 2892 inferorum

1961 2914 2160 2984 januas
2189 2915 2557 2984 pervenerint.

2040 3024 2059 3056 ι
2096 3004 2530 3062 Tribulationem
2573 3017 2628 3063 et
2668 3009 2912 3066 dolorem
2960 3012 3165 3068 inveni.
3203 3011 3410 3086 [Vsns.
3454 3014 3539 3088 4.]

286 3089 402 3160 ρίου
439 3088 877 3158 ὲπεκαλεσάμην.
913 3107 930 3139 ›
965 3087 1103 3141 Ἀλλ’
1130 3087 1231 3140 οὐκ
1254 3089 1334 3150 είς
1357 3088 1670 3142 ἀνάπαυλαν
1691 3091 1860 3159 ἐμαυ-

1974 3091 2034 3147 Ει
2071 3109 2270 3150 nomen
2322 3094 2537 3150 Domini
2586 3098 2859 3155 invocavi.
2894 3119 2915 3154 ι
2954 3099 3156 3156 Verum
3191 3087 3540 3174 nequaquam

281 3175 372 3226 τὸν
415 3175 651 3240 ἐξέδωκα
679 3215 694 3238 ,
736 3175 830 3227 καὶ
876 3173 1190 3246 ῥαστώνην,
1239 3175 1451 3240 τούτοις
1512 3179 1859 3249 περιπεσὼν,

279 3265 404 3318 οὗτε
442 3268 520 3329 εἰς
551 3268 570 3298 ⁹
598 3265 694 3328 τὰς
720 3265 884 3328 ἄλλας
920 3265 1015 3318 τοῦ
1057 3265 1174 3336 βίον
1219 3265 1580 3336 ψυχαγωγίας
1630 3270 1863 3338 ἐμαυτὸν

281 3359 616 3428 προενήνοχα
647 3359 711 3419 ¹⁰,
745 3357 880 3410 ἀλλὰ
907 3357 1122 3428 θρήνοις
1175 3359 1268 3410 καὶ
1313 3358 1543 3428 δάκρυσι
1588 3361 1864 3431 κεχρημὲ·

281 3465 390 3511 νος,
416 3449 508 3501 καὶ
528 3447 790 3518 διηνεκῶς
813 3447 1178 3517 ποτνιώμενος
1199 3449 1297 3518 τὴν
1317 3449 1468 3502 θείαν
1485 3449 1708 3520 ἐξῄτουν
1731 3451 1862 3522 βοή-

282 3538 450 3590 θειαν.
481 3537 654 3591 Τοῦτο
693 3538 750 3592 δὲ
793 3537 1186 3606 ἀκριϐέστερον
1225 3539 1287 3590 ἐκ
1323 3537 1422 3607 τῆς
1481 3539 1590 3591 τὼν
1625 3539 1858 3592 Μακκα-

279 3630 450 3685 ϐαίων
511 3630 750 3700 ἱστορίας
811 3629 972 3698 μάθοι
1031 3646 1111 3692 τις
1155 3630 1242 3683 ἄν.
1276 3629 1370 3692 Εἰς
1394 3629 1502 3700 γὰρ
1529 3630 1628 3700 τὴν
1656 3631 1862 3702 ἔρημον

277 3721 688 3792 ᾀποδράσαντες
716 3721 766 3772 οἱ
800 3721 1056 3790 τρόφιμοι
1083 3720 1185 3789 τῆς
1229 3721 1536 3786 εὐσεϐείας,
1575 3722 1666 3773 καὶ
1693 3721 1858 3793 λιμῷ,

278 3811 372 3862 καὶ
399 3809 528 3880 δίψῃ
553 3807 890 3879 πιεζόμενοι,
927 3809 1017 3862 τὸν
1045 3810 1177 3862 Θεὸν
1201 3810 1560 3880 ὴντιϐόλησαν
1588 3849 1602 3874 ,
1639 3812 1734 3864 καὶ
1759 3813 1858 3881 τῆς

278 3903 407 3974 παρ’
432 3901 598 3955 αὑτοῦ
633 3901 884 3970 βοηθείας
915 3903 954 3932 ¹¹
993 3901 1335 3972 ἀπήλαυσαν.
1380 3920 1398 3952 ι
1438 3898 1508 3952 Ὦ
1533 3903 1728 3972 Κύριε,
1761 3903 1855 3974 ῥῦ-

275 4013 366 4048 σαι
382 3995 478 4065 τὴν
500 3995 678 4064 ψυχήν
700 4011 820 4063 μου.
838 3993 1067 4058 ιΤαύτα,
1083 4011 1156 4062 φη
1167 3994 1238 4058 σῖ,
1257 3991 1621 4064 ποτνιώμενος
1649 3995 1852 4062 ἔλεγονο

285 4088 621 4157 Ἐπάμυνον,
647 4079 692 4138 ὦ
721 4085 993 4144 Δέσποτα,
1017 4084 1109 4134 καὶ
1138 4083 1246 4134 τῶν
1281 4086 1646 4154 ἐπικειμένων
1668 4087 1856 4142 κακῶν

271 4186 369 4248 τὰς
419 4184 696 4254 ἡμετέρας
757 4179 936 4249 ψυχὰς
1008 4179 1395 4248 ἐλευθέρωσον.
1435 4181 1622 4250 "nam
1674 4181 1854 4250 μέντοι

273 4277 730 4346 προσευχόμενος,
767 4275 848 4326 ὅτι
874 4271 1136 4339 τεύξομαι
1163 4269 1262 4339 τῆς
1285 4271 1576 4340 αἰτήσεως,
1607 4271 1704 4341 τὴν
1730 4271 1853 4324 πολ-

269 4370 366 4438 λὴν
419 4365 585 4419 αὐτοῦ
641 4361 1054 4432 φιλανθρωπίαν
1109 4365 1171 4431 τῇ
1226 4361 1391 4432 πείρᾳ
1416 4361 1752 4432 μεμαθηκώς
1789 4365 1850 4418 ¹².

269 4463 438 4515 Τοῦτο
469 4460 577 4530 γὰρ
610 4459 909 4528 ἐπήγαγεν·

340 4555 401 4608 ε’.
441 4573 460 4605 ι
509 4553 788 4622 Ἐλεήμων
818 4551 844 4602 ὁ
889 4549 1110 4618 Κύριος,
1163 4547 1256 4599 καὶ
1287 4546 1508 4609 δίκαιος.
1547 4547 1640 4600 καὶ
1671 4548 1854 4612 ὁΘεδς

265 4649 422 4720 ἡμῶν
454 4647 617 4700 ἐλεεῖ.
660 4663 676 4694 ι
715 4643 826 4705 Τὰς
852 4640 960 4712 γὰρ
985 4639 1078 4692 τοῦ
1103 4639 1284 4700 ἐλέους
1306 4639 1486 4708 πηγὰς
1504 4641 1615 4700 τοῖς
1636 4637 1850 4710 ἀνθρώ-

266 4760 388 4804 ποις
450 4737 711 4810 προσχέει
743 4735 786 4766 ³³
811 4750 823 4762 ·
853 4733 964 4803 ἔχει
1011 4731 1068 4784 δὲ
1103 4731 1197 4784 καὶ
1247 4728 1616 4798 δικαιοσύνην,
1647 4729 1769 4792 τοὺς
1805 4729 1850 4761 ³⁸

265 4831 581 4890 ἀδικοῦντας
611 4823 832 4888 κολάζει
864 4821 1203 4893 μεταμελείᾳ
1244 4818 1556 4890 χρήσασθαι
1595 4819 1668 4891 μὴ
1724 4817 1849 4889 βου-

265 4924 543 4992 λομένους.
577 4923 668 4982 Δὶς
695 4918 879 4990 μέντοι
913 4913 1008 4968 τοῦ
1044 4913 1227 4976 ἐλέους
1269 4911 1670 4982 μνημονεύσας,
1701 4911 1850 4977 ἅπαξ

267 5011 366 5082 τῆς
397 5012 740 5080 δικαιοσύνης
767 5008 1033 5078 ἐμνήσθη.
1060 5006 1206 5073 Νικᾷ
1237 5004 1342 5074 γὰρ
1375 5005 1406 5072 ἡ
1434 5001 1527 5054 τοῦ
1567 5001 1702 5055 Θεοῦ
1733 5001 1852 5072 φιλ-

267 5103 552 5172 ανθρωπία
579 5103 676 5169 τῆς
709 5097 1058 5168 δικαιοσύνης
1088 5095 1190 5163 τὴν
1217 5094 1420 5164 ψῆφον.

341 5198 414 5256 ς’.
459 5209 475 5241 ι
511 5191 803 5244 Φυλάσσων
829 5189 896 5242 τὰ
920 5189 1090 5258 νήπια
1113 5184 1154 5216 ⁸⁵
1185 5187 1212 5238 ὁ
1241 5183 1463 5254 Κύριος.
1505 5201 1522 5233 ι
1557 5182 1840 5254 Τοσαύτην

1353 5389 1590 5444 VARle
1626 5387 2014 5445 LECTIONES
2066 5387 2154 5440 ET
2189 5384 2430 5441 NOTAE.

333 5546 354 5571 °
395 5536 636 5606 Ῥοπῆς.
673 5537 796 5592 cod.
835 5538 852 5588 1
896 5553 1082 5601 ιιι-σξιο.
1120 5537 1207 5606 μὲ.

1966 3187 2101 3249 otio,
2142 3202 2318 3257 neque
2359 3187 2580 3242 desidia:
2621 3204 2710 3244 me
2743 3190 2919 3260 ipsum
2947 3193 3153 3260 addixi,
3183 3210 3307 3249 cum
3338 3195 3395 3250 in
3436 3195 3539 3253 has

1965 3279 2305 3343 incidissem,
2333 3293 2521 3347 .neque
2561 3280 2626 3334 ad
2655 3281 2794 3336 alias
2820 3283 2946 3338 vita:
2983 3286 3286 3354 voluptates
3316 3303 3404 3342 me
3439 3304 3539 3360 ap-

1963 3372 2127 3442 plicui
2159 3388 2172 3424 :
2203 3371 2296 3426 sed
2344 3371 2586 3439 luctibus
2613 3373 2979 3445 lacrymisque
3009 3393 3160 3444 usus,
3203 3387 3256 3433 et
3280 3384 3538 3440 continue

1964 3481 2214 3533 precaus,
2250 3465 2489 3519 divinam
2525 3464 2888 3534 clllagitabam
2913 3483 3094 3539 opem.
3125 3471 3238 3526 Hoc
3263 3486 3446 3528 autem
3470 3494 3538 3533 ex

1960 3554 2397 3610 Machabteorum
2444 3555 2674 3610 historia
2713 3560 3023 3616 accuratius
3049 3563 3184 3618 disci
3235 3575 3428 3632 potest.
3476 3565 3534 3621 lu

1963 3647 2314 3703 solitudinem
2337 3647 2484 3702 enim
2515 3646 2788 3718 fugientes
2813 3651 3032 3719 pietatis
3059 3653 3287 3718 alumni,
3319 3657 3538 3713 etiame

1961 3754 2025 3793 ac
2047 3741 2136 3793 siti
2168 3739 2367 3808 pressi,
2407 3738 2580 3794 Deum
2621 3740 3008 3808 obsecrarunt,
3051 3747 3428 3816 auxil.umqne
3469 3749 3536 3804 ab

1958 3831 2078 3900 ipso
2100 3831 2242 3884 nacti
2267 3839 2416 3884 sunt.
2441 3849 2460 3882 ι
2485 3829 2530 3886 Ο
2559 3829 2804 3900 Domine,
2835 3833 3005 3889 libera
3031 3837 3269 3890 animam
3297 3855 3530 3892 nil-am.»

1957 3921 2102 3989 llaec,
2123 3921 2316 3991 inquit,
2341 3936 2573 3991 precans
2601 3923 2849 3979 dicebam
2869 3925 3068 3996 :Opem
3093 3927 3193 3992 fer,
3222 3946 3253 3981 ο
3286 3929 3533 3994 Domine,

1955 4013 2102 4066 etab
2134 4010 2572 4080 impendentibus
2612 4013 2776 4068 malis
2823 4015 3036 4070 animas
3069 4029 3296 4074 ΙΙΟοΙῐὲΙδ
3339 4021 3530 4076 Ιὶξιυια.

1953 4102 2221 4158 Noveram
2249 4101 2414 4172 igitur
2439 4117 2631 4172 preces
2658 4102 2926 4168 fundens,
2970 4111 3242 4175 postulata
3280 4127 3364 4163 me
3393 4129 3526 4165 con-

1954 4205 2294 4262 secuturum,
2329 4195 2556 4248 multam
2601 4193 2722 4264 ejus
2745 4194 3140 4265 benignitatem
3193 4204 3530 4268 expct‘.t:tttia

1953 4296 2288 4359 compertam
2321 4285 2552 4340 habens.
2583 4281 2700 4339 Hoc
2726 4284 2873 4338 enim
2905 4286 3174 4341 subdidit:

2030 4534 2194 4589 Vens.
2254 4530 2307 4585 5.
2361 4547 2379 4580 ι
2417 4527 2726 4582 Misericors
2768 4525 3067 4593 Dominus,
3119 4535 3170 4580 et
3209 4526 3424 4596 justus,
3476 4533 3530 4578 ct

1957 4631 2098 4685 Deus
2135 4635 2319 4680 noster
2345 4623 2658 4676 miseretur.
2684 4638 2702 4670 ι
2733 4619 2936 4674 Fontes
2961 4619 3104 4672 enim
3141 4620 3532 4673 misericordiae

1956 4720 2270 4776 hominibus
2317 4713 2638 4785 profundit,
2690 4712 2852 4766 habet
2899 4721 3079 4766 autent
3131 4723 3184 4765 et
3225 4711 3528 4778 justitiam,

1952 4813 2184 4882 injustos
2228 4805 2544 4880 pmnitentia
2575 4805 2650 4858 uti
2687 4805 2932 4858 nolentes
2977 4803 3180 4872 plet-tit.
3225 4801 3314 4856 Bis
3343 4803 3529 4870 utique

1952 4901 2344 4958 misericordiae
2399 4897 2732 4951 mentionem
2783 4893 3018 4959 faciens,
3071 4893 3237 4948 semel
3295 4892 3528 4962 juStitiae

1957 4994 2227 5050 meminit.
2269 4991 2448 5045 Vincit
2485 4990 2629 5043 enim
2661 4987 2750 5042 Dei
2787 4987 3097 5058 benignitas
3136 4985 3364 5056 justitim
3387 4987 3528 5037 'scn-

1958 5088 2204 5141 tentiam.

2023 5177 2188 5234 Vens.
2221 5176 2274 5232 6.
2318 5195 2336 5228 ‹
2371 5175 2694 5232 Custodiens
2742 5173 2998 5244 parvulos
3053 5172 3336 5228 Dominus.
3366 5188 3384 5220 ι
3423 5166 3528 5220 Ta-

1285 5535 1306 5565 ⁶
1341 5528 1422 5588 υῦ
1449 5564 1514 5572 -
1543 5529 1788 5596 αἰτήσω.
1834 5527 1960 5584 Πιεο
1982 5529 2146 5584 etiam
2169 5525 2418 5595 Origcnis
2447 5538 2640 5578 nomen
2669 5537 2776 5596 przr
2794 5516 3230 5596 seferuntapud
3255 5515 3416 5596 (torti.
3442 5587 3452 5596 _
3479 5521 3518 5596 ρ.

260 5630 310 5665 c.
348 5585 1409 5680 p.’5]'i'."'1
1439 5602 1558 5680 καί.
1588 5585 1595 5586 ί
1634 5585 1814 5680 l"cod.

1974 5585 2402 5680 remeam”-
2479 5585 2682 5680 {Pici
2706 5594 2824 5646 "es-
2857 5585 3358 5680 ?PF,-_"°d-..‘-...-if-
3381 5587 3516 5680 ίιιὲξί·

257 5673 483 5752 ἐμαυτῷ
511 5677 904 5756 προσενήνοχα.
984 5677 1022 5756 ’ξ
1063 5673 1238 5756 Bona.
1271 5675 1396 5756 cod.
1495 5673 1771 5756 προνοίας.

257 5743 502 5822 sequitur
529 5743 660 5820 γάρ.
738 5743 782 5778 ¹⁵
817 5743 892 5801 Τὰ
947 5744 1153 5811 νήπια.
1189 5745 1376 5812 llebr.,
1401 5743 1686 5811 simplices.

1855 5670 1896 5701 ¹¹
1921 5667 2054 5724 ibid.
2095 5667 2414 5739 μεμάθηκα.

2497 5655 2704 5718 “ibid.
2771 5660 3016 5732 προχέει.
3101 5657 3144 5691 ίδ
3203 5655 3376 5724 Τούς.
3432 5657 3511 5714 ib.

3575 1005 3590 1046 ί
