3974 6206
540 346 673 417 ι’ῐ99

1521 329 2014 398 THEODORETI
2048 324 2394 390 EPISCOPI
2424 311 2798 386 CYRENSIS

3600 319 3699 388 18θό

533 464 640 519 lem
668 462 811 516 enim
844 459 911 516 de
956 457 1215 513 omnibus
1258 453 1568 508 hominibus
1611 463 1804 505 curam
1850 445 2011 518 gerit,
2046 453 2106 499 ut

2226 443 2316 514 γὰρ
2348 440 2565 494 πάντων
2588 436 2891 507 ἀνθρώπων
2925 436 3156 488 ποιεῖται
3205 432 3521 503 κηδεμονίαν,
3547 434 3615 488 ὅτι
3634 439 3703 490 καὶ

533 554 697 610 etiam
739 551 888 607 omni
933 564 1061 605 cura
1108 549 1345 603 infantes
1372 546 1649 616 dignetur.
1688 542 1756 598 Et
1799 558 1909 597 non
1944 540 2108 595 modo

2226 535 2277 589 τὰ
2316 533 2494 604 βρέφη
2530 532 2713 600 πάσης
2767 528 2912 595 ἀξιοῖ
2961 527 3318 598 προμηθείας.
3347 526 3445 580 Καὶ
3495 526 3547 580 οὐ
3586 529 3705 598 μόνον

534 658 631 700 eos
675 642 769 712 qui
818 639 1033 712 15.19
1065 639 1178 709 jam
1221 637 1275 691 in
1332 637 1508 691 lucem
1568 633 1698 688 editi
1749 639 1879 687 sunt
1922 643 2106 695 curat,

2211 624 2514 697 τεχθέντων
2548 621 2917 693 ἐπιμελεῖται,
2946 618 3086 673 ἀλλὰ
3120 618 3213 671 καὶ
3245 617 3426 680 αὑταῖς
3449 618 3554 679 ταῖς
3566 617 3708 687 mean

536 736 630 789 sed
665 709 1180 795 etiamm—ens'ervat,
1231 736 1286 784 et
1329 726 1599 789 custodit,
1661 733 1715 779 et
1758 721 1967 795 perlicit
2014 735 2110 775 eos

2226 717 2322 772 τῶν
2352 717 2606 789 μητέρων
2650 712 3101 784 ἐπικρυπτόμενα
3136 754 3148 770 ,
3176 711 3270 763 καὶ
3306 709 3449 762 ὐδασι
3482 710 3711 763 δυσωδέσιν

537 826 630 894 qui
683 825 738 879 in
795 832 950 879 utero
996 831 1232 877 matrum
1276 821 1627 884 delitescunt,
1660 824 1826 886 atque
1854 815 1905 869 in
1955 813 2113 884 aquis

539 917 683 971 male
722 915 996 970 olentibus
1028 922 1244 977 natant,
1282 923 1335 965 et
1374 910 1428 964 in
1461 909 1752 963 tenebroso
1783 915 1836 959 et
1880 914 2112 972 angusto

539 1010 661 1064 loco
694 1017 1043 1070 coercentur,
1077 1014 1130 1060 et
1158 1005 1211 1058 in
1238 1005 1415 1057 lucem
1442 1001 1619 1065 effert,
1643 1000 1907 1068 laetisque
1934 995 2113 1050 fontes

541 1101 947 1161 sulnninistrat,
985 1108 1039 1154 et
1078 1098 1147 1151 ab
1182 1095 1420 1149 inimicis
1458 1091 1797 1148 dminonibus
1845 1089 2112 1143 insidian-

542 1190 687 1246 Lbus
710 1190 965 1252 Vindicat,
989 1201 1061 1255 et,
1091 1198 1148 1243 ut
1168 1202 1276 1241 uno
1305 1187 1472 1240 verbo
1496 1187 1695 1248 dicam,
1714 1192 1995 1252 paternam
2015 1196 2114 1234 cu-

541 1297 656 1335 ram
705 1280 963 1349 impertit.
1003 1279 1123 1333 Non
1159 1288 1362 1333 temere
1396 1288 1579 1331 autem
1636 1275 1831 1327 borum
1883 1272 2113 1341 pr0pbe-

543 1374 685 1427 licus
740 1386 920 1425 sermo
967 1369 1112 1439 ‘fecit
1160 1368 1519 1434 mentionem,
1586 1367 1679 1422 sed
1735 1366 1959 1428 docens,
2010 1376 2116 1416 non

542 1463 704 1516 modo
758 1462 1140 1515 universorum
1174 1464 1193 1483 ⁶
1228 1460 1398 1515 Deum
1445 1461 1720 1529 justorum
1768 1455 1980 1510 fruetus
2027 1469 2118 1508 re-

542 1556 843 1620 munerari,
878 1554 973 1609 sed
1009 1554 1174 1607 etiam
1210 1554 1266 1608 in
1308 1552 1702 1607 benefaciendo
1752 1550 1932 1616 ipsum
1986 1560 2121 1616 prae-

543 1646 753 1711 venire,
808 1653 862 1700 et
907 1660 1005 1701 eos
1055 1647 1149 1715 qui
1213 1661 1320 1700 non
1378 1655 1509 1700 sunt
1558 1643 1851 1705 fabricare,
1891 1649 1946 1694 et
1997 1654 2121 1694 cum

544 1736 816 1805 efﬁnxerit
878 1753 1073 1792 curam
1129 1753 1316 1807 gerere
1350 1754 1364 1790 :
1396 1738 1729 1805 domumque
1783 1741 1903 1802 post
1946 1729 2123 1800 perfe-

544 1839 688 1883 ctam
735 1838 948 1884 aetatem
993 1830 1221 1898 justiti-aa
1277 1829 1487 1884 fructus
1517 1828 1791 1898 opperiri,
1824 1834 1879 1880 et
1927 1838 2123 1878 rursus

545 1930 679 1976 tunc
722 1923 870 1976 viros
944 1924 1144 1991 probos
1207 1922 1455 1992 plurimis
1516 1918 1798 1973 beneﬂciis
1862 1915 2117 1970 allicere.

550 2029 569 2061 ι
610 2009 936 2065 llumiliatus
973 2028 1117 2077 sum,
1160 2021 1213 2066 et
1247 2011 1500 2065 liberavit
1549 2024 1656 2062 me.
1699 2026 1718 2058 ι
1759 2005 2122 2077 Symmachus

547 2111 726 2153 autem
769 2102 849 2156 sic
881 2119 894 2154 :
930 2103 1113 2170 Defeci
1154 2103 1373 2166 viribus,
1404 2116 1453 2156 ει
1489 2101 1715 2155 salvavit
1752 2115 1852 2153 me.
1887 2100 1941 2151 Si
1974 2098 2119 2152 enim

547 2188 805 2255 infantes,
872 2193 964 2262 qui
1006 2192 1246 2246 nondum
1299 2192 1422 2263 ejus
1472 2192 1844 2262 cognitionem
1897 2203 2122 2259 accepe-

547 2293 698 2347 runt,
738 2284 900 2338 talem
936 2285 1004 2338 ab
1038 2285 1159 2354 ipso
1198 2299 1386 2338 curam
1416 2290 1832 2351 consequuntur
1864 2298 1876 2335 :
1919 2286 2125 2348 quanto

547 2375 724 2443 magis
774 2376 842 2430 iis
904 2377 998 2445 qui
1035 2378 1250 2431 sincere
1286 2377 1468 2446 ipsum
1499 2377 1707 2440 colunt,
1752 2375 1983 2429 salutem
2020 2372 2125 2426 im-

548 2465 754 2532 pertit?
801 2465 1059 2522 Pretinus
1109 2469 1295 2538 igitur,
1337 2483 1462 2522 cum
1510 2482 1614 2522 nos
1663 2466 1734 2521 ob
1787 2465 2126 2519 calamitates

547 2554 842 2625 depressos
874 2557 1119 2619 vidisset,
1158 2573 1255 2612 sua
1284 2574 1387 2627 ope
1422 2572 1523 2613 nos
1554 2556 1811 2627 dignatus
1841 2564 1945 2610 est.

624 2647 783 2702 Vens.
802 2648 853 2701 7.
895 2668 913 2699 ι
950 2649 1300 2713 Convertere,
1341 2650 1526 2702 anima
1582 2664 1724 2712 mea,
1757 2648 1824 2702 ad
1879 2646 2126 2717 requiem

549 2747 721 2804 tuam,
755 2741 888 2809 quia
929 2740 1196 2795 Dominus
1229 2741 1498 2795 henel'ecit
1524 2742 1641 2795 tibi.
1684 2760 1703 2791 ι
1742 2739 2127 2794 Adltortantur

554 2844 611 2884 se
645 2830 815 2899 ipsos,
846 2841 900 2885 et
928 2833 1167 2886 excitant
1190 2832 1256 2886 ad
1284 2831 1685 2895 fortitudinem,
1726 2830 2126 2884 beneﬁciorum

554 2923 962 2976 multitudinem
996 2928 1361 2993 prol‘erentes,
1395 2932 1449 2977 et
1478 2939 1537 2977 se
1579 2923 1728 2992 ipsos
1757 2922 1979 2984 docent,
2011 2920 2130 2976 fore

554 3022 615 3065 ut
650 3014 903 3083 quamvis
936 3027 1034 3082 pro
1087 3013 1284 3083 pietate
1339 3023 1572 3067 mortem
1617 3014 1906 3078 subierint,
1956 3014 2010 3067 in
2036 3012 2130 3082 ju-

550 3108 787 3160 cundam
833 3114 1012 3158 tamen
1050 3113 1106 3159 et
1136 3114 1343 3175 gratam
1375 3104 1543 3158 vitam
1578 3103 1996 3158 transferantur.
2029 3101 2131 3156 Re-
2156 3137 2201 3197 ο

550 3198 723 3266 quiem
782 3197 926 3250 enim
986 3197 1131 3250 illam
1187 3198 1424 3251 vocavit.
1477 3196 1727 3251 Indicant
1780 3209 1961 3250 autem
2022 3195 2131 3251 boc

551 3290 714 3342 etiam
749 3305 812 3342 ea
847 3304 968 3358 qum
1001 3298 1324 3358 sequuntur.

626 3378 794 3435 Vsns.
828 3380 881 3445 8,
912 3380 965 3434 9.
1015 3398 1033 3431 ι
1076 3379 1350 3447 Quoniam
1389 3382 1591 3451 eripuit
1623 3382 1861 3435 animam
1896 3395 2070 3434 meam
2100 3396 2131 3435 a

554 3482 751 3533 morte,
801 3472 992 3525 oculos
1019 3486 1172 3526 meos
1221 3486 1251 3525 a
1295 3472 1577 3544 lacrymis,
1617 3472 1833 3544 1420
1870 3486 1922 3527 et
1969 3475 2132 3542 pedes

555 3579 707 3618 mens
730 3579 760 3619 a
786 3564 959 3632 lapsu.
984 3563 1220 3617 Placebo
1244 3562 1476 3618 Domino
1498 3565 1549 3617 in
1571 3566 1793 3633 regione
1810 3565 2082 3618 virorum.
2109 3582 2128 3615 ι

553 3655 836 3727 Regionem
875 3667 1056 3709 autem
1092 3657 1351 3718 vivorum,
1398 3671 1503 3710 non
1552 3667 1873 3724 prmscntcm
1919 3671 2133 3711 nuncu-

553 3758 648 3817 pat
683 3750 871 3810 vitam,
911 3749 963 3798 in
993 3760 1098 3814 qua
1126 3757 1254 3799 sunt
1277 3744 1457 3809 fletus,
1492 3755 1541 3800 et
1562 3747 1815 3815 gemitus.
1851 3755 1905 3800 et
1932 3746 2129 3812 morbi,

554 3849 610 3892 et
641 3848 868 3898 mortes,
905 3846 958 3889 et
989 3844 1230 3903 peccata,
1266 3845 1319 3889 et
1348 3837 1710 3903 calamitates,
1745 3838 1840 3892 sed
1865 3839 2031 3891 vitam
2065 3838 2134 3893 ab

556 3930 645 3983 bis
680 3927 939 3981 omnibus
968 3927 1217 3994 liberam,
1253 3929 1306 3982 in
1339 3944 1444 3999 qua
1471 3930 1591 3984 sine
1616 3931 1879 3986 aerumnis
1913 3940 1998 3985 est
2028 3932 2135 3984 vir-

556 4020 691 4075 tutis
745 4021 1044 4089 possessio,
1094 4030 1149 4076 et
1185 4022 1305 4076 sine
1345 4022 1622 4077 laboribus
1662 4023 1868 4078 divitiae
1906 4024 2134 4094 iustitia:

557 4111 780 4165 adsunt.
846 4109 949 4177 Qui
975 4110 1122 4164 enim
1157 4113 1257 4167 bas
1310 4129 1432 4166 cum
1471 4113 1752 4168 laboribus
1792 4114 1877 4169 bis
1908 4128 2134 4182 compa-

556 4217 683 4257 rare
709 4201 1001 4263 voluerint,
1049 4201 1123 4255 ibi
1164 4204 1581 4272 anmliﬁcabnnt
1627 4206 1773 4274 ipsas
1795 4206 1913 4259 sine
1938 4205 2137 4258 labori-

556 4296 987 4368 bus.-llymnum
1014 4298 1182 4370 igitur
1207 4297 1507 4367 gratiarum
1533 4297 1767 4351 actionis
1787 4296 2046 4361 oﬂ‘erum,
2068 4312 2135 4350 eo

556 4389 699 4458 quod
733 4390 872 4443 oculi
914 4390 1135 4459 quidem
1170 4403 1200 4442 a
1233 4388 1490 4458 lacrymis
1541 4388 1650 4442 sint
1678 4386 1912 4453 liberati,
1941 4395 1995 4440 et
2040 4402 2135 4456 pe-

555 4481 654 4533 des
705 4480 971 4534 lubricam
1013 4479 1176 4533 vitam
1222 4477 1549 4548 elfugerint,
1597 4487 1651 4532 et
1700 4477 1884 4531 anima
1929 4478 2135 4546 peccati
2172 4490 2213 4543 ῃ

559 4581 795 4626 mortem
830 4571 1106 4626 declinare
1134 4570 1411 4640 potuerit;
1450 4578 1504 4623 et
1545 4569 1743 4623 docent
1786 4583 1845 4622 se
1876 4569 2045 4637 ipsos,
2079 4576 2139 4621 ut

558 4677 744 4716 rerum
778 4662 1017 4716 tristium
1077 4663 1314 4731 impetus
1364 4660 1594 4713 viriliter
1630 4656 1942 4728 perferant,
1989 4673 2138 4712 mor-

556 4761 783 4822 temque
817 4752 1140 4824 despiciant,
1179 4768 1245 4809 eo
1298 4752 1442 4832 quod
1477 4751 1588 4805 vita
1635 4750 1928 4821 tranquilla
1974 4750 2137 4806 morti

556 4843 836 4901 succedat.

2214 808 2573 878 ἐννηχόμενα,
2602 806 2699 860 καὶ⁵
2730 807 2788 858 ἐν
2819 803 3084 873 ζοφώδει,
3116 802 3208 853 καὶ
3235 802 3290 853 ἐν
3341 799 3493 867 στενῷ
3512 800 3713 871 καθειργ-

2219 900 2357 971 μένα
2379 897 2564 969 χωρίῳ
2594 896 2840 967 διατηρεῖ
2870 934 2884 958 ,
2915 894 3010 947 καὶ
3041 890 3233 957 σώζει,
3264 892 3354 943 καὶ
3401 890 3713 957 τελεσιουργεῑ,

2216 991 2312 1045 καὶ
2368 992 2449 1053 είς
2508 988 2625 1058 φῶς
2685 987 2894 1054 ἐξάγει,
2927 985 3023 1038 καὶ
3058 983 3157 1045 τὰς
3183 982 3277 1034 τοῦ
3306 981 3549 1048 γάλακτος
3576 982 3715 1050 ὀρέγει

2218 1081 2424 1152 πηγὰς,
2457 1082 2551 1134 καὶ
2581 1079 2685 1133 τῶν
2708 1076 3170 1131 ἐπιϐουλευόντων
3206 1074 3461 1143 δαιμόνων
3483 1071 3714 1143 ἐλευθεροῖ,

2219 1174 2316 1226 καὶ
2358 1169 2664 1242 συλλήϐδην
2696 1171 2892 1231 εἰπεῖν,
2928 1166 3205 1238 πατρικῆς
3230 1163 3523 1235 μεταδίδωσι
3553 1180 3719 1233 προμη-

2221 1264 2395 1325 θείας.
2432 1262 2545 1332 Οὐχ
2577 1260 2764 1322 ἁπλῶς
2801 1258 2858 1311 δέ
2904 1259 3005 1328 τὴν
3048 1255 3254 1309 τούτων
3276 1256 3303 1307 ὁ
3331 1251 3625 1324 προφητικὺς
3654 1250 3718 1303 λώ-

2221 1375 2317 1426 γος
2347 1357 2642 1427 ἐποιήσατο
2682 1354 2922 1423 μνήμην,
2954 1350 3091 1405 ἀλλὰ
3112 1348 3390 1412 διδάσκων,
3412 1346 3477 1408 ὡς
3498 1345 3584 1398 οὐκ
3603 1346 3719 1414 ἀμεί-

2224 1451 2376 1503 ϐεται
2410 1448 2573 1519 μόνον
2604 1448 2632 1499 ὁ
2660 1444 2769 1497 τῶν
2798 1442 2936 1497 ὅλων
2956 1440 3093 1503 θεὸς
3122 1439 3248 1503 τοὺς
3269 1437 3374 1490 τῶν
3398 1436 3593 1489 δικαίων
3622 1450 3719 1505 καρ-

2225 1543 2382 1607 ποὺς,
2413 1539 2551 1594 ἀλλὰ
2581 1538 2678 1591 καὶ
2700 1537 2861 1608 ἄρχει
2883 1534 2984 1604 τῆς
3015 1531 3353 1603 εὐεργεσίας,
3387 1531 3474 1583 καὶ
3518 1528 3718 1597 δημιουρ·

2225 1634 2313 1701 γεῖ
2339 1636 2466 1694 τοὺς
2498 1629 2598 1683 οὐκ
2624 1627 2808 1689 ϐντας,
2838 1624 2936 1678 καὶ
2972 1620 3280 1683 διαπλάσας
3322 1617 3636 1686 ἐπιμελεῖται,
3656 1614 3720 1663 καὶ

2231 1723 2369 1797 μετὰ
2394 1723 2494 1793 τὴν
2521 1721 2731 1775 τελείαν
2757 1717 2976 1789 ἠλικίαν
3007 1715 3270 1784 ἀναμένει
3310 1712 3427 1773 τοὺς
3462 1709 3552 1778 τῆς
3571 1707 3719 1759 δικαιο-

2231 1796 2396 1886 σύνης
2422 1815 2693 1884 καρποὺς,
2726 1810 2825 1864 καὶ
2860 1809 3024 1863 πάλιν
3049 1807 3176 1859 τότε
3194 1805 3310 1867 ταῖς
3330 1796 3721 1871 εὐεργεσίαιςτοὺς

2229 1905 2470 1974 ἀγαθοὺς
2517 1901 2828 1965 ἐπικλύζει.
2871 1918 2890 1952 ι
2940 1894 3344 1963 Ἐταπεινώθην
3375 1895 3458 1957 ³⁸⁸,
3491 1891 3571 1943 καὶ
3604 1886 3721 1940 ἔσωςὲ

2232 2014 2324 2068 με.
2362 2015 2382 2049 ι
2430 1996 2488 2048 '0
2514 1994 2558 2027 ²⁶
2586 1994 2643 2047 δέ
2668 1995 2968 2063 Σύμμαχος
2997 1989 3194 2052 οὕτως·
3226 1987 3503 2051 Ἠτόνησα
3523 1981 3602 2034 καί
3623 1979 3723 2068 ἕσιν·

2229 2067 2304 2139 σέ
2334 2101 2430 2153 με.
2457 2083 2521 2135 El
2551 2081 2661 2152 γὰρ
2685 2083 2754 2134 τὰ
2786 2082 2960 2151 νήπια
2986 2079 3055 2131 τὰ
3091 2076 3320 2148 μηδέπω
3347 2072 3438 2142 τὴν
3469 2069 3608 2124 αὑτοῦ
3626 2067 3721 2136 γνὼ-

2230 2193 2316 2229 σιν
2339 2175 2613 2243 δεξάμενα
2634 2172 2908 2242 τοσαύτης
2961 2169 3093 2241 παρ’
3126 2166 3291 2221 αὐτού
3347 2164 3575 2233 τυγχάνει
3615 2160 3722 2229 κηδε-

2235 2268 2445 2338 μανίας,
2475 2263 2657 2335 πολλῷ
2691 2264 2892 2335 μᾶλλον
2925 2264 3038 2325 τοῖς
3086 2255 3391 2328 εἰλικρινῶς
3419 2254 3563 2308 αὐτὸν
3588 2254 3722 2305 ἐπικα-

2230 2358 2513 2430 λουμένοις
2541 2356 2863 2429 μεταδίδωσι
2895 2351 3198 2424 σωτηρίας.
3226 2349 3428 2404 Λύτίκα
3451 2346 3605 2399 τοίνυν
3626 2342 3723 2413 ἡμᾶς

2230 2449 2351 2510 ταῖς
2388 2447 2696 2517 συμφοραῖς
2721 2442 3168 2506 ταπεινωθέντας
3196 2440 3319 2495 ίδὼν
3336 2440 3430 2510 τῆς
3453 2435 3625 2497 οἰκείας
3647 2434 3723 2485 ἐπι·

2234 2536 2462 2606 κουρίας
2495 2533 2750 2604 ἠξίωσεν.

2306 2627 2373 2690 ζ’.
2409 2645 2430 2680 ι
2485 2624 2865 2697 Ἐπίστρεψον,
2902 2623 3049 2695 ψυχή
3085 2641 3215 2694 μου,
3244 2624 3324 2684 είς
3367 2620 3458 2689 τὴν
3503 2612 3724 2670 ἀνάπαυσίν

2236 2737 2354 2786 σου,
2381 2719 2462 2772 ὅτι
2490 2717 2694 2790 Κύριος
2722 2716 3062 2787 εὐηργέτησέ
3105 2733 3194 2770 σε.
3239 2733 3258 2766 ι
3310 2708 3725 2782 Παῳθαρῥύνουσιν

2233 2810 2484 2873 ἑαυτοὺς,
2513 2809 2607 2861 καὶ
2636 2808 3049 2878 παραθήγουσιν
3084 2808 3170 2870 είς
3197 2804 3455 2877 ἀνδρείαν,
3486 2801 3577 2854 τῶν
3619 2796 3725 2851 θείων

2235 2898 2567 2971 εὐεργεσιῶν
2612 2898 3025 2960 ὐποδεικνύντες
3071 2898 3139 2950 τὸ
3191 2896 3386 2967 πλῆθος
3420 2896 3477 2961 ⁸⁷,
3520 2892 3597 2946 καὶ
3628 2887 3724 2942 διδῶ

2238 3009 2429 3046 σκουσι
2462 2992 2508 3023 ³⁸
2544 2994 2686 3061 σφᾶς
2721 2992 2942 3054 αὐτοὺς,
2969 2991 3050 3045 ὅτι
3093 2991 3205 3045 κᾶν
3251 2991 3338 3043 τὸν
3372 2988 3499 3058 ὑπὲρ
3521 2982 3723 3041 aiataiat;

2238 3083 2640 3148 καταδέξωνται
2669 3083 2920 3150 θάνατον,
2949 3084 3031 3147 εἰς
3068 3081 3168 3135 τὸν
3221 3082 3430 3152 θυμήρη
3476 3080 3555 3133 καὶ
3586 3076 3726 3129 illam

2236 3169 2706 3242 μετατεθήσονται
2738 3168 2874 3239 βίον.
2921 3167 3304 3223 Ἀνάπαυσιν
3335 3168 3436 3237 γάρ
3458 3164 3626 3218 ἐκεῖνον
3644 3156 3727 3211 ἐκά-

2237 3261 2383 3315 λεσε.
2416 3260 2577 3330 Δηλοῖ
2599 3259 2658 3313 δὲ
2690 3258 2850 3313 τοῦτο
2893 3260 2988 3312 καὶ
3017 3262 3084 3312 τὰ
3126 3258 3502 3329 ἐπιφερόμενα.

2302 3347 2378 3419 η’,
2408 3350 2473 3403 θ’.
2511 3368 2529 3400 ι
2568 3350 2692 3402 Ὀτι
2719 3347 2956 3413 ἐξείλετο
2980 3349 3026 3382 ⁸⁸
3045 3348 3152 3420 τὴν
3184 3349 3357 3419 ψυχήν
3400 3363 3490 3417 μου
3534 3344 3587 3396 ἐκ
3618 3335 3728 3392 θανά·

2236 3457 2354 3504 του,
2388 3440 2515 3503 τοὺς
2541 3438 2855 3509 ὀφθαλμούς
2886 3455 2988 3509 μου
3013 3437 3127 3492 ἀπὸ
3154 3437 3415 3509 δακρύων,
3438 3434 3520 3488 καὶ
3544 3432 3641 3490 τοὺς
3666 3424 3728 3479 τόι

2237 3529 2334 3592 δας
2384 3547 2486 3600 μου
2546 3530 2653 3582 ἀπὸ
2692 3530 3078 3599 ὀλισθήματος.
3109 3528 3471 3600 Εὐαρεστήσω
3504 3518 3727 3575 "tremat

2237 3621 2447 3692 Κυρίου
2482 3624 2540 3674 ἐν
2587 3621 2739 3692 χώρᾳ
2792 3620 3033 3684 ζώντων.
3071 3639 3090 3672 ι
3125 3620 3335 3689 Χώραν
3378 3620 3433 3672 δέ
3477 3607 3728 3679 ζώντων,οὒ

2240 3708 2332 3761 τὸν
2371 3711 2615 3778 παρόντα
2672 3709 2787 3780 βίον
2836 3710 3016 3777 καλεῖ,
3045 3713 3103 3764 ἐν
3132 3705 3178 3779 ᾦ
3210 3711 3409 3781 θρῆνοι,
3438 3706 3519 3761 καὶ
3554 3696 3726 3772 ὀδυρμοὶ,

2240 3801 2334 3857 καὶ
2356 3802 2522 3864 νόσοι,
2561 3801 2656 3856 καὶ
2682 3802 2928 3870 θάνατοι,
2959 3804 3054 3856 καὶ
3085 3804 3376 3875 ἁμαρτίαι,
3398 3801 3483 3855 καὶ
3500 3791 3726 3875 συμφοραὶ]

2240 3892 2378 3947 ἀλλὰ
2403 3893 2494 3946 τὸν
2523 3894 2732 3947 τούτων
2756 3894 3016 3948 ἁπάντων
3060 3872 3472 3966 ἀπηλλαγμένον
3507 3888 3615 3961 βίον,
3639 3872 3726 3944 ivli!

2240 3987 2626 4057 ἀταλαίπωρος
2650 3988 2750 4055 τῆς
2769 3987 3027 4058 ἀρετῆςή
3062 3988 3279 4057 κτῆσις,
3330 3985 3422 4040 καὶ
3465 3984 3570 4052 δίχα
3609 3977 3728 4030 πίων

2238 4079 2269 4130 ὁ
2303 4078 2404 4148 τῆς
2432 4077 2782 4149 δικαιοσύνης
2812 4078 3174 4150 προσγίνεται
3192 4077 3432 4140 πλοῦτος.
3463 4070 3621 4140 Οίγὰρ
3636 4063 3727 4136 μετᾶ

2241 4170 2419 4222 πόνων
2451 4169 2688 4225 ἐνταῦθα
2719 4169 2909 4224 τοῦτον
2945 4169 3227 4241 θελόμενοι
3251 4173 3293 4202 ⁸⁸
3319 4168 3619 4235 συναγεῖραι.
3644 4154 3727 4210 πολ”

2240 4258 2707 4314 λαπλασιάσουσιν
2739 4261 2903 4315 αὐτὸν
2933 4262 2978 4293 ⁸⁹
3010 4262 3192 4315 πόνων
3214 4260 3378 4332 χωρίς
3396 4275 3409 4288 ”
3442 4257 3523 4311 τὸν
3540 4246 3729 4323 χαριστή-

2244 4365 2359 4418 ριον
2387 4350 2569 4402 τοίνυν
2600 4351 2646 4382 ’³
2676 4350 2845 4420 ὕμνον
2877 4352 3303 4423 προσφέρουσιν,
3326 4351 3401 4414 ὡς
3437 4347 3535 4401 τῶν
3569 4343 3646 4413 μὲν
3664 4338 3728 4402 όῆ·

2243 4440 2467 4510 θαλμῶν
2495 4440 2590 4494 τοῦ
2623 4441 2884 4513 δακρύειν
2912 4442 3356 4511 ἀπαλλαγέντων,
3396 4439 3497 4493 τῶν
3525 4435 3571 4489 δὲ
3607 4428 3727 4485 ιωδῶν

2241 4529 2332 4581 τὸν
2361 4530 2650 4602 ὀλισθηρὸν
2691 4532 2804 4602 βίον
2862 4533 3266 4603 διαφευγὸντων
3288 4532 3352 4598 ³⁸,
3385 4532 3478 4601 τῆς
3521 4528 3569 4582 δὲ
3606 4517 3728 4593 “(illiti

2243 4619 2526 4692 διαδράναι
2575 4622 2899 4693 δυνηθείσης
2944 4624 3043 4695 τῆς
3074 4624 3350 4695 ἁμαρτίας
3402 4624 3486 4675 τὸν
3532 4617 3725 4671 θάνατον’

2243 4714 2340 4765 καὶ
2380 4712 2693 4767 διδάσκουσι
2739 4718 2877 4783 σφᾶς
2912 4716 3112 4778 αὐτοὺς
3147 4717 3391 4786 ἐνεγκεῖν
3426 4708 3643 4780 γενναίως
3662 4700 3727 4758 τὰς

2240 4805 2355 4859 τῶν
2374 4806 2642 4874 ἀλγεινῶν
2667 4807 2996 4878 προσϐολὰς,
3029 4810 3124 4863 καὶ
3153 4808 3249 4862 τοῦ
3277 4807 3495 4862 θανάτου
3524 4807 3727 4863 καταφρο⁰

2243 4900 2429 4970 νῆσαιν
2490 4900 2569 4965 ὡς
2623 4900 2770 4972 ζωῆς
2810 4900 3021 4956 ἀλύπου
3087 4898 3464 4971 διαδεχομένης
3497 4894 3574 4949 τὸν
3615 4886 3728 4942 eaa-

2238 5005 2352 5043 τον.

1672 5278 1906 5336 VARle
1952 5278 2340 5335 LECTIONES
2376 5278 2459 5332 ΕΤ
2482 5278 2715 5336 NOTAE.

624 5511 929 5566 ""Etaz.
998 5507 1160 5565 Hebr.
1228 5507 1547 5561 Attenuatus
1607 5522 1747 5561 sum.
1825 5505 1870 5538 ¹⁶
1915 5506 2043 5558 '0—
2072 5502 2125 5559 ἕ(

2226 5501 2271 5558 re
2309 5522 2404 5573 με.
2456 5504 2582 5561 Des.
2652 5507 2704 5561 in
2761 5507 2884 5562 eod.
2916 5505 2969 5561 l.
3047 5506 3089 5538 "
3123 5505 3193 5559 Τὸ
3229 5502 3467 5573 πλῆθος.
3491 5481 3725 5573 _Des.

562 5586 606 5617 "‘
629 5586 751 5635 cod.
776 5584 796 5635 l
820 5582 1182 5642 διδάσκοντες.

1262 5557 1827 5641 π’ἰέὲέὶλὲτοῖῐιὲέυτ.
1858 5557 2125 5644 Ενέραίδιξῖ

2226 5557 2259 5605 ’δ
2273 5557 2707 5644 έύαρέοίιῖῆσωί
2916 5557 3205 5630 ambula—bo
3233 5557 3401 5627 rerum
3424 5557 3609 5644 ,Ἱεήρυᾳτ

568 5631 977 5716 vigintiiis}.
998 5631 1179 5703 eam};
1203 5631 1438 5702 Jehova'.
1500 5650 1539 5679 “
1572 5648 1910 5716 Θελόμενοι.
1931 5631 2053 5700 eod.
2085 5646 2111 5698 1

2230 5631 2417 5716 pavos:
2479 5648 2523 5676 ²²
2551 5631 2771 5701 Ᾰὺτόν.
2797 5631 2926 5702 eod.
2956 5649 2979 5702 l
3020 5649 3139 5701 add.
3176 5647 3309 5708 ἐκεῖ,
3336 5655 3481 5716 quam
3512 5631 3723 5688 lectioneIn

565 5709 762 5773 Carafa
788 5721 1073 5787 expressit.
1149 5720 1195 5752 "
1224 5720 1454 5774 Τοίνυν.
1488 5719 1655 5774 Abest
1687 5709 1871 5774 a'cod.
1906 5718 1959 5783 l,
1990 5718 2079 5787 qui
2116 5718 2125 5771 Ι

2226 5709 2277 5773 ἐι
2297 5717 2352 5769 δὲ
2383 5726 2508 5772 ante
2533 5723 2905 5789 χαριστήριον.
2985 5718 3030 5750 ’⁵
3054 5716 3173 5773 cod.
3213 5717 3235 5771 l
3269 5709 3613 5781 διαφυγόντων.
