3974 6206
352 317 491 384 1895
1702 311 1780 375 IN
1821 308 2025 371 PSAL.
2068 302 2267 370 CXVI.
3473 311 3612 390 1806

353 438 540 509 ὄνησιν
568 434 991 509 καρπουμένων.
1022 434 1307 508 Προσοίσω
1334 433 1391 487 δὲ
1418 431 1518 504 τὴν
1546 428 1777 501 λογικὴν
1792 425 1925 480 ταύ-

2049 424 2386 495 :ipientibus,
2440 426 2686 484 oﬂ'eram.
2744 428 2961 503 1424
3012 426 3125 486 Hoc
3172 436 3356 486 autem
3392 431 3610 495 sacrm:

355 546 454 601 την
486 531 761 602 ἱερουγίαν
784 530 842 583 ὲν
893 528 971 600 τῷ
1029 527 1428 602 καθιερωμένῳ
1452 526 1530 598 τῷ
1582 522 1807 596 ὀνόματί
1834 538 1927 575 σου

2049 516 2175 571 :ium
2213 518 2482 575 rationale
2509 520 2562 575 in
2595 520 2797 591 templo
2827 522 3032 576 nomini
3064 530 3161 577 tuo
3191 530 3516 578 consecrato
3542 523 3612 578 ti~

355 620 482 691 νεῷ.
518 621 674 674 Ἔστι
697 620 876 675 τοίνυν
904 621 1000 673 καὶ
1051 617 1301 673 ἐντεῦθεν
1339 615 1704 689 καταμαθεῖν,
1729 615 1805 679 ὡς
1836 613 1932 669 καὶ

2056 612 2087 663 »ἱ
2120 609 2368 667 all‘eram.
2393 611 2534 669 Hinc
2568 613 2736 685 igitur
2761 616 2924 670 etiam
2970 614 3108 672 disci
3149 621 3346 687 potest,
3378 630 3446 671 eo
3475 629 3615 687 ιιιιοτ

358 713 452 766 τοῦ
489 713 656 784 νόμου
688 714 1040 785 κρατοῦντος,
1080 715 1128 766 οῖ
1167 709 1685 783 πνευματικώτερον
1722 709 1802 780 τῷ
1841 708 1931 762 νό-

363 821 447 874 μῳ
474 805 914 876 προσεσχηκότες
955 803 1056 867 τὰς
1091 804 1319 872 λογικὰς
1362 802 1556 866 θυσίας
1581 802 1691 856 τῶν
1719 801 1934 868 ἀλόγων

360 897 671 969 προετίμων
690 898 972 969 θυμάτων,
1006 897 1105 969 τὴν
1149 896 1344 977 καινὴν
1375 896 1638 973 διαθήκην
1672 911 1936 964 σκιογρα-

361 993 603 1063 φοῦντες.
642 992 857 1045 Εἰδὲναι
896 992 961 1065 δὴ
994 991 1040 1023 ⁸³
1071 990 1363 1061 προσήκει,
1403 990 1480 1053 ὡς
1523 990 1618 1044 καὶ
1652 989 1786 1041 πᾶσι
1816 989 1929 1050 τοῖς

362 1086 694 1153 καλλινίκοις
731 1084 1001 1166 μάρτυσιν
1031 1084 1294 1156 ἑκάτερος
1325 1083 1590 1153 ἁρμόττει
1620 1080 1649 1134 0
1674 1080 1890 1157 ψαλμός
1918 1096 1932 1111 ο

362 1177 392 1229 6
422 1177 530 1247 γὰρ
557 1177 717 1241 αὐτὸς
748 1177 841 1230 καὶ
872 1174 1076 1229 τούτων
1120 1174 1388 1228 κάκείνων
1425 1172 1628 1235 σκοπός
1647 1191 1662 1206 ·
1694 1173 1938 1225 κάκεῖνοι

364 1267 474 1340 γὰρ
509 1267 650 1336 ὑπὲρ
678 1265 774 1319 τοῦ
801 1266 992 1336 νόμου,
1039 1266 1134 1319 καὶ
1173 1264 1270 1319 τοῦ
1309 1263 1624 1336 νομοθέτου,
1682 1261 1776 1316 τὸν
1824 1260 1941 1328 ἀξι-

364 1360 601 1426 ἀγαστον
632 1358 931 1429 ὑπέμειναν
958 1358 1208 1422 θάνατον,
1244 1360 1341 1411 καὶ
1360 1353 1506 1411 οὗτοι
1534 1356 1636 1426 τῆς
1657 1354 1939 1431 παρούσης

365 1450 508 1524 ζωῆς
538 1448 638 1517 τὴν
663 1449 806 1519 ὑπὲρ
844 1449 940 1502 τοῦ
969 1449 1271 1512 σεσωκότος
1316 1448 1413 1503 καὶ
1441 1440 1539 1503 ’τὸν
1578 1447 1808 1507 θάνατον
1836 1464 1939 1508 κα-

372 1543 698 1608 ταλύσαντος
729 1543 1042 1616 προείλοντο
1065 1543 1344 1617 τελευτήν.

645 1657 910 1716 EPMHN.
959 1658 1096 1712 τοΥ
1144 1658 1287 1726 Ptq'
1334 1656 1656 1714 ΨΔΛΜΟΥ.

2034 719 2140 773 que
2170 715 2414 775 tempore
2439 722 2564 762 cum
2603 708 2685 765 lex
2716 707 3118 778 dominaretur,
3167 723 3266 764 eos
3299 708 3394 779 qui
3433 709 3609 781 magis

2036 799 2338 859 secundum
2374 800 2627 875 spiritum
2662 801 2834 872 legem
2868 801 3245 869 attendebant,
3280 801 3492 858 hostias
3528 817 3618 858 rae

2040 888 2268 946 tionales
2305 892 2544 971 victimis
2576 895 2787 949 ratione
2819 894 3134 961 carentibus
3161 894 3488 966 praetulisse,
3518 909 3618 951 nos

2038 997 2164 1037 vum
2199 992 2584 1041 testamentum
2611 988 3022 1049 adumbrantes.
3066 987 3235 1045 Decet
3283 1005 3415 1045 sane
3447 991 3615 1055 scire.

2038 1076 2297 1131 omnibus
2325 1077 2490 1131 etiam
2520 1079 3012 1150 triumphatoribus
3043 1082 3379 1157 martyribus
3401 1093 3610 1153 ιιιιυυιηἼ

2039 1183 2149 1238 que
2194 1170 2463 1238 psalmum
2518 1187 2842 1244 congruere.
2895 1175 3041 1241 Idem
3080 1176 3225 1231 enim
3270 1176 3615 1249 propositum

2040 1269 2128 1319 est
2159 1261 2356 1317 horum
2406 1272 2462 1319 et
2496 1264 2738 1320 illorum.
2784 1265 2865 1323 Illi
2907 1268 3051 1322 enim
3102 1283 3202 1338 pro
3250 1268 3389 1339 lege,
3431 1278 3487 1324 et
3521 1283 3621 1343 pro

2041 1348 2355 1421 legislature
2421 1364 2654 1421 mortem
2714 1357 3046 1425 laudabilem
3094 1360 3418 1427 subierunt;
3465 1369 3520 1416 et
3564 1360 3619 1429 hi

2044 1455 2141 1521 pro
2201 1442 2293 1498 illo
2367 1444 2460 1515 qui
2512 1447 2746 1505 salutem
2812 1446 2961 1503 dedit
3012 1458 3357 1518 mortemque
3399 1447 3616 1519 evertit,

1933 1536 1940 1543 '
2044 1542 2273 1595 mortem
2308 1535 2462 1590 obire
2497 1536 2810 1595 maluerunt
2849 1553 3013 1609 quam
3060 1540 3266 1595 vivere.

2435 1652 2712 1713 INTERP.
2743 1654 3000 1713 PSALMI
3041 1654 3225 1715 CXVI.

449 1773 839 1840 Ἀλληλούὶά.
868 1771 1079 1841 ’Ύμνος
1106 1772 1201 1826 καὶ
1229 1767 1384 1834 οὗτος
1434 1773 1602 1825 πᾶσιν
1631 1769 1941 1842 ἀνθρώποις

2113 1766 2363 1822 Alleluia.
2400 1758 2498 1825 Hic
2530 1771 2694 1825 etiam
2726 1770 2966 1843 hymnus
2994 1772 3251 1828 omnibus
3300 1772 3623 1836 hominibus

366 1864 665 1934 ἁρμόττων.
727 1861 1171 1931 Παρακελεύεται
1216 1861 1325 1932 γὰρ
1364 1863 1396 1931 ή
1432 1862 1591 1931 χάρις
1645 1859 1739 1914 τοῦ
1776 1858 1942 1915 Πνεύ-

365 1973 531 2025 ματος
560 1955 688 2018 τοὺς
713 1956 812 2024 τῆς
847 1953 1123 2024 σωτηρίας
1162 1952 1533 2023 τετυχηκότας
1579 1951 1817 2022 ὑμνῆσαι
1849 1950 1940 2004 τὸν

363 2048 684 2118 εὐεργέτην.

433 2139 504 2194 α’.
533 2158 552 2192 ι
587 2139 799 2191 Αἰνεῖτε
835 2137 927 2191 τὸν
958 2136 1184 2209 Κύριον,
1227 2137 1409 2191 πάντα
1438 2137 1507 2191 τὰ
1541 2135 1692 2190 ἑθντι.
1725 2154 1744 2190 ι
1780 2134 1940 2191 Κατὰ

365 2234 559 2288 ταυτὸν
597 2233 849 2296 ἅπαντας
899 2233 980 2294 εἰς
1031 2230 1249 2301 χορείαν
1279 2231 1325 2268 ⁸⁸
1354 2229 1513 2284 καλεῖ
1540 2245 1573 2292 ἠ
1614 2227 1790 2282 ἅπασι
1841 2228 1942 2297 γὰρ

365 2329 478 2389 τοῖς
541 2326 774 2390 ἔθνεσιν,
834 2325 932 2394 οὐχ
963 2322 1195 2393 Ἕλλησι
1238 2322 1444 2392 μόνοις,
1497 2319 1592 2372 καὶ
1627 2318 1943 2389 Ῥωμαῖοις,

367 2418 504 2473 ἀλλὰ
534 2418 629 2472 καὶ¹
651 2418 788 2470 πᾶσι
827 2415 1147 2487 βαρϐάροις,
1176 2413 1276 2478 τὰς
1312 2416 1411 2484 τῆς
1443 2409 1720 2482 σωτηρίας
1743 2409 1943 2479 ἐκορήο

367 2526 537 2582 γησεν
562 2509 842 2582 ἀφορμὰς,
868 2510 982 2570 τοῖς
1008 2509 1175 2577 ἱεροῖς
1211 2505 1533 2567 ἀποστόλοις
1555 2503 1830 2567 διακόνοις
1845 2503 1946 2573 τῆς

368 2602 690 2674 εὐεργεσίας
708 2601 1075 2674 χρησάμενος.
1097 2620 1115 2652 ι
1145 2598 1508 2671 Πορευθέντες
1529 2596 1660 2669 γὰρ,
1679 2596 1806 2666 ἔφη,
1837 2612 1945 2666 μα-

370 2695 672 2765 θητεύσατε
703 2695 884 2748 πάντα
928 2692 997 2748 τὰ
1041 2692 1193 2763 ἔθνη,
1226 2692 1582 2763 βαπτίζοντες
1631 2690 1835 2752 αὐτοὺς
1862 2689 1947 2752 εἰς

371 2787 432 2841 τὸ
471 2786 641 2856 ὄνομα
681 2785 776 2839 τοῦ
825 2785 1060 2856 Πατρὸς,
1082 2785 1176 2838 καὶ
1202 2783 1296 2837 τοῦ
1326 2783 1481 2849 Υἱοῦ,
1510 2784 1603 2837 καὶ
1644 2782 1742 2836 τοῦ
1788 2781 1946 2851 ἁγίου

372 2878 712 2948 Πνεύματος.
746 2878 1096 2940 διδάσκοντες
1123 2878 1321 2939 αὐτοὺς
1382 2877 1569 2946 τηρεῖν
1629 2877 1807 2929 πάντα
1845 2875 1948 2928 ὅσα

373 2970 731 3041 ἐνετειλάμην
776 2971 924 3040 ὑμῖν.
964 2988 983 3022 θ
1031 2969 1221 3039 Τούτῳ
1272 2968 1590 3036 πειθόμενοι
1641 2966 1719 3038 τῷ
1770 2967 1942 3038 νόμῳ,

374 3065 556 3118 πᾶσαν
582 3063 686 3134 γῆν
714 3063 810 3117 καὶ
840 3062 1115 3116 θάλασσαν
1148 3061 1408 3132 ἔδραμον,
1437 3059 1533 3113 καὶ
1565 3059 1594 3112 0
1623 3057 1669 3091 "
1701 3058 1801 3129 μὲν
1841 3058 1910 3112 Ἰν
1930 3086 1943 3098 ο

2047 1871 2356 1930 congruens
2393 1871 2499 1917 est.
2518 1863 2856 1919 Adhortatur
2877 1864 3023 1920 enim
3046 1865 3286 1935 Spiritus
3317 1866 3494 1935 gratia
3526 1880 3625 1927 eos

2044 1949 2139 2018 qui
2174 1949 2408 2006 salutem
2432 1952 2613 2022 adepti
2639 1962 2787 2025 sunt,
2820 1963 2882 2019 ut
2905 1953 3159 2012 beneﬁcii
3191 1965 3471 2014 auctorem
3497 1957 3621 2027 lana

2041 2040 2192 2097 dent.

2115 2135 2280 2192 Vens.
2324 2137 2376 2193 1.
2416 2157 2436 2190 ι
2475 2137 2722 2197 Laudato
2761 2138 3081 2206 Dominum,
3125 2155 3319 2197 omnes
3348 2151 3559 2214 gentes.
3598 2162 3619 2207 ι

2045 2226 2165 2282 Una
2210 2242 2405 2282 omnes
2453 2228 2507 2283 in
2556 2231 2815 2287 choream
2861 2241 3027 2287 vocat
3065 2250 3079 2286 :
3115 2232 3373 2289 omnibus
3426 2235 3627 2306 qutipr

2045 2317 2321 2388 gentibus,
2367 2334 2478 2373 non
2536 2322 2701 2376 modo
2740 2321 2947 2378 Graecis
2992 2333 3050 2378 et
3089 2322 3384 2397 Romanis,
3431 2341 3624 2396 verum

2046 2409 2211 2464 etiam
2246 2410 2507 2466 omnibus
2535 2411 2809 2479 barbaris,
2848 2414 3045 2470 salutis
3087 2416 3434 2471 occasionem
3484 2431 3626 2486 pm.

2047 2500 2185 2567 buit,
2243 2502 2418 2558 sacris
2484 2504 2754 2573 apostolis
2822 2514 2985 2561 utens
3031 2504 3279 2562 beneﬁcii
3334 2508 3626 2578 ministris,

2058 2614 2079 2647 ι
2111 2594 2316 2652 Euntes
2344 2598 2516 2664 enim,
2552 2599 2749 2670 inquit,
2775 2599 2969 2657 docete
2995 2617 3186 2659 omnes
3209 2612 3419 2675 gentes,
3451 2604 3629 2677 baptis

2049 2698 2238 2748 nantes
2264 2706 2360 2747 eos
2386 2691 2441 2746 in
2480 2692 2706 2749 nomine
2746 2694 2950 2761 Patris,
2994 2703 3051 2750 et
3086 2695 3235 2764 Filii,
3276 2706 3332 2752 et
3382 2696 3625 2768 Spiritus

2049 2782 2255 2847 sancti,
2318 2782 2584 2840 docentes
2616 2799 2718 2840 eos
2766 2800 2987 2842 servare
3036 2788 3221 2843 omnia
3286 2803 3628 2861 quascunque

2049 2874 2303 2930 mandavi
2334 2875 2489 2932 vobis
2515 2884 2564 2932 ι.
2607 2894 2627 2928 ι
2662 2876 2803 2933 Huic
2833 2877 2935 2949 legi
2961 2877 3421 2948 obtemperantes,
3454 2872 3626 2951 totam

2048 2976 2249 3021 terram
2278 2975 2335 3023 et
2364 2984 2515 3023 mare
2553 2960 2964 3039 percurrerunt,
2994 2981 3048 3028 et
3092 2972 3181 3029 hic
3212 2974 3432 3044 quidem
3465 2972 3630 3045 lndoq

2049 3060 2114 3113 ad
2147 3059 2429 3116 Christum
2461 3061 2710 3129 adduxit,
2745 3064 2834 3120 hic
2859 3079 2988 3120 vero
3020 3064 3325 3136 Egyptios,
3360 3066 3501 3122 alius
3525 3083 3627 3125 aue.

372 3155 519 3219 δοὺς,
546 3121 660 3207 δ’δὲ
688 3153 1044 3223 Αἰγυπτίους,
1075 3155 1104 3205 0
1151 3121 1225 3207 δὲ.
1255 3121 1522 3216 Ᾰιθίοπας
1567 3121 1945 3223 προσήγαγεη

2051 3161 2156 3206 tem
2190 3151 2494 3223 Ethiopes.
2539 3154 2603 3209 Et
2632 3121 2825 3211 beatus
2874 3121 3340 3229 “asinum;
3391 3121 3629 3230 hreviten

372 3248 453 3319 τῷ
484 3248 726 3320 Χριστῷ.
772 3248 831 3301 '0
857 3247 915 3300 δὲ
976 3247 1248 3318 μακάριος
1277 3246 1488 3310 Παῦλος
1535 3245 1778 3307 διδάσκει
1823 3262 1949 3299 συν-

372 3339 578 3409 τόμως,
617 3340 762 3403 ὅσοις
792 3338 972 3391 ἔθνεσι
994 3339 1364 3409 προσενήνοχε
1398 3336 1466 3391 τὰ
1505 3336 1626 3392 θεῖα
1657 3338 1948 3409 κηρύγμα-

373 3448 463 3494 τα,
498 3450 517 3483 ι
555 3430 697 3484 ὥστε
739 3431 848 3486 ἀπὸ
890 3430 1248 3501 Ἰερουσαλὴμ
1291 3429 1477 3501 κύκλῳ
1518 3429 1679 3498 μέχρι
1709 3429 1804 3482 τοῦ
1846 3431 1947 3483 Ἰλ-

376 3523 600 3596 λυρικοῦ
624 3524 1049 3596 πεπληρωκέναι
1066 3524 1126 3577 τὸ
1143 3523 1475 3592 Εὑαγγέλιον
1500 3522 1594 3576 τοῦ
1624 3523 1887 3595 Χριστοῦ.
1922 3543 1941 3576 ο

378 3618 453 3669 Οὐ
483 3617 593 3687 γὰρ
620 3617 835 3671 εὐθεῖαν
860 3617 976 3671 ὁδὸν
1010 3614 1228 3680 ὁδεύων,
1265 3615 1399 3668 ἀλλὰ
1427 3615 1496 3668 τὰ
1545 3617 1605 3669 ὲν
1637 3615 1787 3686 μέσῳ
1813 3615 1941 3687 ἔθνη

376 3709 695 3780 διακείμενα
725 3710 1086 3781 περινοστῶν,
1118 3708 1186 3763 τὰ
1213 3707 1461 3777 σωτήρια
1488 3707 1793 3779 προσέφερε
1810 3706 1949 3774 007-

382 3817 546 3869 ματα.
597 3820 615 3852 ι
659 3801 815 3855 Οὕτω
866 3802 923 3854 δὲ
956 3800 1416 3872 φιλοτιμούμενον
1470 3799 1943 3869 εὐαγγελίζεσθαι,

376 3893 477 3963 οὐχ
497 3892 631 3945 ὅπου
661 3889 956 3959 ὠνομάσθη
990 3890 1244 3959 Χριστὸς,
1285 3890 1374 3944 ἵνα
1414 3890 1490 3960 μὴ
1529 3891 1626 3944 ἐπὶ
1668 3889 1948 3960 ἀλλότριον

378 3983 627 4054 θεμέλιον
649 3981 919 4051 οἰκοδομῶ
942 3998 956 4012 ⁸
991 3981 1129 4035 ἀλλὰ
1161 3981 1345 4046 καθὼς
1373 3983 1707 4052 γέγραπται,
1735 3977 1819 4046 οἷς
1846 3984 1949 4036 οὐκ

376 4075 652 4147 ἀνηγγέλη
687 4076 815 4146 περὶ
846 4072 1033 4140 αὐτοῦ,
1063 4074 1305 4144 ὄψονται,
1327 4076 1423 4128 καὶ
1447 4074 1496 4128 οἳ
1517 4075 1618 4129 οὐκ
1652 4075 1945 4146 ἀκηκόασι,

380 4167 720 4235 συνήσουσιν.
765 4186 784 4218 ι
815 4166 1082 4236 ’Ὑστερον
1156 4166 1338 4234 μέντοι
1405 4167 1503 4220 καὶ
1580 4167 1682 4238 τῆς
1719 4167 1949 4230 Ἰταλίας

378 4255 575 4326 ἐπέϐη,
605 4256 701 4310 καὶ
733 4256 812 4318 είς
839 4254 941 4317 τὰς
986 4254 1231 4316 Σπανίας
1256 4254 1303 4291 ⁸⁸
1332 4255 1580 4325 ἀφίκετο,
1618 4255 1713 4310 καὶ
1744 4258 1862 4319 ταῖς
1891 4257 1949 4310 ὲν

377 4346 455 4415 τῷ
491 4345 717 4413 πελάγει
741 4346 1114 4416 διακειμέναις
1141 4348 1328 4419 νήσοις
1363 4348 1462 4418 τὴν
1487 4347 1759 4416 ὠφέλειαν
1776 4365 1949 4418 προσ-

2049 3241 2230 3306 docct,
2258 3252 2394 3311 quot
2421 3243 2675 3312 gentibus
2710 3245 2894 3300 divina
2939 3246 3210 3316 praeconia
3253 3249 3457 3317 attulit,
3497 3269 3517 3303 ι
3553 3251 3625 3308 Ut

2048 3338 2119 3389 ab
2152 3333 2530 3405 Hierosolyma
2563 3352 2661 3406 per
2694 3337 2984 3393 circuitum
3020 3354 3195 3409 usque
3235 3341 3300 3395 ad
3347 3342 3625 3413 Illyricum

2049 3427 2369 3495 repleverim
2400 3427 2751 3496 Evangelium
2782 3429 2987 3485 Christi
3014 3440 3065 3484 r.
3107 3451 3125 3483 ι
3161 3430 3278 3486 Non
3309 3435 3452 3488 enim
3477 3446 3627 3505 recta

2051 3517 2308 3573 incedens
2335 3517 2446 3589 via,
2479 3519 2573 3573 sed
2607 3530 2795 3590 gentes
2844 3536 2967 3589 quae
3002 3521 3055 3574 in
3093 3522 3274 3577 medio
3318 3533 3475 3580 erant
3519 3526 3629 3583 eire

2050 3610 2321 3675 cumiens,
2350 3611 2612 3667 salutaria
2648 3608 2901 3682 dogmata
2935 3612 3218 3670 oﬂerehat.
3257 3632 3276 3667 ι
3328 3614 3418 3670 Sic
3444 3627 3624 3672 autem

2050 3705 2330 3768 contendi,
2360 3705 2539 3775 inquit
2566 3715 2612 3769 τ,
2648 3698 2952 3776 ριτιιάίοετε
2983 3707 3337 3779 Evangelium
3367 3708 3495 3773 hoc,
3519 3724 3625 3777 non

2051 3801 2069 3818 ⁰
2100 3797 2190 3851 ubi
2232 3798 2547 3852 nominatus
2589 3808 2672 3852 est
2715 3795 2992 3863 Christus,
3049 3815 3119 3855 ne
3171 3815 3337 3870 super
3383 3801 3624 3859 alienum
3732 3806 3741 3819 ‘

2050 3891 2468 3946 fundamentum
2495 3891 2846 3960 a-diiicarem,
2868 3893 2986 3958 sed,
3011 3893 3154 3948 sicut
3182 3894 3449 3965 scriptum
3473 3904 3557 3951 cst
3575 3905 3624 3967 ⁸,

2049 3981 2252 4053 quibus
2274 3996 2382 4035 non
2420 3989 2502 4036 est
2532 3982 2914 4036 annuntiatum
2939 3982 3006 4038 de
3032 3997 3097 4038 eo
3133 3984 3413 4050 videhuut,
3446 3992 3500 4040 ct
3533 3986 3625 4056 qui

2050 4090 2157 4131 non
2199 4073 2496 4129 audierunt
2533 4073 2602 4127 de
2641 4068 2736 4138 eo,
2772 4073 3093 4142 intelligent.
3159 4094 3179 4126 ι
3219 4074 3415 4130 Postea
3463 4077 3630 4147 igitur

2050 4167 2104 4221 in
2136 4165 2346 4221 Italiam
2387 4164 2555 4230 venit,
2584 4172 2636 4218 et
2684 4163 2738 4218 in
2771 4162 3059 4233 Hispanias
3088 4167 3356 4232 pervenit,
3390 4176 3444 4220 et
3471 4167 3629 4223 illStl-r
3676 4183 3685 4191 '

2050 4259 2139 4322 lis,
2169 4274 2292 4329 quae
2317 4257 2373 4311 in
2422 4239 2564 4310 mari
2589 4256 2795 4324 jacent,
2835 4255 3128 4309 utilitatem
3175 4258 3377 4312 attulit.
3418 4256 3629 4315 Romae

2050 4350 2139 4405 nis
2186 4348 2406 4418 quidem
2457 4347 2703 4403 scribens
2741 4346 2863 4401 ait:
2904 4366 2925 4399 ι
2973 4346 3144 4415 Spero
3195 4348 3365 4414 enim,
3414 4363 3539 4404 cum
3571 4350 3625 4404 in

379 4439 598 4506 ήνεγκε.
615 4437 908 4507 Ῥωμαίοις
932 4438 1030 4508 μὲν
1046 4438 1154 4510 γὰρ
1174 4440 1504 4493 ἐπιστέλλων
1528 4439 1656 4511 ἔφη·
1679 4439 1945 4505 ιἘλπίζω

2051 4442 2341 4512 Hispanias
2369 4439 2642 4510 proﬁcisci
2688 4453 2930 4508 cmpero,
2966 4438 3084 4493 fore
3118 4448 3175 4494 ut
3206 4442 3522 4510 praeteriens
3549 4445 3631 4497 vi~

382 4528 495 4596 γὰρ
515 4527 977 4597 διαπορευόμενος
994 4529 1074 4590 είς
1093 4529 1191 4591 τὰς
1211 4529 1448 4593 Σπανίας
1467 4531 1512 4565 ⁸ο
1531 4530 1598 4583 δι’
1622 4531 1780 4599 ὑμῶν
1807 4530 1947 4583 διελ-

382 4617 513 4679 θεῖν,
544 4615 637 4669 καὶ
664 4616 753 4684 ὑφ’
786 4616 942 4685 ὑμῶν
985 4619 1409 4690 προπεμφθῆναι
1474 4623 1610 4688 ἐκεῖ,
1651 4621 1746 4675 ἐὰν
1792 4622 1947 4692 ὑμῶν

379 4707 598 4778 πρῶτον
626 4707 733 4761 ἀπὸ
764 4707 960 4780 μέρους
1007 4709 1324 4781 ἐμπλησθῶ.
1361 4732 1380 4764 ι
1422 4712 1512 4783 Τῷ
1565 4712 1856 4786 θαυμασίῳ
1891 4715 1949 4769 δὲ

379 4801 525 4871 Τίτῳ
555 4800 784 4870 γράφων
815 4802 981 4870 φησίν
1012 4820 1025 4834 ·
1064 4822 1083 4853 ι
1121 4802 1221 4856 Διὰ
1254 4804 1413 4858 τοῦτο
1449 4806 1741 4863 κατέλιπόν
1774 4827 1834 4863 σε
1888 4810 1948 4864 ὲν

381 4892 596 4962 Κρήτῃ,
629 4892 715 4944 ῖνα
743 4893 1094 4965 καταστήσῃς
1124 4894 1261 4948 κατὰ
1309 4897 1464 4952 πόλιν
1517 4898 1946 4971 πρεσϐυτέρους,

385 4979 457 5042 ὡς
489 4982 598 5048 ἐγώ
643 4999 725 5034 σοι
748 4983 1102 5055 διεταξάμην.
1133 5003 1153 5036 ι
1192 4984 1377 5049 Οὕτως
1407 4988 1437 5040 0
1469 4989 1725 5058 Ἰωάννης
1745 4993 1774 5045 0
1803 4994 1945 5046 πάνυ

387 5069 481 5136 τὴν
536 5072 718 5128 Ἀσίαν
765 5076 861 5145 τῆς
913 5076 1187 5146 προτέρας
1232 5079 1606 5150 ἠλευθέρωσεν
1651 5083 1904 5146 ἀσεϐείας
1931 5102 1944 5114 '

387 5156 556 5224 οὕτως
593 5165 620 5216 ὁ
657 5163 938 5231 θεσπέσιος
972 5169 1226 5239 Ἀνδρέας
1268 5170 1364 5241 τὴν
1403 5173 1627 5228 Ἐλλάδα
1675 5178 1792 5238 ταῖς
1849 5178 1949 5244 τῆς

2052 4535 2210 4590 deam
2244 4548 2367 4598 vos,
2405 4540 2461 4585 et
2488 4546 2519 4586 a
2563 4532 2720 4586 vobis
2762 4530 3179 4593 deducarilluc.
3236 4533 3281 4587 si
3319 4535 3473 4589 vobis
3520 4536 3632 4605 prie
3675 4580 3688 4605 ,

2052 4638 2203 4678 mum
2232 4638 2297 4678 ex
2352 4629 2507 4692 parte
2551 4619 2851 4690 periruitus
2903 4619 3056 4677 fuero
3082 4621 3130 4677 δ.
3171 4641 3190 4670 ι
3227 4619 3293 4676 Ει
3321 4624 3629 4696 admirabili
3676 4608 3694 4666 ἴ

2055 4717 2180 4772 Tito
2228 4715 2477 4770 scribens
2515 4715 2590 4767 ait
2621 4731 2634 4767 ε
2673 4733 2691 4765 ι
2729 4712 2904 4783 Hujus
2955 4715 3032 4768 rei
3073 4715 3246 4786 gratia
3276 4716 3541 4787 dereliqui
3578 4726 3632 4773 te

2055 4807 2250 4866 Cretae.
2277 4813 2336 4860 ut
2362 4807 2669 4860 constituas
2697 4820 2794 4873 per
2822 4805 3068 4861 civitates
3093 4806 3460 4878 presbyteros,
3485 4809 3628 4876 sicut

2057 4918 2158 4969 ego
2215 4898 2443 4969 pratcepi
2480 4897 2575 4952 tibi
2613 4909 2660 4951 ο.
2701 4917 2721 4949 ι
2769 4896 2860 4952 Sic
2892 4913 3125 4968 magnus
3156 4897 3245 4952 ille
3278 4897 3514 4954 Joannes
3558 4899 3627 4952 Λν

2064 4995 2201 5049 siam
2232 5008 2261 5046 a
2292 4992 2524 5061 pristino
2574 5006 2759 5045 errore
2805 4990 3053 5045 liberavit
3088 5008 3102 5044 :
3132 4990 3211 5045 sic
3252 4991 3474 5048 divinus
3520 4993 3630 5046 An-

2057 5089 2234 5142 draaas
2273 5085 2533 5140 Graeciam
2576 5086 2774 5140 divinae
2807 5078 3142 5153 cognitionis
3175 5084 3344 5139 radiis
3388 5083 3632 5142 illustra’

2057 5180 2137 5232 vit
2167 5196 2181 5232 :
2208 5178 2287 5233 sic
2333 5177 2711 5232 divinissimus
2739 5178 3024 5247 Philippus
3056 5187 3417 5244 utrorumque
3459 5173 3625 5248 Phry.

469 5356 708 5414 IMatth.
777 5378 969 5428 χχι-ιιι,
1004 5367 1091 5434 19,
1122 5368 1213 5429 20.
1293 5376 1322 5415 7
1359 5367 1514 5425 Rom.
1548 5387 1637 5435 xv,
1672 5372 1760 5426 19.
1794 5382 1815 5408 τ
1849 5374 1945 5428 ibid

2049 5374 2099 5440 0,
2133 5374 2223 5428 2|.
2302 5387 2329 5419 α
2358 5371 2465 5431 lsa.
2492 5389 2588 5437 LII,
2620 5373 2708 5427 l5.
2752 5374 2781 5414 ι»
2814 5372 2976 5429 Hom.
3003 5388 3094 5439 xv,
3129 5370 3225 5428 94.
3301 5382 3324 5411 ⁶
3360 5370 3468 5429 Tit.
3501 5388 3539 5449 ι,
3570 5373 3626 5442 5,

1446 5547 1685 5604 νΑιιιΑῑ
1729 5549 2113 5609 LECTIONES
2153 5553 2242 5608 ET
2270 5552 2505 5610 ΝΟΤᾸΞ.

456 5655 503 5691 ⁵⁸
530 5654 655 5710 cod.
693 5656 718 5710 1
756 5656 832 5711 δέ.
912 5657 958 5691 ⁸⁸
992 5661 1130 5727 Χορ.
1178 5659 1300 5717 Des.
1353 5664 1486 5719 ibid.

456 5664 503 5691 ιο
530 5664 655 5710 cod.
693 5664 718 5710 1
912 5664 958 5691 ιι
992 5664 1130 5727 Χορ.
1178 5664 1300 5717 Des.
1353 5664 1486 5719 ibid.
1584 5664 1629 5696 ιτ
1668 5664 1750 5718 'o.
1788 5665 1918 5718 nim.

387 5725 433 5761 ιο
456 5727 554 5761 Ii'tn
577 5728 686 5761 anim
722 5730 879 5761 3‘1"...
919 5733 1017 5761 nmt
1078 5730 1099 5761 Δ
1145 5731 1418 5761 οῐ---..ι..-
1514 5735 1559 5761 an
1588 5735 1695 5761 :|.:.1
1756 5735 1943 5761 '1---“

2073 5668 2162 5728 Sic
2207 5688 2425 5744 quoque
2474 5673 2527 5728 in
2563 5672 2939 5752 sequentibus.
3016 5669 3062 5702 ⁸⁸
3088 5668 3221 5742 ibid,
3252 5667 3632 5753 προσήγαγον.

453 5727 554 5801 Εἰς
577 5728 686 5799 τὰς
711 5730 902 5795 Σπαν.
919 5733 1042 5785 cod.
1078 5730 1103 5783 1
1145 5731 1439 5800 Ἱσπανίας.
1514 5735 1559 5767 ⁸⁰
1587 5735 1716 5790 ibid.
1756 5735 2051 5815 Ἱσπανίας,
