3974 6206
457 250 596 338 l8l'5

1473 262 1963 324 THEODOiiETI
2018 262 2355 322 EPISCUPI
2390 262 2759 323 CYRENSIS

3543 258 3652 334 1816

455 382 621 439 “tam
642 384 929 438 ducentem
952 379 1164 436 discere
1184 375 1409 441 volenti,
1430 375 1694 430 Dominus
1711 374 1787 427 ait
1812 391 1823 426 :
1846 392 1863 423 ι
1889 372 2030 426 Man-

2143 374 2364 427 αἰωνίου
2418 375 2561 442 ζωῆς
2609 373 2709 444 τὴν
2743 373 2861 426 ὁόδν
2911 371 3141 443 ᾐτηκότι
3190 372 3447 443 μαθεῖν,ὁ
3494 373 3656 447 Κύριος

453 475 583 530 tlata
618 474 758 529 nosti
786 492 799 529 :
830 473 951 528 Non
985 468 1375 525 moechaberis:
1399 473 1414 487 '
1444 464 1563 521 Non
1596 467 1802 519 furtum
1839 463 2037 529 faries;

374 570 385 614 !
461 557 681 621 Honora
724 572 931 635 patrem
985 573 1138 617 tuum
1180 570 1234 614 et
1280 569 1511 613 matrem
1559 564 1731 619 tuam,
1763 565 1839 621 et,
1873 556 2041 627 Dilige

458 657 771 725 proximum
796 663 951 710 tuum
982 654 1125 708 sicut
1152 663 1204 705 te
1231 652 1407 720 ipsum
1433 651 1482 704 κ.
1519 667 1539 700 ι
1571 647 1774 701 Eodem
1801 646 1963 699 modo
1988 655 2041 698 ut

459 751 668 814 portam
714 760 773 801 se
808 745 986 815 ipsum
1036 743 1300 796 Dominus
1351 738 1675 800 nominavit,
1729 744 1915 805 utpote
1947 735 2039 804 qui

456 838 676 893 Virtutis
703 839 917 893 estdnx
944 845 998 891 et
1026 842 1326 905 prteceptor
1360 850 1372 885 :
1407 850 1424 881 ι
1459 830 1570 899 Ego
1590 829 1758 894 enim,
1789 828 1882 892 ait,
1917 841 2039 880 sum

457 932 659 988 omium
694 932 879 985 ovium
913 947 927 984 :
974 943 1070 999 per
1113 943 1200 981 me
1235 927 1278 980 si
1314 926 1439 995 quis
1472 923 1764 985 introierit,
1801 921 2039 976 salvabi-

454 1030 565 1089 tur,
599 1032 654 1078 et
702 1022 1057 1093 ingredietur,
1090 1033 1143 1076 et
1178 1019 1508 1089 egredietur,
1553 1026 1606 1071 et
1638 1022 1839 1085 pascua
1893 1014 2041 1067 inve-

455 1114 569 1167 niet
604 1112 647 1166 ι.
689 1132 708 1165 ι
750 1112 862 1167 lloc
912 1114 1077 1166 etiam
1121 1111 1206 1165 hic
1249 1125 1430 1165 sermo
1468 1109 1601 1163 dicit
1642 1108 2036 1179 prepheticus:

459 1221 479 1255 ς
516 1203 641 1260 Haec
674 1205 888 1259 Domini
920 1213 1097 1275 porta,
1123 1203 1259 1274 justi
1297 1203 1582 1255 intrabunt
1605 1203 1656 1255 in
1685 1216 1826 1255 eam.
1870 1221 1888 1251 ι

525 1386 687 1441 Vens.
729 1388 818 1439 2|.
862 1406 896 1436 ι
938 1383 1251 1440 Crmfitebor
1293 1384 1413 1449 tibi,
1466 1382 1724 1451 quoniam
1766 1380 2038 1436 exattdisti

453 1481 558 1543 ine,
597 1487 650 1533 et
687 1478 865 1533 factus
897 1494 955 1532 es
985 1478 1119 1531 mihi
1154 1476 1342 1530 saluti.
1379 1497 1395 1527 ι
1441 1475 1625 1529 Laudo
1656 1484 1708 1527 te
1737 1474 1919 1542 igitur,
1948 1473 2038 1541 qui

450 1580 602 1629 ineas
632 1588 824 1645 preces
868 1570 1164 1634 admisisti,
1194 1570 1535 1636 salutemque
1578 1568 1805 1637 largitus
1828 1581 1907 1620 es.

2143 464 2266 537 ἔφη·
2302 484 2319 515 ι
2359 467 2469 528 Τὰς
2503 465 2726 529 ἐντολὰς
2750 460 2918 526 οἶδας·
2950 464 3022 516 Οὐ
3064 463 3360 534 μοιχεύσεις
3390 465 3453 531 ’⁸,
3480 466 3530 518 οὐ
3556 468 3655 521 κλέ-

2141 557 2285 627 ψεις,
2314 558 2447 628 τίμα
2476 558 2570 610 τὸν
2596 557 2810 627 πατέρα
2860 573 2953 609 σου
3018 555 3112 608 καὶ
3144 556 3239 626 τὴν
3281 556 3477 628 μητέρα
3503 575 3579 611 σου
3602 559 3657 622 ’⁵,

2142 652 2451 721 ἀγαπήσεις
2497 649 2589 703 τδν
2636 650 2864 721 πλησίον
2922 665 3014 701 σου
3066 647 3138 712 ὡς
3180 648 3427 715 σεαυτόν,
3458 668 3476 702 ι
3508 650 3658 721 Ταύτῃ

2142 761 2224 796 τοι
2258 746 2352 796 καὶ
2378 746 2406 797 ὁ
2438 743 2719 811 Δεσπότης
2752 741 2947 795 ἑαυτὸν
2985 741 3233 811 ὠνόμασε
3272 740 3458 811 θύραν,
3484 742 3548 805 ὡς
3583 746 3660 814 τῆς

2142 837 2343 907 ἀρετῆς
2375 835 2609 904 ποδηγὸν
2643 836 2736 887 καὶ
2781 832 3104 887 διδάσκαλον
3129 849 3142 862 ·
3181 851 3199 882 ι
3249 830 3382 900 Ἐγὼ
3415 832 3511 903 γάρ
3550 835 3660 903 εἰμι,

2144 928 2330 999 φησιν,
2365 929 2396 998 ἡ
2429 926 2570 997 θύρα
2606 925 2715 980 τῶν
2745 925 3035 997 προϐάτων
3058 942 3069 952 ο
3105 923 3198 977 ὲάν
3227 942 3307 987 τις
3331 923 3404 977 δι’
3433 923 3549 994 ἐμοῦ
3571 928 3661 977 εἰσ-

2142 1021 2294 1095 έλθῃ,
2334 1019 2724 1083 εἰσελεύσεται,
2761 1019 2855 1072 καὶ
2889 1017 3250 1084 ἐξελεύσεται,
3288 1017 3377 1069 καὶ
3407 1018 3556 1086 νομὴν
3594 1018 3665 1069 εὑο

2147 1116 2320 1184 ρήσει.
2365 1132 2383 1163 ι
2424 1112 2591 1165 Τοῦτο
2628 1110 2724 1166 καὶ
2769 1109 3004 1163 ἐνταῦθα
3053 1110 3082 1163 ὁ
3112 1108 3435 1180 προφητικδς
3477 1108 3568 1178 ἔφη
3592 1109 3662 1161 λά·

2142 1222 2269 1274 γοςο
2312 1225 2331 1257 ι
2369 1203 2519 1274 Αὕτη
2573 1206 2605 1275 ἡ
2660 1204 2801 1275 πύλη
2836 1202 2931 1255 τοῦ
2985 1202 3214 1273 Κυρίου,
3246 1201 3435 1255 δίκαιοι
3465 1202 3662 1255 εἰσελεύ-

2145 1316 2327 1351 σονται
2360 1298 2415 1348 ἐν
2459 1298 2616 1367 αὑτῇ.
2655 1316 2670 1344 ι

2214 1398 2320 1443 κα’.
2360 1410 2376 1440 ι
2426 1387 2926 1458 Ἐξομολογὴσομαί
2953 1404 3055 1452 σοι,
3082 1387 3163 1440 ὅτι
3196 1385 3488 1452 ἐπήκουσὰς
3507 1386 3544 1416 ³⁷
3565 1403 3660 1454 μου,

2145 1483 2233 1535 καὶ
2256 1481 2442 1549 ἐγένου
2479 1498 2570 1549 μοι
2604 1481 2681 1541 εἰς
2715 1478 3014 1547 σωτηρίαν.
3052 1499 3068 1529 ο
3125 1474 3304 1545 Ὑμνῶ
3334 1492 3389 1528 σε
3422 1474 3662 1544 τοιγαροῦν

2142 1572 2434 1640 δεξάμενον
2470 1588 2570 1640 μου
2602 1571 2697 1642 τὴν
2737 1570 2938 1639 δέησιν,
2992 1569 3085 1621 καὶ
3114 1566 3158 1600 ³³
3190 1566 3448 1620 δεδωκότα
3478 1566 3561 1636 τὴν
3584 1582 3663 1618 σω-

2142 1662 2356 1734 τηρίαν.

520 1754 683 1807 Vens.
710 1753 800 1807 Ἡ.
844 1772 861 1804 ‹
905 1742 1163 1821 Lapidem
1199 1765 1360 1821 quem
1405 1740 1834 1821 reprbbaverunt
1865 1747 2030 1802 tedifl~

2210 1756 2316 1827 κβ’.
2358 1776 2376 1807 ι
2421 1758 2603 1821 Λίθον,
2652 1754 2710 1807 δν
2744 1753 3161 1822 ἀπεδοκίμασαν
3198 1752 3247 1805 οἱ
3288 1748 3661 1820 οἰκοδομοῦντες,

449 1851 657 1907 Cautes,
687 1843 774 1898 hic
806 1841 982 1896 factus
1015 1851 1098 1896 est
1136 1852 1296 1911 caput
1327 1842 1528 1912 anguli.
1568 1861 1588 1893 ι
1614 1841 1726 1895 Hoc
1764 1843 1885 1895 licet
1914 1841 2035 1894 mil-

447 1926 548 1991 l‘es
585 1936 930 2004 impudenter
956 1936 1294 1989 asseruerint
1320 1932 1517 1999 Judaei,
1554 1945 1735 1987 tamen
1774 1936 1838 1987 ad
1866 1934 2034 1987 alium

450 2028 656 2082 referre
689 2040 793 2081 n0n
832 2037 1077 2097 possmtt.
1118 2026 1231 2080 Etsi
1270 2026 1413 2079 enim
1450 2026 1746 2079 divisarum
1792 2025 2031 2079 tribuum

445 2122 555 2174 tlux
608 2119 710 2175 fuit
761 2119 1088 2183 Zorobabel,
1128 2128 1308 2173 tamen
1359 2118 1570 2172 diutius
1611 2136 1717 2172 non
1775 2120 2029 2188 perstitit.

450 2212 711 2266 Dominus
748 2221 929 2265 autem
969 2209 1223 2265 Christus
1259 2210 1399 2265 duos
1438 2212 1699 2281 parietes,
1734 2226 1763 2264 a
1806 2227 1864 2264 se
1891 2210 2034 2265 invi-

444 2315 560 2358 eem
597 2301 808 2375 15,33
839 2319 867 2355 e
894 2302 1162 2357 diametro
1195 2303 1489 2368 distantes,
1516 2319 1633 2369 eos,
1666 2303 1915 2373 inquam,
1940 2304 2033 2371 qui

446 2414 510 2449 ex
541 2393 767 2458 Judaeis,
804 2402 857 2448 et
888 2409 982 2448 eos
1012 2395 1103 2463 qui
1139 2408 1203 2447 ex
1248 2395 1502 2464 gentibus
1532 2396 1901 2461 crediderunt,
1935 2396 2035 2453 hos

444 2482 666 2558 quidem
696 2487 966 2556 impietati
1005 2490 1329 2554 servientes,
1367 2487 1489 2541 illos
1519 2503 1645 2542 vero
1683 2488 1817 2558 legis
1841 2488 2031 2559 jugum

447 2581 707 2645 ferentes,
751 2590 805 2634 et
844 2581 901 2633 in
951 2596 1121 2635 unum
1161 2595 1363 2651 cogens
1414 2595 1536 2650 qua:
1581 2590 1827 2650 separata
1878 2590 2035 2636 erant

445 2672 753 2739 conjunxit,
782 2681 835 2726 et
865 2687 1029 2726 unam
1052 2689 1116 2725 ex
1143 2671 1391 2741 utrisque
1420 2670 1680 2725 conﬂavit
1710 2671 2029 2737 Ecclesiam,

446 2764 706 2833 angulum
740 2766 1036 2835 quemdam
1073 2764 1342 2830 imitatus,
1377 2763 1518 2819 duos
1550 2780 1739 2819 muros
1773 2764 2034 2835 colligan-

444 2850 576 2920 tem,
600 2866 654 2911 et
690 2857 831 2912 inter
878 2873 935 2913 se
979 2857 1346 2927 copulantem.
1388 2854 1544 2912 [hinc
1580 2857 1745 2927 igitur
1775 2858 2031 2928 lapidem,

443 2946 538 3016 qui
569 2946 696 3001 olim
737 2947 1099 3014 :edificabaut,
1146 2947 1403 3003 Phariszri
1441 2960 1496 3002 et
1532 2946 1836 3011 Sadducmi,
1867 2959 1920 3005 et
1949 2965 2035 3004 sa-

445 3038 698 3094 cerdotes
735 3047 788 3093 et
824 3037 1050 3104 Scribat,
1086 3040 1538 3109 reprobaverunt,
1581 3050 1634 3095 et
1663 3042 1812 3095 cruci
1842 3042 2029 3098 aﬂixe--
2058 3070 2103 3129 ο

445 3134 616 3186 runt:
669 3131 764 3185 sed
820 3151 839 3182 ι
879 3129 1059 3186 factus
1097 3142 1179 3186 est
1211 3141 1376 3202 caput
1413 3132 1621 3202 anguli,
1662 3152 1679 3185 ι
1719 3134 1800 3188 vel
1833 3151 2032 3190 secun-

443 3223 576 3277 ‘dum
629 3223 1046 3296 Symmachum,
1092 3226 1389 3295 angularia.
1438 3225 1513 3280 De
1562 3225 1666 3282 hoc
1716 3228 1891 3295 lapide
1936 3244 2033 3298 per

444 3315 766 3384 prophetam
799 3313 995 3371 Isaiam
1025 3316 1167 3373 Deus
1194 3318 1524 3374 vaticinatus
1548 3327 1632 3373 est
1664 3336 1675 3371 :
1716 3339 1734 3371 ‹
1773 3319 1909 3375 Ecce
1930 3336 2031 3391 ego

444 3421 590 3478 pono
619 3407 672 3461 in
705 3408 869 3464 Sione
895 3408 1128 3477 lapidem
1159 3410 1482 3480 pretiosum,
1513 3410 1770 3475 electum,
1799 3412 2030 3482 angula-

444 3512 583 3563 rem,
620 3498 949 3553 honoratum
982 3499 1036 3552 in
1072 3498 1444 3557 fundamentis
1475 3501 1618 3570 ejus,
1646 3510 1701 3557 et
1730 3503 1911 3557 omnis
1936 3504 2027 3573 qui

443 3590 739 3645 crediderit
788 3592 838 3644 in
896 3593 1012 3654 illo,
1079 3607 1186 3646 non
1236 3592 1603 3648 confundetur
1634 3605 1695 3647 ω.
1736 3613 1755 3646 ι
1817 3593 1929 3649 lloc
1976 3605 2029 3650 et

372 3708 384 3721 κ
443 3670 636 3737 beatus
656 3684 733 3737 ait
766 3681 969 3737 Paulus
999 3702 1010 3736 :
1044 3703 1061 3734 ι
1101 3681 1376 3739 Ᾱῑιιίῐίςυιὶ
1409 3701 1575 3753 supra
1611 3684 2025 3740 fundamentum

440 3776 819 3843 apostolorum
848 3784 902 3828 et
930 3776 1341 3844 prophetarum,
1366 3791 1492 3830 eum
1519 3777 1590 3831 sit
1612 3791 1864 3832 summus
1887 3777 2026 3849 lapis

440 3864 724 3934 angularia
764 3864 885 3933 ejus
927 3866 1178 3920 Christus
1221 3864 1384 3921 Jesus
1410 3876 1461 3920 η.
1507 3886 1525 3918 ι
1583 3866 1741 3923 Hunc
1788 3869 2023 3940 lapidem

441 3956 635 4010 beatus
659 3956 844 4011 Daniel
870 3957 1003 4012 vidit
1021 3966 1045 3991 ο
1072 3959 1317 4013 excisum
1347 3958 1468 4015 sine
1496 3961 1773 4028 manibus,
1800 3962 2025 4018 edoctus

442 4036 686 4117 Virginis
741 4057 956 4118 partum
1013 4049 1223 4120 absque
1255 4050 1420 4106 ullius
1459 4052 1709 4108 subsidio
1751 4052 2021 4110 futurum.

441 4126 597 4195 Hunc
628 4141 760 4196 vidit
792 4138 1023 4205 idolum,
1065 4143 1167 4198 hoc
1197 4154 1281 4200 est
1315 4144 1439 4199 vitae
1483 4143 1801 4208 vanitatem,
1843 4153 2023 4201 teren-

437 4240 571 4297 tem,
605 4242 661 4288 et
703 4244 939 4289 montem
977 4252 1234 4307 magnum
1271 4235 1496 4302 factum,
1532 4247 1587 4290 et
1617 4238 1804 4293 orbem
1843 4224 2022 4294 terra-

439 4336 557 4379 rum
590 4327 948 4395 operientem.

509 4499 673 4557 Vens.
699 4502 787 4557 ‘23.
825 4522 843 4554 ‹
870 4502 916 4557 Α
936 4503 1168 4559 Domino
1194 4506 1396 4561 factum
1420 4516 1501 4562 est
1533 4507 1701 4576 istud,
1732 4519 1785 4563 ct
1817 4519 1899 4564 est
1922 4509 2015 4563 mi-

436 4592 608 4647 rabile
634 4598 686 4650 in
717 4586 894 4653 oculis
916 4598 1139 4652 nostris.
1169 4616 1186 4648 ι
1227 4598 1463 4668 Hujusce
1484 4609 1663 4655 autem
1695 4601 1882 4671 gratiae
1911 4597 2021 4654 lar-

434 4685 583 4753 ‘gitor
610 4694 694 4738 est
730 4685 870 4741 Deus
903 4705 915 4741 :
949 4704 1047 4745 nos
1091 4705 1217 4744 vero
1250 4692 1688 4761 inexplicabilem
1720 4693 1839 4762 ejus
1864 4693 2018 4747 beni-

432 4775 696 4846 gnitatem
731 4779 1091 4840 admiramur.

510 4866 672 4924 Vens.
700 4856 845 4924 24.3
886 4873 984 4928 l-lie
1024 4888 1106 4930 est
1162 4877 1281 4932 dics
1320 4893 1480 4947 quem
1528 4877 1655 4932 fecit
1702 4876 1965 4933 Dominus
1996 4920 2010 4933 .

429 4961 769 5016 Exsultemus
821 4973 875 5016 et
905 4965 1148 5023 laetemur
1181 4970 1233 5023 in
1260 4985 1349 5023 eo.
1384 4987 1401 5019 ι
1443 4970 1589 5026 Diem
1619 4987 1648 5024 a
1680 4970 1788 5027 Deo
1813 4970 2013 5027 factum

503 5183 690 5262 *_I_.uc.
728 5199 884 5261 xvm,
910 5192 1017 5256 28;
1060 5195 1231 5252 Exod.
1284 5213 1379 5262 xx,
1412 5198 1500 5261 12,
1541 5194 1621 5252 I5.

430 5274 494 5324 tt,
521 5259 591 5314 54
615 5275 769 5332 seqq.

2138 1844 2291 1913 οὗτος
2349 1848 2576 1919 ἐγενῆοη
2623 1850 2702 1909 εἰς
2750 1844 2991 1916 κεφαλὴν
3029 1844 3253 1912 γωνίας.
3304 1861 3321 1894 ι
3376 1842 3548 1906 Τοῦτο,
3588 1841 3664 1894 xiv

2141 1942 2400 2013 μυριάκις
2432 1938 2870 2009 ἀναισχυντῶσιν
2928 1936 3193 2001 Ἰουδαῖοι,
3222 1935 3360 2005 ἄλλῳ
3398 1931 3665 2004 προσαρμό-

2137 2050 2227 2085 σαι
2260 2032 2319 2085 οὐ
2358 2031 2632 2085 δύνανται.
2687 2030 2749 2082 Εἰ
2796 2028 2907 2100 γὰρ
2955 2026 3063 2083 τῶν
3119 2024 3485 2097 διαιρεθεισῶν
3534 2024 3662 2077 πάλαι

2136 2125 2318 2197 φυλῶν
2345 2124 2685 2196 ἡγεμόνευσε
2721 2121 3051 2193 Ζοροὸἀῦελ,
3082 2121 3201 2175 ἀλλ’
3222 2121 3320 2173 οὐκ
3349 2120 3435 2172 ἐπὶ
3462 2117 3663 2171 πλεῖστον

2133 2219 2441 2291 διήρκεσεν.
2486 2219 2545 2271 '0
2589 2219 2647 2270 δὲ
2698 2218 2979 2286 Δεσπότης
3027 2215 3270 2287 Χριστὸς
3318 2214 3435 2277 τοὺς
3478 2211 3560 2264 δύο
3583 2210 3665 2263 τοί-

2136 2329 2286 2382 χους,
2318 2311 2443 2374 τοὺς
2474 2310 2570 2364 ἀπ’
2604 2308 2849 2380 ἀλλήλων
2882 2309 3127 2372 ἑστῶτας
3159 2308 3223 2360 ἐκ
3251 2306 3543 2377 διαμέτρου,
3570 2303 3666 2364 τοὺς

2135 2402 2197 2468 ἐξ
2239 2402 2506 2456 Ἰουδαίων
2540 2403 2705 2472 φημὶ,
2739 2399 2992 2463 καὶτοὺς
3037 2399 3097 2464 ἐξ
3148 2399 3315 2452 ὲθνῶν
3364 2394 3666 2450 πεπιστευκό-

2134 2512 2256 2563 τας,
2290 2496 2416 2558 τους
2467 2495 2564 2564 μὲν
2611 2492 2901 2565 δυσσεϐείᾳ
2945 2491 3323 2555 δουλεύοντας,
3367 2491 3483 2552 τοὺς
3507 2489 3556 2541 δὲ
3596 2485 3664 2538 τοῦ

2135 2585 2301 2657 νόμου
2330 2586 2421 2639 τὸν
2455 2585 2621 2653 ζυγδν
2652 2585 2931 2647 ἕλκοντας,
2969 2584 3061 2637 καὶ
3094 2585 3181 2646 εἰς
3211 2583 3267 2635 ἓν
3303 2580 3592 2649 συναγαγὼν
3615 2578 3664 2630 τὰ

2134 2676 2401 2730 διεστῶτα
2438 2675 2743 2743 συνέζευξε,
2777 2677 2871 2729 καὶ
2906 2676 3036 2746 μίαν
3069 2674 3135 2740 ἐξ
3166 2672 3480 2745 ἀμφοτέρων
3511 2672 3664 2740 συνήρ-

2139 2782 2306 2839 μοσεν
2367 2768 2716 2835 Ἐκκλησίαν,
2766 2766 2970 2835 γωνίαν
3019 2766 3146 2820 τινὰ
3200 2766 3559 2836 μιμησάμενος
3595 2761 3664 2813 δίο

2134 2858 2349 2929 τοίχους
2386 2858 2734 2923 συνδέουσαν,
2776 2859 2872 2912 καὶ
2920 2858 3059 2929 πρὸς
3110 2858 3376 2929 ἀλλήλους
3418 2855 3663 2911 συνάπτου-

2138 2968 2258 3004 σαν.
2291 2948 2491 3003 Τοῢτον
2524 2950 2709 3021 μέντοι
2736 2950 2827 3003 τὸν
2853 2948 3001 3004 λίθον
3032 2950 3312 3021 οἰκοδόμοι
3346 2949 3500 3003 πάλαι
3525 2948 3659 3008 ὅντες,

2136 3038 2420 3113 Φαρισαίοί
2455 3056 2515 3093 τε
2546 3039 2637 3093 καὶ
2672 3039 3043 3103 Σαδδουκαῖοι,
3093 3041 3266 3111 ἱερεῖς
3293 3056 3350 3093 τε
3394 3037 3480 3092 καὶ
3521 3037 3664 3106 Γραμ-

2138 3135 2348 3203 ματεῖς,
2378 3132 2812 3202 ἀπεδοκίμασαν,
2840 3133 2934 3185 καὶ
2956 3133 3317 3206 ἐσταύρωσαν
3337 3148 3349 3161 ·
3377 3131 3481 3185 ἀλλ’
3502 3148 3520 3181 ι
3550 3127 3663 3195 Ἐγέ-

2133 3242 2254 3279 νετο
2285 3227 2363 3289 εἰς
2412 3226 2655 3297 κεφαλὴν
2688 3227 2913 3294 γωνίας,
2953 3245 2973 3279 ι
3011 3226 3045 3297 ἢ
3076 3228 3151 3292 ³⁸,
3190 3228 3330 3281 κατά
3357 3226 3442 3280 τὸν
3479 3224 3663 3294 Σύμμα-

2135 3336 2248 3391 χον.
2285 3318 2739 3388 ἀκροπτυτίαἷος.
2766 3320 2902 3391 Περὶ
2918 3319 3117 3371 τούτου
3153 3318 3209 3372 δὲ
3233 3319 3324 3373 τοῦ
3341 3318 3477 3371 λίθου
3500 3318 3579 3369 καὶ
3598 3313 3662 3367 διὰ

2144 3411 2367 3464 Ἡσαΐου
2402 3409 2497 3463 τοῦ
2523 3410 2804 3481 προφήτου
2847 3410 3254 3481 προεθέσπισεν
3288 3412 3313 3464 ὁ
3342 3410 3493 3472 Θεός·
3512 3426 3529 3458 ι
3562 3405 3661 3459 ’1δοῦ

2130 3502 2324 3572 τίθημι
2357 3503 2413 3553 ὲν
2444 3501 2580 3554 Σιὼν
2629 3500 2775 3554 λίθον
2810 3500 3099 3572 πολυτελῆ,
3145 3502 3416 3565 ἐκλεκτὸν,
3462 3500 3661 3567 ἀκρογω-

2134 3595 2322 3657 νιαῖον,
2374 3592 2589 3663 ἔντιμον
2636 3595 2717 3657 εἰς
2753 3595 2822 3648 τὰ
2871 3594 3096 3666 θεμέλια
3146 3596 3337 3666 αὐτῆς,
3387 3594 3475 3648 καὶ
3515 3589 3662 3653 πᾶςό

2133 3685 2401 3739 πιστεύων
2435 3685 2521 3739 ἐπ’
2560 3684 2708 3756 αὐτῷ
2730 3687 2791 3739 οὐ
2826 3686 2900 3757 μὴ
2931 3686 3330 3758 καταισχυνθῇ.
3370 3705 3387 3737 ι
3422 3680 3571 3737 Τοῦτο
3588 3679 3661 3733 καὶ

2128 3778 2157 3830 ὁ
2188 3774 2458 3848 μακάριος
2491 3776 2596 3846 ἔφη
2629 3775 2859 3839 Παῦλος·
2899 3795 2917 3826 σ
2968 3776 3512 3848 Ἐποικοδομηθέντες
3547 3768 3659 3825 ἐπίι

2127 3868 2206 3941 τῷ
2246 3868 2478 3940 θεμελίῳ
2529 3870 2636 3923 τῶν
2685 3869 2999 3923 ἀποστόλων
3050 3872 3150 3924 καὶ
3202 3869 3505 3942 προφητῶν.
3542 3867 3659 3925 ὄντος

2127 3962 2529 4035 ἀκρογωνιαίου
2580 3962 2746 4016 αὑτοῦ
2826 3962 3003 4033 Ἰησοῦ
3051 3962 3319 4035 Χριστοῦ.
3381 3980 3399 4014 ι
3457 3956 3658 4014 Τοῦτον¹

2126 4049 2231 4108 εἶδε
2262 4054 2351 4108 τὸν
2383 4053 2529 4107 λίθον
2562 4054 2657 4108 καὶ
2688 4056 2716 4107 ὁ
2746 4054 3017 4126 μακάριος
3046 4054 3251 4124 Δανιὴλ
3284 4052 3540 4126 τμηθέντα
3560 4048 3657 4101 ἄνευ

2124 4145 2343 4217 χειρῶν,
2379 4145 2471 4199 τὸν
2501 4122 2866 4217 ἀκοινώνητον
2889 4122 2989 4216 τῆς
3020 4122 3306 4218 Παρθένου
3325 4122 3657 4210 δίδασκόμενος

2121 4239 2300 4291 τόκον.
2338 4237 2539 4291 Τοῦτον
2583 4231 2691 4290 εἶδε
2737 4237 2836 4309 τὴν
2869 4237 3054 4292 εἰκόνα
3104 4239 3492 4309 συντρίψαντα,
3532 4248 3658 4285 τουτο

2124 4327 2238 4380 ἐστι
2274 4327 2369 4380 τοῦ
2404 4328 2518 4397 βίου
2547 4328 2646 4398 τὴν
2680 4329 3041 4400 ματαιότητα,
3090 4331 3188 4382 καὶ
3215 4330 3339 4402 ὅρος
3377 4330 3508 4401 μέγα
3532 4322 3655 4394 1nd-

2053 4406 2099 4463 Ῑ)
2128 4436 2312 4490 μενον,
2344 4421 2437 4474 καὶ
2467 4418 2564 4490 τὴν
2596 4421 2923 4492 οἰκουμένην
2954 4421 3299 4492 καλύψαντα.

2199 4519 2305 4580 κγ’.
2351 4531 2371 4565 ι
2409 4512 2565 4581 Παρὰ
2592 4512 2796 4584 Κυρίου
2828 4513 3046 4582 ἐγένετο
3095 4513 3263 4584 αὕτη,
3292 4515 3386 4567 καὶ
3417 4510 3521 4565 ἔστι
3553 4509 3651 4560 θαυ-

2125 4606 2303 4676 μαστὴ
2332 4607 2389 4658 ἐν
2419 4605 2720 4675 ὀφθαλμοῖς
2743 4607 2919 4677 ἡμῶν.
2956 4627 2974 4659 ι
3023 4606 3242 4677 Ταύτης
3273 4608 3328 4661 δὲ
3361 4607 3456 4674 τῆς
3476 4604 3656 4674 χάριτος

2121 4696 2356 4768 χορηγὸς
2389 4697 2418 4748 6
2452 4698 2605 4762 Θεὸς,
2639 4699 2799 4768 ἡμεῖς
2829 4699 2885 4751 δὲ
2914 4699 3014 4770 τὴν
3048 4699 3291 4771 ἆρῤητον
3316 4697 3475 4753 αὑτοῦ
3498 4694 3655 4765 φιλαν-

2126 4788 2375 4859 Θρωπίαν
2396 4788 2770 4861 θαοιμάζομεν.

2195 4882 2289 4937 κδ’.
2335 4901 2354 4933 ‹
2391 4879 2539 4954 Αὕτη
2576 4883 2607 4952 ἡ
2635 4882 2902 4955 ἡμέραῆν
2931 4884 3191 4953 ἐποιήσεν
3216 4886 3244 4937 ὀ
3267 4883 3460 4953 Κύριος
3484 4896 3496 4909 ·
3527 4872 3657 4939 ἀτιλσ

2121 4975 2440 5045 λιασώμεθα
2494 4975 2591 5029 καὶ
2632 4976 3027 5048 εὐφρανθῶμεν
3072 4979 3130 5029 ὲν
3181 4978 3343 5047 αὐτῇ.
3381 4993 3398 5027 ι
3450 4969 3655 5040 Ἠμέραν

1740 5198 1751 5237 ¹
1819 5198 1982 5253 Joan.

2134 5200 2177 5253 θ.
2260 5208 2293 5230 ³³
2362 5196 2466 5252 lsa.
2534 5197 2851 5266 xxvm,16.
2934 5199 3192 5271 nEphes.
3229 5216 3291 5263 ιι,
3328 5198 3413 5255 20.
3489 5191 3648 5245 ουτοι.

1534 5441 1767 5496 ΥΑΠΙᾹΞ
1795 5439 2181 5496 LECTIONES
2238 5442 2327 5497 ΕΤ
2361 5442 2597 5500 NOTAE.

490 5568 549 5649 ’7',
576 5568 749 5649 Marx.
784 5574 908 5634 cod.
948 5580 970 5632 1
1006 5580 1130 5635 add.
1160 5579 1218 5635 οὐ
1251 5578 1553 5649 φονεύσεις.
1632 5579 1677 5611 ⁸⁸
1710 5582 1849 5633 Σου.
1880 5578 2030 5634 Abest

2134 5580 2250 5634 rod.
2278 5581 2329 5635 l.
2400 5579 2673 5648 ’τἘπήκ.
2709 5581 2865 5640 Prior
2888 5582 3051 5639 editio
3081 5583 3316 5640 habebat
3344 5577 3640 5649 ὑπήκουεαϐ·

425 5639 957 5717 Ῐ⁸⁸ΑΚαίτῙσῳτημ
1018 5651 1141 5705 Des.
1192 5639 1413 5704 iit-cod.
1456 5639 1527 5704 L—
1585 5651 1628 5682 θ’
1661 5651 1744 5703 Ἦ.
1787 5650 1908 5705 Des.
1970 5649 2025 5703 in

2138 5651 2280 5704 ι1.1.

2361 5652 2374 5683 ¹
2415 5652 2561 5705 Ἐπί.
2596 5640 2731 5711 ibid.
2767 5655 2843 5709 ἐν.
2923 5657 2942 5687 ¹
2982 5654 3204 5710 Τοῦτον
3234 5683 3303 5695 --
3333 5640 3514 5707 τόκον.
3540 5640 3641 5696 “33¢

424 5711 497 5767 'ad
518 5711 717 5765 versie.
772 5715 843 5769 ‘23
888 5711 1138 5786 apposuit
1189 5719 1351 5774 Cord.
1383 5721 1417 5774 ι.
1452 5736 1499 5775 c.
1531 5736 1581 5790 p.
1618 5720 1743 5784 σείει,
1781 5721 1899 5775 sine
1922 5722 2165 5776 auctoris
2221 5722 2459 5778 nomine.
2492 5722 2619 5778 Post
2664 5722 2852 5777 τοῦτον
2882 5725 3053 5781 codex
3086 5722 3108 5778 i
3144 5723 3271 5781 add.
3296 5723 3370 5777 δέ.

3842 322 3843 359 1

3840 428 3843 471 1

3847 1945 3849 2017 1

3850 2052 3851 2131 1

3845 2576 3853 2831 1
