3974 6206
317 223 451 300 1817

1627 202 1708 273 17.“?
1758 215 1962 275 PSAL.
2004 217 2234 276 CXVII.

3437 213 3573 283 1818

311 331 413 384 ὑπὸ
447 327 542 382 τοῦ
595 327 730 382 Θεοῦ
784 325 1161 396 πεποιημένην
1215 322 1389 390 καλεῖ,
1421 322 1540 376 καθ’
1573 323 1639 394 ἣν
1673 325 1702 376 6
1737 321 1875 387 λίθος

1985 335 2146 381 vocat
2171 327 2346 392 illum,
2371 339 2482 397 quo
2511 327 2598 382 hic
2631 328 2770 399 lapis
2793 335 2919 400 post
2944 327 3252 400 passionem
3283 345 3312 384 a
3339 334 3569 384 mortuis

307 416 465 486 οὗτος
514 421 714 492 ἀνέστη
763 421 902 491 μετὰ
930 421 993 472 τὸ
1034 417 1227 480 πάθος.
1265 415 1441 480 Εὐθὺς
1466 418 1576 486 γὰρ
1609 417 1748 486 μετὰ
1785 417 1884 486 τὴν

312 514 628 576 ἀνάστασιν,
656 514 768 573 τοῖς
801 513 964 583 ἱεροῖς
997 510 1280 564 ἐκέλευσεν
1313 509 1653 572 ἀποστόλοις,
1685 526 1883 580 πορευ-

313 606 472 674 Θῆναι
520 607 614 659 καὶ
655 605 992 676 μαθητεῦσαι
1018 603 1198 658 πάντα
1225 603 1293 655 τὰ
1320 601 1472 672 ἔθνη.
1507 602 1885 672 Διαφερόντως

313 695 370 748 δὲ
408 695 610 766 ταύτην
635 695 740 748 ὑπὸ
765 695 858 746 τοῦ
881 693 1015 748 Θεοῦ
1043 691 1374 762 γεγενῆσθαι
1401 691 1498 760 τὴν
1519 691 1734 761 ἡμέραν
1756 687 1882 758 ἔφη.

329 787 549 858 Ἐπειδὴ
581 787 692 857 γὰρ
729 787 750 818 ⁸
791 787 850 851 ἐξ
887 785 1064 857 ἀρχῆς
1090 785 1151 838 τδ
1178 783 1293 854 φῶς
1315 785 1372 836 ἐν
1396 783 1531 853 αὑτῇ
1582 781 1886 851 πεποίηκεν

315 881 344 934 ὁ
368 879 520 941 θεὸς,
553 878 649 932 καὶ
678 879 780 946 τὴν
803 877 901 930 τοῦ
937 877 1190 946 Σωτῆρος
1220 873 1377 946 ήμῶν
1408 875 1706 928 ἀνάστασιν
1733 872 1890 938 δεξα-

313 971 470 1042 μένη,
497 969 597 1022 τοῦ
619 969 716 1038 τῆς
744 967 1091 1038 δικαοσύνης
1117 967 1272 1036 ήλίου
1297 967 1397 1029 τὰς
1420 967 1647 1030 ἀκτῖνας
1674 966 1754 1026 εἰς
1783 963 1888 1016 πᾶ-

311 1077 409 1116 σαν
435 1062 535 1133 τὴν
581 1061 910 1132 οἰκουμένην
948 1059 1291 1128 κατέπεμψε.
1335 1058 1447 1111 Καὶ
1473 1057 1534 1110 τὸ
1562 1056 1676 1125 φῶς
1703 1057 1760 1110 δὲ
1791 1057 1886 1124 δη-

313 1155 673 1224 μιουργήσας,
717 1151 834 1222 φῶς
859 1152 958 1222 τὴν
989 1151 1202 1223 ἡμέραν
1227 1149 1504 1212 ἐκάλεσεν,
1534 1147 1664 1202 ἄλλο
1696 1147 1754 1199 δὲ
1788 1148 1884 1200 οὐ·

309 1246 396 1298 δὲν
413 1245 536 1298 κατ’
553 1245 768 1316 ἐκείνην
787 1244 888 1312 τὴν
911 1243 1124 1314 ἡμέραν
1147 1241 1466 1312 πεποίηκεν.
1491 1237 1640 1310 Αὕτη
1663 1239 1844 1292 τοίνυν
1863 1239 1887 1269 ⁸

309 1337 342 1404 ἡ
387 1335 568 1406 ἡμέρα
619 1336 776 1406 μόνη,
815 1335 956 1387 κατὰ
997 1333 1094 1404 τὴν
1148 1333 1372 1404 πρώτην
1403 1331 1632 1402 ἡμέραντ
1665 1331 1762 1400 τὴν
1791 1331 1886 1401 δη’

311 1427 600 1497 μιουργίαν
633 1425 853 1491 ἐδέξατο
881 1424 976 1480 τοῦ
1026 1425 1221 1495 φωτός.
1268 1425 1356 1476 Ἐν
1406 1424 1505 1493 μὲν
1531 1423 1640 1494 γὰρ
1668 1425 1734 1493 τῇ
1759 1423 1882 1476 δευ-

307 1521 440 1592 τέρᾳ
459 1521 479 1551 ⁸
507 1522 777 1591 πεποίηκε
801 1520 860 1573 τὸ
893 1519 1203 1590 στερέωμα,
1228 1520 1286 1570 ὲν
1308 1517 1365 1570 δὲ
1382 1518 1448 1587 τῇ
1472 1516 1631 1586 τρίτῃ
1650 1515 1717 1569 τὰ
1742 1515 1884 1584 φυτὰ

307 1613 490 1668 καὶτὰ
507 1614 816 1684 σπέρματα,
847 1615 941 1667 καὶ
963 1615 1020 1665 ἐν
1043 1615 1165 1674 ταῖς
1185 1611 1371 1672 ἄλλαις
1395 1609 1596 1680 ὁμοίως
1616 1605 1686 1661 τὰ
1705 1609 1840 1662 ἄλλα
1865 1623 1878 1638 ⁸

1986 419 2304 475 resurrexit.
2330 420 2524 475 Statim
2548 421 2692 475 enim
2715 429 2838 491 post
2856 423 3330 486 resurrectionem,
3360 419 3572 494 1434

1985 513 2158 566 sacris
2192 513 2462 583 apostolis
2497 514 2778 584 praecepit,
2813 525 2870 569 ut
2894 513 3058 580 irent,
3089 524 3142 570 et
3165 515 3424 570 docerent
3451 529 3572 568 om-

1987 622 2083 662 nes
2105 615 2318 678 gentes.
2333 605 2616 677 Praecipue
2635 616 2816 661 autem
2841 605 2988 662 hunc
3009 607 3154 663 diem
3178 623 3207 662 ει
3235 607 3343 664 Deo
3367 605 3568 661 factum

1987 713 2108 752 csse
2127 697 2278 753 dicit.
2307 697 2582 764 Quoniam
2606 701 2757 754 enim
2788 715 2816 754 a
2852 699 3128 771 principio
3157 702 3334 756 lucem
3363 699 3457 753 illo
3484 699 3572 754 die

1989 788 2114 844 fecit
2137 791 2300 857 Deus,
2329 806 2453 847 cum
2475 795 2641 847 etiam
2671 793 2977 848 Salvatoris
3005 794 3176 847 nostri
3210 791 3573 848 resurrectio-

1988 896 2110 934 nem
2141 882 2462 950 accepisset,
2490 883 2676 938 radios
2699 882 3088 954 Solisjustitiae
3112 883 3166 937 in
3197 891 3369 936 totum
3400 893 3573 938 terra-

1988 985 2110 1026 rum
2129 971 2316 1026 urbem
2346 973 2549 1027 emisit.
2582 972 2648 1028 Et
2675 989 2798 1028 cum
2828 975 3002 1028 lucem
3031 989 3197 1046 porro
3223 973 3569 1037 fabricasset,

1987 1066 2162 1119 lucem
2199 1065 2416 1119 vocavit
2447 1063 2614 1130 diem,
2649 1066 2784 1120 nihil
2821 1076 3002 1121 autem
3043 1065 3199 1120 aliud
3238 1065 3332 1120 illo
3369 1065 3458 1119 die
3494 1064 3568 1118 fe-

1987 1158 2082 1212 cit.
2119 1155 2216 1212 llic
2241 1155 2411 1228 igitur
2443 1157 2562 1214 dies
2589 1157 2762 1222 solus,
2797 1158 2945 1213 sicut
2980 1158 3195 1228 primus
3230 1158 3369 1220 dies,
3409 1155 3578 1210 lumi-‘

1988 1245 2074 1300 nis
2107 1246 2510 1302 institutionem
2551 1248 2784 1318 accepit.
2811 1246 3068 1304 Secundo
3093 1248 3240 1303 enim
3272 1247 3360 1302 die
3391 1247 3574 1300 lirma-

1987 1347 2234 1392 mentum
2282 1337 2434 1405 fecit,
2468 1340 2632 1395 tertio
2667 1341 2887 1410 plantas
2913 1351 2968 1394 et
2997 1341 3230 1401 semina.
3267 1353 3322 1395 et
3353 1340 3406 1393 in
3447 1338 3572 1392 aliis

1987 1428 2240 1484 similiter
2268 1431 2394 1496 alia,
2427 1432 2607 1501 primo
2639 1447 2768 1488 vero
2783 1434 2870 1489 die
2902 1433 3078 1490 lucem
3107 1450 3120 1486 :
3157 1434 3513 1487 vocavitaute
3538 1449 3568 1482 η

1987 1519 2166 1579 lucem
2213 1521 2372 1576 diem.
2417 1520 2548 1576 iure
2589 1523 2752 1594 igitur
2786 1523 2960 1578 dixit:
2997 1543 3016 1576 ι
3047 1521 3146 1578 llic
3167 1522 3386 1577 estdies
3407 1535 3568 1591 quem

1987 1608 2118 1664 fecit
2151 1610 2455 1666 Dominus:
2486 1613 2849 1676 exsultcmus,
2880 1622 2933 1667 et
2953 1613 3203 1668 laetemur
3233 1610 3288 1664 in
3312 1626 3400 1674 eo,
3437 1628 3456 1660 ι
3488 1619 3574 1664 ut-

305 1707 363 1758 ὲν
389 1705 444 1758 δὲ
482 1707 546 1777 τῇ
578 1704 770 1777 πρώτῃ
813 1705 997 1776 ἡμέρα
1031 1703 1092 1757 τὸ
1127 1701 1244 1771 φῶς
1275 1716 1288 1730 ’
1324 1700 1552 1754 ἐκάλεσε
1587 1699 1642 1752 δὲ
1673 1699 1733 1752 τὸ
1771 1698 1875 1768 φῶς

1989 1707 2118 1768 pote
2153 1701 2244 1769 qui
2276 1701 2329 1755 in
2372 1701 2492 1772 ipso
2529 1702 2796 1756 bonorum
2836 1701 3016 1756 fontes
3055 1700 3392 1769 accepimus.

304 1795 554 1864 ἡμέραν.
585 1797 828 1858 Εἰκότως
857 1795 1037 1848 τοίνυν
1066 1795 1086 1826 ⁶
1114 1795 1239 1864 ἔφη,
1289 1811 1310 1845 ι
1341 1791 1488 1862 Αὕτη
1528 1795 1558 1862 ἡ
1619 1793 1822 1862 ήμέρα,
1885 1791 1953 1860 ἣν
1991 1792 2247 1862 ἐποίησεν
2275 1793 2304 1846 6
2353 1791 2581 1864 Κύριος,
2613 1794 3098 1863 ἀγαλλιασὼμεθα,
3131 1795 3224 1848 καὶ
3255 1789 3574 1863 εὐφρανθῶ-

307 1909 406 1964 μεν
450 1893 507 1946 ὲν
531 1893 692 1964 αὐτῇ,
738 1911 756 1944 ι
804 1893 900 1945 ἆτε
950 1893 1014 1962 δὴ
1047 1893 1104 1943 ὲν
1133 1891 1271 1962 αὐτῇ
1307 1889 1418 1942 τῶν
1441 1887 1666 1956 ἀγαθῶν
1693 1889 1980 1958 δεξάμενοι
2013 1887 2114 1948 τὰς
2142 1889 2352 1958 πηγάς.

374 1990 476 2040 κε’.
506 2003 526 2038 ι
552 1982 625 2039 Ὦ
650 1985 845 2056 Κύριε,
868 1986 1042 2039 σῶσον
1056 1984 1141 2056 δὴ,
1165 1975 1210 2040 ὧ
1239 1983 1432 2054 Κύριε,
1456 1983 1720 2037 εὐόδωσον
1737 1983 1824 2054 δή.
1857 2002 1874 2033 ι

302 2075 414 2130 Καὶ
444 2078 523 2140 είς
567 2077 658 2129 τὸν
705 2076 896 2130 ἔπειτα
939 2075 1154 2148 χρόνον,
1195 2070 1240 2129 ὦ
1282 2075 1548 2139 Δέσποτα,
1597 2077 1880 2146 παράσχου

303 2167 401 2238 τὴν
453 2170 750 2238 σωτηρίαν,
789 2169 882 2221 καὶ
911 2170 1008 2236 τὴν
1036 2168 1171 2239 πρὸς
1209 2167 1267 2221 σὲ
1301 2167 1572 2238 φέρουσαν
1600 2169 1734 2236 ἡμῖν
1763 2168 1882 2222 ὁδὸν

304 2258 529 2330 ποίησον
566 2259 757 2330 ῥᾳδίαν
796 2259 890 2312 καὶ
927 2258 1182 2330 εὔπορον.

378 2357 492 2416 κςθ.
533 2367 552 2401 ι
602 2350 982 2422 Εὐλογημένος
1024 2351 1052 2402 6
1081 2350 1377 2422 ἐρχόμενος
1407 2349 1466 2403 ὲν
1499 2349 1724 2420 ὀνόματι
1767 2351 1880 2404 Κυ-

307 2442 446 2512 ρίου,
473 2461 490 2494 ι
516 2441 769 2514 Ταύτηντ
797 2441 874 2513 τῷ
901 2442 1146 2514 Δεσπότῃ
1174 2441 1272 2512 τὴν
1303 2443 1486 2512 φωνὴν
1505 2441 1601 2496 καὶ
1621 2443 1669 2494 οἰ
1692 2442 1882 2506 παῖδες

303 2534 690 2604 προσήνεγκαν
737 2533 818 2597 είς
862 2533 1085 2604 ἔλεγχον
1132 2533 1241 2586 τῶν
1289 2533 1359 2586 τὰ
1396 2533 1515 2587 θεῖα
1549 2533 1706 2600 λόγια
1733 2533 1880 2586 διδά-

305 2633 457 2678 σκειν
494 2624 967 2696 ὑπισχνουμένων,
1003 2627 1097 2680 καὶ
1149 2627 1250 2696 τὴν
1280 2625 1458 2698 ἀληθῆ
1483 2626 1724 2680 διάνοιαν
1755 2644 1879 2679 συν-

304 2713 436 2768 ιδεῖν
459 2717 520 2768 ού
563 2717 924 2786 βουλομένων.
969 2717 1090 2770 Τῶν
1117 2718 1226 2788 γὰρ
1254 2719 1630 2788 Γραμματέων
1661 2719 1752 2772 καὶ
1773 2721 1882 2773 Ilia.

307 2805 530 2876 ρισαίων
581 2807 928 2879 Σαμαρείτην
975 2809 1067 2861 τὸν
1114 2811 1394 2882 Δεσπότην
1432 2809 1876 2875 ἀποκαλούντων,

301 2897 351 2950 οί
383 2897 572 2962 παῖδες
601 2899 763 2952 αὐτὸν
792 2895 932 2954 εἶναι
971 2901 1060 2953 τὸν
1101 2903 1396 2973 ἐρχόμενον
1418 2904 1440 2936 ⁸
1467 2904 1560 2956 καὶ
1588 2903 1881 2974 εὐλογημέο

302 3003 393 3039 νον
446 2987 756 3042 ἀπεκάλουν
783 2990 825 3052 9,
861 2990 958 3042 καὶ
991 2990 1052 3042 τὸ
1099 2991 1326 3046 Ὡσαννὰ
1354 2992 1411 3046 δὲ
1436 2993 1636 3063 ὁμοίως
1667 2997 1724 3047 ἐν
1749 2994 1878 3065 τῇδε

301 3081 480 3132 κεῖται
507 3082 575 3151 τῇ
615 3081 922 3152 προφητείᾳ
952 3097 965 3110 ⁴
999 3081 1060 3134 τὸ
1095 3083 1204 3154 γὰρ
1253 3083 1464 3138 σῶσον
1491 3085 1569 3154 δὴ
1615 3086 1880 3142 Ὡσαννὰ

2059 1984 2228 2038 Vens.
2257 1984 2347 2038 25.
2384 2003 2402 2034 ι
2441 1983 2483 2037 0
2512 1983 2762 2048 Domine,
2798 1984 3010 2038 salvum
3040 1998 3128 2038 me
3147 1982 3250 2045 fac,
3273 1997 3306 2036 0
3326 1980 3570 2045 Domine,

1981 2075 2119 2131 bene
2158 2091 2504 2146 prosperare.
2550 2095 2568 2126 ι
2607 2075 2669 2128 Et
2703 2076 2754 2130 in
2789 2083 3072 2145 posterum
3116 2083 3350 2142 tempus,
3393 2087 3425 2124 ο
3464 2071 3572 2125 Do-

1982 2165 2152 2231 mine,
2199 2167 2435 2230 salutem
2490 2165 2718 2236 largire,
2763 2175 2817 2220 et
2868 2165 3013 2219 viam
3051 2164 3118 2218 ad
3173 2175 3226 2217 te
3279 2162 3568 2218 ducentem

1983 2256 2194 2310 facilem
2236 2267 2288 2312 et
2315 2258 2621 2326 expeditam
2659 2256 2946 2312 nobisfac.

2057 2347 2220 2402 \‘sns.
2249 2348 2339 2402 26.
2383 2366 2401 2398 ι
2438 2349 2768 2402 Benedictus
2808 2349 2906 2415 qui
2935 2348 3082 2401 venit
3121 2348 3178 2400 in
3209 2346 3434 2402 nomine
3467 2345 3570 2400 Do-

1983 2439 2142 2494 mini.
2184 2457 2203 2490 ι
2241 2439 2382 2494 ldcm
2419 2441 2586 2494 etiam
2621 2439 2774 2510 pueri
2819 2439 3052 2494 Domino
3079 2439 3360 2502 dixerunt,
3394 2438 3448 2492 in
3485 2452 3571 2492 rc-

1981 2531 2400 2602 prehensionem
2442 2547 2632 2586 eorum
2677 2533 2794 2602 qui,
2852 2530 3038 2586 divina
3098 2530 3322 2586 oracula
3371 2529 3569 2586 docere

1981 2624 2318 2694 proﬁtentes,
2375 2625 2657 2679 veritatem
2719 2639 3048 2696 cognoscere
3091 2623 3368 2678 nolebant.
3427 2621 3564 2679 Cum

1980 2721 2125 2776 enim
2173 2721 2382 2776 Scribte
2416 2730 2474 2776 et
2520 2721 2780 2777 Pharisaei
2815 2720 3221 2776 Samaritanum
3268 2719 3564 2776 Dominum

1979 2817 2338 2886 appellarent,
2381 2808 2534 2887 pueri
2561 2817 2740 2888 ipsum
2771 2832 2893 2874 esse
2921 2817 3226 2873 venientem
3258 2824 3313 2871 et
3342 2815 3566 2871 benedi-

1979 2917 2127 2965 ctum
2160 2910 2418 2965 dicebant
2447 2919 2496 2964 P.
2529 2909 2594 2964 Et
2623 2927 2726 2966 vox
2780 2911 3040 2966 Hosanna
3083 2909 3334 2965 similiter
3376 2910 3429 2965 in
3465 2911 3564 2964 hac

1979 3007 2141 3061 etiam
2161 3007 2550 3062 vaticinatione
2583 3008 2744 3062 inest.
2777 3005 2989 3078 15.35
3023 3005 3242 3062 Salvum
3273 3005 3420 3062 enim
3455 3005 3556 3076 fac,

1979 3101 2034 3154 in
2066 3099 2295 3156 Hebraeo
2333 3112 2589 3156 contextu
2637 3101 2896 3156 llosanna
2937 3103 3174 3171 positum
3228 3099 3560 3156 invenimus.

301 3171 453 3241 παρὰ
486 3169 567 3240 τῷ
612 3171 852 3262 Ἑϐραίῳ
903 3172 1155 3242 κείμενον
1199 3173 1452 3246 εὕρομεν.
1497 3176 1777 3230 Ἐντεῦθεν
1821 3178 1875 3232 δὲ

1983 3193 2120 3250 llinc
2143 3194 2304 3248 etiam
2332 3193 2527 3250 beatus
2547 3193 2786 3250 Joannes
2809 3169 3072 3264 Baptista,
3103 3209 3233 3249 suos
3259 3192 3563 3265 discipulos

299 3261 395 3316 καὶ
425 3263 454 3315 6
485 3258 764 3334 μακάριος
803 3257 1056 3336 Ἰωάννης
1077 3268 1106 3319 ὁ
1137 3265 1448 3338 Βαπτιστής
1476 3268 1603 3331 τοὺς
1641 3269 1875 3334 οἰκείους

1983 3287 2046 3339 ad
2083 3285 2363 3340 veritatem
2400 3285 2629 3349 ducens,
2661 3299 2754 3354 per
2781 3284 2930 3360 _illos
2995 3271 3286 3340 Dominum
3329 3285 3562 3340 interro-

297 3354 435 3424 πρὸς
462 3355 560 3428 τήν
589 3355 849 3428 ἀλήθειαν
879 3357 1131 3429 ποδηγῶν
1157 3357 1426 3430 μαθητὰς,
1453 3361 1618 3432 ήρετο
1641 3362 1709 3415 δι’
1733 3362 1876 3416 ὲκείσ

297 3462 404 3500 νων
431 3449 524 3502 τὸν
555 3449 756 3519 Κύριον
777 3466 793 3481 ο
830 3469 850 3502 ι
881 3451 951 3504 Σὺ
975 3449 1026 3504 si
1047 3452 1075 3504 6
1101 3451 1418 3524 ἐρχόμενος,
1437 3451 1470 3524 ἢ
1487 3453 1673 3525 ἕτερον
1704 3472 1874 3524 προσ-

295 3540 579 3612 δοκῶμεν;
618 3561 637 3593 ι
682 3542 886 3614 Κύριος
947 3545 1003 3598 δὲ
1033 3545 1130 3612 ὢν,
1168 3549 1228 3600 ἐν
1254 3546 1480 3617 ὀνόματι
1509 3547 1712 3618 Κυρίου
1745 3549 1878 3620 ὲλήι

294 3633 472 3686 λυθεν.
495 3633 680 3698 Οὖτως
705 3635 762 3689 δὲ
791 3635 896 3707 ἔφη
926 3637 1064 3708 πρὸς
1082 3637 1394 3704 ἰουδαίουςο
1421 3657 1440 3691 ι
1465 3638 1606 3708 Ἐγὼ
1634 3639 1872 3712 ἐλήλυθα

293 3725 351 3778 έν
374 3725 451 3796 τῷ
475 3727 698 3797 ὀνόματι
745 3728 837 3781 τοῦ
887 3729 1100 3802 Πατρός
1157 3748 1257 3803 μου
1285 3729 1365 3804 [η
1394 3733 1485 3785 καὶ
1515 3733 1614 3784 οὐκ
1645 3731 1870 3788 ἐλάσετέ

296 3817 412 3890 μεῙ·
457 3819 680 3892 ἔρχεται
714 3821 874 3886 ἄλλος
917 3824 974 3876 ὲν
1003 3821 1082 3894 τῷ
1115 3823 1231 3895 ίδίῳ
1259 3825 1506 3896 ὀνόματι,
1540 3829 1792 3882 κάκεῖνον
1825 3830 1866 3862 ⁸⁸

293 3911 554 3982 λήψεσθε.
599 3932 618 3964 ›
643 3913 754 3966 Καὶ
785 3913 1156 3985 εὐλογημένος
1186 3915 1282 3982 ὣν,
1317 3919 1686 3990 εὐλογημένου
1720 3921 1868 3975 ἐστὶν

291 4003 416 4066 υίός.
453 4001 610 4056 Οὕτω
639 4003 681 4036 ¹¹
707 4003 802 4058 καὶ
849 4006 878 4057 6
917 4005 1210 4076 ἀρχιερεὺς
1239 4007 1420 4080 ήρετο·
1464 4028 1483 4060 ι
1515 4011 1588 4064 Σὺ
1617 4007 1669 4064 εἴ
1691 4012 1720 4064 ὁ
1754 4013 1868 4076 υίὸς

289 4095 384 4149 τοῦ
404 4094 698 4168 εὐλογητοῦ
719 4113 732 4162 ;
753 4115 771 4147 ι
796 4125 858 4136 -
875 4115 892 4148 ι
920 4097 1316 4168 Εὐλογήκαμεν
1338 4101 1480 4170 ὑμᾶς
1506 4103 1565 4168 ἐξ
1584 4103 1734 4158 οἴκου
1751 4105 1867 4159 Κυ-

293 4184 428 4256 ρίου.
469 4206 488 4236 ι
533 4185 722 4238 Ταῦτα
764 4186 1014 4255 λέγουσιν
1045 4189 1096 4242 oi
1133 4191 1482 4263 νενικηκότες
1511 4196 1623 4258 τοῖς
1655 4197 1866 4250 ἑαυτῶν

289 4279 566 4350 ἐρασταῖς,
621 4279 705 4332 ὅτι
756 4279 848 4332 τοῦ
882 4279 1031 4334 λίθου
1079 4281 1270 4336 τούτου
1316 4286 1412 4356 τὴν
1443 4287 1692 4356 εὐλογίαν
1737 4291 1865 4360 ὑμῖν

291 4371 697 4440 προσφέρομεν,
733 4370 792 4435 ὃς
845 4368 994 4436 οἶκος
1050 4375 1271 4444 ἐγένετο
1305 4377 1398 4430 τοῦ
1439 4379 1498 4432 ὲν
1541 4381 1689 4452 αὐτῷ
1729 4382 1862 4434 Θεοῦ

287 4461 462 4530 Λόγου
490 4481 505 4494 ο
551 4483 570 4516 ι
623 4465 680 4517 ὐ
711 4467 819 4536 γὰρ
862 4467 1053 4536 Λόγος,
1087 4471 1238 4541 φησὶ,
1297 4469 1432 4542 σὰρξ
1485 4473 1720 4542 ἐγένετο,
1771 4476 1865 4530 καὶ

1977 3375 2127 3446 gavit
2161 3394 2172 3429 :
2217 3393 2234 3426 ι
2275 3373 2430 3430 Tune
2467 3391 2548 3440 es,
2577 3375 2669 3446 qui
2701 3384 2966 3430 venturus
2986 3389 3068 3438 es,
3102 3389 3169 3430 an
3194 3374 3362 3429 alium
3395 3389 3562 3448 expc-

1977 3465 2282 3521 ctemus<t?
2319 3485 2338 3518 ι
2388 3463 2525 3520 Cum
2562 3470 2742 3520 autem
2777 3463 2850 3518 sit
2901 3463 3188 3530 Dominus,
3239 3464 3294 3518 in
3337 3464 3562 3518 nomine

1975 3555 2194 3614 Domini
2219 3559 2386 3614 venit.
2421 3557 2514 3614 Sic
2543 3573 2711 3629 porro
2743 3553 2952 3614 Iudaeis
2974 3557 3112 3614 dixit
3139 3578 3152 3613 :
3189 3577 3206 3609 ι
3228 3557 3341 3628 Ego
3359 3557 3479 3614 veni
3504 3558 3558 3611 in

1973 3651 2196 3705 nomine
2217 3647 2398 3706 Patris
2441 3651 2568 3716 mei,
2601 3649 2722 3722 [sed
2759 3665 2865 3704 non
2903 3649 3190 3720 recepistis
3228 3647 3388 3722 me;]
3415 3649 3562 3704 venit

1973 3744 2115 3798 alius
2137 3743 2190 3797 in
2229 3758 2330 3798 suo
2363 3743 2606 3807 nemine,
2635 3753 2688 3796 et
2721 3741 2872 3796 illum
2901 3741 3179 3813 accipietis
3210 3751 3252 3796 τ.
3298 3760 3317 3793 ι
3347 3741 3554 3796 Etcum

1972 3836 2044 3890 sit
2065 3835 2404 3896 benedictus,
2433 3834 2701 3891 benedicti
2729 3844 2813 3890 est
2839 3834 3004 3889 illius.
3036 3833 3300 3889 Similiter
3331 3842 3386 3888 ct
3416 3849 3556 3903 pon-

1972 3925 2102 3982 tifex
2145 3927 2502 3996 interrogavit
2535 3945 2548 3981 :
2585 3945 2602 3977 ι
2650 3926 2808 3981 Tune
2840 3942 2900 3982 es
2931 3925 3078 3981 ﬁlius
3117 3925 3389 3981 benedicti
3423 3927 3491 3980 σί
3531 3945 3548 3980 ι

1969 4049 2040 4059 -
2067 4039 2086 4072 ι
2113 4017 2505 4074 Benediximus
2539 4019 2694 4074 vobis
2727 4019 2794 4074 de
2818 4019 2979 4074 domo
3011 4017 3251 4072 Domini.
3284 4038 3301 4070 ι
3329 4018 3454 4074 Haec
3473 4019 3552 4074 di-

1969 4121 2105 4167 cunt
2133 4111 2327 4166 amicis
2358 4109 2474 4166 suis
2499 4111 2592 4181 qui
2629 4111 2913 4165 victoriam
2959 4110 3144 4179 adepti
3184 4118 3334 4172 sunt,
3377 4109 3552 4179 llujus

1968 4204 2166 4274 lapidis
2205 4203 2643 4260 benedictionem
2679 4202 2837 4258 vobis
2884 4199 3186 4266 allen-imus,
3230 4200 3322 4269 qui
3355 4200 3552 4254 domus

1969 4297 2148 4353 factus
2175 4304 2260 4352 est
2288 4294 2382 4352 Dei
2413 4291 2600 4363 Verbi,
2625 4295 2768 4365 quod
2803 4296 2819 4316 ‘
2851 4295 2906 4348 in
2941 4309 3003 4348 ea
3037 4293 3321 4355 habitavit,
3357 4310 3376 4343 ι
3415 4290 3546 4346 Ver-

1969 4386 2109 4446 bnm'
2130 4392 2298 4455 enim,
2343 4389 2542 4461 inquit,
2573 4404 2702 4444 caro
2742 4387 2946 4444 factum
2977 4395 3080 4454 est,
3115 4396 3168 4442 et
3197 4384 3463 4440 habitavit
3495 4384 3545 4436 in

1968 4481 2126 4536 nobis
2156 4481 2196 4536 τ.
2223 4501 2238 4530 ι
2277 4479 2342 4534 Ει
2372 4479 2637 4534 Dominus
2671 4477 2874 4534 ludatis
2903 4477 3038 4532 dixit
3068 4495 3080 4531 :
3117 4495 3135 4528 ι
3174 4475 3378 4532 Solvite
3413 4483 3547 4530 tem-

287 4556 602 4656 ἐσκήνωσεν
635 4559 692 4610 ἐν
721 4561 874 4630 ἡμῖν.
909 4579 926 4611 ι
963 4561 1074 4614 Καὶ
1101 4564 1130 4614 6
1161 4563 1362 4634 Κύριος
1401 4564 1539 4635 πρὸς
1573 4565 1862 4630 Ἰουδαίους

1983 4574 2112 4629 ilum
2150 4573 2274 4640 hoc,
2303 4583 2357 4628 et
2388 4573 2442 4626 in
2481 4573 2656 4627 tribus
2689 4571 2882 4627 diebus
2915 4569 3167 4626 excitabo
3198 4568 3330 4623 illud
3353 4575 3402 4623 ιι.
3443 4586 3462 4620 ι

285 4641 390 4714 ἔφη
417 4659 430 4674 ’
495 4661 514 4695 ι
553 4645 765 4698 Λύσατε
794 4647 883 4700 τὸν
917 4648 1040 4701 ναὸν
1061 4649 1270 4716 τοῦτον,
1305 4653 1396 4704 καὶ
1426 4654 1485 4706 ἐν
1513 4655 1692 4724 τρισὶν
1723 4655 1860 4726 ήμέ-

287 4751 406 4804 ραις
432 4735 609 4807 ἐγερῶ
633 4737 813 4792 αὐτόν.
857 4757 874 4788 ι

354 4825 456 4889 κζ’.
502 4844 520 4878 ι
558 4826 690 4891 Θεὸς
718 4829 942 4901 Κύριος,
979 4833 1073 4886 καὶ
1101 4835 1372 4904 ἐπέφανεν
1405 4838 1556 4908 ἡμῖν.
1599 4859 1616 4890 ι
1661 4839 1857 4909 Σαφῶς

285 4912 634 4989 ὲθεο).όγησεν
657 4921 889 4974 ἐνταῦθα
917 4923 1008 4978 τὸν
1036 4926 1316 4996 Δεσπότην
1341 4929 1383 4978 Χ
1394 4929 1594 4996 ριστόν.
1628 4931 1724 4981 Ὃν
1746 4929 1856 5000 γὰρ

285 5005 544 5064 ἐκάλεσεν
566 5011 884 5078 ἄνωλίθον,
917 5016 1014 5070 καὶ
1045 5017 1182 5086 μετὰ
1213 5018 1386 5071 ταῦτα
1419 5021 1849 5090 εύλογημένον,

358 5194 386 5236 P
414 5184 608 5242 Matth.
641 5206 754 5256 xxi,
785 5193 838 5249 9.
910 5208 940 5247 ς
971 5197 1158 5252 Matth.
1199 5213 1274 5260 ιιι,
1309 5198 1360 5252 5.
1437 5208 1461 5236 τ
1495 5197 1653 5254 Joan.
1691 5217 1744 5262 ν,
1778 5202 1868 5256 45.

1949 5208 1971 5236 ⁸
2006 5199 2170 5258 Marc.
2209 5220 2318 5268 xw,
2351 5201 2438 5258 6|.

2035 4831 2202 4890 Vens.
2243 4837 2332 4889 ‘27.
2371 4854 2390 4886 ι
2427 4834 2568 4892 Deus
2593 4833 2859 4892 Dominus
2886 4843 2990 4903 est,
3019 4843 3072 4890 et
3099 4833 3278 4888 illuxit
3309 4831 3493 4888 nobis.
3517 4848 3534 4882 ν

1963 4927 2251 4984 Manifesta
2294 4929 2400 4986 hoc
2439 4929 2492 4982 in
2535 4929 2660 4985 loco
2703 4928 2996 4984 Dominum
3033 4927 3314 4983 Christum
3366 4923 3535 4980 Deum

1921 5057 1931 5066 -
1961 5035 2087 5078 esse
2121 5022 2440 5077 declaravit.
2489 5021 2664 5090 Quem
2699 5021 2843 5078 enim
2883 5020 3136 5092 superius
3176 5020 3405 5088 lapidem
3439 5028 3536 5068 vo-

2526 5206 2538 5239 ¹
2582 5201 2740 5258 Joan.
2779 5219 2815 5269 l,
2856 5203 2943 5259 14.
3025 5209 3051 5236 υ
3082 5199 3244 5256 Joan.
3278 5212 3336 5263 ll,
3373 5193 3459 5251 i9.

1361 5357 1595 5412 VAliizE
1637 5358 2020 5416 LECTIONES
2071 5361 2156 5415 ΕΤ
2199 5363 2431 5419 ΝΟΤΙΕ.

355 5473 540 5560 ξιῖάρ.
580 5484 702 5538 cod.
738 5485 764 5560 ξ
798 5487 910 5541 καί.
988 5488 1005 5520 ⁴
1052 5491 1209 5560 Αὕτη
1267 5495 1495 5549 τοίνυν.
1537 5497 1610 5550 ib.
1643 5496 1759 5550 νῦν.

277 5546 298 5568 __
338 5498 540 5568 ;l;ap.
580 5498 702 5538 cou.
738 5498 764 5568 ξ
798 5498 910 5541 καί.
988 5498 1241 5568 ’.ρῠτηω
1267 5498 1495 5568 τοίνυν.
1537 5498 1610 5550 ib.
1643 5498 1759 5550 νῦν.
1863 5498 1875 5528 ⁸

1983 5517 2081 5552 τυτ.
2116 5499 2189 5554 ib.
2261 5499 2510 5568 sequitur

277 5551 964 5638 {fadtiir‘ff'e‘ﬁgogsm
1018 5560 1146 5638 Haec
1173 5551 1472 5638 j‘heodoro
1521 5568 1836 5622 tribuuntur

1985 5551 2016 5624 Δ
2040 5551 2220 5625 cui.
2269 5551 2314 5623 i.
2339 5551 2404 5624 '6.

2855 5500 2875 5530 °
2914 5498 3147 5552 Τοίνυν.
3175 5495 3295 5551 cod.
3326 5495 3380 5548 i.
3408 5493 3527 5554 νῦν.

2541 5500 2747 5570 ἡμέρᾳ.
2855 5500 2875 5530 ⁸
2914 5500 3147 5552 Τοίνυν.
3175 5500 3295 5551 cod.
3326 5500 3380 5548 1.
3408 5500 3527 5554 νῦν.

2547 5570 2669 5624 561.
2759 5570 2780 5601 ⁸
2819 5569 2982 5638 Ἐρχ.
3008 5568 3130 5625 cod.
3163 5569 3182 5622 i
3219 5566 3343 5621 add.
3381 5565 3533 5638 ὡμο-

2458 5585 2512 5640 p.
2542 5570 2669 5640 661.

289 5626 502 5696 λόγων.
577 5626 598 5658 ⁸
626 5625 756 5681 ibid.
781 5625 1028 5685 ἐκάλουν.
1108 5633 1149 5664 ¹⁰
1170 5631 1212 5685 Ε
1235 5634 1357 5690 cod.
1393 5637 1443 5689 1.
1527 5637 1565 5668 ¹¹
1595 5638 1667 5692 ib.
1697 5639 1875 5691 ἐκεῖνο

2003 5641 2045 5674 ε·
2077 5639 2242 5694 Οὕτω
2267 5671 2336 5682 -
2356 5625 2504 5706 owe.
2539 5639 2659 5695 Des.
2690 5639 2816 5694 una.
