3974 6206
321 266 462 327 1325

327 469 498 538 ωσηδι
535 483 601 536 με
635 466 742 519 ἀπὸ
774 465 879 517 τῶν
906 463 1136 518 ἐντολῶν
1170 478 1285 517 σου.
1319 480 1338 513 ι
1373 460 1606 531 Ζητοῦσι
1637 459 1736 530 μὲν
1767 473 1896 512 πο)⁸

325 563 408 616 λοι
433 566 525 615 τον
557 562 712 623 Θεὸν,
739 560 852 613 ἀλλ’
882 561 984 614 οὐκ
1010 561 1068 611 ὲν
1092 558 1186 628 ὅλῃ
1217 555 1446 628 καρδίᾳ·
1482 555 1768 626 μερίζουσι
1803 568 1900 625 γαρ

325 655 552 723 ταύτην,
583 653 644 706 οὐ
686 653 850 724 μόνον
887 653 967 713 είς
1019 649 1306 721 φροντίδας
1343 649 1684 720 πραγμάτων
1716 646 1902 716 βιωτιυ

329 751 457 808 κῶν,
477 746 615 800 ἀλλὰ
643 747 740 798 καὶ
760 747 838 810 εἰς
864 744 1160 813 ἐπιθυμίας
1184 743 1420 804 ἀτόπους
1435 741 1504 804 ⁸⁸,
1527 741 1622 794 καὶ
1648 739 1898 808 φθόνους,

328 839 422 893 καὶ
449 840 636 899 δόλους
659 879 671 902 ,
711 839 808 892 καὶ
834 839 934 902 τὰς
967 836 1075 890 τῶν
1111 834 1350 906 πλησίων
1386 833 1700 896 ἐπιϐουλάς.
1745 833 1805 886 '0
1842 831 1901 885 δὲ

327 933 434 986 τῶν
462 933 622 986 θείων
656 930 892 1003 ἐραστὴς
924 931 1108 983 πᾶσαν
1142 929 1360 999 ἀφιεροῖ
1384 927 1458 999 τῷ
1488 926 1608 996 Θεῷ
1646 925 1747 996 τὴν
1783 921 1904 980 δια-

328 1043 498 1090 νοιαν,
527 1025 622 1077 καὶ
647 1024 744 1093 τῆς
771 1023 982 1077 ἐκεῖθεν
1022 1023 1292 1091 ἁπαιωρεῖ
1309 1022 1354 1054 ⁵³
1391 1019 1669 1090 προνοίας.

403 1119 494 1167 ια’.
540 1131 558 1163 ι
606 1114 692 1166 Ἐν
726 1115 792 1184 τῇ
842 1112 1040 1184 καρδίᾳ
1077 1129 1179 1182 μου
1224 1111 1439 1183 ἔκρυψα
1473 1111 1543 1164 τὰ
1587 1108 1747 1177 λόγιά
1781 1124 1898 1172 σου,

328 1203 474 1264 ὅπως
502 1201 566 1254 ἂν
605 1202 678 1272 μὴ
711 1201 940 1271 ἁμάρτω
976 1218 1077 1254 σοι.
1111 1220 1129 1250 ι
1163 1201 1220 1251 '0
1250 1199 1447 1269 χρυσὸν
1478 1196 1834 1267 κεκτημένος,
1865 1195 1898 1266 ἢ

329 1295 590 1364 ἄργυρον,
624 1294 656 1362 ἢ
691 1292 874 1356 λίθους
909 1295 1150 1363 τιμίους,
1182 1293 1281 1345 οὐκ
1307 1289 1412 1356 ἔξω
1435 1290 1608 1344 ταῦτα
1639 1288 1903 1360 προτίθη-

329 1402 414 1437 σιν
436 1401 448 1412 ·
475 1385 591 1437 ἀλλ’
622 1386 771 1439 ἔνδον
802 1386 860 1438 ἐν
903 1388 1018 1448 τοῖς
1062 1387 1336 1454 ταμιείοις
1367 1384 1459 1436 καὶ
1495 1386 1608 1445 τοῖς
1636 1381 1902 1452 Θαλάμαις

326 1477 843 1548 ὲναποκρύπτειθδ,
892 1477 1032 1530 ὣστε
1077 1478 1360 1546 διαφυγεῖν
1403 1476 1512 1529 τῶν
1557 1473 1902 1546 τοιχωρύχων

326 1571 426 1633 τὰς
457 1574 668 1640 χεῖρας.
713 1569 904 1632 Οὕτως
951 1571 981 1622 6
1021 1570 1111 1622 τὸν
1145 1569 1378 1622 πλοῦτον
1407 1569 1545 1638 ἔχων
1573 1567 1672 1636 τῆς
1699 1566 1903 1636 ἀρετῆς

329 1661 564 1733 κρύπτει
610 1662 800 1714 τοῦτον
847 1663 906 1714 ὲν
933 1664 1000 1732 τῇ
1039 1661 1216 1732 ψυχῗμ
1267 1663 1344 1723 ὼς
1381 1659 1450 1714 ἂν
1501 1659 1578 1730 μὴ
1619 1658 1708 1713 διὰ
1741 1657 1899 1728 δόξης

331 1755 524 1823 καινῆς
555 1753 746 1806 τοῦτον
775 1755 825 1812 pi
854 1754 962 1806 τῶν
990 1753 1176 1823 ψυχῶν
1227 1751 1522 1822 συλήσαιεν
1567 1751 1894 1804 λωποδύται.

327 1845 584 1898 Δι’δάσκει
624 1845 684 1897 δὲ
723 1847 820 1896 καὶ
857 1845 1044 1914 ἕτερον
1089 1847 1117 1897 6
1161 1843 1353 1912 ὶόγοςο
1389 1845 1449 1894 οὐ
1489 1843 1599 1912 γὰρ
1629 1842 1800 1895 ἅπασι
1833 1841 1902 1894 τὰ

327 1935 446 1989 θεῖα
481 1936 638 2000 λόγια
673 1935 1009 2006 προσφέρειν
1047 1935 1374 2005 παρεγγυᾷο
1419 1951 1438 1984 ι
1475 1935 1566 2002 Μὴ
1595 1932 1731 1986 δῶτε
1769 1932 1898 2002 γὰρ,

328 2031 484 2098 φησὶ,
512 2029 581 2082 τὰ
596 2028 730 2098 ἅγια
763 2031 877 2093 τοῖς
901 2031 1048 2093 κυσὶ,
1081 2027 1217 2098 μηδὲ
1243 2027 1437 2097 ῥίψητε
1465 2027 1593 2088 τοὺς
1623 2025 1900 2096 μαργαρί-

326 2138 424 2182 τας
455 2121 608 2188 ὑμῶν
647 2121 954 2190 ἔμπροσθεν
984 2119 1268 2190 χοίρωνπῆ
1295 2137 1314 2170 ι

400 2215 488 2266 ιϐ’.
519 2231 538 2265 ι
567 2213 870 2280 Εὐλογητὸς
893 2209 966 2277 εἷ,
994 2211 1170 2281 Κύριε
1190 2226 1204 2240 ·
1237 2209 1449 2275 δίδαξὸν
1477 2227 1544 2278 με
1574 2208 1645 2261 τὰ
1677 2208 1900 2262 δικαιώ-

333 2309 480 2377 ματά
508 2323 624 2358 σου.
664 2325 680 2354 ι
730 2304 878 2356 ’Λντὶ
906 2301 1024 2366 τοῦ,
1067 2302 1274 2371 ἥμερος
1302 2297 1352 2353 εἷ
1375 2302 1470 2354 καὶ
1499 2299 1902 2369 φιλάνθρωπος,

331 2398 426 2451 καὶ
474 2396 624 2460 ἄξιος
683 2393 836 2463 παρὰ
891 2393 1112 2446 πάντων
1152 2388 1458 2460 ὑμνεῖσθαι.
1509 2383 1584 2442 Ob
1633 2388 1699 2458 δὴ
1746 2388 1904 2458 χάριν

329 2487 597 2542 ἀντιῆολῶ
640 2503 700 2540 σε
739 2485 931 2556 μαθεῖν
965 2483 1114 2554 παρὰ
1159 2480 1252 2538 σοῦ
1289 2481 1358 2536 τὰ
1403 2480 1694 2535 δικαιῶσαι
1742 2479 1904 2533 δυνά-

335 2597 491 2650 μενα.

407 2678 494 2739 ιγ’.
533 2689 552 2722 ι
594 2671 682 2723 Ἐν
724 2672 838 2732 τοῖς
881 2667 1086 2739 χείλεσί
1131 2685 1235 2738 μου
1281 2667 1570 2735 ἐξήγγειλα
1621 2665 1799 2720 πάντα
1837 2665 1906 2718 τὰ

333 2763 578 2834 κρίματα
605 2759 701 2814 τοῦ
747 2759 1014 2830 στόματός
1067 2775 1181 2810 σου.
1221 2776 1240 2808 ι
1282 2759 1349 2809 *Α
1381 2757 1492 2826 γὰρ
1519 2755 1587 2808 ἂν
1617 2755 1770 2826 παρὰ
1805 2755 1906 2824 τῆς

336 2855 433 2923 σῆς
476 2849 812 2920 ἁγαθότητος
857 2849 1086 2918 μάθοιμι
1109 2887 1124 2911 ,
1159 2847 1332 2900 ταῦτα
1361 2846 1558 2910 διδάξω
1587 2848 1714 2910 τοὺς
1749 2847 1907 2914 ἀγνο-

332 2958 546 3004 υνντας.

1659 255 1738 316 IN
1781 255 1988 316 PSAL.
2021 255 2284 316 CXVIII.

404 381 450 430 ".
491 395 508 426 ι
555 374 642 427 Ἐν
689 373 782 444 ἕλῃ
831 371 1028 442 καρδίᾳ
1069 387 1168 442 μου
1214 368 1515 441 ἐζήτησάδθ
1544 384 1624 432 σε,
1673 367 1748 438 μὴ
1791 368 1900 444 απτ
1933 371 1973 430 Α

3397 269 3404 276 ’
3448 262 3585 329 1826

2075 365 2242 421 ‘v‘sns.
2289 367 2375 420 ιο.
2425 387 2442 420 ι
2483 367 2619 424 Toto
2655 372 2818 426 corde
2847 386 2969 428 meo
3005 375 3232 440 quaesivi
3271 384 3364 431 te:
3405 393 3472 430 ne
3499 393 3585 432 re-

2003 460 2178 526 pellas
2206 475 2292 515 me
2323 475 2353 516 a
2403 462 2671 517 mandatis
2711 465 2844 519 tuis.
2877 485 2896 518 ι
2952 465 3102 521 Multi
3145 466 3366 537 quidem
3412 466 3583 524 Deum

2003 563 2280 623 quaerunt,
2313 554 2406 610 sed
2437 569 2544 610 non
2590 565 2706 611 toto
2727 557 2893 614 corde
2925 575 2937 613 :
2971 560 3256 628 patiuntur
3291 559 3438 615 enim
3482 561 3585 618 hoc

2003 661 2112 702 non
2161 647 2326 701 modo
2380 647 2432 700 in
2482 663 2668 703 rerum
2718 649 3085 706 humanarum
3133 667 3332 718 curas,
3390 667 3582 706 rerum

2003 738 2168 792 etiam
2204 738 2259 792 iu
2303 739 2572 796 absurtlas
2611 743 3107 812 concupiscentiae,
3152 754 3206 800 et
3249 745 3303 799 in
3346 745 3582 799 invidias

2004 841 2059 884 et
2107 829 2352 896 fraudes,
2401 841 2456 886 et
2509 835 2880 902 proximorum
2945 837 3194 892 insidias.
3262 836 3581 891 Divinorum

2005 937 2136 977 vero
2163 924 2447 979 studiosus
2477 933 2644 979 totam
2687 927 2796 982 Deo
2825 939 3114 984 consecrat
3139 941 3400 996 mentem,
3430 937 3484 984 ct
3511 929 3582 984 ab

2002 1015 2149 1072 illius
2175 1018 2513 1086 providentia
2548 1018 2754 1090 1M1
2785 1021 3003 1090 pendet.

2075 1105 2238 1162 Vens.
2277 1107 2364 1162 11.
2403 1125 2424 1159 ι
2458 1107 2512 1161 In
2541 1110 2708 1164 corde
2738 1125 2858 1164 meo
2887 1111 3146 1165 abscondi
3185 1112 3403 1182 eloquia
3447 1120 3538 1166 tua
3561 1152 3576 1176 ,

2004 1207 2064 1252 ut
2123 1213 2229 1253 non
2274 1213 2494 1268 peccem
2559 1208 2748 1254 contra
2793 1209 2865 1254 te.
2898 1220 2916 1252 ι
2957 1201 3058 1267 Qui
3089 1217 3279 1256 aurum
3317 1203 3578 1272 possidet.

2003 1291 2086 1348 vel
2115 1303 2421 1363 argentum,
2454 1293 2539 1348 vel
2577 1304 2849 1362 pretiosos
2885 1295 3093 1365 lapides
3113 1335 3128 1360 ,
3163 1313 3270 1350 non
3300 1296 3437 1350 foris
3467 1297 3582 1350 hinc

2001 1385 2258 1454 proponit
2284 1425 2298 1450 ,
2332 1386 2426 1438 sed
2455 1385 2606 1442 intus
2629 1386 2682 1440 in
2713 1386 2868 1442 cellis
2898 1396 2953 1441 et
2986 1388 3240 1442 thalamis
3265 1389 3486 1454 occulit,
3521 1397 3584 1442 ut

2004 1492 2200 1530 manus
2232 1491 2422 1532 eorum
2479 1479 2572 1546 qui
2606 1479 2842 1548 parietes
2871 1479 3137 1536 eli‘odiunt
3177 1481 3436 1535 declinet.
3481 1479 3568 1534 Si-

2005 1570 2210 1625 militer
2240 1571 2331 1640 qui
2382 1572 2604 1627 virtutis
2635 1572 2856 1628 divitias
2905 1575 3105 1640 habet,
3157 1575 3258 1630 has
3301 1575 3355 1628 in
3398 1575 3582 1628 anima

2004 1661 2308 1726 abscondit,
2339 1679 2406 1717 ne
2434 1678 2530 1732 per
2559 1664 2774 1719 inanem
2807 1666 3038 1736 gloriam
3079 1668 3389 1722 animarum
3427 1667 3582 1722 fures

2003 1768 2099 1807 eas
2130 1753 2458 1823 subripiam.
2495 1755 2656 1810 Aliud
2687 1758 2854 1812 etiam
2908 1759 3134 1815 divinus
3181 1774 3362 1814 sermo
3389 1760 3578 1814 docet:

2001 1847 2256 1901 admonet
2300 1847 2446 1900 enim
2492 1864 2558 1902 ne
2598 1849 2856 1912 omnibus
2897 1851 3079 1904 divina
3117 1852 3340 1906 oracula
3381 1850 3580 1906 offera-

2003 1954 2152 1991 mus;
2189 1956 2205 1986 i
2236 1938 2412 1990 Nolite
2439 1939 2584 1991 enim
2616 1939 2748 1996 dare
2770 1982 2784 2004 ,
2817 1941 3038 2012 inquit,
3081 1954 3272 1998 sancta
3313 1945 3580 2011 canibus,

2003 2042 2104 2081 nec
2134 2028 2386 2097 projicite
2416 2030 2739 2098 margaritas
2771 2043 2981 2089 vestras
3007 2045 3134 2089 ante
3169 2049 3370 2104 porcos
3397 2044 3450 2089 ι.
3488 2054 3510 2088 ι

2079 2204 2244 2260 Vens.
2300 2206 2387 2260 12.
2437 2224 2456 2258 ι
2491 2205 2819 2263 Benedictus
2860 2223 2943 2272 es,
3001 2207 3269 2275 Domine,
3313 2211 3452 2266 doce
3497 2226 3582 2265 me

2001 2297 2422 2365 justiﬁeationes
2454 2307 2600 2353 tuas.
2625 2317 2644 2350 ι
2677 2301 2729 2354 ld
2761 2309 2844 2355 est
2868 2339 2882 2364 ,
2915 2309 3237 2356 mansuetus
3265 2317 3360 2368 es,
3395 2313 3450 2358 et
3487 2303 3582 2358 be-

2007 2387 2226 2455 nignus,
2265 2396 2318 2440 et
2345 2387 2542 2456 dignus
2573 2389 2665 2456 qui
2689 2389 2760 2444 ab
2787 2389 3046 2446 omnibus
3080 2393 3342 2447 lauderis.
3371 2393 3580 2449 Idcirco

2006 2493 2200 2547 precor
2225 2487 2297 2543 te,
2323 2485 2382 2532 ut
2408 2491 2472 2532 ea
2503 2496 2533 2531 a
2559 2487 2608 2532 te
2624 2477 2854 2545 discam,
2879 2495 3000 2550 quae
3023 2495 3109 2534 me
3125 2481 3334 2550 justum
3354 2481 3584 2540 reddere

2006 2571 2240 2640 possint.

2082 2661 2244 2717 Vens.
2276 2662 2421 2718 133:
2454 2662 2640 2717 Labiis
2678 2661 2818 2718 meis
2851 2663 3194 2732 pronuntiavi
3225 2665 3410 2719 omnia
3428 2665 3586 2735 'judi-

2007 2757 2092 2811 cia
2121 2756 2236 2811 oris
2263 2756 2361 2810 tui.
2402 2775 2420 2806 ι
2471 2756 2605 2820 Quae
2641 2759 2788 2810 enim
2817 2770 2850 2810 a
2878 2763 2969 2810 tua
3015 2756 3260 2814 bonitate
3295 2757 3580 2827 didicero,

2011 2849 2126 2902 haec
2143 2848 2460 2917 ignorantes
2477 2846 2705 2902 docebo.

405 3033 485 3086 ιδ’.
523 3052 540 3082 σ
591 3029 680 3084 Ἐν
712 3034 779 3102 τῇ
813 3029 918 3102 ὁδῷ
959 3030 1068 3084 τῶν
1115 3029 1432 3101 μαρτυρίων
1466 3046 1560 3083 σου
1609 3030 1902 3102 ἐτέρφθην,

2081 3026 2245 3082 Vens.
2277 3028 2359 3082 li.
2400 3045 2417 3078 ι
2452 3027 2542 3081 Via
2569 3025 3008 3082 testimoniorum
3037 3035 3254 3082 tuorum
3283 3028 3585 3086 delectatus

332 3123 408 3185 ὡς
443 3123 536 3176 ἐπὶ
579 3123 744 3176 παντὶ
786 3122 1023 3192 πλούτῳ.
1058 3141 1076 3174 ι
1125 3122 1414 3185 Ἐπίπονος
1444 3122 1544 3192 μὲν
1577 3124 1609 3193 ἡ
1648 3123 1746 3192 τῆς
1775 3123 1916 3193 ἀρε-’

329 3216 431 3285 τῆς
468 3215 627 3278 ὁδὸς,
675 3213 811 3267 ἀλλὰ
857 3215 971 3276 τοῖς
1015 3213 1242 3276 τελείοις
1291 3213 1640 3283 τριπόθητος.
1690 3215 1790 3268 Διά
1823 3231 1905 3267 τοι

332 3305 490 3360 τοῦτο
519 3307 616 3361 καὶ
653 3305 682 3358 6
719 3305 996 3374 Δεσπότης
1028 3305 1136 3375 ἔφη
1185 3305 1422 3374 Χριστός
1445 3322 1460 3337 ο
1517 3323 1534 3355 ι
1565 3305 1775 3359 Λὰὄετε
1816 3309 1906 3360 τὸν

335 3397 498 3465 ζυγόν
536 3413 636 3466 μου
679 3397 764 3462 ἐφ’
796 3397 960 3465 ὑμᾶς,
995 3397 1078 3450 ὅτι
1111 3397 1140 3448 6
1169 3397 1333 3464 ζυγός
1369 3413 1471 3466 μου
1505 3397 1771 3467 χρηστὸς,
1811 3398 1907 3451 καὶ

334 3487 397 3538 τὸ
423 3487 642 3557 φορτίον
670 3503 772 3556 μου
809 3487 1045 3558 ἐλαφρόν
1075 3488 1212 3542 ἐστι.
1248 3505 1266 3537 ι
1296 3487 1469 3540 Τοῦτο
1505 3488 1598 3540 καὶ
1626 3489 1654 3540 6
1691 3504 1907 3558 προφη-

336 3578 488 3642 τικὸς
527 3579 628 3649 ἔφη
673 3579 853 3647 λόγος,
903 3581 986 3632 ὅτι
1019 3579 1250 3632 πλούτου
1297 3580 1494 3642 παντὸς
1523 3579 1905 3650 Θυμηρεστέρα

339 3668 496 3738 μοι⁸⁶
534 3669 641 3722 τῶν
680 3671 788 3723 σῶν
821 3671 1142 3742 μαρτυρίων
1187 3672 1457 3741 ήκτῆσις.
1496 3671 1568 3724 Τὸ
1594 3671 1670 3737 δὲ,
1713 3691 1732 3724 ‹
1782 3672 1907 3725 Ἐπὶ

338 3762 500 3814 παντὶ
532 3760 768 3832 πλούτῳ,
805 3781 824 3813 ι
863 3763 960 3832 οὐχ
1013 3763 1198 3826 ἁπλῶς
1243 3763 1565 3833 πρόσκειται
1589 3803 1606 3830 ,
1639 3763 1774 3818 ἀλλὰ
1813 3765 1906 3816 τὸν

337 3853 678 3906 παντοδαπὸν
726 3853 956 3908 πλοῦτον
1023 3854 1362 3923 παραδηλοῖο
1426 3855 1600 3907 πολλὰ
1646 3855 1754 3924 γὰρ
1811 3855 1904 3908 τοῦ

339 3948 570 4002 πλούτου
602 3948 670 4000 τὰ
703 3949 838 4018 εἴδη.
877 3949 934 4002 Ὀ
975 3949 1074 4018 μὲν
1104 3951 1212 4018 γὰρ
1245 3949 1444 4019 χρυσον
1469 3949 1608 4020 ἔχων
1643 3951 1904 4021 ὀνομάξε-

338 4057 430 4096 ται
457 4039 731 4103 πλούσιος,
757 4043 786 4093 6
813 4039 871 4093 δὲ
901 4041 1144 4110 ἄργυρον
1163 4079 1178 4102 ,
1207 4042 1235 4092 6
1265 4041 1321 4094 δὲ
1345 4041 1448 4111 γῆν
1487 4041 1766 4111 πλείστην,
1805 4045 1906 4112 τὴν

346 4131 444 4201 μὲν
479 4131 928 4202 πεφυτευμένην,
971 4131 1069 4200 τὴν
1112 4132 1168 4184 δὲ
1203 4133 1296 4185 καὶ
1342 4133 1740 4204 σπειρομένηνο
1786 4136 1814 4187 ὁ
1850 4134 1908 4186 δὲ

341 4221 682 4291 βοσκήματα.
724 4219 886 4272 Ἀλλὰ
923 4219 1097 4272 ταῦτα
1145 4219 1324 4275 πάντα
1353 4223 1666 4291 περιλαϐὼν
1699 4226 1728 4278 6
1763 4225 1906 4292 Προ-

342 4313 538 4381 φήτης,
569 4311 798 4376 καὶτοῖς
833 4310 997 4375 θείοις
1034 4311 1355 4384 μαρτυρίοις
1387 4314 1740 4385 παραϐαλὼν,
1774 4315 1907 4384 ἔφη-

2009 3134 2152 3182 sutn,
2179 3121 2320 3174 sicut
2343 3120 2601 3174 omnibus
2625 3119 2852 3174 divitiis.
2870 3137 2890 3171 ι
2925 3116 3226 3174 Laboriosa
3254 3132 3338 3175 est
3364 3123 3583 3190 quidem

2007 3213 2224 3267 virtutis
2256 3213 2340 3266 via
2365 3254 2381 3277 ,
2412 3213 2506 3267 sed
2536 3211 2792 3281 perfectis
2823 3211 3115 3266 admodum
3145 3211 3409 3279 jucunda.
3447 3212 3585 3268 Pro-

2007 3314 2193 3373 pterea
2223 3303 2358 3359 dicit
2398 3303 2668 3358 Dominus
2697 3303 2956 3358 Christus
2985 3322 2998 3358 :
3044 3322 3063 3356 ι
3093 3304 3366 3376 Suscipite
3389 3305 3584 3377 jugum

2007 3411 2192 3451 meum
2227 3395 2280 3448 in
2317 3411 2457 3450 vos:
2507 3395 2699 3464 jugum
2751 3395 2898 3449 enim
2952 3410 3133 3448 meum
3186 3411 3356 3450 suave
3387 3406 3499 3464 est,
3531 3406 3586 3450 et

2007 3503 2148 3543 onus
2182 3503 2363 3541 meum
2397 3487 2512 3541 leve
2552 3495 2602 3542 γ.
2643 3505 2660 3538 ι
2700 3485 2790 3540 Sic
2817 3486 2982 3541 etiam
3017 3503 3200 3541 sermo
3231 3487 3309 3541 ait
3352 3489 3588 3556 prophe-

2007 3583 2180 3635 ticus:
2208 3579 2449 3633 'l‘uorum
2485 3578 2924 3633 testimoniorum
2947 3578 3226 3646 possessio
3245 3579 3586 3648 quibuslibet

2007 3672 2209 3727 divitiis
2237 3671 2535 3740 jucundior
2570 3671 2700 3724 mihi
2733 3679 2836 3724 est.
2877 3669 3008 3724 Illud
3038 3691 3051 3725 :
3093 3687 3112 3721 ι
3145 3669 3299 3726 Sicut
3328 3671 3584 3728 omnibus

2006 3765 2210 3820 divitiis
2235 3807 2251 3831 ,
2282 3783 2301 3816 ι
2353 3779 2464 3819 non
2498 3773 2701 3820 temere
2734 3766 3006 3834 adjectum
3039 3776 3122 3820 est
3160 3781 3174 3820 :
3211 3767 3306 3822 sed
3341 3767 3582 3821 universi

2007 3862 2222 3930 generis
2245 3875 2375 3928 opes
2397 3861 2639 3914 declarat
2663 3879 2676 3915 :
2713 3861 2898 3915 multae
2925 3861 3070 3914 enim
3105 3872 3235 3915 sunt
3261 3860 3582 3915 divitiarum

2008 3950 2241 4019 species.
2297 3951 2450 4003 Alius
2497 3965 2694 4004 aurum
2741 3951 2982 4014 habens,
3032 3951 3351 4006 nominatur
3395 3951 3581 4017 dives;

2007 4043 2148 4098 alius
2187 4043 2281 4112 qui
2325 4051 2646 4112 argentum,
2697 4054 2750 4096 et
2793 4044 2936 4097 alius
2988 4043 3082 4111 qui
3131 4054 3290 4098 terra:
3341 4045 3586 4113 possidet

2007 4133 2325 4204 plurimum,
2351 4132 2434 4186 vel
2459 4133 2748 4187 arboribus
2779 4134 3023 4196 consitae,
3058 4143 3139 4186 vel
3177 4133 3386 4203 1M2
3417 4133 3584 4186 semi-

2007 4225 2192 4292 nibus;
2221 4236 2274 4278 ct
2297 4225 2438 4278 alius
2459 4225 2549 4294 qui
2582 4238 2798 4292 pecora.
2826 4222 2930 4277 Sed
2964 4223 3078 4276 haec
3097 4223 3285 4276 omnia
3311 4223 3583 4292 Propheta

2007 4317 2505 4386 comprehenderis,
2535 4316 2842 4385 divinisque
2873 4315 3200 4371 testimoniis
3233 4329 3582 4382 comparans,

341 4421 433 4456 σεν
459 4402 756 4474 ἀξιέραστα
781 4401 920 4456 εἶναι
953 4403 1103 4473 αὑτῷ
1127 4404 1194 4457 τὰ
1225 4405 1344 4459 θεῖα
1371 4407 1669 4476 μαρτύρια,
1700 4408 1774 4472 ὡς
1797 4411 1905 4472 τοῖς

2016 4409 2150 4464 dixit
2187 4408 2434 4477 jucunda
2479 4424 2602 4462 esse
2633 4408 2734 4462 sibi
2766 4407 2950 4461 divina
2987 4406 3298 4460 testimonia
3331 4445 3347 4470 ,
3390 4421 3584 4474 quem-

341 4495 716 4564 φιλοπλούτοις
750 4494 968 4549 ἅπαντα
991 4494 1087 4550 τοῦ
1115 4495 1346 4550 πλούτου
1369 4497 1437 4550 τὰ
1466 4499 1601 4568 εἴδη.

411 4666 493 4723 ιε’.
551 4687 570 4720 ε
622 4670 709 4723 Ἐν
759 4673 882 4734 ταῖς
939 4673 1183 4736 ἐντολαῖς
1239 4690 1334 4726 σου
1393 4674 1767 4746 ἀδολεσχήσω,
1813 4682 1909 4734 καὶ

337 4759 660 4828 κατανοήσω
705 4759 805 4824 τὰς
849 4761 1002 4825 ὁδούς
1037 4779 1152 4816 σου.
1184 4783 1202 4817 ι
1253 4763 1456 4818 Τούτου
1503 4767 1688 4836 χάριν,
1726 4771 1907 4840 φησιν,

338 4849 626 4921 ἐνδελεχῶς
673 4852 781 4906 τῶν
830 4854 938 4906 σῶν
975 4853 1148 4923 λόγων
1187 4855 1286 4926 τὴν
1337 4858 1565 4930 μελέτην
1601 4861 1825 4934 αὐχήσω
1841 4867 1909 4931 ⁵⁷,

340 4943 432 4993 καὶ
458 4947 578 5006 ταῖς
593 4945 638 4976 ⁵⁸
671 4947 792 5008 σαῖς
825 4946 964 5008 ὁδοῖς
996 4949 1093 5017 τὴν
1126 4951 1352 5018 πορείαν
1381 4953 1700 5022 ποιήσομαι.

414 5039 510 5096 ις’.
546 5054 564 5085 ε
608 5037 697 5090 Ἐν
730 5041 843 5102 τοῖς
891 5038 1229 5110 δικαιώμασί
1262 5057 1354 5094 σου
1389 5043 1674 5114 μελετήσω
1690 5048 1768 5114 ⁸⁸,
1809 5049 1908 5101 οὐκ

411 5196 437 5224 ι
466 5189 654 5244 Matth.
683 5207 782 5258 vn,
812 5191 864 5246 6.
939 5201 967 5241 γ
1001 5192 1189 5249 Matth.
1227 5211 1300 5260 χι,
1330 5196 1419 5262 29,
1455 5198 1544 5250 ὅθ.

2017 4503 2310 4558 admodum
2351 4517 2518 4571 opum
2557 4501 2822 4556 studiosis
2867 4478 3073 4554 omnes‘
3105 4499 3425 4554 divitiarum
3459 4513 3586 4570 spe-

2013 4599 2124 4654 cies
2136 4635 2145 4650 .

2088 4689 2253 4744 Vnus.
2285 4687 2371 4742 i5.
2407 4704 2426 4736 ι
2463 4684 2712 4740 Mandata
2747 4695 2838 4738 tua
2867 4683 3206 4748 meditabor,
3238 4689 3294 4736 et
3330 4680 3584 4737 cumide-

2019 4780 2150 4834 ra‘bo
2180 4779 2294 4832 vias
2325 4787 2504 4832 tuas.»
2532 4776 2844 4844 Propterea,
2872 4773 2983 4836 ait,
3026 4778 3243 4828 tuorum
3266 4785 3585 4828 sermonum

2017 4868 2424 4929 meditationem
2457 4865 2715 4920 continue
2752 4881 2862 4935 pra:
2901 4877 2988 4918 me
3025 4862 3226 4931 feram,
3257 4873 3312 4920 et
3335 4879 3433 4934 per
3463 4871 3584 4918 tuas

2017 4960 2133 5013 vias
2168 4960 2268 5013 itcr
2301 4959 2521 5012 faciam.

2088 5049 2260 5104 Vens.
2297 5051 2384 5105 16.
2433 5070 2450 5102 ι
2485 5047 2910 5105 iustiﬁcationes
2958 5056 3081 5106 tuas
3110 5046 3448 5112 meditabor,
3475 5057 3584 5102 non

1448 5325 1691 5382 VARl/E
1723 5326 2111 5383 LEC‘I‘IONES
2135 5327 2222 5382 ET
2252 5329 2487 5386 NOTAE.

406 5436 944 5514 ‘f_ib.’E£e{rizji_1q-u,
974 5456 1094 5514 quae
1110 5455 1195 5498 est
1225 5459 1335 5498 rec.
1363 5445 1522 5499 lectio
1548 5446 1604 5498 ll.
1640 5444 1674 5498 l.
1741 5443 1902 5497 ἰἈπ

2016 5463 2055 5514 2.
2083 5445 2248 5502 Hebr.
2279 5447 2478 5502 Errare
2509 5449 2675 5503 sinas.
2729 5449 2776 5480 ⁸¹
2793 5447 3230 5512 Ἀτόπους.σοι1.
3250 5447 3274 5500 1
3296 5424 3582 5512 ἐκτύπους.

338 5505 759 5588 ξδῃᾉπαιωρεῖκ
793 5505 920 5564 ibid.
960 5505 1250 5588 flagitatum.
1325 5515 1371 5546 ⁵⁸
1411 5519 1532 5588 eod.
1583 5515 1631 5588 1-7
1647 5514 1905 5588 ἀποκρύπ

2019 5505 2030 5514 ’
2085 5518 2129 5551 ³⁸
2155 5520 2404 5588 Χοὶρων.
2438 5520 2510 5574 ib.
2544 5534 2728 5588 prmm.
2761 5517 2891 5588 τῶν.
2966 5505 3190 5588 “illoc.
3222 5517 3344 5588 cod.
3377 5520 3404 5571 1
3451 5505 3580 5574 add.

340 5575 510 5651 ξσξίν.
608 5571 656 5608 ⁸⁷
682 5580 997 5651 ᾼρχε-(ῑοό.
1032 5582 1054 5635 l
1091 5584 1338 5651 ἀσκήσω.

337 5645 480 5702 infla
510 5661 650 5703 vers.
688 5645 902 5714 24,17,
937 5651 1022 5719 70,
1061 5652 1146 5722 77,
1179 5645 1268 5720 9-2,
1307 5657 1406 5710 M5
1430 5667 1483 5712 et
1511 5656 1634 5712 Hi.

1433 5586 1479 5616 ⁸⁸
1519 5584 1682 5659 _T_a_7c.
1733 5585 1806 5641 ib.
1860 5600 2046 5659 praem.
2079 5591 2156 5644 ὲν.

2267 5592 2311 5624 ⁸³
2349 5585 2565 5646 Madet.
2603 5588 2748 5646 Hebr
2792 5586 3074 5645 Oblectabo
3109 5603 3209 5643 me.
3245 5585 3338 5646 Sic
3365 5601 3590 5662 quoque
