3974 6206
297 259 433 326 1833

1612 260 1694 325 ΙΝ
1732 260 1941 324 PSAL.
1980 257 2251 321 CXVIII.

3429 255 3568 321 1834

289 374 454 444 ὁηται
479 371 736 442 διεξόδου,
769 372 948 426 ἐκεῖσε
982 372 1130 426 πᾶσα
1161 372 1348 444 χωρεῖ.
1380 369 1538 427 Οὕτω
1573 373 1669 426 τοῦ
1697 371 1882 425 διαϐό-

1997 369 2123 423 illuc
2157 376 2272 422 tota
2302 365 2531 424 conﬂuit
2566 383 2579 422 :
2623 367 2706 424 sic
2735 368 2952 424 diabolo
2984 377 3209 439 peccato
3243 368 3385 422 viam
3415 383 3564 424 rese-

287 469 383 522 λου
420 467 516 538 τὴν
547 466 642 520 ἐπὶ
672 467 773 536 τὴν
819 464 1099 537 ἁμαρτίαν
1135 464 1254 518 ὁδὸν
1297 462 1663 528 διανοίξαντος
1678 463 1724 495 ³⁸
1767 461 1878 515 τῶν

289 559 598 632 ἀνθρώπων
628 556 862 630 ἔρρεψεν
896 557 990 610 ἐπὶ
1025 555 1088 609 τὺ
1116 557 1297 628 χεῖρον
1314 556 1361 590 ’⁸
1391 557 1424 626 ή
1451 554 1635 626 φύσις.
1665 555 1880 624 Σφόδρα

288 650 472 704 τοίνυν
499 650 527 702 ὁ
571 648 870 720 Προφήτης
912 645 1186 718 ἁρμοδίως
1229 645 1502 702 ἀντιϐολεῖ
1541 646 1634 701 ἐπὶ
1670 645 1736 700 τὰ
1761 645 1880 697 θεῖα

294 739 574 814 μαρτύρια
608 740 707 810 τὴν
737 739 966 810 καρδίαν
997 737 1269 810 κλιθῆναι,
1308 739 1405 792 καὶ
1438 737 1538 809 τῆς
1571 738 1664 791 ὲπὶ
1694 737 1755 790 τὸ
1781 735 1881 788 θά-

288 849 344 885 τε
353 831 507 903 ρον⁹¹
537 832 638 902 τὴν
663 834 862 904 πεῖραν
892 831 1197 901 διαφυγεῖν.

361 923 461 990 λζ’.
501 943 522 977 ι
572 923 944 996 Ἀπόστρεψον
978 924 1110 988 τοὺς
1151 920 1468 995 ὀφθαλμούς
1511 939 1638 994 μου,
1671 919 1768 975 τοῦ
1807 919 1882 992 μὴ

293 1017 420 1069 ἰδεῖν
455 1015 817 1086 ματαιότητα.
857 1032 876 1064 ι
932 1014 1042 1066 Καὶ
1071 1012 1327 1082 μάταιόν
1369 1015 1486 1067 ἐστι
1525 1012 1586 1067 τὸ
1626 1011 1879 1084 ἀκερδὲς,

289 1091 698 1179 γαῖ’ἁνόνητονο
734 1105 964 1160 τοιαῦτα
999 1105 1057 1159 δὲ
1083 1105 1154 1159 τὰ
1187 1105 1454 1160 δοκοῦντα
1483 1104 1577 1159 τοῦ
1610 1105 1728 1176 βίου
1755 1121 1882 1176 τερω

291 1198 424 1252 πνὰ.
467 1196 658 1262 Οὕτως
701 1197 840 1250 αὐτὰ
889 1197 984 1250 καὶ
1025 1198 1053 1250 ὁ
1096 1196 1259 1266 σοφὸς
1299 1195 1554 1268 Σολομῶν
1599 1195 1878 1268 ὀνομάζει,

297 1305 315 1337 ι
352 1289 669 1358 Ματαιότης
718 1289 1122 1360 ματαιοτήτων,
1161 1289 1232 1342 τὰ
1272 1289 1453 1343 πάντα
1499 1290 1818 1366 ματαιότης.
1855 1307 1875 1341 ι

290 1380 402 1432 Kal.
421 1380 831 1450 διηγησάμενος
857 1381 1006 1445 ὅπως
1029 1381 1384 1452 ᾠκοδόμησεν
1404 1382 1604 1447 οἰκίας,
1634 1381 1731 1436 καὶ
1754 1379 1885 1450 ὲφύ-

289 1493 449 1530 τευσε
482 1477 872 1548 παραδείσους,
903 1476 999 1530 καὶ
1021 1475 1402 1532 κατεσκεύασε
1423 1479 1470 1518 νο
1497 1475 1886 1548 κολυμϐήθρας

290 1569 500 1622 ὑδάτων
515 1569 585 1634 ⁸⁸,
617 1568 930 1640 ἐπήγαγενο
965 1585 984 1618 ι
1031 1568 1144 1622 Καὶ
1186 1569 1298 1623 ίδοὺ
1343 1569 1523 1623 πάντα
1557 1569 1882 1640 ματαιότης,

290 1661 386 1714 καὶ
424 1659 746 1732 προαίρεσις
781 1659 1119 1730 πνεύματος.
1149 1679 1167 1712 ι
1207 1660 1462 1716 ’ἱκετεύει
1489 1661 1670 1716 τοίνυν
1691 1665 1718 1716 ὁ
1746 1663 1887 1730 Προ-

1984 467 2162 523 rante,
2201 458 2489 514 hominum
2525 467 2720 514 natura
2765 460 2818 514 in
2865 460 3023 532 pejus
3061 459 3254 531 vergit.
3299 459 3437 516 llinc
3473 461 3567 514 ad-

1983 551 2207 606 modum
2231 562 2600 623 congruenter
2630 551 2899 622 PrOpbeta
2917 559 3173 622 precatur
3217 561 3275 607 ut
3303 552 3356 607 in
3385 551 3567 606 divina

1982 645 2294 700 testimonia
2329 659 2425 700 cor
2461 643 2777 710 inclinetur,
2836 659 2940 700 nec
2981 644 3036 700 in
3077 643 3304 700 alteram
3358 652 3567 714 partem

1984 738 2190 810 impetu
2226 737 2464 810 quodam
2511 737 2740 794 feratur.

1989 924 2000 950 ³
2055 916 2222 974 Vens.
2259 919 2352 976 57.
2389 937 2406 972 ι
2449 918 2652 974 Averte
2683 919 2875 975 oculos
2903 935 3076 984 meos,
3112 934 3182 975 ne
3225 921 3448 976 videant
3474 935 3571 976 va-

1985 1007 2236 1065 nitatem.
2273 1027 2292 1060 ι
2337 1009 2595 1075 Vanitas,
2642 1011 2788 1080 quod
2836 1009 3029 1066 inutile
3071 1020 3126 1066 et
3175 1011 3402 1067 stultum
3450 1021 3567 1077 est,

1984 1109 2236 1158 vocatur.
2279 1099 2606 1172 l-lujusmodi
2640 1117 2772 1158 vero
2815 1111 2944 1158 sunt
2971 1118 3032 1158 ea
3091 1119 3212 1172 quae
3253 1103 3306 1158 iu
3350 1106 3453 1160 vita
3479 1105 3570 1176 ju-

1984 1195 2166 1250 euuda
2186 1193 2462 1248 videntur.
2496 1195 2587 1250 Sic
2620 1195 2734 1250 haec
2764 1205 2820 1250 et
2849 1196 3070 1265 sapiens
3095 1196 3356 1252 Salomon
3389 1199 3569 1253 nomi-

1986 1294 2078 1339 nat
2112 1305 2125 1340 :
2165 1303 2184 1336 ι
2219 1282 2448 1341 Vanitas
2480 1287 2807 1350 vanitatum,
2841 1296 2895 1340 et
2926 1288 3108 1341 omnia
3143 1288 3354 1344 vanitas
3383 1288 3425 1342 ί.
3453 1308 3473 1340 ι
3507 1291 3572 1368 E‘t

1985 1392 2110 1432 eum
2177 1393 2493 1434 enarrasset
2548 1381 2825 1450 quomodo
2877 1381 3024 1439 aedes
3077 1381 3463 1449 :cditicavcrit,
3517 1396 3574 1438 et

1986 1471 2292 1526 conseverit
2325 1471 2537 1536 hortos,
2557 1483 2610 1525 et
2641 1471 2830 1527 fecerit
2851 1473 3093 1540 piscinas
3123 1483 3412 1544 aquarum,
3445 1475 3573 1531 sub-

1985 1563 2168 1618 didit:
2206 1581 2224 1614 ι
2267 1563 2328 1616 Ει
2363 1579 2488 1618 ecce
2524 1565 2710 1618 omnia
2753 1565 2988 1633 vanitas,
3037 1578 3090 1638 et
3139 1567 3358 1622 aﬂlictio
3408 1569 3572 1638 spiri-

1989 1663 2079 1710 tus
2107 1655 2154 1708 ε.
2195 1673 2215 1706 ι
2263 1651 2547 1724 Supplicat
2572 1654 2739 1723 igitur
2777 1655 3048 1724 Propheta
3071 1635 3092 1658 ⁸
3114 1668 3169 1712 ut
3200 1659 3400 1713 mentis
3425 1635 3570 1716 oculi

291 1751 471 1822 φήτης
522 1753 602 1816 εἰς
643 1751 837 1822 ἑτέραν
884 1751 1122 1823 θεωρίαν
1171 1753 1332 1824 ῥέψαι
1378 1754 1482 1824 τῆς
1531 1753 1771 1818 διανοίας
1813 1755 1882 1809 τὰ

1997 1747 2042 1800 in
2076 1745 2240 1801 aliam
2289 1745 2810 1815 contemplationem
2860 1756 3109 1819 vergant.
3143 1757 3196 1802 et
3231 1765 3301 1804 ne
3327 1765 3572 1820 praesen-

289 1841 536 1911 ὄμματα,
567 1843 662 1894 καὶ
690 1845 758 1913 τῇ
791 1843 902 1895 τῶν
935 1844 1224 1912 παρόντων
1268 1845 1598 1917 ματαιότητι
1645 1845 1722 1918 μὴ
1761 1845 1883 1900 θελ-

290 1936 508 2008 χθῆναι.
544 1955 562 1987 ι
585 1937 674 1990 Ἐν
697 1940 762 2007 τῇ
795 1936 898 2006 ὁδῷ
931 1954 1024 1990 σου
1051 1937 1217 2008 ζῆσόν
1250 1955 1337 2009 με.
1368 1957 1387 1988 ι
1415 1939 1572 1992 Κατὰ
1598 1941 1724 2004 τοὺς
1755 1941 1881 2005 σοὺς

287 2027 376 2090 δός
411 2044 503 2096 μοι
537 2027 918 2080 πολιτεύεσθαι
943 2027 1160 2096 νόμους.

359 2117 464 2186 λη’.
505 2135 524 2168 ι
566 2119 770 2187 Στῆσον
803 2119 882 2188 τῷ
913 2119 1088 2187 δούλῳ
1117 2136 1212 2171 σου
1245 2119 1305 2172 τὸ
1335 2119 1516 2188 λόγιόν
1541 2136 1658 2183 σου,
1689 2121 1768 2183 είς
1790 2118 1883 2174 τὸν

293 2206 460 2278 clo-660‘;
479 2223 594 2260 σου.
637 2226 654 2256 ι
690 2205 916 2260 Βέὸαιον
940 2207 996 2258 ὲν
1035 2209 1150 2269 τοῖς
1181 2209 1292 2268 σοῖς
1319 2207 1500 2274 λόγοις
1523 2207 1570 2238 ⁸⁸
1601 2207 1882 2276 ἁπόφηνόν

296 2317 383 2370 με,
408 2298 826 2368 ἀπεριτρέπτως
857 2297 1145 2366 φυλάττων
1171 2297 1250 2366 τῷ
1278 2298 1429 2366 φόὸῳ
1463 2314 1554 2350 σου
1572 2313 1586 2326 ο
1623 2296 1742 2350 ἀντὶ
1763 2295 1882 2360 τοῦ,

305 2393 634 2446 Ἐπικείσθω
662 2409 751 2464 μοι
777 2393 806 2445 ὁ
833 2391 998 2460 φόϐος
1043 2409 1136 2444 σου
1159 2431 1174 2456 ,
1223 2391 1595 2460 δεδιττόμενος
1616 2427 1630 2454 ,
1679 2389 1773 2442 καὶ
1808 2387 1884 2458 μὴ

295 2486 397 2542 ἐῶν
431 2485 777 2557 ἐκτραπῆναι
811 2483 920 2538 τῶν
941 2483 1144 2553 λογίων
1180 2501 1294 2538 σου.

365 2763 466 2818 λθ¹.
497 2783 516 2815 ι
548 2762 776 2834 Περίελε
814 2763 906 2817 τὸν
942 2762 1247 2834 όνειδισμόν
1291 2779 1391 2832 μου
1433 2762 1492 2815 ὃν
1523 2759 1882 2824 ὑπώπτευσα,

296 2855 378 2908 ὅτι
406 2855 474 2908 τὰ
513 2855 760 2926 κρίματὰ
791 2873 887 2908 σου
925 2855 1158 2927 χρηστά.
1208 2872 1227 2906 ι
1277 2853 1336 2906 Ὀ
1379 2855 1434 2906 δὲ
1483 2851 1737 2916 Ἀκύλας,
1765 2851 1886 2906 ἀντὶ

296 2947 392 3001 τοῦ
433 2947 824 3012 ὑπώπτευσα,
863 2947 1223 3016 ὐπεστάλην
1267 2945 1510 3016 εἴρηκεν.
1559 2943 1718 2998 Οὕτω
1750 2943 1814 3014 δὴ
1839 2944 1884 2977 ’⁸

297 3041 390 3093 καὶ
424 3043 452 3093 ὁ
481 3039 798 3093 Θεοδοτίων.
847 3039 907 3093 '0
930 3038 986 3092 δὲ
1022 3038 1342 3110 Σύμμαχος,
1373 3036 1446 3091 ὃν
1481 3036 1880 3106 εὐλαϐοῦμαι·

1987 1839 2125 1893 tium
2181 1854 2366 1894 rerum
2417 1839 2662 1895 vanitate
2709 1841 3147 1897 demulceantur.
3187 1861 3204 1894 ι
3243 1839 3302 1897 In
3347 1843 3436 1900 via
3481 1852 3570 1900 tua

1982 1930 2196 1986 viviﬁca
2230 1947 2338 1986 me.
2375 1949 2392 1982 ι
2435 1931 2750 1987 Secundum
2786 1942 2910 1990 tuas
2937 1933 3085 2006 leges
3129 1944 3190 1990 ut
3221 1937 3406 1992 virere
3439 1953 3573 2009 pos-

1983 2019 2086 2072 sim
2120 2019 2252 2074 mihi
2286 2022 2547 2076 concede.

2055 2110 2220 2167 Vt-‘ns.
2253 2112 2342 2167 58.
2381 2133 2399 2164 ι
2447 2099 2638 2167 Statue
2684 2128 2844 2169 servo
2879 2125 2970 2168 tuo
3001 2115 3282 2186 eloquium
3316 2126 3468 2172 tuum
3505 2119 3574 2174 ad

1985 2203 2241 2259 timorem
2281 2205 2384 2260 tui.
2425 2223 2444 2256 ι
2481 2205 2836 2260 Constantem
2880 2220 2946 2262 ac
2981 2207 3199 2262 ﬁrmum
3232 2207 3286 2262 in
3322 2209 3430 2265 tuis
3459 2224 3575 2266 ser-

1985 2297 2244 2351 monibus
2275 2313 2364 2352 me
2396 2297 2584 2363 redde,
2632 2299 2840 2368 jugiter
2873 2315 2970 2370 per
3001 2301 3252 2357 timorem
3295 2310 3448 2358 tuum
3494 2305 3576 2360 sic

1988 2403 2076 2444 me
2103 2389 2446 2456 custodiens,
2471 2399 2532 2444 ut
2551 2391 2704 2445 nulla
2725 2391 2780 2444 vi
2804 2391 3115 2462 resupiuari
3139 2407 3338 2463 queam
3371 2412 3385 2448 :
3413 2395 3575 2464 quasi

1987 2479 2176 2535 dicat:
2209 2479 2400 2534 Timor
2446 2489 2574 2535 tuus
2617 2481 2751 2535 mihi
2792 2479 3010 2553 1448
3045 2482 3362 2548 incumbat,
3415 2485 3576 2540 terri-

1989 2580 2134 2637 tans,
2165 2581 2218 2628 et
2251 2587 2597 2642 nequaquam
2634 2573 2828 2629 sinens
2886 2583 2944 2628 ut
2977 2589 3008 2628 a
3048 2575 3160 2631 tuis
3203 2575 3441 2632 oraculis
3476 2577 3578 2633 (ιο--

1985 2662 2221 2720 ﬂectant.

2059 2754 2226 2811 Vens.
2261 2754 2353 2812 59.
2393 2775 2412 2808 ι
2444 2755 2614 2812 Aufer
2644 2758 2999 2828 approbrium
3036 2775 3244 2825 meum,
3291 2762 3436 2832 quod
3481 2779 3579 2820 su-

1986 2847 2231 2920 spicatus
2267 2864 2412 2915 sum,
2446 2850 2578 2920 quia
2623 2850 2832 2920 judicia
2887 2863 2979 2908 tua
3020 2853 3287 2924 jucunda.
3320 2873 3341 2910 ι
3377 2858 3576 2928 Aquila
3643 2917 3662 2928 δ

1987 2951 2168 2996 autem
2225 2957 2324 3013 pro
2374 2945 2679 3012 suspicatus
2731 2960 2882 3011 sum,
2941 2945 3078 3001 dixit
3129 2947 3438 3016 formidavi.
3485 2949 3578 3006 Sic

1985 3034 2152 3088 etiam
2189 3033 2514 3090 Theodotio.
2543 3034 2910 3108 Symmachus
2936 3052 3086 3104 vero,
3119 3039 3258 3110 quod
3290 3057 3469 3095 vereor
3493 3042 3578 3096 in-

295 3131 642 3200 ὀνειδισμὸν
671 3131 727 3184 δὲ
751 3131 990 3185 ἐνταῦθα
1023 3129 1197 3198 καλεῖ,
1230 3131 1323 3183 τὸν
1351 3129 1456 3183 ὑπὸ
1489 3129 1586 3200 τῆς
1615 3129 1889 3199 ἁμαρτίας

1997 3135 2325 3197 terpretatus
2352 3136 2458 3184 est.
2496 3127 2854 3198 Opprobrium
2886 3137 3073 3186 autem
3103 3131 3206 3187 hoc
3245 3133 3366 3188 loco
3395 3145 3575 3202 vocat,

295 3224 608 3294 γενόμενον.
637 3222 840 3278 Τοῦτον
869 3223 979 3294 γὰρ
1006 3223 1102 3277 καὶ⁹
1126 3222 1511 3287 ὑπεστέλλετο,
1543 3220 1638 3276 καὶ
1675 3219 1885 3284 ἐδεδίει,

298 3319 390 3369 καὶ
423 3314 669 3368 ὕποπτον
692 3315 788 3388 ἔζη
817 3314 986 3386 ζωήν.
1019 3316 1120 3370 Διὰ
1146 3315 1304 3370 τοῦτο
1340 3315 1441 3368 οὐκ
1463 3315 1712 3386 ἐπήγαγε
1749 3329 1888 3366 συν-

306 3407 476 3476 ήθως,
515 3407 636 3460 ’Ότι
658 3407 905 3478 κρίματά
924 3424 1018 3461 σου
1046 3405 1373 3478 ἐξεζήτησα,
1401 3405 1434 3476 ἢ
1469 3403 1742 3474 ἐφύλαξαο
1772 3404 1887 3458 ἀλλ’

305 3516 324 3548 c
369 3498 491 3552 ’Ὁτι
523 3497 592 3549 τὰ
619 3498 867 3570 κρίματα
889 3515 982 3551 σου
1004 3497 1240 3570 χρηστά.
1276 3515 1295 3548 ›
1333 3497 1408 3550 Ού
1451 3496 1610 3568 μόνον
1639 3495 1748 3567 γὰρ
1775 3498 1889 3558 τοῖς

299 3589 704 3658 ἁμαρτάνουσιν
749 3589 992 3654 ἀπειλεῖς
1027 3589 1324 3660 τιμωρίαν,
1357 3587 1493 3641 ἀλλὰ
1517 3588 1612 3640 καὶ
1643 3589 1758 3652 τοῖς
1793 3603 1889 3658 με·

296 3680 692 3751 ταμελομένοις
737 3682 976 3756 ὑπίσχνῃ
1011 3681 1309 3754 σωτηρίαν.
1343 3679 1612 3750 Κρίματα
1650 3682 1761 3751 γὰρ
1793 3697 1889 3734 κα-

297 3772 384 3825 λεῖ
412 3773 507 3836 τὰς
539 3774 632 3826 τοῦ
664 3774 802 3828 Θεοῦ
840 3774 1054 3840 δικαίας
1082 3775 1320 3846 ψήφους.

375 3873 447 3936 μ’.
485 3883 502 3916 ι
551 3865 684 3919 Ἰδοῦ
721 3866 1049 3938 ἐπεθύμησα
1079 3867 1177 3930 τὰς
1205 3866 1428 3931 ἐντολάς
1460 3883 1582 3932 σου,
1623 3869 1682 3920 ἐν
1715 3868 1782 3938 τῇ
1813 3866 1888 3920 δι·

299 3958 562 4030 καιοσύνῃ
592 3975 685 4010 σου
723 3959 888 4028 ζῆσόν
923 3975 1013 4029 μευ.
1045 3977 1065 4010 ι
1109 3957 1424 4030 Γλιχομένῳ
1461 3959 1746 4032 παράσχου
1789 3957 1890 4030 τὴν

298 4054 358 4105 ὲν
385 4051 700 4124 δικαιοσύνῃ
733 4049 900 4121 ζωήν.

373 4145 482 4216 μα’.
537 4164 554 4196 ι
595 4146 702 4198 Καὶ
728 4145 870 4198 ἔλθοι
913 4147 1002 4198 ἐπ’
1035 4145 1138 4216 ἐμὲ
1185 4144 1246 4198 τὸ
1291 4145 1440 4210 ἔλεός
1472 4163 1586 4212 σου,
1633 4145 1825 4218 Κύριε.
1865 4166 1884 4200 ι

301 4241 514 4300 Πάντες
553 4239 665 4310 γὰρ
701 4239 901 4302 ἐνδεεῖς
931 4238 1034 4308 τῆς
1063 4239 1216 4302 θείας
1247 4239 1660 4310 φιλανθρωπίας
1679 4281 1693 4305 ,
1735 4241 1832 4294 καὶ
1863 4241 1892 4293 ὁ

299 4332 471 4402 αὐτὴν
503 4327 854 4397 κατειληφὼς
886 4327 985 4399 τὴν
1011 4329 1323 4400 ἀκροτάτην
1355 4330 1456 4400 τῆς
1498 4331 1698 4402 ἀρετῆς
1729 4349 1891 4404 κορυ-

299 4423 426 4490 φὴν,
469 4419 670 4486 ταύτης
726 4418 895 4472 δεῖται
947 4419 1231 4489 διηνεκῶς.

368 4526 387 4558 ε
437 4507 508 4560 T‘o
536 4505 803 4578 σωτήριόν
836 4523 928 4559 σου
960 4507 1100 4560 κατὰ
1125 4508 1216 4562 τὸν
1242 4508 1400 4578 λόγον
1436 4527 1552 4566 σου.
1588 4509 1724 4584 [μβ]
1759 4493 1894 4579 -ιιᾶι

299 4601 750 4672 ἁποκριθήσομαι
801 4603 914 4664 τοῖς
961 4593 1283 4666 ὀνειδίζουσί
1347 4621 1436 4674 μοι
1477 4604 1652 4675 λόγον.
1713 4624 1734 4659 ι
1791 4607 1894 4658 Ἦν

300 4694 574 4764 ὑπέσχον,
609 4693 892 4758 Δέσποτα,
921 4693 1196 4762 σωτηρίαν
1227 4695 1285 4748 ἐν
1330 4697 1444 4760 τοῖς
1477 4697 1642 4766 ἱεροῖς
1675 4713 1770 4750 σου
1807 4697 1896 4750 λό-

299 4804 420 4855 γοις
481 4786 790 4858 παράσχου,
826 4786 914 4840 ἵνα
934 4788 1047 4848 τοῖς
1069 4785 1471 4852 ὲπιτωθάζουσί
1503 4805 1594 4859 μοι
1629 4789 1725 4843 σὺν
1751 4792 1897 4862 παρ-

305 4881 469 4952 ρησίᾳ
500 4879 789 4952 διαλεχθῶ.
857 4880 914 4932 Ὀ
942 4879 1052 4952 γὰρ
1089 4881 1145 4932 ὲν
1179 4883 1488 4953 συμφοραῖς
1534 4880 1610 4936 ὣν
1645 4883 1801 4954 φέρει
1827 4883 1896 4937 τὰ

301 4971 476 5041 ὀνείδη
521 4973 769 5042 move
813 4972 869 5026 δὲ
925 4972 1026 5042 τὴν
1078 4972 1300 5045 θυμήρη
1366 4973 1626 5044 βιοτεύων
1677 4975 1796 5030 ὁδὸν
1823 4977 1890 5038 ³⁸,

301 5061 565 5134 δελὲγχει
595 5067 720 5129 τοὺς
779 5063 968 5128 κακῶς
1029 5063 1411 5128 ὀνειδίζοντας.
1458 5085 1476 5116 ι
1517 5067 1639 5120 Ὅτι
1687 5067 1892 5139 ἤλπισα

378 5263 398 5303 ί
444 5264 618 5324 Eccle.
657 5281 696 5332 l,
735 5267 788 5320 2.
893 5273 918 5310 ε
959 5269 1137 5324 Eccle.
1187 5285 1260 5334 ιι,
1308 5268 1399 5323 Η.

1991 3219 2137 3289 quod
2169 3235 2238 3275 ex
2267 3229 2498 3291 peccato
2529 3221 2728 3276 oritur.
2772 3220 2888 3276 Hoc
2915 3223 3062 3278 enim
3107 3232 3162 3280 et
3206 3207 3578 3294 formidabat,

1991 3321 2046 3368 et
2075 3312 2326 3378 timebat,
2358 3321 2415 3370 et
2449 3323 2762 3386 suspectam
2795 3315 3034 3370 ducebat
3059 3318 3251 3374 vitam.
3283 3318 3578 3390 Propterea

1991 3418 2100 3458 non
2139 3403 2405 3472 subdidit,
2438 3413 2500 3460 ut
2527 3405 2708 3461 solet:
2736 3403 3008 3473 Quoniam
3046 3405 3254 3476 judicia
3303 3418 3394 3465 tua
3433 3426 3582 3480 qua:-

1992 3497 2120 3562 sivi,
2157 3505 2256 3552 aut
2284 3497 2580 3562 custodivi,
2614 3497 2738 3564 sed,
2782 3516 2802 3550 ι
2838 3497 3110 3565 Quoniam
3145 3499 3350 3570 judicia
3372 3509 3463 3556 tua
3489 3501 3584 3572 ju-

1989 3589 2193 3643 cunda.
2225 3607 2245 3640 ι
2283 3588 2402 3644 Non
2435 3589 2614 3645 solum
2647 3589 2792 3644 enim
2825 3591 3210 3660 peccatoribus
3247 3593 3578 3664 supplicium

1991 3681 2244 3748 minaris,
2297 3697 2486 3736 verum
2519 3681 2684 3738 etiam
2715 3682 3115 3753 ptenitentibus
3146 3685 3381 3740 salutem
3417 3685 3582 3757 polli-

1991 3775 2155 3829 ceris.
2191 3773 2408 3828 Iudicia
2439 3774 2586 3830 enim
2611 3775 2792 3846 justas
2820 3775 2914 3831 Dei
2951 3779 3252 3834 sententias
3281 3789 3461 3834 vocat.

2063 3866 2356 3923 “115.40.
2400 3887 2419 3920 ι
2459 3868 2604 3926 Ecce
2653 3869 2944 3940 concupivi
3000 3870 3256 3926 mandata
3319 3880 3407 3926 tua
3436 3913 3452 3938 ,
3528 3873 3583 3928 in

1991 3959 2252 4030 aequitate
2289 3968 2380 4014 tua
2416 3960 2632 4016 vivitica
2666 3977 2776 4016 me.
2820 3981 2838 4014 ι
2875 3961 3008 4016 Mihi
3058 3962 3269 4032 optanti
3315 3963 3460 4018 viam
3497 3963 3586 4034 ju-

1991 4062 2135 4108 stam
2165 4054 2424 4110 concede.

2093 4147 2109 4168 ‘
2142 4145 2314 4202 Vsus.
2347 4146 2436 4200 41.
2479 4164 2496 4196 σ
2534 4143 2600 4200 Et
2643 4145 2827 4200 veniat
2859 4159 3024 4216 super
3072 4161 3159 4201 me
3206 4147 3584 4202 misericordia

1995 4237 2384 4302 tua,Domine.
2426 4257 2445 4288 ι
2485 4237 2689 4293 Omnes
2721 4237 2867 4292 enim
2899 4237 3100 4292 divinae
3120 4236 3474 4308 benignitatis
3504 4239 3586 4293 in-

1993 4330 2246 4401 digentes
2278 4343 2473 4384 smnus
2503 4347 2516 4382 :
2545 4338 2601 4384 et
2628 4328 2719 4384 ille
2771 4329 2866 4400 qui
2899 4328 3154 4384 ultimum
3185 4329 3406 4384 virtutis
3432 4329 3584 4387 [asu-

1997 4423 2144 4492 gium
2181 4404 2562 4492 apprehendit,
2605 4421 2709 4477 hac
2739 4421 3004 4478 continue
3041 4421 3266 4500 indiget.

2075 4534 2094 4565 σ
2151 4513 2403 4569 Salutare
2455 4524 2614 4570 .tuum
2674 4515 2978 4570 secundum
3049 4516 3327 4584 eloquium
3406 4529 3582 4573 tuum.

2001 4599 2213 4682 [νειιεξ
2261 4609 2378 4683 42.]
2427 4609 2496 4665 Et
2539 4611 2886 4680 respondebo
2937 4611 3398 4682 exprobrantibus
3453 4615 3585 4668 mihi

1997 4706 2250 4761 verbum.
2291 4723 2310 4756 ι
2352 4703 2528 4771 Quam
2562 4705 2820 4772 salutem,
2851 4719 2884 4759 ο
2909 4703 3160 4770 Domine,
3191 4705 3246 4760 in
3270 4707 3446 4762 sacris
3477 4707 3587 4762 tuis

1997 4797 2354 4853 sermonibus
2384 4796 2660 4868 pollicitus
2697 4813 2778 4864 es,
2814 4797 3055 4868 largire,
3104 4806 3165 4852 ut
3212 4798 3280 4852 ad
3323 4798 3446 4855 illos
3493 4800 3588 4870 qui

1945 4883 1950 4888 ⁷
1999 4887 2272 4942 insultant
2299 4887 2584 4942 mihicum
2618 4887 2814 4942 fiducia
2845 4889 3057 4959 loquar.
3091 4887 3196 4955 Qui
3229 4889 3376 4944 enim
3411 4889 3464 4944 in
3495 4905 3590 4944 ca-

2006 4977 2347 5033 lamitatibus
2381 4988 2658 5042 versatur,
2691 4977 2923 5032 tacendo
2952 4977 3199 5034 convicia
3232 4962 3461 5043 suﬂ’ert;
3491 4977 3587 5048 qui

2003 5086 2134 5126 vero
2163 5069 2462 5142 jucundam
2504 5069 2672 5125 vitam
2706 5069 2882 5140 ducit,
2935 5070 3136 5126 refutat
3178 5081 3286 5126 eos’
3313 5085 3344 5124 a
3387 5068 3586 5138 quibus

3180 5183 3252 5241 ἐι,

1452 5457 1689 5512 VABIAE
1713 5455 2100 5514 LECTIONES
2139 5457 2226 5512 ET
2248 5457 2478 5515 NOTAE.

365 5564 416 5596 ”
446 5565 566 5622 cod.
610 5567 634 5619 l
673 5565 1012 5632 ἀνοίξαντος.

1123 5573 1326 5647 "flint
1359 5576 1426 5631 τὸ
1462 5575 1686 5647 χεῖρον.
1715 5575 1770 5630 1η
1811 5577 1934 5632 cod.
1971 5578 1994 5632 1
2035 5577 2263 5647 ponitur
2291 5587 2414 5646 post
2448 5574 2630 5647 φύσις.

2743 5573 2786 5604 ⁹¹
2819 5572 3102 5638 Θάτερον.
3135 5570 3208 5624 ib.
3244 5584 3360 5639 seq.
3393 5567 3588 5639 θύρας.

299 5632 343 5662 ³³
379 5638 512 5694 ibid.
547 5637 944 5698 μετεσκεύασε.
1020 5639 1070 5671 ’⁸
1102 5643 1388 5700 ’Υδάτων.
1417 5632 1706 5703 ι)ἔε.’ἱι›ί‹1.
1785 5647 1832 5678 ’⁸
1858 5652 1902 5702 Λ

1997 5632 2092 5714 ,w'g.
2152 5632 2414 5726 Des.'ib._
2459 5632 2506 5680 δυ
2534 5632 2638 5716 sit.
2671 5643 2858 5716 ib._6é.
2936 5632 2984 5674 ενδ
3018 5632 3413 5696 '06d2.cod.i
3451 5632 3590 5712 sam}.

628 5798 901 5860 Parnm.
931 5799 1047 5860 Gn.
1085 5801 1290 5858 LXXX

3193 5802 3261 5862 53
