3974 6206
520 275 669 345 1835
1527 270 2017 334 THEODORETI
2052 267 2391 330 EPISCOPI
2432 269 2801 330 CYRENSIS
3008 296 3015 304 '
3591 270 3685 338 1835

532 411 627 467 per
659 393 917 465 injuriam
947 387 1298 449 contumeliis
1325 387 1576 446 adicitur.
1616 408 1634 441 ι
1671 386 1811 455 Quia
1846 401 1996 457 spem
2022 401 2101 442 re-

2137 396 2181 452 A
2210 409 2304 465 ἐπὶ
2336 408 2462 473 τοὺς
2497 407 2691 476 λόγους
2712 408 2755 440 ⁸⁷
2808 423 2925 460 σου.
2967 425 2985 459 ι
3017 406 3129 478 Τῆς
3149 406 3254 477 γὰρ
3306 409 3396 478 σῆς
3437 411 3688 480 ἐπαγγελίας

532 484 691 556 posui
713 485 767 539 in
796 483 1148 540 sermonibus
1184 483 1313 540 tuis.
1346 499 1366 534 ι
1415 480 1459 536 Α
1489 480 1599 536 tuis
1634 480 1779 536 enim
1818 477 2101 550 promissis

1994 478 2108 534 θεῖε
2209 500 2542 572 ἐξήρτημαι,
2580 498 2675 551 καὶ
2697 498 2791 551 ἐπὶ
2818 495 3023 568 ταύτης
3043 477 3207 550 όδεύω
3239 497 3332 566 τῆς
3367 477 3563 562 ἐλπίδος.

531 578 759 648 pendeo,
798 587 851 632 et
879 578 932 631 in
968 575 1072 631 hac
1100 590 1195 646 spe
1223 572 1438 629 incedo.

602 666 765 725 Vsus.
797 669 888 724 45.
937 689 955 722 ι
984 667 1057 724 Et
1105 681 1171 722 ne
1213 665 1434 722 auferas
1474 665 1540 721 de
1581 680 1675 720 ore
1717 680 1839 720 meo
1881 666 2107 721 verbum

2283 659 2394 730 μγ’.
2434 676 2453 710 ι
2497 656 2607 711 Kal
2647 657 2721 729 μὴ
2750 654 3012 726 περιέλῃς
3051 655 3116 709 ἐκ
3144 654 3233 707 τοῦ
3269 655 3507 724 στόματός
3534 656 3694 726 μσυλό·

531 762 776 816 vcrilatis
812 774 1221 831 usquequaque,
1253 758 1381 828 quia
1430 757 1484 811 in
1534 755 1760 826 judiciis
1809 757 1917 812 tuis
1958 771 2100 825 spem

2210 771 2305 822 γον
2342 752 2600 823 ἀληθείας
2632 750 2740 813 ἕως
2770 748 3000 819 σφόδρα,
3040 748 3122 801 ὅτι
3161 748 3252 800 ἐπὶ
3288 750 3391 811 τοῖς
3415 747 3607 819 κρίμασι
3632 767 3698 804 σου

533 853 714 922 posui.
755 869 776 904 ι
819 853 889 909 L’t
917 853 1201 907 veritatem
1234 850 1527 919 diligamus
1559 847 1832 918 Pr0pheta
1872 865 1973 902 nos
2015 849 2102 903 do-

2211 845 2510 915 ἐπήλπισα.
2554 862 2573 897 ι
2623 844 2786 914 Ἐρᾷν
2829 843 2977 913 ἡμᾶς
3012 841 3113 911 τῆς
3156 839 3399 912 ἀληθείας
3424 842 3448 894 ὖ
3476 843 3699 914 Προφήτης

533 956 647 1012 cet,
698 943 913 1017 15.5.9
954 952 1010 999 et
1056 952 1114 998 ut
1162 944 1303 998 hanc
1342 957 1466 997 cum
1522 941 1673 996 omni
1720 941 2001 996 alacritate
2044 941 2102 995 ab

2210 937 2472 1001 διδάσκει,
2511 937 2604 990 καὶ
2626 934 2834 1005 ταύτην
2872 935 3045 988 αίτεῖν
3073 933 3221 1004 παρὰ
3250 932 3339 988 τοῦ
3360 933 3481 987 Θεοῦ
3500 935 3585 989 τῶν
3603 939 3699 991 ὅλων

535 1038 913 1093 universorum
953 1038 1059 1091 Deo
1097 1034 1479 1105 emagitemus.

1282 1044 1479 1089 temus.
2214 1031 2311 1085 σὺν
2348 1030 2629 1102 προθυμίᾳ
2658 1028 2848 1100 πολλῇ.

608 1125 772 1182 Vsus.
802 1126 895 1181 M.
935 1143 952 1177 ι
992 1125 1055 1180 Et
1087 1125 1392 1180 custodiam
1425 1122 1597 1194 legem
1633 1132 1783 1179 tuam
1817 1140 2031 1195 semper
2059 1124 2112 1178 in

2287 1124 2385 1193 μδ’.
2429 1142 2446 1175 ι
2496 1124 2607 1177 Kal
2642 1120 2864 1190 φυλάξω
2902 1120 2993 1175 τὸν
3035 1120 3200 1191 νόμον
3240 1137 3331 1172 σου
3359 1120 3613 1185 διαπαντὸς
3649 1126 3701 1186 εἰς

535 1219 818 1285 smculum,
861 1229 915 1273 et
945 1218 999 1272 iu
1037 1217 1298 1273 swculum
1332 1217 1541 1272 saeculi.
1578 1235 1596 1268 ι
1631 1216 1722 1272 Sic
1753 1218 1898 1283 enim
1931 1234 2104 1289 prom-

2212 1216 2304 1269 τὸν
2337 1212 2531 1276 αἰῶνα,
2572 1213 2667 1266 καὶ
2706 1212 2789 1272 είς
2837 1211 2930 1263 τὸν
2981 1209 3154 1263 αἰῶνα
3195 1208 3287 1261 τοῦ
3327 1208 3518 1269 αίῶνος.
3556 1228 3571 1259 ›
3597 1209 3705 1262 Οὕτω

536 1308 697 1379 ptiori
735 1321 957 1378 quoque
994 1307 1175 1362 animo
1229 1307 1283 1361 in
1317 1306 1497 1377 legum
1547 1314 1762 1361 tuarum
1808 1308 2105 1361 custodiam

2214 1304 2322 1375 γὰρ
2341 1303 2386 1335 ⁸⁸
2411 1302 2820 1374 προθυμᾶτερος
2857 1301 2987 1372 περὶ
3021 1299 3120 1370 τὴν
3149 1299 3255 1351 τῶν
3286 1298 3387 1351 σῶν
3413 1299 3567 1369 νόμων
3590 1306 3705 1368 γενή-

537 1402 874 1456 inrumbam.
918 1398 1022 1455 Per
1067 1399 1172 1455 hoc
1212 1399 1424 1470 igitur:
1459 1418 1478 1451 ι
1517 1397 1572 1453 In
1618 1399 1915 1465 saeculum,
1961 1407 2015 1453 ct
2059 1398 2106 1453 in

2217 1412 2385 1466 σομαι
2425 1392 2696 1464 φυλακήν.
2748 1392 2850 1445 Διὰ
2881 1392 2981 1462 μέν
3013 1409 3097 1446 τοι
3122 1390 3214 1444 τοῦ
3236 1407 3251 1421 ⁶
3293 1409 3309 1442 ι
3343 1392 3428 1454 Εἰς
3464 1392 3543 1443 τὺν
3567 1394 3704 1455 αἰῶνα,

535 1494 794 1549 Saeculum
836 1491 1040 1557 saeculi,
1082 1510 1102 1544 ι
1142 1490 1385 1546 futuram
1422 1492 1587 1546 vitam
1620 1492 2034 1558 demonstravit,
2062 1491 2104 1545 in

2215 1487 2308 1541 καὶ
2347 1487 2426 1549 είς
2473 1485 2564 1539 τὸν
2609 1484 2780 1538 αίῶνα
2821 1483 2914 1537 τοῦ
2960 1482 3176 1549 αίῶνος,
3213 1504 3231 1536 ι
3268 1483 3484 1554 ἐδήλωσε
3521 1481 3594 1536 τδν
3621 1484 3707 1554 μέ).-

535 1600 643 1654 qua
684 1599 820 1654 pura
858 1593 912 1639 et
948 1584 1164 1640 sincera
1214 1583 1527 1640 divinarum
1560 1583 1738 1654 legum
1770 1583 2104 1639 observantia

2214 1579 2375 1633 λοντα
2415 1578 2563 1650 βίον,
2618 1581 2676 1632 ἐν
2708 1571 2751 1647 ᾧ
2791 1577 3007 1649 καθαρὰ
3041 1575 3136 1630 καὶ
3179 1578 3471 1649 ἀκραιφνὴς
3496 1577 3705 1649 δοθήσεται

532 1676 793 1732 omnibus
828 1675 1071 1731 dabitur.

2217 1669 2391 1725 ἅπασι
2421 1669 2530 1722 τῶν
2562 1667 2722 1723 θείων
2744 1670 2979 1741 νόμωνή
3010 1668 3250 1738 φυλακή.

604 1766 773 1824 Vsus.
809 1768 912 1831 45,
956 1767 1046 1822 46.
1123 1785 1144 1820 ι
1192 1766 1258 1822 Et
1301 1766 1649 1823 ambulabam
1691 1767 1744 1823 iu
1794 1766 2110 1833 latitudine,
2144 1742 2173 1796 ε

2144 1742 2187 1796 Β
2290 1767 2394 1832 με’,
2429 1767 2546 1832 μςν.
2600 1778 2620 1812 ι
2657 1763 2765 1814 Kal
2797 1761 3143 1831 ἐπορευόμην
3164 1760 3211 1793 ⁹⁹
3245 1762 3302 1814 ἐν
3348 1760 3625 1831 πλατυσμῷ,
3656 1762 3706 1814 ὅτι

530 1860 663 1930 quia
709 1858 968 1913 mandata
1005 1866 1097 1913 tua
1131 1856 1427 1927 exquisivi.
1476 1855 1541 1911 Et
1570 1856 1832 1926 loquebar
1862 1856 1929 1910 de
1962 1853 2099 1909 testi-

2212 1853 2310 1917 τὰς
2365 1853 2588 1917 ἐντολάς
2639 1869 2730 1906 σου
2783 1853 3108 1925 ἐξεζήτησα.
3165 1853 3276 1906 Ka‘t
3324 1852 3526 1906 ἐλάλουν
3561 1854 3606 1905 ἐν
3634 1854 3707 1915 τοῖς

534 1948 739 2004 moniis
773 1947 883 2002 tuis
929 1946 984 2001 in
1040 1954 1336 2015 conspectu
1388 1960 1596 2016 regum,
1643 1955 1697 2000 et
1735 1961 1841 1999 non
1882 1942 2103 1998 confun-

2217 1946 2542 2018 μαρτυρίοις
2576 1963 2696 2013 σου,
2729 1947 2969 2000 ἐναντίον
2994 1945 3283 2016 βασιλέων,
3321 1946 3410 1999 καὶ
3439 1947 3527 1999 οὐκ
3550 1946 3710 2018 ᾐσχυνό-

534 2039 729 2095 debar.
760 2056 781 2088 ι
816 2036 954 2091 Cum
988 2037 1178 2100 multa,
1209 2035 1406 2104 inquit,
1448 2036 1712 2091 facilitate
1756 2036 2034 2101 incedens,
2061 2044 2103 2089 el

2218 2039 2381 2107 μην¹.
2415 2054 2434 2089 ι
2468 2037 2624 2090 Μετὰ
2662 2036 2895 2106 πολλῆς,
2931 2038 3118 2108 φησὶν,
3161 2037 3357 2092 ὁδεύων
3401 2037 3627 2101 εὐκολίας,
3650 2036 3709 2088 καὶ

534 2125 836 2183 secundum
880 2125 1135 2180 mandata
1176 2133 1267 2179 tua
1312 2125 1524 2192 vivens,
1567 2141 1743 2196 neque
1782 2126 1985 2197 regiam
2018 2141 2103 2196 po-

2215 2130 2358 2184 κατὰ
2376 2131 2474 2194 τὰς
2499 2130 2597 2193 σὰς
2621 2130 2846 2196 ἐντολὰς
2866 2129 3149 2200 βιοτεύων,
3176 2129 3296 2184 οὖδέ
3321 2129 3575 2201 βασιλικὴν
3590 2131 3709 2183 ἔδεισα

534 2219 757 2275 tentiam
804 2218 987 2285 timui,
1041 2219 1137 2273 sed
1181 2234 1305 2274 cum
1358 2218 1526 2273 multa
1583 2218 1779 2273 ﬁducia
1822 2235 1945 2274 cum
1982 2218 2103 2289 ipsis

2216 2221 2557 2285 δυναστείαν,
2585 2223 2724 2277 ἀλλὰ
2763 2225 2860 2278 σὺν
2883 2222 3170 2295 παρρησίᾳ
3210 2225 3373 2295 πολλῇ
3402 2223 3489 2294 τὴν
3519 2223 3627 2293 πρὸς
3647 2222 3709 2275 αὐ-

534 2310 910 2381 colloqnebar.
944 2308 1068 2365 Vita
1105 2310 1250 2365 enim
1281 2310 1587 2365 secundum
1623 2310 1796 2380 legem
1836 2320 1957 2365 acta
1982 2310 2103 2366 [idu-

2217 2313 2345 2375 τοὺς
2371 2312 2676 2384 ἐποιούμην
2703 2312 2962 2379 διάλεξιν.
3010 2313 3074 2367 Ἡ
3106 2315 3219 2386 γὰρ
3246 2315 3457 2385 ἔννομος
3484 2313 3597 2384 ζωὴ,
3619 2316 3709 2384 παῤ-

533 2405 675 2459 ciam
713 2400 890 2458 aﬂ‘ert.
921 2401 985 2457 Et
1008 2402 1173 2472 hujus
1208 2402 1363 2458 testis
1388 2412 1474 2456 est
1500 2416 1733 2473 magnus
1759 2401 1947 2459 David.
1980 2401 2102 2458 Nam

2222 2403 2421 2475 ῥησίας
2446 2404 2801 2476 δημιουργός.
2822 2407 2942 2459 Kal
2969 2406 3167 2461 τούτου
3207 2407 3410 2478 μάρτυς
3438 2409 3463 2460 6
3490 2408 3627 2477 μέγας
3645 2408 3710 2459 Δα-

535 2502 663 2549 aute
698 2504 988 2565 peccatum
1022 2507 1145 2548 cum
1191 2493 1359 2548 multa
1396 2493 1596 2548 ﬁducia
1642 2510 1766 2549 cum
1810 2493 1973 2552 Saule
2004 2512 2104 2552 ser-

2220 2494 2326 2551 δίδ.
2362 2495 2476 2567 Πρὸ
2516 2496 2615 2566 μὲν
2661 2497 2772 2566 γὰρ
2801 2497 2903 2567 τῆς
2952 2498 3251 2570 ἁμαρτίας,
3297 2501 3427 2570 μετά
3472 2498 3635 2566 πολλῆς
3664 2495 3711 2565 τῷ

532 2586 961 2651 mociuabatur;
995 2592 1120 2655 post
1171 2596 1452 2656 peccatum
1490 2599 1619 2642 vero
1658 2587 1985 2657 parricidam
2033 2587 2101 2643 fu.

2220 2587 2394 2642 Σαοὺλ
2442 2587 2750 2658 διαλέγεται
2796 2590 3145 2661 παρρησίας·
3192 2590 3331 2658 μετά
3369 2591 3423 2645 δὲ
3468 2590 3552 2662 τὴν
3590 2591 3710 2660 ἁμαρ-

530 2680 690 2749 giens
731 2678 927 2743 tilium,
958 2677 1304 2747 prospiciens
1344 2677 1396 2731 in
1434 2686 1660 2744 terram,
1690 2689 1964 2750 caputque
1990 2695 2099 2751 ope

2220 2680 2362 2744 τίαν,
2393 2681 2486 2734 καὶ
2514 2681 2605 2735 τὸν
2649 2682 2985 2753 πατραλοίαν
3022 2683 3433 2754 ἀποδιδράσκων
3452 2685 3470 2715 ³
3514 2683 3622 2745 υἱὸν,
3653 2681 3711 2733 uir

535 2772 716 2839 riens,
770 2770 1117 2826 ambulabat-
1162 2770 1231 2824 Et
1284 2768 1431 2825 Elias
1488 2770 1579 2825 ille
1628 2787 1858 2843 magnus
1905 2772 2104 2843 justiti:

2222 2788 2373 2824 πτων
2390 2772 2411 2802 ³
2440 2771 2519 2835 εἰς
2544 2772 2668 2843 γῆν,
2689 2773 2786 2826 καὶ
2811 2772 2910 2843 τὴν
2931 2773 3178 2846 κεφαλὴν
3201 2775 3496 2839 καλύπτων,
3521 2771 3708 2837 ἐϐάδιζεν.

524 2865 733 2932 'fretus,
768 2865 975 2921 Acbabi
1004 2864 1334 2935 impietatem
1370 2866 1756 2937 redarguebat.
1787 2866 1878 2924 Sic
1902 2868 2087 2924 divinu

2221 2864 2333 2917 Kal
2368 2864 2552 2927 Ἠλίας
2573 2867 2601 2918 6
2622 2866 2763 2920 πάνυ
2780 2868 2845 2937 τῇ
2877 2865 3195 2940 δικαιοσύνῃ
3218 2868 3447 2941 θαρρῶν,
3466 2868 3549 2922 τοῦ
3577 2864 3712 2937 Ἀχαὰί

538 2958 725 3012 Daniel
755 2956 1515 3012 Natuchodouosoridicebat
1543 2975 1555 3012 :
1591 2977 1610 3011 ι
1646 2957 1710 3013 Ει
1742 2975 1907 3028 nunc,
1940 2975 1972 3015 o
1999 2977 2107 3026 rex1

2222 2956 2475 3026 διήλεγχε
2503 2956 2602 3027 τὴν
2624 2956 2897 3011 ἀσέϐειαν.
2935 2957 3126 3022 Οὕτως
3150 2962 3179 3013 6
3210 2958 3482 3022 θεσπέσιος
3498 2958 3650 3027 Δανιὴλ
3665 2954 3710 3024 τῷ

524 3049 827 3105 consilium
871 3065 1054 3105 meum
1092 3049 1305 3120 placeat
1338 3049 1460 3116 tibi,
1507 3036 1873 3122 eleemosynis
1912 3054 2093 3108 redimi

2146 3077 2189 3134 C
2218 3042 2715 3120 Ναϐουχοδονόσωρ
2739 3047 2949 3118 έλεγενο
2977 3068 2996 3102 ι
3028 3050 3143 3102 Kal
3174 3050 3523 3122 νῦν,βασιλεῦ,
3552 3052 3579 3121 ή
3604 3046 3710 3119 βουλή

531 3150 759 3213 peccata
832 3150 964 3209 tua,
1014 3149 1069 3196 et
1119 3141 1439 3212 iniquitates
1531 3150 1658 3199 tuas
1734 3144 2095 3201 misericordii

2232 3155 2334 3209 μου
2374 3139 2628 3211 ἀρεσάτω
2652 3157 2755 3209 σοι,
2787 3143 2883 3195 καὶ
2904 3143 3003 3203 τὰς
3034 3142 3276 3213 ἀνομίας
3307 3160 3397 3196 σου
3422 3145 3474 3196 ἐν
3501 3135 3712 3210 ἐλεημοσύ·

535 3249 844 3304 pauperum
867 3231 919 3289 ιι.
953 3253 973 3287 ι
1016 3233 1110 3290 Sic
1163 3233 1388 3292 divinus
1436 3235 1642 3291 Paulus
1681 3234 2014 3308 Agrippam,
2073 3255 2100 3292 c

2227 3247 2347 3294 ναις
2368 3230 2693 3296 ἀπόλουσαι,
2721 3232 2814 3285 καὶ
2846 3233 2946 3297 τὰς
2975 3234 3258 3303 ἁμαρτίας
3290 3251 3381 3287 σου
3413 3237 3465 3288 ἐν
3496 3228 3713 3299 οίκτιρμοὶς

536 3323 777 3388 Festum,
808 3333 860 3380 et
893 3323 1124 3381 Felicem
1156 3325 1552 3395 alloquebatur.
1588 3328 1605 3349 "
1638 3324 1730 3381 Sic
1763 3328 2105 3398 triumphato

2227 3323 2500 3393 πενήτων.
2529 3341 2548 3374 ι
2573 3321 2760 3388 Οὕτως
2780 3325 2808 3377 6
2834 3323 3123 3388 θεσπέσιος
3142 3326 3165 3356 ’⁸
3186 3325 3391 3389 Παῦλος
3416 3324 3535 3394 πρὸς
3560 3319 3713 3389 Ἀγρίπε

534 3431 626 3474 res
659 3425 934 3489 martyres
967 3418 1167 3490 impios
1198 3431 1354 3488 reges
1389 3418 1789 3488 despiciebant.

2226 3432 2358 3480 παν,
2383 3415 2477 3469 καὶ
2511 3414 2601 3469 τὸν
2629 3415 2857 3486 Φῆστον,
2885 3419 2979 3471 καὶ
3007 3417 3098 3471 τὸν
3131 3418 3340 3489 Φήλικα
3373 3418 3618 3485 διελέγετο.
3648 3410 3714 3464 θῦ-

2224 3524 2333 3571 τως
2371 3510 2419 3562 οί
2451 3508 2749 3563 καλλίνικοι
2785 3510 3065 3583 μάρτυρες
3098 3512 3213 3566 τῶν
3242 3511 3499 3566 δυσσεεῶν
3523 3502 3711 3576 κατεφρό-

2224 3615 2396 3670 νησαν
2427 3598 2715 3670 βασιλέων.

608 3686 776 3743 Vsus.
818 3687 908 3753 47,
954 3686 1043 3742 48.
1104 3705 1123 3739 ι
1160 3687 1231 3742 Ει
1266 3687 1573 3743 meditabar
1608 3684 1822 3759 1450
1866 3688 1922 3742 in
1968 3704 2121 3743 man-

2298 3690 2405 3761 μζν,
2448 3699 2560 3763 μη’.
2610 3711 2629 3745 ι
2667 3694 2779 3746 Kal
2806 3693 3082 3763 ἐμελέτων
3130 3696 3193 3749 ἐν
3232 3697 3352 3759 ταῖς
3399 3691 3607 3752 ἐντολαῖς
3640 3703 3712 3748 σου.

534 3782 681 3836 datis
710 3780 845 3847 tuis,
877 3795 1002 3848 quae
1031 3778 1201 3833 dilexi
1237 3791 1588 3847 magnopere.
1616 3777 1682 3831 Et
1717 3778 1889 3832 levavi
1924 3794 2103 3833 manu:

2222 3776 2315 3845 αἷς
2346 3783 2610 3854 ἠγάπησα
2641 3783 2867 3853 σφόδρα.
2896 3786 3007 3839 Kal
3038 3781 3153 3855 ἦρα
3191 3786 3289 3850 τὰς
3322 3784 3497 3857 χεῖράς
3527 3799 3608 3849 μου
3629 3775 3714 3848 πρὸς

535 3884 688 3924 meas
716 3868 784 3922 ad
816 3867 1072 3921 mandata
1111 3877 1224 3933 tua,
1275 3879 1397 3935 quae
1440 3866 1627 3922 dilexi.
1666 3885 1683 3918 ι
1719 3864 1840 3921 Non
1886 3867 2030 3923 enim
2065 3869 2104 3922 ir

2220 3873 2321 3938 τὰς
2345 3875 2569 3937 ἐντολάς
2600 3891 2714 3939 σου,
2745 3876 2812 3940 ἃς
2855 3876 3142 3948 ἠγάπησα.
3191 3899 3210 3932 ι
3261 3882 3333 3934 Οὐ
3367 3880 3468 3950 γάρ
3504 3880 3552 3930 ὲν
3574 3872 3711 3941 λόγῳή

535 3975 793 4015 sermone
830 3970 916 4014 est
948 3958 1041 4013 Dei
1075 3974 1339 4031 regnum,
1374 3960 1467 4014 sed
1500 3958 1555 4013 in
1585 3974 1788 4030 opere:
1823 3969 1878 4016 et
1915 3961 2008 4032 qui
2040 3961 2104 4015 {e-

2223 3965 2473 4034 βασιλεία
2500 3965 2594 4020 τοῦ
2620 3966 2780 4035 Θεοῦ,
2829 3968 2943 4021 ἀλλ’
2974 3971 3034 4023 ἐν
3064 3970 3327 4039 δυνάμει’
3356 3972 3445 4027 καὶ
3483 3971 3508 4024 ὁ
3540 3967 3713 4035 τωιήσαςς

534 4056 670 4111 cerit
701 4064 756 4112 et
797 4055 1069 4122 docuerit,
1125 4056 1217 4111 hic
1259 4070 1492 4127 magnus
1536 4055 1826 4112 vocabitur
1859 4056 1912 4110 in
1951 4071 2103 4128 regnt

2260 4058 2315 4110 αἰ
2344 4059 2372 4110 6
2401 4057 2642 4122 δίδάξας,
2668 4054 2823 4122 οὗτος
2859 4061 3033 4130 μέγας
3061 4061 3399 4134 κληθήσεται
3429 4064 3516 4116 ἐν’
3550 4062 3600 4130 τῇ
3624 4058 3716 4126 βίπ

532 4149 824 4205 cmlorum.
880 4147 1094 4204 Idcirco
1146 4147 1371 4203 divinus
1433 4146 1707 4218 Propheta
1774 4148 2095 4204 meditationi

2218 4147 2339 4220 λείᾳ
2366 4149 2475 4202 τῶν
2503 4150 2773 4220 οὐρανῶν.
2802 4151 2904 4204 Διά
2933 4168 3016 4206 τοι
3048 4151 3215 4208 τοῦτο
3241 4156 3337 4209 καὶ
3367 4158 3394 4209 6
3417 4153 3543 4215 θεῖος
3565 4146 3713 4222 [Ιρνιφή-

534 4242 802 4297 actionem
839 4241 1157 4310 praeposuit.
1196 4238 1336 4295 Cum
1380 4241 1525 4295 enim
1563 4240 1845 4297 dixisset:
1885 4260 1904 4294 ι
1947 4242 2103 4297 Medi-

2216 4257 2315 4310 της
2337 4243 2401 4310 τῇ
2432 4240 2633 4313 μελέτῃ
2653 4242 2754 4313 τὴν
2778 4242 2982 4314 πρᾶξιν
3005 4247 3380 4317 προτέθεικεν.
3409 4240 3712 4317 Είρηκὼςγάρ.

536 4334 694 4389 tabar
720 4334 775 4388 in
803 4332 1078 4388 mandatis
1104 4332 1379 4403 tuis,qua:
1407 4332 1810 4400 dilexi'valdeg
1832 4341 1887 4388 et
1915 4334 2105 4389 arden-

2225 4352 2244 4385 ι
2291 4333 2597 4403 Ἐμελέτων
2623 4334 2680 4386 ἐν
2707 4336 2827 4397 ταῖς
2847 4333 3094 4398 ἐντολαῖς
3118 4352 3239 4402 σου,
3269 4330 3359 4400 αῖς
3390 4336 3614 4404 ἡγάπησα
3638 4327 3715 4394 sqi-

539 4436 647 4478 tem
677 4423 1036 4493 cupiditatem
1066 4422 1426 4489 declarasset,
1457 4422 1702 4478 subdidit
1731 4439 1746 4477 :
1785 4441 1804 4475 ι
1847 4422 1914 4477 Ει
1938 4424 2108 4480 levavi

2145 4428 2189 4483 D
2218 4424 2374 4496 δρα,›
2412 4426 2504 4478 καὶ
2545 4426 2637 4479 τὸν
2682 4425 2886 4497 Θερμὸν
2941 4426 3222 4494 ἐπιδείξας
3263 4428 3453 4493 πόθον,
3492 4426 3710 4494 ἐπήγαγεν·

540 4530 737 4571 manus
772 4530 924 4570 meas
969 4516 1036 4569 ad
1074 4515 1331 4569 mandata
1383 4525 1499 4581 tua,
1544 4531 1666 4585 qua:
1707 4515 1895 4571 dilexi.
1936 4533 1954 4567 ι
1991 4514 2109 4582 Qua

2235 4534 2255 4567 ι
2302 4516 2411 4570 Kal
2438 4513 2546 4588 ἦρα
2570 4516 2670 4580 τὰς
2701 4518 2891 4589 χεῖράς
2926 4536 3029 4588 μου
3056 4520 3196 4590 πρὸς
3226 4521 3327 4583 τὰς
3360 4519 3551 4579 ἐντολάς
3582 4506 3712 4571 συκᾶς

532 4609 682 4661 enim
706 4621 802 4677 per
824 4607 1007 4661 divina
1037 4610 1263 4662 oracula
1287 4608 1473 4674 didici,
1502 4609 1617 4664 haec
1647 4624 1745 4679 per
1773 4623 1937 4678 opera
1965 4623 2101 4664 exse

2228 4609 2516 4679 ἠγάπησα.
2556 4630 2573 4662 ι
2619 4612 2682 4664 “A
2715 4612 2826 4683 γὰρ
2858 4611 2948 4665 διὰ
2979 4613 3089 4665 τῶν
3126 4613 3291 4667 θείων
3318 4612 3481 4680 λόγων
3511 4603 3712 4663 suam.

531 4705 696 4771 cutus
729 4711 874 4752 sum.
905 4696 1028 4753 Non
1093 4698 1241 4753 enim
1284 4700 1566 4755 auditores
1627 4700 1764 4771 legis
1821 4700 1957 4771 justi
1999 4716 2100 4755 sun

2233 4720 2341 4774 μην
2363 4704 2404 4769 ⁸,
2460 4702 2634 4758 ταῦτα
2681 4704 2770 4758 διὰ
2812 4705 2917 4758 τῶν
2959 4704 3136 4776 ἔργων
3170 4706 3391 4778 μετῄειν
3412 4706 3451 4759 ⁷.
3491 4702 3554 4756 Οὐ
3579 4698 3658 4768 γὰρ
3684 4692 3712 4744 οἱ

538 4788 687 4859 apud
718 4788 916 4853 Deum,
946 4800 1008 4845 ut
1037 4791 1264 4849 divinus
1295 4793 1375 4848 ait
1401 4794 1725 4864 Apostolus,
1758 4793 1857 4849 sed
1892 4793 2107 4849 factore:

2231 4796 2502 4865 ἀκροαταὶ
2531 4795 2628 4849 τοῦ
2668 4797 2834 4868 νόμου
2867 4797 3067 4851 δίκαιοι
3100 4798 3254 4867 παρὰ
3285 4800 3360 4869 τῷ
3391 4797 3513 4866 Θεῷ,
3538 4781 3714 4862 φησὶνδό

529 4881 668 4952 legis
696 4881 1153 4953 justillcabuntur
1180 4884 1255 4939 δ’.
1289 4904 1309 4938 ι
1345 4885 1416 4941 Ει
1439 4885 1737 4951 meditatus
1764 4899 1885 4942 sum
1928 4886 2098 4955 justiti

2231 4883 2372 4947 θεῖος
2431 4885 2779 4951 Ἀπόστολος,
2815 4887 2953 4941 ἀλλὰ
2994 4891 3219 4959 ποιηταὶ
3268 4890 3362 4943 τοῦ
3391 4888 3536 4957 νόμον
3557 4882 3713 4936 δικαιω-

529 4975 777 5028 cationes
832 4981 976 5027 tuas.
1046 4991 1065 5026 ι
1121 4975 1398 5030 Contiuue
1454 4976 1602 5032 enim
1669 4976 1771 5032 bas
1821 4977 2098 5033 meditata:

2227 4976 2506 5047 θήσονται.
2545 4997 2563 5030 ι
2592 4978 2702 5032 Kal
2728 4979 3051 5052 ἡδολέσχουν
3070 4984 3129 5036 ἐν
3158 4985 3274 5046 τοῖς
3299 4976 3591 5049 δικαιώμασί
3611 4984 3709 5023 σου.»

526 5081 674 5123 sum.
808 5064 817 5071 ’
2234 5069 2565 5141 Ἔνδελεχῶς
2595 5071 2706 5144 γὰρ
2732 5074 2832 5145 τὴν
2861 5073 3068 5129 τούτων
3090 5074 3389 5147 ἐποιούμην
3419 5070 3608 5144 μελέτην
3620 5064 3653 5114 ’-

599 5225 627 5264 h
668 5223 806 5278 Dan.
852 5238 929 5287 ιν,
968 5220 1060 5275 24.
1132 5221 1183 5263 1ι⁶
1208 5221 1371 5279 Rom.
1404 5239 1464 5279 ιι.
1498 5224 1587 5279 i3.

1645 5341 1875 5400 VARIIE
1914 5341 2301 5400 LECTIONES
2339 5341 2427 5396 ET
2456 5340 2690 5400 NOTJE.

596 5467 641 5499 "
672 5465 797 5520 cod.
834 5460 958 5517 Vat.
992 5465 1104 5526 τοῖς
1133 5463 1332 5532 λόγοις.
1377 5461 1451 5532 ,⁸⁸
1477 5464 1623 5532 Γὰρ.
1650 5465 1772 5520 cod.
1812 5466 1837 5519 1
1876 5465 1998 5520 add.
2034 5466 2165 5518 διαπ

2141 5464 2347 5527 παντός.
2447 5464 2492 5497 ⁹⁹
2519 5462 2721 5531 Ἐπορ.
2755 5461 2943 5530 Helm,
2986 5463 3286 5518 antbulabo.
3383 5462 3396 5492 ‘
3426 5449 3710 5532 ’ἐλλείψει

450 5584 453 5589 .
529 5532 966 5604 ᾐσχυν.Ηθι›ι“.,
1001 5533 1191 5604 loquar
1207 5526 1478 5604 ὲ-ριιάονς
1506 5526 1726 5604 afficiar.
1797 5538 1817 5567 ²
1838 5536 1960 5589 cod.
1995 5535 2019 5589 1

2136 5526 2466 5603 εδίδρασκεν.
2545 5534 2565 5566 ³
2596 5526 2868 5604 Κῦπτων.
2915 5526 2989 5590 ἱἸ).
3026 5534 3276 5604 sequitur
3327 5533 3447 5602 γάρ.
3520 5526 3705 5604 _‘

528 5594 653 5675 god:
687 5605 707 5654 1
747 5594 963 5675 θεῖος.-’
1015 5603 1036 5634 ⁸
1069 5594 1695 5675 ”Εν-οὖρανῷν.”ῐ)εε.
1732 5606 1785 5659 in
1818 5608 1938 5659 cod.
1972 5605 2021 5658 1.

2155 5605 2228 5658 ib.
2249 5594 2607 5675 ’ἐδιδάσκετῳ
2669 5606 2687 5637 ⁷
2711 5602 2995 5674 Μετῄειν.σ
3021 5594 3143 5661 cod.
3179 5605 3204 5659 1
3241 5594 3457 5675 μέτεισι.
3519 5594 3704 5647 “ﬁndi?-

528 5667 609 5723 ib.
671 5684 853 5735 praem.
1039 5676 1060 5707 ’
1091 5666 1383 5742 Μελέτήν.
1414 5672 1506 5727 'ib.
1541 5674 1785 5745 μνήμην,
1825 5677 2061 5743 ascripta
2094 5687 2097 5724 ι

1180 5666 1383 5742 λέτήν.
1414 5672 1506 5727 ‘ib.
1541 5674 1785 5745 μνήμην,
1825 5677 2061 5743 ascripta
2094 5683 2272 5729 tamen
2306 5675 2535 5729 lectione
2564 5674 2749 5729 altera.
