3974 6206
330 262 463 326 1837

1626 246 1710 309 IN
1749 247 1956 308 PSAL.
1991 247 2257 309 CXVIlI.

3444 243 3579 310 1838

398 374 506 447 μθ’.
549 392 567 426 ι
601 368 885 443 Μνήσθητι
917 365 1027 421 τῶν
1062 365 1238 435 λόγων
1265 380 1361 419 σου
1386 361 1466 435 τῷ
1478 362 1650 435 δούλῳ
1680 379 1797 429 σου,
1828 356 1903 418 ὧν
1933 408 1937 428 ί

2084 362 2246 419 Vens.
2281 362 2370 419 49.
2402 380 2420 413 ι
2452 361 2664 417 Memor
2693 370 2809 416 esto
2840 359 3129 415 verborum
3167 366 3385 413 tuormn
3422 372 3581 413 servo

323 464 633 538 ἐπήλπισάς
654 479 743 534 με,
772 480 793 513 ι
828 452 1156 531 Νομοθετῶν
1186 458 1214 511 ὁ
1236 454 1400 522 Θεὸς,
1432 457 1528 512 καὶ
1563 458 1674 520 τοῖς
1703 456 1905 527 φυλάτ-

323 576 475 614 τουσι
508 557 598 610 τὸν
625 555 789 626 νόμον
819 552 915 622 τὴν
944 551 1154 606 οἰκείαν
1193 549 1484 622 εὐμένειαν
1514 550 1904 622 ἐπηγγείλατο,

327 652 420 704 καὶ
445 651 558 709 τοῖς
589 644 939 716 παραϐάταις
976 642 1077 712 τὴν
1114 641 1410 715 τιμωρίαν.
1442 642 1763 713 Μνησθῆναι
1794 641 1908 695 τοί-

326 760 420 796 νυν
454 740 544 794 τὸν
565 739 702 793 Θεὸν
731 736 842 791 τῶν
878 737 1098 791 οίκείων
1142 734 1491 806 ὑποσχέσεων
1531 731 1786 788 ἱκετεύει.
1815 733 1912 798 Είς

329 832 543 895 ἐκείνας
573 831 702 901 γὰρ,
722 829 909 900 φησὶν,
928 827 1169 893 ἐλπίζειν
1205 826 1451 891 ἐδίδαξάς
1494 843 1562 898 με
1585 841 1601 858 ⁶
1652 826 1744 881 καὶ
1808 824 1915 879 δτιρ

331 924 461 988 κνὺς
497 923 599 992 τῆς
628 921 845 984 ἐλπίδος
865 922 930 975 τὸ
952 924 1244 994 χρήσιμον,
1276 921 1594 993 ἐπήγαγεν

403 1096 468 1153 ν’.
515 1117 535 1151 ι
578 1096 728 1168 Αὕτη
764 1114 833 1168 με
855 1096 1230 1169 παρεκάλεσεν
1253 1099 1313 1151 ἐν
1332 1099 1400 1169 τῇ
1427 1093 1757 1150 ταπεινώσει
1789 1112 1914 1167 μου,

336 1194 417 1247 ὅτι
455 1191 516 1245 τὸ
561 1191 737 1259 λόγιόν
785 1206 878 1243 σου
932 1188 1097 1260 ἔζησε
1147 1207 1238 1260 με.
1278 1207 1296 1240 ι
1346 1187 1563 1257 Ταύτην
1611 1187 1719 1259 γὰρ
1760 1185 1919 1256 ἔσχον

338 1282 671 1355 παραψυχὴν
701 1284 758 1336 ἐν
792 1285 910 1345 ταῖς
947 1284 1253 1353 συμφοραῖς
1275 1299 1290 1312 θ
1322 1283 1417 1336 καὶ
1447 1282 1652 1353 ταύτης
1684 1279 1919 1351 ὀχούμε-

339 1393 429 1440 νος
454 1375 497 1407 ¹⁶
529 1374 913 1446 ὑπερέπλευσα
940 1373 1050 1427 τῶν
1085 1373 1368 1443 κυμάτων.

410 1473 510 1522 ναθ.
545 1487 564 1520 ι
604 1467 977 1538 Ὑπερήφανοι
1017 1466 1370 1538 παρηνόμουν
1410 1465 1516 1528 ἕως
1556 1463 1783 1536 σφόδρα,
1813 1463 1922 1519 ἀπὸ

339 1559 397 1613 δὲ
442 1558 536 1612 τοῦ
566 1559 730 1628 νόμον
794 1575 887 1612 σου
933 1558 1036 1612 οὐκ
1092 1557 1361 1623 ἐξέκλινα.
1402 1576 1423 1611 ι
1466 1556 1923 1629 ’Υπερηφάνους

2007 463 2105 510 tuo
2144 455 2497 527 (datorum).
2548 454 2602 508 in
2648 451 2849 523 quibus
2896 450 3031 506 mihi
3081 465 3235 520 spem
3295 448 3517 504 dedisti.
3558 467 3575 500 ι

2006 547 2205 620 Legem
2244 546 2425 604 ferens
2459 546 2599 602 Deus
2632 553 2689 600 et
2730 543 3174 600 custodientibus
3212 542 3382 612 legem
3416 540 3580 596 bene-

2007 638 2301 695 volentiam
2330 653 2486 693 suam
2520 637 2798 707 promisit,
2822 642 2877 691 et
2899 633 3430 706 transgredientibus
3454 647 3581 701 sup-

2010 732 2258 803 plicium.
2292 727 2368 786 Ut
2392 730 2557 800 igitur
2595 744 2820 785 suarum
2867 727 3292 799 promissionum
3333 724 3586 780 recorde-

2006 833 2124 890 tur,
2158 822 2330 879 Deum
2356 830 2631 894 precatur.
2660 820 2718 876 In
2742 820 2853 877 illis
2869 820 3041 883 enim,
3070 818 3166 887 ait,
3201 832 3352 889 spem
3380 830 3589 889 ponere

2015 932 2104 974 me
2151 916 2410 973 docuisti.
2462 914 2530 971 Et
2574 914 2869 971 ostendens
2927 912 3046 985 spei
3099 911 3388 967 utilitatem
3455 908 3589 964 sub-

2014 1011 2152 1067 didit
2179 1030 2193 1066 :

2090 1102 2256 1158 Vens.
2289 1101 2378 1158 50.
2418 1120 2437 1153 ι
2483 1101 2609 1156 Haec
2644 1100 2748 1155 fuit
2786 1098 3096 1156 consolatio
3125 1113 3245 1153 mea
3280 1098 3334 1152 in
3365 1095 3592 1152 humili-

2021 1203 2134 1251 tate
2180 1210 2336 1259 mea,
2392 1195 2519 1265 quia
2562 1192 2841 1263 eloquium
2888 1200 3043 1247 tuum
3094 1189 3391 1246 vivilieavit
3420 1202 3528 1243 me.
3567 1206 3586 1240 ο

2021 1286 2173 1344 Hanc
2205 1287 2349 1343 enim
2383 1286 2437 1342 in
2471 1285 2883 1342 calamitatibus
2926 1283 3360 1340 consolationem
3402 1280 3592 1348 habui,

2021 1393 2077 1440 et
2117 1385 2219 1439 hac
2244 1391 2437 1439 vectus
2469 1397 2632 1452 super
2656 1380 2822 1437 undis
2853 1378 3126 1450 navigavi.

2094 1472 2262 1530 Vens.
2299 1474 2391 1528 5i.
2437 1490 2455 1524 ι
2498 1470 2731 1543 Superbi
2782 1468 3075 1525 admodum
3124 1467 3313 1539 inique
3342 1464 3594 1537 agebant,

2025 1576 2056 1617 a
2090 1561 2206 1635 lege
2243 1572 2430 1619 autem
2484 1572 2575 1618 tua
2611 1576 2719 1617 non
2754 1560 3051 1616 declinavi.
3088 1577 3108 1612 ι
3158 1556 3426 1629 Superbos
3459 1571 3599 1611 nun-

342 1649 499 1705 καλεῖ
525 1649 615 1703 τὸν
640 1648 831 1713 Σαοὺλ,
859 1648 950 1703 τὸν
991 1646 1367 1719 Ἀϐεσσαλὼμ,
1389 1647 1482 1703 τὸν
1511 1647 1621 1703 τῶν
1654 1650 1921 1720 ’Δμμανι-

2053 1663 2191 1725 :upat
2219 1653 2462 1721 Saulem,
2501 1653 2854 1720 Absalonem,
2903 1650 3341 1708 Ammanitarum
3392 1663 3598 1720 regem,

341 1744 450 1797 τῶν
481 1742 726 1814 βασιλέα,
755 1742 849 1795 τὸν
874 1741 944 1796 τὰ
975 1742 1267 1812 παράνομα
1294 1742 1484 1797 ἐκεῖνα
1519 1743 1601 1805 είς
1630 1742 1757 1807 τοὺς
1785 1743 1919 1796 ἀπο-

346 1835 638 1896 σταλέντας
662 1833 792 1903 παρ’
816 1832 981 1886 αὗτοῦ
1006 1832 1368 1901 πεποιηκότα.
1386 1831 1549 1886 Ἀλλὰ
1574 1834 1771 1886 ἐκεῖνοι
1795 1833 1918 1903 μὲν,

345 1925 502 1996 φησὶ,
539 1924 857 1995 παράνομον
889 1923 1207 1993 ἠσπάσαντο
1235 1922 1349 1993 βίον
1368 1939 1383 1954 ·
1421 1923 1534 1992 ἐγὼ
1573 1923 1629 1976 δὲ
1660 1926 1773 1987 τοῖς
1810 1925 1924 1986 σοῖς

343 2017 686 2089 ἠκολούθησα
716 2016 923 2087 νόμοις.
960 2014 1145 2070 Ταῦτα
1186 2014 1243 2069 δὲ
1282 2015 1487 2070 εἴποιεν
1509 2014 1576 2069 ἂν
1602 2014 1694 2067 καὶ
1721 2015 1772 2068 oi
1802 2015 1939 2068 καλ-η

347 2109 541 2163 λίνικοι
591 2108 890 2178 μάρτυρες,
941 2105 1116 2160 amb“
1192 2104 1303 2158 τῶν
1346 2101 1795 2176 ἀπανθρῶπων¹²
1832 2103 1926 2157 καὶ⁹

349 2199 622 2257 δυσσεϐὦν
660 2198 939 2270 τυράννων
961 2197 1032 2250 τὰ
1063 2195 1214 2251 δεινὰ
1242 2197 1432 2251 ἐκεῖνα
1457 2196 1551 2249 καὶ
1578 2195 1795 2265 χαλεπὰ
1833 2213 1928 2250 πε-

354 2294 628 2357 πονθότες.
1259 2296 1267 2305 ’

424 2382 521 2453 νβ’.
557 2402 576 2435 ι
623 2379 933 2453 Ἐμνὴσθην
977 2380 1086 2435 τῶν
1130 2378 1414 2449 κριμάτων
1469 2393 1563 2431 σου
1588 2375 1683 2430 ἀπ’
1712 2376 1930 2444 αἰῶνος,

355 2474 550 2544 Κύριε,
578 2473 673 2527 καὶ
710 2471 1085 2543 παρεκλήθην.
1117 2487 1137 2521 ι
1193 2467 1424 2523 Ἔλαϐον
1465 2467 1574 2539 γὰρ
1603 2468 1683 2531 είς
1717 2465 1841 2521 νοῦν
1866 2467 1937 2521 τὰ

358 2567 500 2622 κατὰ
529 2567 620 2621 τὸν
650 2564 839 2630 Ἀϐελ,
870 2564 940 2617 τὰ
971 2561 1111 2619 κατὰ
1142 2560 1236 2615 τὸν
1273 2559 1541 2632 Ἀϐραὰμ,
1572 2558 1641 2612 τὰ
1672 2559 1814 2613 κατὰ
1847 2558 1937 2613 τὸν

373 2658 577 2722 Ἰσαὰκ,
610 2658 679 2712 τὰ
707 2657 848 2712 κατὰ
873 2656 963 2709 τὸν
1009 2653 1240 2718 Ἰακὼϐ,
1284 2653 1354 2706 τὰ
1390 2652 1530 2706 κατὰ
1574 2652 1664 2705 τὸν
1718 2652 1937 2722 Ἰωσὴφ,

364 2751 497 2805 sit“
554 2748 696 2802 κατὰ
736 2748 826 2800 τὸν
871 2744 994 2799 Ἰὼϐ
1016 2786 1031 2809 ,
1073 2743 1144 2797 τὰ
1183 2743 1324 2798 κατὰ
1363 2742 1454 2796 τὸν
1488 2742 1681 2812 Μωσῆ,
1723 2744 1870 2807 ὅπως
1894 2741 1941 2774 ³⁸

363 2839 461 2895 καὶ
485 2837 746 2900 ποικίλοις
774 2836 1090 2906 περιπεσεῖν
1114 2832 1568 2905 συνεχωρήθησαν
1591 2832 1938 2903 πειρασμοῖς,

2032 1746 2241 1820 1451
2300 1747 2396 1819 qui
2450 1745 2579 1802 fecit
2627 1746 2817 1816 iniqua
2864 1745 2956 1801 illa
3008 1744 3062 1799 in
3104 1759 3199 1799 eos
3240 1743 3334 1814 qui
3366 1741 3435 1796 ab
3481 1740 3602 1810 ipso

2031 1838 2187 1893 missi
2218 1837 2463 1892 fuerunt.
2515 1837 2623 1893 Sed
2658 1837 2735 1892 illi
2785 1837 3045 1908 quidem,
3099 1836 3314 1906 inquit,
3356 1833 3603 1904 iniquam

2032 1931 2267 2000 amplexi
2300 1940 2430 1986 sunt
2464 1931 2632 1985 vitam
2677 1949 2690 1984 :
2727 1946 2829 2002 ego
2871 1944 3002 1987 vero
3041 1938 3167 1986 tuas
3204 1930 3351 2000 leges
3384 1935 3606 1982 secutus

2034 2032 2180 2073 sum.
2219 2020 2488 2074 Caeterum
2535 2019 2654 2075 haec
2698 2019 2881 2075 dicere
2930 2028 3153 2089 possent
3194 2019 3360 2074 etiam
3408 2017 3607 2072 trium-

2033 2111 2296 2182 phatores
2329 2121 2622 2183 martyres,
2658 2110 2753 2182 qui
2784 2110 2971 2182 gravia
2990 2120 3053 2167 et
3081 2125 3272 2182 aspera
3305 2110 3395 2165 illa
3425 2124 3457 2164 a
3484 2123 3608 2164 cru-

2034 2203 2248 2260 delibus
2278 2214 2334 2260 et
2366 2203 2548 2274 impiis
2578 2205 2829 2276 tyrannis
2859 2205 3102 2275 perpessi
3129 2212 3276 2260 sunt.

2112 2378 2262 2436 Vens
2290 2380 2382 2436 52.
2421 2400 2441 2433 ι
2479 2381 2688 2437 Memor
2722 2381 2800 2435 fui
2835 2379 3168 2449 iudiciorum
3200 2384 3417 2435 tuorum
3453 2395 3484 2433 ο
3509 2394 3612 2434 sa:-

2041 2472 2189 2539 eulo,
2235 2472 2488 2539 Domine,
2537 2483 2591 2528 et
2639 2474 2958 2529 consolatus
3002 2488 3147 2528 sum.
3185 2491 3203 2524 ι
3261 2472 3318 2527 In
3375 2480 3613 2527 mentem

2044 2565 2193 2621 enim
2228 2565 2423 2620 reduxi
2454 2581 2518 2620 ea
2572 2581 2696 2637 quae
2723 2565 2903 2631 Abeli,
2942 2575 2996 2621 et
3021 2565 3355 2628 Abraliamo,
3385 2572 3437 2620 et
3467 2564 3615 2620 Isaa—

2047 2670 2112 2712 eo
2134 2696 2150 2720 ,
2186 2663 2242 2713 et
2268 2654 2498 2722 Iacobo,
2530 2664 2586 2713 et
2619 2655 2885 2727 Josepho,
2926 2666 2980 2712 et
3009 2657 3171 2720 Jobo,
3212 2665 3265 2712 et
3296 2655 3431 2711 Mosi
3475 2655 3620 2711 acci-

2048 2748 2269 2809 derunt.
2296 2750 2572 2819 quomodo
2601 2751 2655 2803 in
2689 2749 2868 2807 varias
2898 2753 2915 2773 ⁶
2939 2750 3270 2806 tentationes
3300 2751 3450 2821 ipsos
3483 2749 3619 2805 inci-

2049 2841 2179 2897 dere
2210 2842 2550 2912 permiseris,
2582 2852 2637 2898 et
2663 2842 2919 2914 deinceps
2941 2842 3185 2900 illustres
3208 2853 3263 2900 et
3294 2843 3620 2914 spectabiles

366 2932 462 2986 καὶ
508 2931 828 3001 περιφανεῖς
875 2928 1073 2992 αὐτοὺς
1107 2916 1334 2998 ὕστερον
1381 2925 1476 2980 καλ⁴
1549 2925 1937 2996 περιϐλέπτους

2053 2932 2200 3005 ipsos
2231 2933 2556 3002 reddideris,
2593 2935 2739 2992 unde
2771 2938 3209 3005 consolationem
3246 2938 3493 2993 idoneam
3530 2954 3620 2993 re-

366 3023 675 3093 ἀπέφηνας,
693 3019 1048 3091 ψυχαγωγίαν
1068 3020 1111 3052 ³⁸
1138 3017 1388 3072 ἐντεῦθεν
1407 3015 1734 3089 ἀποχρῶσαν
1760 3018 1943 3088 ἐπορι-
1968 3008 2012 3065 C
2045 3025 2350 3094 por-tabam,

370 3131 570 3169 σαμτιν.

646 3199 878 3272 ’Δθυμία
900 3201 944 3233 ⁸⁸
976 3198 1206 3269 κατέσχε
1245 3214 1311 3269 με
1344 3196 1452 3251 ἀπὸ
1483 3195 1816 3268 ἁμαρτωλῶν
1838 3196 1946 3250 τῶν

372 3294 961 3367 ἐγκαταλιμπανόντων
992 3292 1084 3345 τὸν
1129 3293 1291 3360 νόμον
1324 3307 1438 3344 σου.
1469 3309 1488 3340 ι
1545 3287 1684 3359 Ἐγὼ
1718 3289 1815 3359 μὲν
1851 3305 1947 3343 κα-

374 3389 484 3452 κῶς
513 3386 738 3457 πάσχων
764 3386 831 3454 τῇ
860 3384 1048 3455 μνήμῃ
1068 3381 1177 3436 τῶν
1202 3380 1310 3435 σῶν
1335 3380 1806 3451 ὲψυχαγωγούμην
1826 3398 1947 3451 κρι-

380 3481 592 3552 μάτωνο
626 3476 875 3547 ἠνιώμην
912 3474 968 3527 δὲ
1006 3473 1177 3544 ὅμως,
1214 3473 1309 3526 καὶ
1338 3471 1606 3526 διετέλουν
1645 3471 1945 3541 ἀσχάλλων,

377 3574 604 3635 πολλοὺς
641 3568 782 3641 ὁρῶν
827 3567 995 3630 ἀδεῶς
1044 3567 1171 3629 τοὺς
1216 3565 1342 3630 σοὺς
1388 3562 1818 3635 παραϐαίνοντας
1860 3563 1947 3617 νό-

380 3679 533 3734 μους.

449 3772 542 3825 νδ’.
577 3787 597 3821 ι
626 3768 819 3824 Ψαλτὰ
846 3762 987 3839 ἦσάν
1008 3784 1098 3838 μοι
1116 3765 1189 3821 τὰ
1212 3765 1556 3837 δικαιώματά
1582 3783 1694 3829 σου,
1718 3765 1776 3818 ἐν
1802 3764 1953 3835 τόπῳ

382 3861 672 3933 παροικίας
697 3877 819 3930 μου.
854 3878 872 3911 ι
895 3859 1233 3929 Παρῲκησεν
1253 3857 1297 3891 ⁸⁸
1326 3860 1354 3912 ὁ
1380 3859 1646 3929 μακάριος
1663 3856 1826 3910 Δαϐὶδ
1848 3856 1953 3911 ὑπὸ

379 3955 473 4009 τοῦ
514 3955 688 4008 Σαοὺλ
718 3953 1045 4022 διωκόμενος
1078 3950 1229 4019 παρὰ
1259 3953 1371 4013 τοῖς
1402 3948 1765 4018 Ἀλλοίρύλοις.
1796 3949 1953 4017 Παρ-

381 4049 579 4102 οικίαν
623 4044 680 4099 δὲ
723 4042 881 4113 οἶμαι
910 4042 1073 4096 αὐτὸν
1120 4041 1324 4107 καλεῖν,
1354 4041 1452 4094 οὐκ
1482 4043 1687 4094 ἐκεῖνον
1719 4040 1810 4094 τὸν
1832 4039 1958 4110 χρό-

379 4160 490 4206 νον,
527 4138 662 4193 ἀλλὰ
687 4137 866 4191 πάντα
896 4135 986 4188 τὸν
1015 4135 1149 4205 βίον.
1178 4133 1253 4186 Ού
1282 4133 1391 4204 γὰρ
1411 4132 1487 4197 ὡς
1512 4131 1799 4194 κατοικῶν,
1823 4129 1955 4183 ἀλλὰ

382 4235 456 4296 ὡς
488 4228 769 4299 παροικῶν
798 4227 961 4281 αὐτὸν
990 4227 1278 4291 διετέλεσε,
1314 4226 1410 4279 καὶ
1443 4225 1582 4296 ᾄδων
1607 4223 1676 4277 τὰ
1705 4222 1799 4276 τοῦ
1822 4221 1956 4275 Θεοῦ

382 4319 729 4388 δικαιώματα
756 4316 847 4368 τὸν
871 4315 984 4385 βίον
1010 4314 1317 4371 διώδευσεν.
1348 4313 1502 4367 Οὕτω
1534 4315 1641 4385 γὰρ
1678 4314 1956 4383 ἡρμήνευ-

386 4428 482 4464 σαν
516 4409 610 4461 καὶ
636 4408 686 4460 οἱ
710 4405 887 4459 λοιποὶ
903 4405 1234 4475 ἐρμηνευταί
1254 4419 1268 4434 ⁸
1294 4423 1312 4457 ι
1338 4404 1590 4476 ’ᾼσματα
1618 4400 1686 4475 ἦν
1705 4420 1793 4473 μοι
1821 4402 1959 4457 πάν-

383 4501 513 4554 τα¹⁷
544 4498 613 4551 τὰ
644 4495 1048 4568 προστάγματα
1083 4512 1201 4560 σου,
1246 4496 1306 4548 ἐν
1348 4495 1498 4567 τόπῳ
1536 4495 1637 4564 τῆς
1670 4493 1958 4565 παροικίας

429 4611 511 4645 0U.
552 4611 572 4644 δ

429 4612 511 4645 ου.
552 4612 572 4644 ι

386 4612 425 4663 μ
452 4690 543 4740 νε’.
568 4703 587 4736 ι
628 4680 937 4751 Ἐμνήσθην
965 4679 1022 4732 ἐν
1049 4678 1199 4732 νυκτὶ
1223 4678 1316 4732 τοῦ
1337 4678 1595 4748 ὀνόματός
1619 4696 1735 4743 σου,
1759 4680 1953 4748 Κύριε,

383 4778 477 4832 καὶ
508 4776 752 4846 ἐφύλαξα
775 4775 867 4828 τὸν
894 4772 1057 4843 νόμον
1076 4789 1192 4827 σου.
1224 4792 1243 4825 ι
1261 4772 1497 4841 Νύκτωρ
1518 4773 1563 4802 ¹⁰
1584 4771 1682 4842 μὲν
1706 4773 1793 4826 ἀεὶ
1808 4771 1957 4826 διαν-

387 4871 674 4939 ιστάμενος
726 4869 753 4920 ὁ
785 4867 895 4921 τῶν
924 4864 1094 4935 ἁγίων
1120 4865 1302 4936 χορὸς,
1332 4864 1428 4919 καὶ
1450 4864 1832 4935 προσεύχεται,
1861 4864 1957 4917 καὶ

384 4964 609 5031 ἀνυμνεῖ
635 4962 727 5014 τὸν
752 4961 860 5013 τῶν
893 4958 1030 5012 ὅλων
1057 4957 1210 5013 Θεόν.
1236 4953 1404 5028 Οἶμαι
1430 4956 1487 5009 δὲ
1508 4958 1700 5010 νύκτα
1723 4955 1957 5011 ἐνταῦθα

384 5053 489 5106 τῶν
519 5053 839 5123 πειρασμῶν
871 5052 963 5106 τὸν
995 5049 1188 5119 καιρὸν
1224 5048 1607 5119 ὀνομάζεσθαι.
1642 5049 1812 5118 Ζόφον
1849 5047 1958 5119 γὰρ

386 5147 658 5216 ἐπιφέρει,
689 5148 783 5201 καὶ
802 5147 996 5211 νυκτὸς
1016 5145 1172 5217 δίκην
1194 5146 1309 5208 τοῖς
1325 5143 1633 5213 ἀνθρώποις
1652 5144 1960 5214 ἐπέρχεται.

2122 3201 2284 3258 Vens.
2333 3204 2422 3259 53.
2486 3225 2505 3257 ‹
2548 3205 2728 3262 Defeci
2785 3210 2971 3263 animo
3027 3220 3248 3280 propter
3302 3221 3621 3282 peccatores

2048 3291 2492 3364 derelinquenles
2545 3298 2716 3368 legem
2768 3309 2938 3353 tuam.
2980 3321 2996 3352 ι
3063 3300 3175 3371 Ego
3208 3302 3430 3372 quidem
3478 3306 3623 3359 mala

2050 3381 2265 3449 patiens
2328 3392 2548 3439 tuorum
2599 3386 2935 3456 judiciorum
2984 3392 3247 3446 memoria
3293 3393 3620 3448 reﬁciebar:

2051 3474 2350 3529 mterebam
2398 3485 2576 3532 tamen
2601 3522 2616 3544 ,
2667 3495 2732 3535 ac
2769 3492 3035 3552 perpetuo
3063 3499 3297 3541 maerore
3332 3485 3622 3550 aiiiciebar,

2052 3567 2256 3624 multos
2283 3586 2516 3627 cernens
2546 3573 2769 3644 impune
2800 3583 2924 3631 tuas
2954 3578 3160 3634 violare
3192 3577 3360 3649 leges.

2124 3744 2291 3807 Vens.
2323 3748 2413 3804 54.
2454 3758 2487 3803 e
2515 3750 2831 3811 Cantabiles
2856 3755 2996 3811 milii
3026 3767 3183 3814 erant
3207 3759 3629 3830 iustiﬁcationes

2061 3846 2167 3892 tuae
2199 3838 2258 3893 in
2292 3838 2415 3897 loco
2445 3842 2904 3913 peregrinationis
2940 3861 3094 3902 mem.
3131 3866 3150 3900 ›
3202 3850 3523 3905 Diversatus
3545 3864 3632 3906 est

2059 3927 2254 3991 beatus
2279 3929 2448 3987 David
2475 3933 2619 4000 apud
2648 3934 2988 4007 Allopbylos,
3019 3954 3147 3994 cum
3182 3954 3214 3995 a
3247 3939 3412 3996 Saule
3440 3957 3632 4013 perse—

2058 4022 2331 4077 cutionem
2363 4031 2658 4093 pateretur.
2695 4026 3187 4098 Peregrinationem
3227 4045 3409 4091 autem
3451 4038 3633 4107 ipsum

2062 4131 2260 4172 vocare
2289 4119 2511 4186 opinor,
2544 4135 2652 4173 non
2684 4120 2815 4174 illud
2850 4130 3084 4193 tempus,
3120 4128 3215 4182 sed
3245 4137 3413 4182 totam
3442 4131 3630 4185 vitam.

2064 4209 2178 4265 Non
2212 4210 2356 4265 enim
2390 4211 2558 4267 veluti
2594 4211 2870 4281 habitans,
2918 4215 3014 4270 sed
3062 4225 3319 4288 tanquam
3349 4220 3635 4278 diversans

2067 4300 2300 4369 vivebat,
2335 4300 2539 4372 Deique
2561 4303 2983 4374 iustiﬁcationes
3008 4323 3213 4365 canens
3244 4311 3410 4366 vitam
3445 4315 3635 4371 tradu-

2066 4393 2242 4450 cebat.
2294 4393 2385 4451 Sic
2428 4396 2574 4451 enim
2624 4406 2907 4455 verterunt
2948 4409 3004 4456 et
3048 4401 3229 4456 caeteri
3274 4402 3633 4476 interpretes:

2071 4503 2091 4537 ι
2122 4483 2350 4542 Cantica
2380 4497 2538 4543 erant
2564 4489 2700 4545 mihi
2729 4491 2915 4547 omnia
2949 4493 3205 4550 mandata
3248 4504 3338 4551 tua
3357 4498 3635 4570 1452iu

2064 4578 2185 4635 loco
2224 4582 2682 4650 peregrinationis
2714 4600 2868 4639 mete.
2908 4604 2926 4636 ›

2135 4671 2300 4730 Vens.
2334 4675 2424 4730 55.
2480 4696 2498 4728 ι
2540 4675 2748 4732 Memor
2796 4678 2873 4733 l’ui
2905 4691 3070 4735 noctu
3114 4682 3355 4739 nominis
3400 4686 3498 4749 tui,
3532 4685 3637 4740 Do-

2068 4770 2234 4834 mine,
2289 4779 2343 4823 et
2369 4770 2638 4825 eustodivi
2685 4771 2860 4841 legem
2906 4783 3075 4827 tuam.
3116 4794 3134 4825 ι
3191 4774 3369 4832 Noctu
3420 4794 3640 4850 semper

2064 4873 2380 4917 sanctorum
2419 4862 2624 4916 chorus
2659 4878 2926 4934 surgens,
2971 4874 3026 4920 et
3077 4881 3268 4937 preces
3318 4867 3534 4932 fundit,
3585 4880 3640 4925 et

2066 4951 2234 5007 Deum
2276 4952 2659 5008 universorum
2715 4953 2921 5009 laudat.
2975 4952 3181 5024 Opinor
3213 4971 3374 5026 porro
3434 4968 3637 5012 noctem

2067 5047 2174 5103 hoc
2219 5047 2340 5101 loco
2386 5047 2747 5102 tentationum
2776 5056 2995 5117 tempus
3022 5049 3318 5105 nominari.
3371 5049 3637 5104 Nebulam

2072 5141 2218 5196 enim
2250 5138 2437 5206 infert,
2475 5150 2529 5196 et
2558 5142 2735 5196 noctis
2772 5141 2941 5198 instar
2972 5158 3138 5213 super
3178 5142 3428 5198 homines
3468 5142 3635 5198 venit.

1504 5348 1736 5405 VARIIE
1769 5346 2154 5405 LECTIONES
2192 5348 2279 5402 ET
2303 5345 2536 5404 ΝΟΤᾹΕ.

459 5496 502 5526 ¹⁰
546 5490 772 5556 Ταύτης
834 5473 1044 5558 ὀχούμῖ
1093 5488 1167 5545 ib.
1203 5485 1588 5554 ἐποχούμενος.

1705 5484 1746 5515 ¹¹
1769 5484 1889 5539 cod.
1925 5484 1949 5537 1
1981 5483 2104 5538 ὑπό.

2218 5486 2261 5517 ¹²
2301 5486 2568 5552 Ἂπιινθρ.
2601 5480 2671 5537 il).
2706 5485 2965 5556 dnqvc'bv.
3031 5487 3073 5518 "
3118 5488 3190 5541 Τὰ
3214 5486 3432 5543 -Ἰὼὄο
3511 5491 3632 5548 DCS-

389 5565 520 5618 ibid.
600 5561 645 5592 ”
670 5555 992 5632 Ὅπωςξὶὺξ
1020 5560 1257 5632 ὁπόσοις.
1291 5559 1334 5632 ξ⁸
1368 5559 1607 5632 femur.
1644 5555 1764 5632 cod.
1807 5556 1827 5608 l
1868 5570 1937 5632 pr:

2053 5599 2054 5604 η
2084 5555 2198 5632 καί.
2278 5556 2338 5632 ³⁸-
2361 5555 2885 5632 ’ᾼθυμλία-ςάμαῤ-ζ.
2909 5555 3110 5632 _Hebr.:
3144 5556 3346 5632 ῌοννοε
3376 5564 3630 5632 carripuit

388 5652 467 5687 me
505 5640 716 5700 propter
746 5629 952 5700 impios.
1028 5631 1074 5700 ι’(
1100 5628 1325 5700 Third.
1368 5625 1816 5700 llebr.._cattticgt.

2053 5625 2171 5693 ρῴκ
2227 5626 2360 5700 _c0;l.
2389 5627 2411 5679 l
2444 5626 2567 5679 add.
2602 5626 2719 5700 μέν.

390 5721 486 5761 nec
505 5695 695 5761 exstat
732 5695 875 5766 apUd
905 5697 1092 5755 Montl‘.
1126 5700 1181 5754 in
1212 5697 1417 5767 llexapl
1467 5697 1535 5752 ad
1566 5697 1620 5751 h.
1654 5695 1691 5752 ι.
1762 5699 1812 5729 ³ο
1843 5695 2105 5766 Νύκτωρ.
2142 5696 2264 5753 cod.
2302 5699 2321 5749 l
2358 5695 2672 5767 θωρηκαῂ

2823 5628 2864 5659 ¹⁰
2897 5625 3118 5682 Πάντα.
3152 5628 3278 5686 Des.
3320 5628 3377 5686 in
3418 5625 3538 5690 cod.
3574 5636 3625 5705 i,
