3974 6206
1474 229 1969 291 THEODORETI
2006 227 2348 289 EPISCOPI
2381 226 2747 288 CYRENSIS

473 233 616 299 ωε)
1474 230 1969 291 THEODORETI
2006 230 2348 289 EPISCOPI
2381 230 2747 288 CYRENSIS
3579 230 3683 296 1810

479 354 533 403 tn
564 351 667 405 hoc
694 362 823 403 vero
853 347 1201 419 potissimum
1234 346 1548 403 necessaria
1571 354 1634 402 ct
1664 346 2050 403 universorum

2174 341 2258 398 Ἐν
2302 342 2359 397 δὲ
2398 342 2573 415 τούτῳ
2619 342 2987 414 διαφερόντως
3036 342 3308 413 ἀναγκαία
3334 342 3426 399 τοῦ
3465 344 3581 400 Θεοῦ
3604 349 3687 401 τῶν

478 442 571 497 Dei
612 442 901 508 memoria,
948 457 1069 512 quae
1117 448 1364 506 recreat,
1418 450 1473 496 et
1515 440 1659 495 bono
1704 454 1828 496 esse
1872 438 2059 493 animo

2174 437 2302 492 ὅλων
2333 438 2366 509 ἡ
2398 438 2616 508 μνήμη,
2648 435 3081 507 ψυχαγωγοῦσα,
3103 436 3200 491 καλ¹
3223 436 3688 509 παραθαρρύνουσα,

473 531 652 601 jubet,
686 532 1102 601 contr-ariasque
1135 530 1493 603 COgitationes
1521 530 1712 601 exigit.

550 622 716 678 Vens.
754 623 839 678 56.
884 643 903 675 ι
943 623 1070 680 llaec
1109 624 1249 678 facta
1281 633 1365 679 est
1410 623 1591 689 mibi,_
1620 624 1747 693 quia
1788 620 2060 693 iustiﬁca-

480 717 655 772 tiones
683 727 806 771 tuas
835 718 1130 786 exquisivi.
1173 737 1190 769 ι
1243 719 1355 784 Sic,
1406 716 1607 787 inquit,
1657 730 1918 785 superare
1958 728 2059 784 po-

482 811 585 876 tui,
605 820 657 865 et
675 810 877 881 eligere
909 820 1122 865 tuarum
1152 811 1606 881 justilicntionum
1634 812 2052 880 possessionem.

552 900 718 957 Vens.
760 900 850 957 57.
884 920 901 952 ι
940 900 1125 956 Ροι·ιὶο
1159 918 1279 956 mea
1321 918 1403 967 es,
1447 901 1693 967 Domine,
1729 901 1842 955 dixi
1874 908 2060 955 custo-

479 992 598 1049 dire
645 996 819 1066 lcgem
859 1003 1027 1048 luam.
1064 1014 1082 1045 ι
1124 993 1239 1049 Νοιι
1272 994 1517 1048 omnium
1551 996 1727 1065 portio
1766 1003 1849 1049 cst
1891 992 2057 1056 Deus,

488 1087 575 1143 sed
626 1102 817 1141 eorum
896 1086 990 1156 qui
1042 1085 1434 1156 perfectionem
1485 1086 1719 1156 amplexi
1766 1095 1913 1140 sunt.
1970 1083 2060 1137 Sic

479 1180 828 1235 sacerdotum
872 1187 927 1233 et
974 1178 1286 1232 chitarum
1342 1194 1468 1247 pars
1508 1190 1560 1233 et
1610 1179 1900 1233 llaareditas
1938 1177 2058 1232 fuit.

488 1291 505 1323 ι
542 1270 695 1326 Filiis
721 1270 864 1326 enim
905 1269 1056 1335 Levi,
1105 1270 1306 1339 inquit,
1345 1287 1449 1324 non
1480 1271 1587 1324 erit
1615 1287 1741 1340 pars
1774 1271 1911 1323 inter
1947 1270 2059 1323 fra-

483 1375 594 1419 tres
620 1379 835 1430 eorum,
872 1362 1133 1433 quoniam
1171 1380 1296 1432 pars
1324 1377 1514 1417 eorum
1547 1378 1649 1431 ego
1682 1361 1947 1417 Dominus
1980 1363 2055 1414 ι.»

484 1457 576 1512 Sic
599 1456 766 1511 etiam
800 1456 854 1510 in
887 1455 1102 1511 decimo
1129 1456 1323 1525 quinto
1351 1457 1566 1525 psalmo
1598 1455 1671 1508 ait
1709 1474 1720 1510 :
1749 1473 1765 1505 ι
1800 1454 2062 1509 Dominus

478 1563 610 1617 pars
641 1547 985 1602 bmrcditatis
1016 1563 1172 1613 meae,
1205 1556 1259 1601 et
1288 1547 1476 1602 calicis
1512 1547 1618 1601 mei
1651 1544 1696 1602 i.
1739 1567 1756 1597 ι
1796 1545 1934 1600 Dicit
1966 1547 2064 1617 igi-

483 1648 574 1693 tur
611 1638 797 1694 ethoc
827 1638 880 1693 in
916 1638 1037 1694 loco
1067 1657 1079 1693 :
1114 1636 1311 1694 Omnia
1350 1639 1455 1694 alia
1489 1639 1816 1709 despiciens,
1851 1649 1898 1692 te
1933 1654 2063 1707 par-

484 1737 616 1795 tem,
664 1737 719 1785 et
767 1744 933 1799 opum
967 1728 1205 1800 copiam,
1263 1738 1317 1785 et
1357 1729 1575 1786 divitias
1632 1729 1826 1784 habeo.
1864 1731 2071 1786 Idcirco

476 1832 611 1879 .tuas
640 1823 786 1904 leges
812 1822 1098 1878 custodire
1126 1821 1349 1878 festino.

562 2001 733 2057 Vens.
771 2000 862 2058 58.
900 2021 917 2053 ι
958 2000 1299 2071 Deprecatus
1338 2017 1458 2056 sum
1475 1999 1666 2055 faciem
1700 2010 1846 2055 tuam
1881 2001 1934 2055 in
1961 2009 2071 2055 toto

487 2098 654 2155 corde
685 2110 828 2150 meo.
862 2096 917 2148 ι’
949 2092 1161 2164 Ubique
1178 2095 1400 2163 apponit
1421 2112 1439 2144 ι
1471 2094 1524 2146 in
1560 2101 1672 2147 toto
1691 2092 1853 2146 corde
1872 2107 2013 2154 meo,
2048 2111 2065 2142 ι

487 2188 657 2243 etiam
690 2187 744 2240 in
776 2186 882 2240 hoc
911 2184 1015 2256 legi
1044 2184 1453 2254 obtemperans.
1486 2183 1575 2240 Sic
1602 2186 1746 2240 enim
1785 2186 2072 2240 universo-

489 2295 611 2337 rum
660 2279 804 2334 Deus
833 2278 998 2349 jussit
1026 2297 1039 2332 :
1066 2297 1083 2330 ι
1127 2278 1329 2348 Diliges
1362 2276 1651 2331 Dominum
1686 2270 1860 2331 'Dcum
1895 2287 2072 2342 tuum,

488 2393 559 2432 ex
603 2383 724 2430 toto
771 2373 940 2429 corde
988 2381 1106 2440 tuo,
1141 2381 1195 2427 et
1238 2388 1304 2426 ex
1353 2381 1466 2427 tota
1514 2373 1695 2426 anima
1744 2382 1855 2438 tua,
1908 2379 1963 2426 et
2010 2388 2074 2425 cx

490 2468 750 2524 omnibus
781 2466 990 2521 viribus
1036 2464 1166 2531 tuis,
1220 2475 1275 2521 et
1329 2481 1396 2520 ex
1432 2473 1543 2520 tota
1589 2465 1798 2537 1453
1836 2468 2073 2535 potentia

493 2570 588 2616 tua
618 2559 667 2615 κ.
706 2577 725 2610 ι
775 2586 846 2596 -
901 2576 921 2609 ς
959 2555 1218 2610 Miserere
1274 2556 1380 2611 mei
1437 2559 1742 2611 secundum
1796 2557 2075 2625 eloquium

495 2664 672 2707 tuum.
704 2670 723 2704 ι
757 2649 875 2706 Νοη
905 2648 1152 2705 absolute
1177 2648 1614 2704 misericordiam
1641 2650 1861 2704 concedi
1888 2657 2077 2719 postu-

493 2744 592 2809 lat,
616 2742 713 2798 sed
734 2740 997 2811 consequi
1029 2739 1464 2794 misericordiam
1499 2741 1797 2795 secundum
1831 2741 2074 2794 divimun

493 2834 806 2891 oraculum.
842 2831 956 2887 Hoc
986 2832 1166 2887 dicere
1191 2839 1367 2899 potest
1390 2832 1551 2884 etiam
1582 2832 2078 2899 prmlensacgrotus

495 2925 710 2982 medico
749 2924 861 2981 :Ut
895 2924 1027 2989 scis,
1063 2922 1391 2977 medicinam
1422 2922 1710 2985 adliibe,ct
1742 2931 1799 2976 ut
1829 2938 1918 2976 ars
1943 2937 2080 2991 pra:-

2161 529 2258 583 καὶ
2282 529 2408 593 τοὺς
2435 528 2713 593 ἐναντίους
2741 528 3107 595 ἐξελαύνουσα
3132 528 3445 598 λογισμούς.

2233 627 2342 687 νς’.
2379 640 2398 674 ι
2437 620 2587 692 Αὕτη
2616 621 2847 693 ἐγενήθη
2880 637 2993 693 μοι,
3017 622 3100 675 ὅτι
3119 622 3187 676 τὰ
3216 619 3542 692 δικαιιίιματά
3567 639 3642 675 σου
3658 623 3691 655 ³⁸

2159 712 2488 787 ὲξεζήτησα.
2524 735 2542 769 ι
2575 715 2754 781 Οὕτω,
2795 716 2984 785 φησὶν,
3025 716 3305 787 ἠδυνήθην
3343 714 3694 786 περιγενέσθαι,

2162 809 2255 863 καὶ
2285 809 2395 862 τῶν
2428 809 2537 865 σῶν
2566 809 2958 880 δικαιωμάτων
2993 807 3322 880 προελέσθαι
3363 810 3458 878 τὴν
3485 808 3663 875 κτῆσιν.

2232 904 2335 966 νζ’.
2382 921 2401 955 ι
2435 904 2611 975 Μερίς
2640 920 2741 974 μου
2771 898 2843 969 εἴ,
2877 902 3074 973 Κύριε,
3119 898 3253 956 εἶπα
3289 902 3379 955 τοῦ
3409 902 3695 969 φυλάξασθαι

2160 995 2252 1049 τὸν
2284 995 2448 1067 νόμον
2500 1013 2595 1050 σου
2619 998 2686 1049 ’⁸.
2724 1015 2741 1047 ο
2775 997 2850 1050 Οὐ
2895 997 3117 1051 πάντων
3148 996 3269 1048 ἐστὶ
3317 997 3467 1064 μερὶς
3512 998 3538 1049 ὁ
3574 996 3695 1062 Θεὸς,

2162 1089 2297 1143 ἀλλὰ
2328 1089 2437 1142 τῶν
2465 1089 2869 1160 ἀσπαζομένων
2908 1089 2978 1143 τὰ
3005 1088 3213 1141 τέλεια.
3248 1087 3403 1141 Οὕτω
3428 1086 3528 1140 τῶν
3546 1089 3697 1158 ἱερέων

2162 1182 2256 1234 καὶ
2277 1181 2519 1235 Λευῖτῶν
2568 1183 2726 1252 μερὶς
2769 1182 2866 1234 καὶ
2913 1181 3117 1252 κλῆρος
3142 1179 3384 1249 ἐγένετο.
3430 1196 3448 1229 ι
3482 1179 3591 1242 Τοῖς
3617 1179 3698 1249 γὰρ

2165 1271 2320 1333 υἱοῖς,
2349 1272 2507 1340 φησὶ,
2540 1269 2675 1323 Aeci
2695 1271 2795 1324 οὐκ
2843 1271 2997 1325 ἔσται
3026 1272 3185 1342 μερὶς
3212 1272 3270 1324 ὲν
3302 1270 3448 1340 μέσῳ
3471 1269 3565 1322 τῶν
3588 1269 3699 1322 ἀδελ.

2165 1362 2280 1431 φῶν
2334 1363 2536 1430 αὐτῶν,
2586 1364 2667 1417 ὅτι
2724 1365 2883 1435 μερὶς
2914 1364 3092 1418 αὐτῶν
3138 1365 3251 1433 ἐγὼ
3284 1364 3497 1434 Κύριος.
3534 1384 3551 1415 ι
3581 1363 3699 1415 Οὕτω

2164 1455 2256 1508 καὶ
2280 1457 2338 1508 ὲν
2360 1455 2438 1527 τῷ
2470 1456 2710 1526 πέμπτῳ
2743 1456 2837 1508 καὶ
2860 1455 3074 1525 δεκάτῳ
3101 1454 3208 1525 ἔφη
3237 1452 3459 1524 ψαλμῷ,
3493 1472 3510 1505 ι
3540 1454 3698 1525 Κύριος

2169 1547 2328 1617 μερὶς
2367 1547 2468 1617 τῆς
2494 1546 3015 1619 κληρονομίαςμου,
3050 1547 3145 1599 καὶ
3174 1545 3270 1598 τοῦ
3296 1544 3545 1615 ποτηρίου
3574 1562 3694 1614 μου.»

2170 1636 2334 1705 Λέγει
2367 1636 2543 1690 τοίνυν
2586 1638 2681 1690 καὶ
2714 1636 2967 1701 ἐνταῦθα,
3007 1637 3088 1691 ὅτι
3122 1636 3247 1689 Τῶν
3290 1635 3462 1689 ἄλλων
3492 1636 3698 1690 ἁπάντων

2175 1725 2443 1797 ὑπεριδών
2480 1743 2540 1779 σε
2570 1725 2678 1796 ἔχω
2708 1726 2927 1797 μερίδα,
2972 1728 3067 1780 καὶ
3097 1726 3435 1797 περιουσίαν,
3468 1729 3552 1780 καὶ
3578 1726 3697 1779 πλοῦ-

2172 1837 2284 1873 τον.
2330 1819 2424 1872 Διὸ
2469 1818 2533 1891 δὴ
2575 1818 2670 1873 καὶ
2720 1818 2955 1887 φυλάξαι
3007 1819 3135 1882 τοὺς
3181 1820 3310 1882 σοὺς
3341 1818 3607 1887 ἐπείγομαι
3634 1818 3696 1869 νό-

2176 1928 2335 1982 μους.

2241 2001 2343 2075 νη’.
2391 2022 2410 2053 ι
2457 2002 2718 2073 Ἐδεήθην
2758 2001 2855 2055 τοῦ
2885 2002 3182 2073 προσώπου
3224 2019 3321 2056 σου
3358 2005 3415 2057 ὲν
3434 2002 3525 2075 ὅλῃ
3549 2002 3698 2073 καρδίᾳ

2176 2113 2299 2167 μου.
2345 2115 2364 2148 ι
2397 2082 2682 2165 Πανταχοῦ
2719 2094 2781 2148 τὸ
2824 2114 2843 2147 ι
2880 2097 2937 2148 ὲν
2966 2094 3064 2168 ὅλῃ
3101 2095 3303 2166 καρδίᾳ.
3338 2112 3436 2164 μου
3468 2113 3485 2148 ι
3522 2095 3697 2164 προστί-

2150 2188 2321 2260 -θησι,
2351 2187 2427 2258 τῷ
2459 2187 2609 2258 νόμῳ
2659 2188 2754 2240 καὶ
2778 2189 2837 2240 ὲν
2873 2188 3049 2260 τούτῳ
3090 2187 3432 2258 πειθόμενος.
3464 2185 3601 2241 Οὕτω
3621 2184 3698 2255 γὰρ

2174 2281 2269 2334 καὶ
2304 2280 2410 2334 τῶν
2441 2280 2576 2334 ὅλων
2607 2279 2741 2344 Θεὸς-
2778 2280 3105 2346 ὲνετείλατο,
3151 2300 3171 2332 ι
3196 2281 3517 2350 Ἀγαπήσεις
3543 2277 3698 2348 Κύριον

2174 2375 2266 2427 τὸν
2294 2373 2426 2426 Θεόν
2450 2390 2565 2442 σου,
2602 2373 2660 2440 ἐξ
2690 2372 2819 2443 ὅλης
2844 2373 2945 2444 τῆς
2985 2374 3213 2445 καρδίας
3261 2391 3379 2438 σου,
3421 2374 3507 2426 καὶ
3533 2372 3583 2437 ἐξ
3606 2370 3697 2439 ὅλης

2176 2467 2275 2536 τῆς
2300 2464 2479 2535 ψυχῆς
2511 2482 2626 2531 σου,
2662 2466 2757 2519 καὶ
2798 2463 2859 2531 ἐξ
2889 2466 3019 2537 ὅλης
3056 2466 3159 2537 τῆς
3196 2465 3379 2537 ίσχύος
3418 2481 3525 2530 σου,
3560 2463 3634 2517 καὶ
3658 2462 3697 2526 ἐξ

2176 2558 2303 2629 ὅλης
2332 2558 2429 2629 τῆς
2462 2558 2747 2629 δυνάμεώς
2782 2575 2899 2612 σου,
2940 2576 2960 2612 ι
2990 2586 3060 2600 -
3093 2576 3113 2610 ‹
3159 2558 3415 2627 Ἐλέησόν
3446 2574 3507 2628 με
3530 2553 3643 2609 κατὰ
3658 2554 3696 2603 τὸ

2176 2651 2358 2719 λόγιόν
2394 2667 2509 2705 σου.
2568 2671 2587 2703 ι
2633 2652 2747 2705 Οὐκ
2794 2652 3063 2724 ἀορίστως
3095 2652 3392 2724 ἐλεηθῆναι
3422 2649 3694 2722 παρακαλεῖο

2178 2744 2315 2798 ἀλλὰ
2343 2745 2486 2798 κατὰ
2514 2744 2575 2797 τὸ
2606 2744 2751 2798 θεῖον
2784 2746 2966 2814 λόγιον
3005 2744 3099 2798 τοῦ
3131 2745 3323 2808 ἐλέους
3353 2748 3541 2815 τυχεῖν.
3571 2743 3696 2796 Τοῦτο

2176 2837 2222 2891 δ’
2244 2838 2308 2891 ἂν
2341 2838 2485 2891 εἴποι
2502 2840 2595 2891 καὶ
2620 2838 2836 2901 συνετὸς
2867 2838 3154 2910 ἄρῤωστος
3181 2838 3259 2909 τῷ
3285 2838 3466 2909 ἰατρῷ,
3500 2837 3573 2899 Ὧς
3592 2830 3694 2895 οἶδας

2179 2930 2539 3000 θεράπευσον,
2593 2931 2666 2994 ὡς
2717 2932 2749 3001 ἡ
2798 2931 2963 3002 τέχνη
3014 2930 3347 3001 διαγορεύει.
3397 2929 3551 2983 Τοῦτο
3582 2924 3693 2981 καὶὸ

493 3020 646 3090 cipit.
700 3016 815 3073 Hoc
870 3016 1036 3071 etiam
1095 3015 1337 3085 prudens
1396 3024 1669 3068 mercator
1718 3014 2067 3085 gubernatori

2176 3022 2395 3086 συνετὸς
2422 3021 2661 3094 ἔμπορος
2691 3024 2833 3076 εἴποι
2864 3022 2930 3075 ἂν
2972 3022 3050 3094 τῷ
3076 3023 3411 3095 κυϐερνήτῃ,
3449 3019 3583 3076 Κατὰ
3606 3019 3693 3080 τοὺς

493 3115 676 3168 dicere
700 3118 879 3181 potest
906 3127 919 3163 :
952 3106 1265 3163 Secundum
1295 3106 1464 3174 legem
1498 3108 1630 3161 artis
1657 3107 1827 3177 dirige
1857 3121 2068 3171 navem,

493 3214 550 3261 ct
583 3214 641 3258 ut
680 3201 914 3257 scientia
938 3200 1113 3271 jubet,
1147 3199 1412 3269 guberna.
1462 3197 1552 3252 Sic
1584 3201 1748 3252 etiam
1785 3200 1938 3253 decet
1972 3214 2074 3255 nos

493 3296 737 3350 divinam
772 3292 1207 3349 misericordiam
1246 3292 1585 3362 przcdicare:
1625 3308 1748 3345 nam
1789 3293 1882 3362 qui
1916 3308 2074 3364 roga-

495 3401 606 3455 tur,
664 3389 772 3444 scit
830 3386 1224 3443 misericordiae
1274 3384 1522 3440 modum.
1580 3385 1734 3454 Su'pe
1784 3385 1929 3438 enim
1979 3400 2077 3453 per

495 3482 1033 3542 animadversionem
1093 3480 1329 3535 salutem
1381 3489 1659 3549 procurat,
1708 3488 1760 3532 et
1803 3493 1963 3548 poena
2020 3478 2077 3532 lit

494 3577 828 3649 benignitas.
873 3574 965 3630 Sic
1008 3573 1176 3629 etiam
1220 3573 1470 3628 medicus
1523 3580 1578 3625 et
1621 3581 1795 3636 secat,
1838 3581 1896 3626 et
1930 3573 2074 3640 urit,

498 3666 773 3723 laboranti
801 3666 1091 3722 sanitatem
1122 3681 1473 3735 comparans.
1501 3662 1591 3719 Sic
1610 3666 1773 3719 etiam
1799 3681 1900 3720 nos
1923 3667 2079 3721 decet

500 3758 943 3816 misericordiam
981 3768 1181 3825 petere.
1223 3756 1359 3809 Nam
1401 3755 1699 3824 aliquando
1725 3773 1822 3826 per
1852 3773 2080 3828 pauper-

499 3861 663 3906 tatem
703 3849 1141 3906 misericordiam
1177 3848 1452 3918 impertit,
1496 3857 1551 3902 et
1594 3863 1692 3918 per
1727 3851 2079 3921 aegritudines

499 3941 888 4012 benignitatem
938 3940 1194 4011 largitur,
1222 3949 1277 3995 et
1308 3940 1612 3996 secundum
1655 3942 1945 3999 medicina;
1991 3959 2080 4001 ra—

500 4034 704 4088 tionem
737 4033 1035 4088 contrariis
1064 4033 1339 4089 contraria
1371 4043 1549 4089 curat.

569 4124 739 4181 Vens.
777 4125 866 4180 59.
916 4144 932 4177 ι
970 4125 1218 4196 Cogitavi
1250 4127 1369 4183 vias
1401 4136 1543 4196 tuas,
1573 4137 1626 4184 et
1652 4130 1893 4185 converti
1918 4130 2081 4201 pedes

497 4233 652 4274 meos
704 4217 771 4272 ad
816 4218 1138 4274 testimonia
1192 4231 1307 4276 tua.
1362 4239 1381 4272 ι
1436 4220 1699 4278 Hebraeus
1760 4222 1922 4278 habet
1968 4224 2079 4278 vias

495 4329 664 4378 meas,
697 4321 752 4368 et
783 4311 864 4367 sic
898 4312 1063 4366 etiam
1102 4314 1287 4368 caeteri
1332 4314 1660 4384 interpretes
1695 4326 1994 4381 verterunt,
2025 4324 2080 4371 et

498 4401 859 4473 Septuaginta
892 4401 945 4456 in
980 4400 1244 4472 ilexaplo.
1293 4402 1435 4457 Dicit
1467 4413 1646 4459 autem
1682 4423 1695 4459 :
1732 4406 2077 4476 Perpendens

495 4493 618 4547 \ias
651 4509 825 4558 mens,
874 4493 941 4548 ad
991 4493 1303 4548 testimonia
1353 4503 1445 4548 tua
1490 4496 1655 4564 pedes
1685 4512 1837 4552 meos
1866 4499 2075 4563 direxi,

495 4601 602 4640 nec
638 4586 885 4639 sinebam
954 4594 1013 4640 ut
1043 4586 1111 4641 ab
1144 4585 1341 4641 itinere
1377 4588 1523 4657 quod
1571 4587 1637 4644 ad
1685 4596 1737 4643 te
1772 4588 1943 4657 ducit,
1977 4589 2076 4645 de-

494 4676 797 4733 ﬂecterent.

568 4856 736 4912 Vens.
772 4850 864 4913 60.
899 4877 918 4911 ι
954 4857 1188 4916 Paratus
1219 4875 1364 4926 sum,
1412 4868 1468 4917 et
1505 4876 1614 4917 non
1650 4876 1771 4917 sum
1800 4862 2072 4931 turbatus,

495 4961 558 5008 ut
594 4950 905 5021 custodiam
944 4954 1200 5010 mandata
1233 4964 1345 5010 tua.
1385 4975 1404 5008 ι
1456 4956 1593 5011 Cum
1639 4956 1785 5011 enim
1815 4956 2078 5013 adversus

493 5061 678 5103 rerum
712 5045 953 5101 tristium
992 5046 1232 5117 impetus
1267 5057 1519 5119 paratum
1564 5064 1654 5105 me
1692 5049 2075 5119 reddidissem,

2175 3114 2375 3185 νόμους
2427 3114 2525 3185 τῆς
2578 3114 2773 3186 τέχνης
2825 3116 3000 3169 ἴθυνον
3038 3116 3099 3169 τὸ
3145 3117 3379 3187 σκάφος,
3420 3115 3489 3179 ὡς
3525 3110 3693 3180 καὶηή

2176 3206 2454 3276 ἐπιστήμη
2486 3205 2719 3273 κελεύει,
2739 3207 3092 3279 κυϐέρνησον.
3124 3208 3286 3261 Οὕτω
3308 3208 3398 3261 καὶ
3424 3207 3552 3279 ἡμᾶς
3572 3218 3693 3273 προσ·

2177 3294 2299 3365 ήκει
2331 3296 2421 3350 τὸν
2453 3296 2595 3351 θεῖον
2627 3297 2774 3351 ἔλεον
2801 3298 3163 3366 ἐπαγγέλλειν
3180 3299 3248 3354 ’⁸.
3293 3299 3354 3353 Ὀ
3375 3298 3476 3368 γὰρ
3500 3294 3694 3361 nimius-

2177 3404 2266 3450 νος
2313 3382 2424 3439 οἶδε
2470 3388 2566 3441 τοῦ
2610 3388 2762 3442 ὲλέου
2809 3389 2900 3442 τὸν
2948 3389 3187 3461 τρόπον’
3244 3389 3494 3452 πολλάκις
3525 3384 3612 3454 γὰρ
3633 3381 3693 3434 δῖά

2179 3481 2429 3544 παιδείας
2447 3482 2493 3514 ⁸⁸
2528 3483 2981 3551 πραγματεύεται
3017 3484 3318 3554 σωτηρίαν,
3349 3482 3440 3535 καὶ
3479 3474 3692 3549 γίνεταιή

2177 3573 2423 3643 τιμωρία
2449 3573 2849 3644 φιλανθρωπία.
2878 3573 3034 3628 Οὕτω
3066 3576 3162 3628 καὶ
3200 3575 3400 3647 ἰατρὸς,
3431 3573 3515 3626 καὶ
3537 3569 3690 3639 τέμνειν

2180 3665 2275 3717 καὶ
2299 3665 2468 3729 καίει,
2491 3665 2570 3737 τῷ
2606 3666 2867 3736 κάμνοντι
2909 3667 3010 3738 τὴν
3050 3668 3265 3736 ὑγίειαν
3308 3662 3693 3739 πραγματευόμε-

2179 3774 2269 3821 νος
2291 3759 2358 3813 ⁸⁸-
2404 3758 2560 3813 Οὕτω
2595 3760 2690 3812 καὶ
2721 3760 2872 3830 ἡμᾶς
2903 3762 3076 3814 αίτεῐν
3096 3761 3189 3814 τὸν
3236 3761 3384 3814 ἔλεον
3426 3760 3538 3831 χρή.
3579 3755 3691 3809 Ἐστι

2178 3855 2291 3927 γὰρ
2317 3856 2408 3908 ὅτε
2442 3853 2538 3908 καὶ⁵
2578 3853 2667 3907 διὰ
2695 3852 2890 3907 πενίαν
2910 3856 2954 3887 ³⁷
3001 3854 3151 3919 ἔλεος
3185 3857 3513 3927 χορηγεῖται,
3546 3850 3622 3905 καὶ
3646 3843 3690 3899 δι’

2179 3944 2497 4019 ἀρρωστίας
2538 3942 2954 4014 φιλανθρωπίαν
2997 3945 3321 4015 παρέχεται,
3356 3945 3446 4000 καὶ
3486 3940 3605 3996 κατὰ
3628 3936 3690 3989 τὸν

2185 4036 2429 4107 ἰατρικὸν
2459 4034 2618 4102 λόγον
2649 4036 2763 4097 τοῖς
2794 4034 3058 4098 ἐναντίοις
3090 4033 3162 4087 τὰ
3186 4035 3402 4090 ἐναντία
3431 4036 3577 4087 ἰᾶται.

2252 4126 2350 4181 νϐ’.
2394 4144 2413 4179 ι
2445 4125 2850 4197 Διελογισάμην
2874 4128 2973 4189 τὰς
2994 4126 3150 4191 ὁδούς
3181 4145 3298 4194 σου,
3327 4130 3418 4180 καὶ
3447 4118 3690 4191 ἐπέστρεψι

2185 4219 2312 4282 τοὺς
2343 4218 2511 4283 πόδας
2548 4235 2649 4289 μου
2685 4219 2767 4283 είς
2789 4219 2858 4272 τὰ
2892 4218 3169 4290 μαρτύριά
3200 4237 3316 4273 σου.
3357 4238 3375 4271 ι
3411 4219 3464 4270 Ὀ
3501 4213 3690 4283 'Eﬁpaio;

2182 4311 2239 4365 δὲ
2267 4311 2373 4375 τὰς
2395 4310 2574 4376 ὁδούς
2599 4328 2720 4380 μου
2752 4312 2886 4383 ἔχει·
2916 4311 3180 4376 ὡσαύτως
3202 4312 3258 4365 δὲ
3276 4312 3368 4366 καὶ
3394 4312 3443 4364 oi
3468 4307 3593 4364 ἄλλοι
3619 4306 3690 4373 ἦρ’

2188 4405 2469 4474 μήνευσαν
2512 4403 2873 4474 ὲρμηνευταὶ,
2925 4405 3017 4458 καὶ
3062 4406 3114 4457 οἱ
3153 4404 3537 4475 Ἐσδομήκοντα
3569 4400 3614 4451 ὲν
3636 4392 3689 4463 τῷ

2196 4494 2468 4564 Ἐξαπλῷ.
2500 4494 2667 4563 Λέγει
2698 4494 2777 4561 δὲ,
2819 4497 2903 4550 ὅτι
2929 4495 3275 4565 Λογιστεύων
3312 4514 3410 4568 μου
3443 4495 3531 4556 τὰς
3562 4487 3688 4549 ὁδοὺς,

2184 4587 2322 4659 πρὸς
2384 4586 2453 4640 τὰ
2522 4586 2800 4659 μαρτύριά
2865 4605 2959 4642 σου
3020 4589 3150 4654 τοὺς
3195 4591 3363 4659 ἐμοὺς
3410 4586 3553 4648 πόδας
3593 4594 3689 4635 κατ’

2186 4680 2439 4745 εύθυνον,
2475 4681 2573 4734 καὶ
2610 4681 2714 4735 οὐκ
2752 4681 2879 4737 είων
2907 4681 3271 4753 ἐκτρέπεσθαι
3292 4681 3391 4753 τῆς
3412 4680 3532 4751 πρὸς
3553 4673 3599 4727 σέ
3620 4686 3688 4739 φε⁶

2189 4772 2392 4844 ρούσης
2416 4771 2561 4827 ὁδοῦ.

2257 4865 2320 4933 ξ’.
2358 4885 2377 4917 ‹
2410 4866 2787 4937 Ἠτοιμάσθην
2813 4867 2859 4900 ³⁸
2886 4868 2981 4922 καὶ
3019 4867 3119 4921 οὐκ
3180 4864 3495 4938 ἐταράχθην,
3516 4856 3591 4913 τοῦ
3616 4870 3686 4923 φυ·

2184 4958 2454 5027 λάξασθαι
2492 4958 2593 5022 τὰς
2638 4959 2860 5024 ἐντολάς
2894 4976 3009 5013 σου.
3051 4978 3071 5011 ι
3106 4959 3357 5029 Εὗτρεπῆ
3386 4956 3483 5025 γὰρ
3508 4945 3687 5020 iuuerit

2190 5054 2328 5126 πρὸς
2366 5054 2465 5118 τὰς
2495 5052 2603 5107 τῶν
2630 5052 2823 5108 δεινῶν
2875 5052 3113 5124 ἐμϐολὰς
3152 5053 3503 5120 καταστήσας,
3536 5045 3588 5095 ἐκ
3616 5036 3686 5104 τῆς

546 5235 563 5275 ι
601 5230 769 5289 Josue
801 5249 923 5300 xm,
964 5233 1052 5287 53.
1100 5231 1114 5283 i
1164 5233 1308 5290 Psal.
1353 5250 1447 5300 xv,
1480 5234 1543 5290 ‘5.
1622 5235 1646 5275 ιι
1689 5233 1881 5290 Matth.
1917 5254 2054 5304 xm,
2092 5240 2182 5294 37.

1615 5348 1852 5405 V’ARIIE
1888 5350 2274 5408 LECTIONES
2309 5350 2396 5407 ET
2417 5349 2650 5409 NOTAE.

563 5447 607 5479 ³³
643 5444 725 5499 Τὰ
748 5443 866 5498 δικ.
910 5458 1048 5497 σου.
1082 5442 1243 5521 Hebr.
1287 5451 1461 5531 ’τ’-πρε
1492 5443 1636 5513 quod
1670 5445 1725 5499 lt.
1762 5446 1797 5499 l.
1832 5455 1887 5502 et
1916 5464 1967 5500 ν.
1995 5448 2069 5503 95

2188 5424 2279 5514 9d,
2322 5464 2417 5520 per
2446 5446 2817 5517 δικαιώματα,
2849 5445 2986 5500 alias
3013 5458 3146 5499 vero
3194 5442 3249 5497 in
3294 5440 3395 5494 hoc
3422 5428 3596 5531 psallite
3614 5428 3682 5489 ρετ

494 5536 716 5597 ἐντολὰς
748 5535 1001 5590 vertitur.

492 5670 851 5739 ἐταράχθην.
876 5673 1060 5739 chr.,
1092 5670 1503 5744 Feitindvi,‘uec
1529 5687 1805 5732 cunctatus
1840 5670 1979 5736 sum.

1112 5535 1156 5566 "
1180 5516 1529 5603 (Τὸνῆέὶμον
1562 5552 1699 5589 σου.
1738 5535 1926 5601 Ilebr.,
1970 5539 2125 5592 verba
2150 5551 2264 5593 tua.

494 5604 967 5681 f‘ib._1tqtt6:ia_ty._
1028 5604 1072 5636 ’⁸
1101 5602 1478 5681 -ζΥγηπρςιγμ,
1525 5605 1597 5659 ib.
1621 5608 1827 5659 οἰκείαν
1875 5611 2405 5681 πραγματευόμενος
2458 5610 2758 5680 σωτηρίαν.

3198 5534 3243 5567 ³⁵
3270 5534 3341 5589 ib.
3371 5514 3677 5589 ἀπαγγέλλείνθ

3356 5600 3394 5633 ιε
3434 5596 3607 5656 Ήτοιμ.
3629 5599 3679 5618 ··

2359 5542 2403 5573 ³³
2432 5539 2561 5594 Καί.
2605 5537 2730 5593 Des.
2776 5539 2827 5591 in
2882 5537 3007 5592 cod.
3040 5536 3089 5589 l.

2359 5628 2405 5663 κ
2458 5610 2758 5663 σωτηρίαν.
2858 5609 2898 5640 ³⁷
2930 5606 3009 5663 ll).
3043 5606 3166 5660 πενί

2995 5646 3009 5661 ο
3043 5624 3248 5668 πενιας.
