3974 6206
315 343 450 410 1845

1610 345 1689 406 ΙΝ
1717 342 1921 406 PSAL.
1948 337 2208 406 CXVIII.

3447 321 3582 388 1846

383 456 481 528 οβ’.
513 475 532 508 ι
559 453 790 524 ’Δγαθὸς
823 455 960 524 μοιὸ
982 453 1146 525 νόμος
1171 452 1267 509 τοῦ
1296 454 1566 526 πόματός
1596 472 1715 521 σου,
1750 456 1890 527 ὑπὲρ

2068 449 2236 506 Vens.
2279 447 2366 503 79..
2415 467 2432 499 ι
2471 446 2662 502 Melior
2709 453 2794 501 est
2828 444 2961 499 mihi
2996 443 3080 500 lex
3125 442 3239 498 oris
3274 439 3377 506 tui,
3417 456 3581 510 quam

313 549 557 621 χιλιάδας
587 547 811 619 χρυσίου
844 548 937 602 καὶ
961 547 1252 620 ἀργυρίου.
1282 567 1301 601 ι
1336 548 1399 601 Εί
1416 547 1526 619 γὰρ
1554 547 1772 620 καὶτῆς
1798 549 1893 619 βα-

317 640 517 704 σιλείας
538 641 645 693 ἀπὸ
665 641 710 673 ³⁷
729 639 820 692 τοῦ
845 640 1034 703 παιδὸς
1057 638 1347 712 ὲξηλάθην,
1378 640 1516 696 ἀλλά
1544 640 1633 695 διὰ
1648 641 1740 712 τῆς
1766 659 1896 696 παι-

315 731 463 795 δείας
487 731 577 785 τὸν
612 732 704 785 σὺν
734 732 897 801 νόμον
929 732 1336 805 ἀνεκτησάμην,
1368 733 1427 786 ὃν
1460 731 1555 786 τοῦ
1587 733 1633 766 ⁵⁸
1662 733 1894 788 πλούτου

317 824 519 887 παντὸς
541 822 869 894 τιμιώτερον
898 823 1026 895 ἔχω.

386 920 486 982 ογθ.
526 935 544 967 ‹
584 917 648 969 Αἱ
687 916 870 987 χεῖρές
931 935 1024 970 σου
1077 917 1343 988 ἐποίησάν
1394 939 1484 991 με,
1525 921 1620 974 καί
1655 921 1898 976 ἕπλασάν

323 1022 419 1077 με’
457 1007 734 1060 συνέτισόν
761 1025 853 1079 με,
885 1009 980 1062 καὶ
1011 1009 1329 1081 μαθήσομαι
1361 1012 1456 1076 τὰς
1483 1013 1703 1077 ἐντολάς
1729 1032 1844 1069 σου.
1875 1036 1893 1067 ι

321 1099 432 1170 Τῆς
468 1102 597 1172 περὶ
625 1099 722 1172 τὴν
753 1103 1102 1174 ἀνθρωπείαν
1131 1105 1293 1172 φύσιν
1339 1106 1726 1178 φιλοστοργίας
1769 1111 1902 1163 ἀνα-

325 1192 625 1263 μιμνήσκει
671 1193 763 1246 τὸν
813 1195 1072 1266 Ποιητήν.
1107 1195 1266 1268 Λόγῳ
1304 1199 1412 1268 γὰρ
1447 1198 1662 1254 ἅπαντα
1703 1219 1900 1272 τεκτη-

321 1285 555 1354 νάμενος
587 1285 748 1348 αὐτὸς
776 1284 992 1354 λέγεται
1013 1287 1308 1342 διαπλᾶσαι
1337 1290 1447 1343 τῶν
1473 1291 1776 1362 ἀνθρώπων
1807 1293 1904 1363 τὴν

324 1375 507 1444 φύσιν,
551 1375 610 1428 οὐ
640 1378 798 1447 χερσὶ
827 1380 1196 1449 χρησάμενοςο
1232 1381 1526 1452 ἀσώματος
1573 1384 1682 1454 γάρ
1708 1402 1721 1415 ο
1769 1385 1904 1440 ἀλλά

320 1467 418 1538 τὴν
442 1468 666 1530 πλείονα
690 1469 820 1539 περὶ
846 1470 962 1522 τόδε
996 1470 1057 1523 τὸ
1080 1471 1294 1542 ποίημα
1323 1473 1566 1526 διάθεσιν
1595 1475 1906 1546 ἐνδειξάμε-

321 1577 430 1621 νος.
474 1560 730 1614 ’ἱκετεύει
764 1561 946 1616 τοίνυν
973 1561 1066 1617 τὸν
1091 1562 1470 1618 διαπλάσαντα
1492 1566 1802 1638 χορηγῆσαι
1831 1568 1907 1639 τῷ

325 1653 594 1722 ποιήματι
629 1653 868 1708 σύνεσιν.

396 1742 488 1795 οδ¹.
526 1761 544 1793 ‹
574 1745 636 1796 Οί
669 1743 995 1813 φοϐούμενοί
1026 1763 1106 1809 σε,
1127 1744 1351 1814 ὄψονταί
1383 1764 1450 1816 με
1479 1748 1574 1800 καὶ
1603 1748 1912 1820 εὐφρανθή-

1996 541 2166 598 millia
2198 540 2318 596 auri
2371 548 2426 593 et
2491 537 2723 610 argenti.
2776 555 2795 588 ι
2845 535 2960 590 Etsi
3010 534 3154 591 enim
3195 548 3292 605 per
3339 531 3511 587 [ilium
3552 549 3582 586 a

1997 647 2168 704 regno
2214 641 2441 687 exactus
2484 645 2630 688 sum,
2679 635 2861 681 tamen
2918 639 3013 695 per
3040 620 3578 678 animadversionem

1996 723 2167 796 legem
2204 733 2352 778 tuam
2387 719 2624 792 suscepi,
2667 733 2790 790 qum
2819 716 3158 787 quibuslibet
3203 713 3410 769 divitiis
3441 711 3578 765 mihi

1998 816 2278 886 antiquior
2303 824 2407 870 est.

2069 909 2236 966 Vens.
2280 908 2367 964 75.
2416 928 2434 961 ‹
2474 906 2665 962 Manus
2711 914 2816 960 tua:
2859 904 3105 958 fecerunt
3147 915 3254 964 me,
3292 907 3347 952 et
3379 896 3585 951 forma—

1998 1009 2198 1058 verunt
2233 1016 2318 1055 me
2356 1019 2367 1054 :
2404 1000 2472 1056 da
2509 999 2643 1053 mihi
2681 998 3043 1058 intellectum,
3087 1001 3142 1048 et
3176 992 3385 1046 discam
3430 1003 3586 1042 man-

2001 1096 2129 1151 data
2162 1103 2276 1149 tua.
2314 1112 2332 1146 ι
2370 1092 2618 1147 'Amoris
2646 1106 2774 1162 erga
2812 1100 3062 1144 naturam
3091 1087 3391 1140 humanam
3417 1081 3585 1134 Crea-

2004 1188 2108 1243 tori
2147 1186 2468 1242 memoriam
2523 1184 2766 1239 refricat.
2814 1181 2952 1236 Nam
3008 1195 3132 1236 cum
3181 1177 3351 1231 verbo
3403 1171 3585 1227 omnia

2005 1275 2227 1340 crearit,
2289 1275 2406 1342 ipse
2449 1272 2652 1326 dicitur
2696 1270 2984 1324 hominum
3039 1275 3291 1320 naturam
3337 1261 3584 1318 ﬁnxisse,

2007 1383 2114 1422 non
2150 1367 2409 1422 manibus
2436 1381 2594 1430 usus,
2628 1366 2990 1433 incorporeus
3021 1359 3165 1416 enim
3195 1365 3300 1421 est,
3336 1353 3430 1408 sed
3470 1367 3588 1406 ma-

2003 1460 2179 1530 jorem
2210 1461 2464 1516 allectum
2507 1473 2635 1528 erga
2664 1457 2764 1511 hoc
2792 1471 2929 1525 Opus
2972 1451 3292 1508 ostendens.
3328 1446 3592 1500 Precatur

2007 1552 2173 1623 igitur
2218 1568 2345 1608 eum
2407 1551 2498 1623 qui
2555 1549 2832 1614 formavit,
2889 1556 2948 1602 ut
2995 1544 3149 1615 operi
3205 1542 3297 1597 det
3352 1537 3592 1609 pruden-

2009 1645 2163 1701 tiam.

2081 1735 2250 1794 Vens.
2292 1736 2382 1790 74.
2431 1754 2449 1786 ι
2486 1735 2587 1802 Qui
2621 1734 2820 1789 timent
2852 1741 2923 1792 te.
2969 1728 3231 1784 videbunt
3261 1741 3347 1779 me
3378 1732 3432 1779 et
3464 1737 3595 1794 gau-

327 1849 533 1898 σονται,
579 1835 661 1886 ὅτι
707 1836 787 1895 εἰς
821 1836 944 1899 τοὺς
987 1835 1182 1904 λόγους
1236 1855 1331 1890 σου
1369 1839 1674 1908 ἐπήλπισα·
1703 1859 1722 1892 ›
1767 1841 1909 1910 Πρόο

2028 1829 2242 1895 1ο1ηιηι,
2280 1829 2407 1897 quia
2446 1827 2498 1880 in
2536 1825 2717 1880 verbis
2747 1824 2856 1879 tuis
2891 1837 3043 1892 spem
3082 1819 3262 1890 posui.
3301 1835 3318 1868 ι
3353 1815 3590 1872 Causam

327 1940 510 1989 φασις,
546 1925 728 1992 φησὶν,
766 1925 1105 1996 εὐφροσύνης
1135 1929 1245 1990 τοῖς
1289 1928 1538 1981 εὐσεϐέσι
1582 1931 1907 1999 γενήσομαι,

328 2016 556 2079 ἐλπίσας
589 2018 669 2080 εἰς
702 2017 782 2082 σὲ,
817 2018 910 2071 καὶ
939 2019 1280 2091 κατάλληλον
1325 2019 1504 2091 εὑρὼν
1538 2023 1604 2092 τῇ
1639 2021 1816 2075 ἐλπίδι
1847 2022 1910 2075 τὸ

329 2106 512 2168 τέλος.

400 2204 492 2250 οε’.
535 2199 772 2265 Ἔγνων,
830 2199 1027 2269 Κύριε,
1083 2201 1168 2254 ὄτι
1213 2201 1530 2274 δικαιοσύνη
1565 2203 1638 2258 τὰ
1666 2207 1915 2277 κρίματά

335 2305 450 2352 σου,
483 2289 578 2342 καὶ
630 2289 865 2361 ἀληθείᾳ
906 2292 1282 2356 ὲταπείνωσάς
1320 2311 1408 2362 με.
1437 2313 1455 2346 ι
1503 2296 1692 2350 Ταῦτα
1724 2299 1915 2366 διαφε-

338 2383 541 2452 ρόντως
570 2382 616 2414 ⁸³
648 2382 794 2450 λέγει
836 2383 936 2454 τήν
972 2383 1184 2438 οἰκείαν
1220 2385 1645 2457 εὐγνωμοσύνην
1676 2389 1914 2454 δεικνύς.

337 2470 490 2537 Οἶδα,
525 2475 712 2544 φησὶν,
749 2475 1018 2545 ἀκριϐῶς,
1061 2477 1138 2541 ὡς
1193 2477 1372 2549 ὀρθῶς
1408 2496 1514 2549 μου
1555 2480 1651 2534 καὶ
1692 2481 1919 2547 δικαίως

337 2567 694 2638 κατεψηφίσω
717 2607 732 2632 ,
763 2569 856 2622 καὶ
907 2573 1029 2633 ταῖς
1075 2571 1447 2636 παντοδαπαῖς
1506 2574 1829 2644 περιέϐαλες
1873 2577 1918 2609 ⁵ο

341 2663 682 2728 συμφοραῖς.

406 2745 513 2812 ος’.
543 2768 561 2800 ι
592 2749 882 2821 Γενηθήτω
911 2751 968 2805 δὲ
998 2752 1041 2786 ⁶¹
1071 2752 1132 2807 τὸ
1162 2753 1312 2817 ἔλεός
1354 2773 1471 2821 σου,
1499 2757 1674 2824 Κύριε
1711 2761 1779 2824 θ’,
1823 2761 1920 2815 τοῦ

339 2838 724 2906 παρακαλέσαι
764 2857 853 2910 με.
881 2860 900 2892 ι
940 2841 1100 2896 Ἀλλά
1144 2843 1560 2916 φιλανθρωπίας
1594 2846 1785 2902 λοιπὸν
1826 2853 1922 2904 καὶ

337 2925 699 2996 ψυχαγωγίας
730 2931 944 3001 καιρός.
986 2952 1005 2984 ι
1032 2935 1191 2988 Κατὰ
1223 2937 1284 2990 τὸ
1305 2937 1488 3006 λόγιόν
1513 2957 1608 2992 σου
1644 2941 1720 3011 τῷ
1747 2941 1922 3013 δούλῳ

341 3034 456 3071 σου.
492 3037 510 3070 ›
541 3020 618 3090 Τῇ
647 3021 692 3052 ⁸³
721 3021 831 3091 γὰρ
860 3026 1196 3098 μεταμελείᾳ
1237 3029 1543 3098 χρωμένοις
1572 3030 1671 3102 τὴν
1701 3033 1799 3103 σὴν
1833 3036 1923 3088 εὐ-

2013 1916 2232 1977 lzetitiae,
2266 1915 2464 1984 inquit,
2513 1915 2619 1984 piis
2646 1912 2964 1967 hominibus
2993 1909 3269 1980 praebebo,
3302 1921 3428 1961 cum
3455 1904 3509 1956 in
3543 1910 3594 1956 te

2013 2025 2164 2080 spem
2218 2009 2630 2074 collocaverim,
2694 2017 2748 2062 et
2793 2005 3215 2076 respondentem
3258 1997 3374 2070 spei
3427 1997 3590 2050 linem

2013 2108 2206 2155 nactus
2242 2097 2460 2152 fuerim.

2084 2190 2250 2245 Vens.
2294 2189 2382 2244 75.
2423 2187 2688 2260 Cognovi,
2741 2184 2993 2252 Domine,
3033 2181 3180 2254 quod
3228 2177 3460 2249 aequitas
3487 2175 3596 2231 sint

2013 2282 2217 2352 judicia
2249 2292 2363 2347 tua,
2394 2289 2449 2336 et
2470 2282 2706 2336 veritate
2736 2289 2830 2334 tua
2863 2273 3243 2333 bumiliaveris
3274 2287 3382 2326 me.
3416 2288 3434 2320 ι
3471 2266 3598 2322 llaec

2017 2373 2290 2442 praecipue
2315 2373 2450 2427 dicit
2502 2379 2563 2425 ut
2594 2381 2812 2442 gratum
2850 2369 3094 2422 animum
3127 2380 3289 2420 suum
3321 2360 3593 2417 ostendat.

2020 2464 2184 2526 Bene,
2217 2464 2316 2528 ait,
2365 2461 2492 2517 novi
2553 2472 2606 2516 te
2637 2470 2693 2516 et
2734 2466 2880 2514 recte
2928 2465 2983 2511 et
3022 2456 3169 2527 juste
3211 2468 3300 2508 me
3339 2451 3599 2506 condem-

2021 2569 2204 2622 nasse,
2235 2563 2288 2609 et
2322 2553 2492 2609 variis
2519 2549 2928 2608 calamitatibus
2960 2562 3048 2604 me
3076 2543 3436 2616 oppressisse.

2092 2771 2260 2830 Vens.
2278 2771 2365 2826 76.
2390 2789 2409 2822 ι
2435 2770 2557 2825 Fiat
2573 2765 2950 2824 misericordia
2972 2763 3190 2836 1458
3213 2770 3326 2829 tua,
3345 2760 3594 2823 Domine,

2023 2874 2082 2920 ut
2125 2863 2436 2920 consoletur
2480 2877 2588 2916 me.
2659 2879 2677 2912 ι
2729 2858 2835 2912 Sed
2883 2856 3138 2923 deinceps
3169 2849 3522 2921 benignitatis
3545 2859 3602 2903 et

2021 2953 2418 3010 consolationis
2433 2958 2516 3005 est
2539 2958 2771 3019 tempus.
2811 2967 2830 3000 ι
2867 2946 3182 3002 Secundum
3199 2943 3426 2998 verbum
3445 2949 3596 2994 tuum

2023 3058 2185 3099 servo
2233 3051 2329 3097 tuo
2381 3039 2647 3113 (datum).
2718 3056 2738 3090 ι
2788 3037 2929 3092 Nam
2980 3035 3067 3092 his
3134 3034 3226 3102 qui
3279 3028 3598 3102 pmnitentia

342 3110 560 3228 μῗνξιαν
609 3114 946 3183 ἐπηγγείλω.
1005 3118 1176 3173 Τοῦτο
1229 3121 1323 3174 καὶ
1371 3123 1459 3176 διὰ
1495 3123 1717 3180 Ἡσαΐου
1775 3126 1913 3197 ἔφη·

2028 3143 2274 3197 utuntur,
2304 3110 2450 3186 tuam
2479 3129 2917 3186 benevolentiam
2945 3124 3266 3197 promisisti.
3297 3122 3411 3178 Hoc
3433 3120 3597 3176 etiam

346 3218 366 3251 ι
393 3202 560 3255 Ὅταν
611 3204 975 3278 ἀποστραφῇς
1023 3210 1123 3263 καὶ
1173 3212 1439 3283 στενάξῃς
1469 3213 1534 3277 ⁸⁸,
1575 3218 1694 3270 τότε
1741 3219 1917 3290 σωθή-

341 3306 440 3383 σῃ.
471 3310 490 3344 ι
547 3293 658 3348 Καὶ
694 3295 780 3351 διὰ
829 3297 926 3351 τοῦ
970 3299 1239 3372 Ἰερεμίου
1281 3302 1400 3375 βοᾷ,
1447 3323 1466 3356 ι
1507 3306 1914 3383 Ἐπιστράφητε

340 3382 477 3452 πρός
509 3401 599 3453 με,
631 3387 726 3439 καὶ
747 3388 1234 3464 ὲπιστραφήσομαι
1264 3396 1401 3468 πρὸς
1433 3398 1598 3468 ὑμᾶς.
1643 3419 1662 3452 ι

410 3556 506 3620 οξ.
540 3575 559 3608 ι
601 3560 936 3617 Ἐλθέτωσάν
983 3583 1074 3636 μοι
1099 3569 1148 3622 οἰ
1180 3569 1458 3642 οἰκτιρμοί
1483 3590 1600 3640 σου,
1635 3576 1728 3630 καὶ
1755 3578 1919 3648 ζήσοσ-

345 3663 479 3740 μαι⁸
521 3650 602 3703 ὅτι
639 3651 667 3703 ὁ
727 3653 890 3724 νόμος
938 3673 1032 3709 σου
1077 3659 1273 3730 μελέτη
1311 3663 1413 3731 μού
1442 3666 1608 3718 ἐστιν.
1652 3685 1671 3718 ι
1703 3668 1918 3740 Νεκρδν

341 3739 536 3828 ἑαυτὸν
565 3741 779 3811 ήγείται
806 3745 908 3816 τῆς
935 3747 1085 3813 θείας
1117 3752 1488 3824 ἐστερημένον
1508 3757 1553 3789 ⁸⁵
1588 3739 1880 3828 εὐμενείας
1900 3777 1916 3792 ⁸

340 3825 401 3885 οὗ
434 3835 495 3904 δὴ
524 3835 682 3907 χάριν
715 3836 904 3909 ὥσπερ
936 3841 1234 3896 ἀναϐιῶναι
1279 3844 1369 3898 διὰ
1407 3846 1506 3916 τῆς
1540 3825 1690 3914 θείας
1730 3825 1920 3920 φιλαν-

343 3923 591 3995 θρωπίας
621 3928 955 3997 παρακαλεῖ.

412 4015 510 4085 οη’.
547 4035 565 4068 ι
592 4018 1053 4089 Αἰσχυνθήτωσαν
1085 4024 1424 4096 ὑπερήφανοι
1456 4030 1538 4082 ὅτι
1564 4031 1765 4096 ἀδίκως
1796 4034 1922 4104 ἠνύ-

347 4125 526 4177 μησαν
557 4111 635 4172 εἰς
672 4112 772 4180 ἐμέ
796 4112 841 4143 ⁸⁸
863 4129 876 4143 ο
902 4113 1012 4180 ἐγὼ
1040 4115 1095 4167 δὲ
1133 4117 1481 4191 ἀδολεσχήσω
1525 4125 1583 4176 ἐν
1621 4127 1738 4189 ταῖς
1769 4127 1922 4180 ὲντο·

342 4199 463 4263 λαῖς
496 4217 612 4254 σου.
650 4221 670 4253 ι
709 4204 824 4256 Οὐκ
866 4205 1140 4274 ἐπαρᾶται
1180 4213 1292 4272 τοῖς
1327 4213 1561 4285 ἐχθροῖς,
1592 4216 1707 4272 ἀλλ’
1752 4219 1922 4290 ὑπερ-

345 4292 562 4362 εύχεται
594 4294 830 4349 τούτων·
861 4299 893 4366 ή
939 4299 1047 4367 γὰρ
1082 4302 1311 4373 αἰσχύνη
1345 4309 1619 4377 σωτηρίαν
1655 4327 1924 4380 πραγμα-

344 4386 582 4439 τεύεται·
633 4382 701 4459 ἦς
747 4389 924 4443 τοίνυν
970 4392 1287 4463 ἀπήλαυσεν
1337 4399 1602 4468 ἰατρείας,
1636 4403 1924 4468 κάκείνους

346 4484 532 4547 τυχεῖν
560 4477 721 4543 ἀξιοῖ.

414 4570 511 4624 00’.
552 4591 571 4624 ι
614 4574 1134 4646 Ἐπιστρεψάτωσάν
1181 4595 1272 4648 μοι
1310 4580 1356 4612 ⁸⁷
1383 4584 1430 4636 οἱ
1478 4585 1806 4658 φοϐούμενοί
1838 4607 1918 4655 σε,

347 4663 441 4715 καὶ
473 4663 522 4715 οἱ
553 4663 913 4732 γινώσκοντες
953 4668 1021 4721 τὰ
1065 4670 1342 4742 μαρτύριά
1385 4690 1498 4728 σου.
1528 4695 1547 4727 ι
1594 4677 1681 4742 Ὡς
1732 4681 1922 4752 πόρρω

345 4755 441 4808 τοῦ
474 4757 640 4826 χοροῦ
668 4757 778 4811 τῶν
803 4759 1025 4814 δικαίων
1054 4761 1143 4814 διὰ
1174 4763 1272 4834 τὴν
1299 4765 1574 4836 ἁμαρτίαν
1604 4772 1917 4842 γενόμενος,

349 4848 442 4901 καὶ
486 4850 704 4905 πάντων
740 4851 918 4907 αὐτῶν
949 4853 1023 4922 τῷ
1063 4855 1179 4924 Θεῷ
1211 4858 1608 4928 παραπλησίως
1645 4865 1921 4936 ἀποστρα-

351 4943 579 5009 φέντων,
615 4947 848 5008 ἱκετεύει
903 4947 1065 5001 πάλιν
1115 4949 1300 5013 αὐτοῖς
1364 4950 1651 5020 ένωθῆναι,
1685 4957 1781 5008 καὶ
1822 4958 1922 5028 τὴν

351 5035 484 5104 πρὸς
514 5038 710 5102 αὐτοὺς
735 5039 1022 5094 κοινωνίαν
1049 5041 1363 5096 ἀπολαϐεῖν.
1388 5041 1559 5096 Τοῦτο
1587 5045 1694 5116 γὰρ
1723 5050 1750 5100 ὁ
1780 5050 1921 5121 Σύμ-

354 5141 523 5193 μαχος
547 5126 591 5157 ⁸⁸
622 5130 955 5200 σαφέστερον
987 5131 1396 5200 παρεδήλωσεν,
1449 5134 1916 5207 Ἀναστρεψάτωι

351 5213 471 5267 σάν
503 5234 578 5285 με
601 5221 653 5271 οἱ
681 5223 1039 5290 φοϐούμενοί
1065 5239 1157 5275 σε.

423 5312 448 5337 ³
483 5310 585 5366 lsa.
624 5330 747 5379 xxx,
791 5316 875 5368 15.
957 5318 975 5351 ι
1011 5315 1212 5371 Jcretn.
1253 5335 1335 5383 Ill,
1373 5320 1458 5375 ἓξ.

2021 3240 2120 3294 per
2167 3224 2362 3279 Isaiam
2410 3224 2588 3278 dixit:
2642 3240 2661 3274 ί
2698 3221 2834 3276 Cum
2881 3229 3062 3275 autem
3100 3231 3353 3272 reversus
3399 3213 3596 3272 fueris.

2020 3325 2075 3370 et
2102 3315 2454 3385 ingemueris,
2488 3323 2619 3368 tunc
2644 3312 2947 3368 salvaberis
2967 3321 3014 3365 ³.
3049 3329 3067 3362 ι
3100 3310 3168 3364 Et
3188 3323 3283 3378 per
3306 3303 3598 3362 Jeremiam

2019 3407 2221 3462 clamat
2253 3423 2268 3462 :
2308 3425 2326 3459 ι
2364 3405 2766 3461 Convertimini
2812 3404 2880 3459 ad
2925 3418 3036 3471 me,
3073 3411 3128 3458 et
3167 3415 3268 3472 ego
3307 3405 3601 3453 convertar

2019 3499 2087 3554 ad
2118 3515 2214 3554 vos
2236 3498 2283 3555 ί.
2325 3517 2344 3551 ι

2092 3588 2258 3646 Vens.
2302 3589 2390 3645 77.
2431 3609 2451 3642 ‹
2485 3588 2723 3644 Veniant
2774 3587 2908 3642 mihi
2954 3582 3338 3640 miserationes
3380 3591 3507 3647 tuas,
3549 3589 3602 3634 et

2019 3681 2196 3736 vivam
2216 3721 2231 3746 ,
2262 3680 2388 3749 quia
2419 3680 2506 3735 lex
2536 3688 2626 3736 tua
2661 3678 2946 3738 meditatio
2975 3689 3096 3730 mea
3126 3683 3230 3729 est.
3271 3693 3289 3725 ι
3327 3671 3601 3727 Mortuum

2021 3788 2082 3839 se
2110 3775 2287 3844 ipsum
2327 3773 2628 3835 existimat,
2661 3770 2847 3826 divina
2872 3767 3248 3824 benevolentia
3280 3765 3555 3834 privatum
3585 3781 3599 3816 :

2022 3865 2229 3920 idcirco
2261 3872 2324 3919 ut
2357 3864 2516 3934 quasi
2551 3863 2847 3920 reviviscat
2884 3875 2983 3932 per
3013 3857 3258 3913 divinam
3289 3855 3604 3927 benignitao

2021 3965 2130 4013 tem
2161 3967 2432 4026 precatur.

2097 4049 2262 4106 Vens.
2305 4050 2392 4104 78.
2440 4068 2459 4102 ι
2496 4048 2916 4104 Conlundantttr
2952 4045 3198 4115 superbi,
3237 4043 3366 4114 quia
3401 4040 3605 4110 iniqui-

2023 4150 2190 4199 tatem
2237 4145 2487 4197 l‘ecerunt
2525 4150 2714 4197 contra
2759 4154 2868 4201 me,
2922 4152 3027 4207 ego
3069 4145 3252 4191 autem
3298 4134 3606 4188 meditabor

2025 4234 2278 4288 mandata
2321 4245 2431 4287 tua.
2472 4251 2490 4284 ι
2538 4231 2656 4286 Non
2690 4229 2946 4284 hostibus
2980 4227 3335 4296 imprecatur,
3376 4221 3470 4276 sed
3509 4236 3608 4289 pro

2026 4323 2107 4380 eis
2151 4337 2344 4394 preces
2397 4323 2595 4389 fundit,
2653 4318 3099 4391 quandoquidem
3152 4315 3326 4385 pudor
3369 4311 3606 4367 salutem

2025 4423 2306 4487 procurat.
2343 4414 2516 4482 Quam
2559 4415 2722 4484 igitur
2756 4411 3084 4467 medicinam
3124 4412 3459 4464 consecutus
3499 4412 3603 4466 est,

1954 4514 2003 4572 D
2029 4517 2088 4562 ut
2114 4507 2190 4561 illi
2225 4507 2391 4563 etiam
2427 4515 2838 4576 consequantur
2869 4501 3131 4572 postulat.

2101 4598 2264 4654 Vsns.
2309 4598 2396 4654 79.
2445 4616 2462 4650 ι
2501 4596 2907 4653 Convertantur
2941 4594 3007 4648 ad
3045 4607 3130 4647 me
3162 4590 3418 4645 timentes
3449 4594 3522 4648 te,
3553 4593 3610 4639 et

2027 4692 2119 4761 qui
2169 4699 2443 4746 noverunt
2491 4689 2804 4745 testimonia
2857 4698 2973 4743 tua.
3018 4705 3036 4739 ι
3097 4682 3168 4738 Ut
3209 4678 3545 4748 longissime
3578 4693 3605 4728 a

2023 4777 2293 4844 justorum
2321 4777 2490 4831 choro
2520 4783 2743 4846 propter
2771 4786 3055 4844 peccatum
3091 4771 3325 4841 positus,
3359 4777 3415 4823 et
3439 4766 3611 4820 omni-

2029 4869 2130 4924 bus
2159 4871 2232 4936 ei,
2265 4886 2372 4924 non
2408 4885 2568 4926 secus
2601 4886 2664 4924 ac
2702 4871 2817 4938 ipse
2847 4869 3009 4932 Deus,
3068 4863 3313 4926 offensis,
3355 4866 3610 4929 precatur

2027 4970 2087 5015 ut
2114 4977 2305 5016 rursus
2339 4977 2462 5016 cum
2507 4961 2616 5016 illis
2651 4961 2703 5014 in
2740 4960 2968 5029 gratiam
3001 4958 3206 5022 redeat,
3241 4962 3297 5009 et
3323 4948 3611 5006 familiari-

2029 5064 2194 5108 tatem
2254 5065 2499 5109 renovet.
2573 5053 2686 5110 lluc
2737 5054 2883 5108 enim
2938 5050 3303 5124 Symmachus
3363 5040 3609 5112 apertius

2033 5146 2173 5201 dixit
2203 5164 2216 5200 :
2254 5145 2575 5203 Convertant
2604 5163 2683 5202 me
2733 5147 2824 5216 qui
2863 5147 3046 5200 timent
3080 5152 3148 5197 te.

1413 5436 1642 5492 VARUE
1686 5437 2070 5495 LECTIONES
2109 5440 2194 5494 ET
2225 5441 2454 5498 NOT/E.

417 5521 460 5551 ⁵⁷
501 5521 684 5602 ροιί..
717 5524 840 5576 ὑπό.
919 5523 962 5555 ⁸⁸
1003 5527 1129 5579 Τοῦ.
1191 5529 1270 5602 il).
1299 5601 1306 5602 ί
1333 5529 1437 5599 πρὸ
1491 5530 1706 5602 τούτου.
1783 5534 1827 5564 ⁵⁸
1889 5551 1913 5585 c

2079 5534 2100 5585 1
2157 5533 2314 5602 ὃιαφό
2330 5551 2437 5602 ρως

352 5592 392 5622 ει
433 5593 553 5643 cod.
591 5591 723 5659 ιδὴ,

349 5731 470 5798 ἐμέ.
515 5733 661 5806 11οᾕΔ
702 5741 932 5806 evertant
985 5737 1053 5797 (s.
1091 5749 1330 5792 evertere
1387 5731 1626 5806 studenti

2581 5537 2627 5568 ⁸ο
2695 5535 3206 5614 Περιέξϐίηιες.
3262 5548 3451 5614 Quem.
3520 5535 3609 5614 μέ.

451 5597 556 5673 god.
591 5597 723 5673 ιϐὴ,
756 5607 878 5661 quae
919 5602 1002 5673 est
1043 5612 1150 5650 rec.
1189 5597 1347 5673 lectio
1489 5601 1523 5652 l.
1603 5601 1645 5632 "
1684 5602 1913 5673 Κύριε..

2028 5613 2079 5657 st
2135 5618 2164 5656 a
2213 5597 2339 5659 cod.
2386 5606 2407 5657 l
2448 5614 2500 5659 et
2547 5621 2575 5659 a
2649 5597 2797 5660 textu
2855 5597 3040 5659 llchrf
3094 5605 3140 5636 ⁸⁸
3197 5597 3317 5658 cod.
3381 5605 3400 5656 l
3462 5597 3608 5667 τοῖς.

354 5662 399 5742 '_'
437 5662 991 5742 ,ἰωή-ἐπιστραφεὶς
1047 5669 1339 5731 στενάξεις.
1374 5671 1417 5701 ⁸⁵
1444 5671 1674 5737 Ἐστερ.
1714 5662 1788 5723 il):
1821 5671 1913 5740 έρη

2037 5711 2062 5742 γ,
2100 5675 2333 5742 ascripta
2393 5687 2570 5729 tanton
2614 5679 2783 5730 altera
2845 5677 3101 5731 lectione.

605 5741 662 5816 th.
702 5741 932 5816 evenant
985 5741 1053 5797 (s.
1091 5749 1330 5816 evertere
1387 5743 1626 5816 student)
1685 5757 1783 5794 me.
1863 5743 1904 5774 “7

2028 5741 2070 5796 :l.
2134 5744 2156 5795 l
2201 5746 2302 5816 μὲ,
2335 5762 2455 5816 «pne
2514 5755 2595 5801 est
2640 5762 2748 5802 rce.
2797 5747 2975 5802 lectio.

352 5818 570 5872 quoque
605 5802 967 5869 Theodotion,
1021 5813 1152 5862 teste
1198 5807 1416 5865 lllontcf.
1456 5812 1506 5865 in
1536 5802 1762 5882 lle'xnpl.
1810 5811 1874 5868 ad
1916 5815 1970 5868 h.
2009 5813 2046 5866 ι.

3209 5676 3253 5705 ⁶⁸
3292 5675 3485 5743 Ἠνόμ.
3523 5681 3572 5725 εἰ
3579 5697 3612 5738 ς

3071 5747 3116 5778 ⁸⁸
3158 5746 3496 5816 Σύμμαχος.
3536 5745 3610 5795 Ita
