3974 6206
502 327 638 396 ίὸίἹ

1495 338 1989 399 THEODORETI
2010 336 2352 400 EPISCOPI
2393 340 2759 402 CYRENSIS

3588 342 3690 411 1848

580 445 746 502 Vsus.
801 446 890 503 80.
948 467 967 501 ι
1007 448 1129 506 Fiat
1180 466 1273 507 cor
1321 469 1500 509 meum
1553 456 1967 513 immaculatum
2028 457 2081 512 in

2259 455 2333 512 π’.
2368 477 2386 509 ι
2422 457 2775 531 Γενηθήτωή
2808 456 3005 528 καρδία
3041 475 3142 529 μου
3171 460 3398 533 ἄμωμος
3427 463 3481 518 ἐν
3517 465 3610 524 τοῖς
3630 463 3691 516 δι-

502 536 993 607 justiﬁcationibus
1039 544 1168 611 luis,
1219 555 1273 600 ut
1319 562 1427 601 non
1476 548 1804 604 confundar.
1848 569 1866 602 ι
1917 553 1935 573 ‘
1976 549 2085 606 Cor

506 630 577 684 ab
612 632 762 686 omni
800 634 1225 704 reprehensione
1271 638 1504 694 liberum
1548 641 1752 696 habere
1783 641 2083 710 desiderat,

506 723 954 793 quandoquidem
1009 728 1324 798 hujusmodi
1378 747 1472 786 cor
1523 751 1554 787 υ
1602 732 1808 803 pudore
1855 735 2085 789 liberum

476 820 612 892 rest.
660 812 959 887 Propterea
992 818 1209 892 1459
1231 821 1414 875 statim
1458 822 1726 892 psalmum
1770 823 2085 889 exordiens,

474 886 481 986 ί
509 908 660 961 omni
692 910 1121 978 reprehensione
1156 928 1361 968 vacuos
1389 914 1576 970 beatos
1600 930 1721 970 esse
1750 916 1890 970 dixit
1920 933 1935 971 :

581 996 747 1054 Vens.
789 1000 876 1055 8i.
925 1021 943 1052 ι
984 1003 1174 1059 Deﬁcit
1220 1004 1273 1058 in
1304 1005 1532 1060 salutari
1582 1017 1676 1061 tuo
1717 1008 1901 1061 anima
1945 1024 2087 1076 mea,

509 1089 636 1157 quia
679 1090 730 1143 in
771 1092 953 1148 verbis
985 1095 1096 1149 tuis
1131 1110 1284 1165 spem
1321 1097 1502 1165 posui.
1542 1117 1562 1149 ι
1602 1096 1710 1164 Qui
1739 1098 2093 1155 vehementer

511 1180 715 1252 aliquid
745 1185 1078 1253 desiderant,
1107 1202 1166 1242 re
1201 1188 1510 1244 desiderata
1545 1198 1729 1246 autem
1761 1201 1970 1259 carent,
2011 1194 2094 1248 di-

511 1284 711 1330 cuntur
741 1278 992 1334 deﬁcere.
1024 1278 1288 1336 Similiter
1320 1282 1413 1350 qui
1450 1283 1605 1338 valde
1632 1284 1848 1352 sitiunt,
1874 1295 1927 1340 et
1950 1301 2093 1356 aqua

512 1377 718 1423 carent.
747 1370 1013 1427 Similiter
1052 1374 1143 1444 qui
1168 1374 1407 1445 aliquem
1451 1360 1812 1431 domesticum
1845 1393 1911 1432 ex
1938 1393 2094 1447 pere-

513 1458 826 1527 grinatione
863 1454 1206 1545 exsﬁectant,
1234 1466 1546 1523 desiderant
1580 1468 1800 1538 quidem
1833 1484 2047 1539 semper
2077 1487 2091 1523 :

513 1550 770 1608 desiderii
813 1570 945 1612 vero
978 1545 1088 1612 den
1121 1571 1405 1629 compOtes
1436 1558 1588 1624 facti,
1641 1575 1879 1615 maerore
1924 1559 2097 1614 conﬁ-

514 1643 758 1700 ciuntur.
798 1646 1060 1703 Similiter
1101 1650 1267 1705 etiam
1329 1651 1410 1706 illi
1450 1652 1546 1722 qui
1588 1667 1715 1707 cum
1761 1651 2096 1707 calamitati-

513 1735 619 1792 bus
652 1739 981 1807 quibusdam
1016 1740 1419 1813 :colluctantur,
1465 1755 1519 1801 et
1563 1746 1805 1800 divinam
1862 1744 2097 1800 benevo-

2185 549 2465 621 καιώμασί
2516 567 2634 616 σου,
2694 551 2846 614 ὅπως
2906 550 2976 605 ἂν
3040 551 3116 623 μὴ
3167 554 3451 626 αἰσχυνθιῖλ
3485 554 3693 626 »Μώμου

2187 642 2391 707 παντὸς
2420 643 2715 715 ἐλευθέραν
2742 644 2890 715 ἔχειν
2921 645 3149 716 καρδίαν
3178 647 3405 717 ἐφίεται.
3435 650 3494 701 Ἦ
3517 649 3695 717 τοιαύτη

2185 736 2296 809 γὰρ
2346 737 2610 809 αἰσχύνης
2653 738 2995 809 ἀπήλλακται
3021 778 3036 793 .
3075 741 3175 794 Διά
3214 758 3296 794 τοι
3328 743 3476 795 τοῦτο
3513 740 3593 794 καὶ
3631 742 3698 793 εὑ-

2189 829 2286 893 θυς
2336 830 2644 902 ἀρξάμενος
2714 831 2810 885 τοῦ
2854 832 3073 904 ψαλμοῦ
3132 834 3279 897 τοὺς,
3307 832 3550 904 ἀμώμους
3599 834 3701 902 ἐμα-

2189 921 2435 990 κάρισεν.

2260 1022 2371 1070 πα’.
2413 1035 2432 1068 ι
2473 1015 2746 1071 Ἐκλείπει
2771 1017 2853 1081 είς
2878 1018 2939 1071 τδ
2972 1018 3242 1089 σωτήριόν
3269 1035 3361 1071 σου
3392 1020 3421 1089 ή
3449 1018 3577 1089 ψυχή
3610 1036 3702 1087 μου,

2189 1108 2272 1161 ὅτι
2295 1109 2340 1141 ⁶⁹
2370 1110 2450 1173 είς
2481 1111 2610 1174 τοὺς
2637 1109 2829 1179 λόγους
2860 1128 2953 1165 σου
2988 1111 3283 1183 ἐπήλπισα.
3325 1130 3342 1162 ι
3380 1112 3439 1165 Οί
3469 1112 3643 1182 σφόδρα
3666 1129 3703 1163 τι

2192 1199 2508 1264 ποθοῦντες,
2549 1202 2645 1255 καὶ
2679 1202 3043 1272 ἐστερημένοι
3071 1202 3166 1254 τοῦ
3200 1202 3543 1271 ποθουμένου,
3568 1201 3701 1254 ἐκλεί-

2194 1309 2318 1347 πειν
2345 1294 2530 1361 φασίν.
2567 1291 2759 1357 Οὕτως
2783 1294 2833 1347 οἱ
2861 1294 3003 1362 ἄγαν
3030 1292 3316 1362 διψῶντες,
3351 1293 3440 1345 καὶ
3473 1291 3703 1356 σπανίζον-

2190 1402 2282 1448 τες
2310 1384 2525 1449 ὕδατος.
2556 1385 2744 1450 Οὕτως
2776 1386 2828 1440 οἴ
2854 1404 2976 1440 τινα
3014 1386 3123 1440 τῶν
3148 1386 3441 1457 γνωρίμων
3478 1384 3530 1451 ἐξ
3554 1386 3707 1452 ductiq-

2198 1477 2327 1548 μίας
2349 1478 2767 1548 προσμένοντες,
2797 1478 3099 1549 ίμείρονται
3123 1479 3223 1549 μὲν
3246 1479 3353 1539 ἀεὶ,
3373 1477 3705 1546 κατατήκονται

2194 1569 2251 1622 δὲ
2279 1568 2358 1639 τῷ
2393 1569 2546 1640 πόθῳ
2572 1569 3053 1642 διαμαρτάνοντες.
3085 1569 3244 1624 Οὕτω
3268 1570 3362 1623 καὶ
3389 1570 3435 1622 oi
3462 1569 3707 1637 oupgoopa't;

2195 1678 2306 1715 τισι
2335 1663 2823 1732 προσπαλαιόντες,
2861 1663 2955 1717 καὶ
2982 1663 3082 1733 τὴν
3111 1661 3265 1715 θείαν
3291 1661 3563 1731 εὐμένειαν
3585 1674 3708 1728 προσ-

2202 1753 2476 1823 μένοντες,
2509 1752 2956 1824 άναὸαλλομένην
3001 1753 3210 1825 ταύτην
3246 1753 3475 1824 ὁρῶντες
3496 1753 3539 1784 ⁷⁸
3576 1750 3706 1804 ἐκλεί-

514 1824 741 1884 lentiam
809 1843 1175 1903 exspectant,
1254 1836 1381 1891 dum
1443 1837 1583 1892 hanc
1641 1837 2094 1907 procrastinalam
2128 1822 2417 1897 Βπουσιν.

515 1920 724 1989 vident,
757 1923 1039 1981 deﬁciunt.

585 2103 751 2159 Vsus.
793 2106 885 2161 82.
944 2126 961 2158 ι
1005 2108 1332 2165 Defecerunt
1390 2111 1532 2165 oculi
1601 2112 1704 2166 mei
1764 2112 1817 2166 in
1877 2113 2097 2182 eloquio

516 2202 633 2263 tuo,
659 2196 935 2254 dicentes:
962 2199 1195 2265 Quando
1218 2203 1590 2259 consolaberis
1616 2206 1739 2260 me?
1770 2225 1788 2258 ι
1812 2204 2097 2275 Eloquium

514 2293 570 2341 et
599 2289 896 2357 promissio
933 2292 1119 2347 divina
1158 2303 1409 2359 vocatur,
1436 2305 1490 2350 et
1517 2295 1802 2366 Scriptura
1830 2297 2097 2351 divinitus

516 2376 805 2448 inspirata.
868 2381 1062 2440 Deﬁcit
1113 2385 1281 2455 igitur
1338 2402 1446 2441 non
1499 2388 1663 2443 modo
1709 2388 1803 2458 qui
1857 2389 2097 2443 divinam

514 2471 938 2541 promissionem
970 2515 984 2539 ,
1017 2485 1071 2532 et
1109 2477 1483 2535 liberationem
1557 2480 1626 2535 ab
1684 2480 2099 2537 imminentibus

515 2562 677 2618 malis
702 2576 999 2636 exspectat,
1032 2569 1127 2625 sed
1154 2570 1317 2624 etiam
1344 2572 1438 2641 qui
1462 2571 1645 2626 divina
1676 2572 1901 2627 oracula
1947 2571 2101 2627 lecti-

516 2661 619 2720 tat,
655 2654 967 2727 horumque
984 2672 1208 2715 sensum
1250 2661 1441 2716 sedulo
1475 2661 1683 2716 discere
1709 2661 2019 2726 desiderat,
2047 2671 2101 2717 et

516 2752 674 2816 putat
716 2749 915 2804 horum
959 2751 1332 2808 inventionem
1365 2766 1489 2808 esse
1509 2750 1613 2807 sibi
1644 2751 2096 2819 consolationem,

515 2847 572 2894 et
604 2841 773 2895 animi
802 2843 1248 2900 oblectationem.

593 2937 753 2992 Vens.
785 2938 875 2993 83.
910 2958 929 2989 ι
966 2938 1106 3006 Quia
1131 2939 1312 2997 factus
1338 2956 1459 2997 sum
1488 2941 1632 2997 sicut
1656 2951 1774 2996 uter
1800 2943 1853 2996 iu
1880 2943 2097 3012 pruina,

512 3030 976 3098 justiﬁcationum
1024 3043 1240 3088 tuarum
1300 3051 1404 3089 non
1450 3051 1571 3090 sum
1632 3036 1856 3090 oblitus.
1895 3054 1913 3087 ι
1970 3035 2099 3091 Uter

2266 2109 2375 2180 πβ’.
2413 2128 2431 2161 ι
2474 2107 2755 2174 Ἐξέλιπον
2808 2110 2855 2161 oi
2906 2106 3177 2178 ὀφθαλμοί
3216 2124 3319 2177 μου
3365 2106 3443 2168 εἰς
3486 2103 3541 2157 τὸ
3578 2101 3708 2170 λόγιόν

2199 2220 2317 2268 σου,
2343 2202 2613 2271 λέγοντες,
2638 2203 2774 2257 Πότε
2798 2200 3201 2273 παρακαλέσεις
3241 2214 3307 2269 με
3330 2216 3344 2264 ;
3381 2216 3398 2248 ι
3443 2196 3628 2264 Λόγων
3646 2192 3709 2246 καὶ

2199 2296 2550 2367 ὑπόσχεσιςή
2583 2295 2705 2349 θεία
2733 2295 3005 2357 καλεῖται,
3041 2292 3136 2346 καὶ
3186 2293 3221 2361 ή
3254 2289 3589 2349 θεόπνευστος
3607 2286 3709 2356 Γρα-

2199 2389 2296 2460 φή.
2336 2388 2612 2442 Ἐκλείπει
2646 2387 2830 2441 τοίνυν
2873 2385 2936 2439 οὐ
2970 2383 3132 2455 μόνον
3164 2383 3195 2435 ό
3226 2381 3326 2450 τὴν
3357 2381 3620 2448 ὑπόσχεσιν
3641 2374 3709 2444 τήν

2200 2480 2353 2533 θείαν
2386 2480 2697 2550 ἀναμένων,
2731 2479 2828 2532 καὶ
2856 2477 2957 2549 τὴν
2979 2476 3134 2529 λύσιν
3158 2472 3270 2527 τῶν
3290 2469 3626 2540 ἐπικειμένων
3640 2482 3709 2519 κα-

2199 2574 2313 2628 κῶν
2345 2573 2781 2645 προσδεχόμενος
2799 2587 2814 2602 ·
2843 2569 2980 2623 ἀλλὰ
3007 2569 3102 2622 καὶ
3131 2569 3160 2620 ὁ
3190 2567 3308 2627 τοῖς
3336 2562 3495 2623 θείοις
3514 2557 3711 2626 ἐντυγχά-

2199 2682 2305 2719 νων
2346 2663 2569 2734 λογίοις,
2601 2664 2697 2717 καὶ
2745 2663 2844 2733 τὴν
2893 2660 3103 2715 τούτων
3152 2657 3397 2711 διάνοιαν
3441 2647 3709 2720 καταμαθεῖν

2198 2754 2446 2824 ἀκριϐῶς
2476 2754 2786 2824 ἐφιέμενος,
2811 2751 2909 2806 καὶ
2932 2749 3285 2821 παράκλησιν
3308 2745 3401 2800 καὶ
3426 2739 3710 2813 ψυχαγωγίαν

2201 2846 2576 2918 ὑπολαμϐάνει
2608 2845 2710 2914 τὴν
2733 2843 2793 2897 εὖ
2804 2860 2972 2914 ρεσιν.

2272 2949 2382 3013 πγ’.
2421 2962 2440 2995 ‹
2482 2945 2605 2997 Ὀτι
2629 2940 2897 3013 ἐγενήθην
2926 2941 3005 3002 ὡς
3027 2935 3196 3009 ἀσκὸς
3220 2937 3282 2989 ἐν
3308 2932 3482 3004 πάχνη
3502 2930 3542 2961 τι
3561 2943 3575 2959 ο
3594 2926 3647 2981 τὰ
3662 2921 3711 2978 δι-

2200 3035 2495 3107 καιώματά
2528 3051 2623 3087 σου
2661 3034 2763 3088 οὑκ
2792 3030 3162 3100 ἐπελαθόμην.
3201 3047 3222 3080 ι
3271 3027 3330 3081 '0
3358 3027 3515 3087 ἀσκὸς
3539 3021 3708 3091 θερμαι-

516 3123 818 3180 calefactus
863 3127 1123 3195 mollitur,
1166 3137 1220 3183 et
1260 3129 1589 3184 tumefactus
1629 3128 1940 3183 extenditur
1985 3146 1997 3180 :
2039 3129 2093 3181 in

2200 3132 2424 3200 νόμενος
2456 3125 2773 3198 χαυνοῦται,
2807 3124 2903 3179 καὶ
2928 3120 3256 3193 φυσώμενος
3279 3119 3326 3150 ⁷²
3352 3109 3706 3219 ἐξογκοῦτμξοῗ

517 3211 714 3281 pruina
747 3227 876 3267 vero
932 3214 1250 3271 obdurescit
1293 3224 1348 3273 et
1389 3216 1750 3270 contrahitur.
1798 3214 1889 3271 Sic
1926 3216 2095 3271 etiam

514 3308 767 3378 corporis
806 3318 1002 3365 natura
1046 3310 1291 3365 mollitur
1353 3310 1574 3381 quidem
1621 3326 1716 3380 per
1748 3310 1997 3376 delicias,
2042 3316 2097 3364 et

515 3403 852 3470 extenditur,
898 3413 954 3458 et
989 3415 1184 3460 contra
1211 3404 1451 3459 animam
1490 3405 1772 3474 assurgit:
1804 3404 2095 3459 alllictione

516 3509 649 3551 vero
702 3496 1115 3553 exercitationis
1173 3497 1520 3567 deprimitur,
1584 3506 1640 3552 et
1692 3494 2097 3566 premium-Et

518 3585 683 3657 hujus
716 3588 794 3643 rei
826 3590 981 3645 testis
1004 3597 1088 3644 est
1120 3590 1410 3660 Apostolus
1433 3590 1748 3645 exclamans
1774 3607 1787 3642 :
1822 3607 1840 3640 ι
1872 3588 2095 3657 Castigo

512 3694 716 3750 corpus
742 3696 947 3747 meum,
979 3691 1035 3736 et
1063 3684 1116 3736 in
1146 3683 1466 3738 servitutem
1491 3681 1697 3750 redigo,
1731 3695 1799 3733 ne
1820 3694 1945 3733 cum
1975 3678 2094 3733 aliis

514 3772 947 3842 praedicaverim,
984 3773 1100 3842 ipse
1133 3777 1400 3843 reprobus
1436 3771 1639 3827 eﬂiciar
1661 3782 1709 3824 ιι.
1745 3790 1766 3824 ι
1799 3770 1937 3825 Hinc
1963 3769 2094 3825 Pro-

515 3863 700 3931 pheta,
740 3880 863 3918 cum
895 3881 924 3918 a
957 3864 1367 3942 lﬁGQSaule
1407 3863 1840 3934 persecutionem
1882 3871 2094 3934 patere-

516 3962 624 4013 tur,
658 3952 942 4008 aﬂectihus
978 3957 1231 4023 superior
1269 3963 1386 4008 erat
1414 3972 1428 4008 :
1455 3970 1580 4010 cum
1619 3970 1747 4008 vero
1776 3970 1908 4025 pace
1953 3955 2093 4024 poti-

513 4052 604 4097 tus
627 4054 792 4109 essel,
834 4061 929 4115 per
969 4047 1289 4103 deliciarum
1318 4050 1574 4104 stimulos
1614 4049 1775 4105 laesus
1814 4057 1935 4103 est:
1967 4063 2093 4103 cum

513 4142 694 4191 autem
734 4152 933 4208 corpus
974 4141 1353 4210 depressisset,
1393 4140 1707 4196 divinarum
1748 4144 1926 4212 legum
1977 4155 2093 4196 me-

515 4231 749 4285 moriam
781 4234 1084 4288 renovavit.

584 4320 751 4379 Vsus.
793 4323 882 4380 84.
931 4344 947 4376 ι
985 4325 1134 4391 Quot
1174 4334 1303 4381 sunt
1348 4327 1466 4383 dies
1517 4328 1659 4382 servi
1710 4327 1827 4390 tui,
1872 4324 2094 4396 quando

513 4416 795 4471 exercebis
850 4425 1042 4471 contra
1108 4429 1495 4487 persequentes
1559 4431 1646 4471 me
1698 4415 2015 4485 judicium?
2067 4432 2086 4465 ι

514 4503 707 4570 Breve,
754 4506 850 4573 ait,
889 4506 1139 4560 humanae
1179 4506 1303 4560 vitae
1347 4513 1432 4561 est
1480 4514 1715 4573 tempus.
1769 4501 1897 4557 Dies
1941 4500 2091 4555 enim

2197 3196 2339 3292 eam
2365 3196 2547 3291 πάχνη
2579 3217 2715 3285 σκλη
2725 3216 2943 3287 ρύνεται
2977 3213 3073 3268 καὶ
3100 3213 3400 3283 πήγνυται.
3427 3205 3567 3262 Οὕτω
3590 3202 3629 3233 ’³

2195 3313 2290 3367 τοῦ
2315 3289 2575 3384 σώματος
2607 3312 2641 3381 ἠ
2662 3309 2826 3380 φύσις
2874 3303 3173 3377 χαυνοῦται
3231 3304 3333 3374 μὲν
3365 3303 3430 3372 τῇ
3460 3296 3630 3370 τρυφῇ,

2200 3378 2538 3474 ἐξογκούται,
2576 3378 2841 3458 καὶκατὰ
2869 3399 2971 3468 τῆς
2994 3396 3175 3467 ψυχῆς
3207 3393 3569 3463 ἐξανίσταται·
3590 3378 3712 3454 τῆς⁷⁵
3810 3404 3813 3413 ’

2198 3498 2254 3551 δὲ
2309 3495 2615 3568 ἀσκητικῆς
2671 3491 2941 3562 κακουχίᾳ
2977 3485 3337 3543 ταπεινοῦται
3384 3482 3471 3536 καὶ
3505 3476 3709 3568 πιέζεται.

2197 3592 2310 3644 Καὶ
2344 3567 2536 3643 τούτου
2571 3587 2781 3659 μάρτυς
2813 3585 2860 3617 ⁷⁵
2888 3585 2918 3637 ὁ
2945 3581 3158 3644 Παῦλος
3194 3579 3359 3650 βοῶν,
3408 3595 3425 3627 ι
3462 3571 3583 3626 Ἀλλ’
3616 3567 3710 3620 ὑπο-

2197 3683 2372 3747 πιέζω
2404 3681 2450 3713 ⁷⁸
2486 3698 2588 3751 μου
2618 3679 2679 3732 τὸ
2716 3677 2898 3749 σῶμα,
2923 3676 3019 3729 καὶ
3056 3671 3414 3742 δουλαγωγῶ,
3448 3669 3620 3739 μήπως
3646 3661 3710 3714 ἀλ·

2196 3775 2309 3838 λοις
2338 3772 2583 3844 κηρύξας
2618 3770 2780 3833 αὐτὸς
2821 3768 3080 3839 ἀδόκιμος
3115 3768 3386 3838 γένωμαι.
3432 3780 3450 3813 ι
3486 3755 3712 3825 Τοιγάρται

2196 3867 2291 3921 καὶ
2319 3867 2348 3920 ὁ
2379 3865 2692 3937 Προφήτης,
2720 3861 2914 3931 ἐπειδὴ
2944 3860 3281 3931 διωκόμενος
3331 3855 3434 3910 ὑπὸ
3458 3851 3545 3907 τοῦ
3570 3845 3710 3903 Σαοὺλ,

2196 3956 2463 4029 κρείττων
2492 3951 2559 4026 ἦν
2588 3952 2697 4007 τῶν
2726 3950 2917 4007 παθῶν
2937 3969 2951 3983 ·
2978 3950 3205 4022 εἰρήνης
3232 3949 3291 4004 δέ
3316 3944 3617 4004 ἀπολαύσας,
3634 3937 3710 3995 τοῖς

2195 4050 2303 4104 ἀπὸ
2358 4048 2460 4118 τῆς
2500 4047 2716 4119 τρυφῆς
2772 4043 2979 4113 ἐϐλάϐη
3023 4041 3391 4113 σκιρτήμασι,
3436 4031 3710 4132 ταπεινώσας

2194 4138 2256 4193 τὸ
2311 4136 2492 4208 σῶμα,
2546 4135 2655 4190 τῶν
2710 4134 2871 4189 θείων
2914 4134 3099 4205 νόμων
3132 4135 3252 4205 ,τήν
3287 4131 3501 4203 μνήμην
3539 4126 3711 4179 ἀνενεῶ·

2199 4247 2349 4285 σατο.

2269 4320 2373 4374 πδ’.
2416 4338 2433 4371 ι
2459 4321 2629 4373 Πόσαι
2661 4320 2799 4372 εἰσὶν
2822 4319 2878 4371 αί
2907 4316 3114 4388 ἡμέραι
3146 4315 3241 4371 τοῦ
3269 4314 3453 4369 δούλου
3480 4327 3594 4376 σου;
3620 4304 3710 4357 πότε

2197 4414 2444 4482 ποιήσεις
2503 4430 2591 4483 μοι
2628 4413 2694 4465 ἐκ
2733 4412 2842 4463 τῶν
2899 4410 3355 4463 καταδιωκόντων
3381 4425 3447 4479 με
3488 4403 3707 4475 κρίσινςυ

2205 4507 2436 4574 Ὀλίγος,
2470 4505 2657 4574 φησιν,
2692 4503 2793 4573 τῆς
2837 4500 3189 4574 ἀνθρωπίνης
3236 4501 3450 4571 φύσεως
3490 4499 3517 4551 ὁ
3549 4491 3708 4566 χρόνος-

513 4609 785 4652 annorum
828 4608 1142 4654 nostrorum
1174 4598 1228 4654 in
1253 4599 1386 4669 ipsis
1444 4597 1791 4668 septuaginta
1857 4594 2088 4648 anniu'.

2199 4599 2265 4652 Αι
2293 4568 2403 4667 γάρ
2422 4568 2626 4668 ἡμέραι
2647 4568 2760 4649 τῶν
2776 4592 2912 4646 ἐτῶν
2929 4568 3092 4664 ήμῶν
3114 4568 3173 4646 ιι
3197 4568 3384 4654 αὑτοῖς
3405 4587 3709 4680 έεδομήκονςα

513 4685 744 4754 Quando
771 4691 936 4762 igitur
966 4692 1059 4762 jus
1098 4692 1230 4745 mihi
1271 4692 1486 4756 reddes,
1528 4700 1583 4745 et
1618 4691 1687 4745 ab
1731 4687 1974 4742 inimicis
2005 4701 2093 4741 me

2199 4690 2315 4786 Egi'
2354 4688 2491 4742 Πότε
2544 4686 2723 4742 τοίνυν
2768 4702 2860 4757 μοι
2895 4685 3158 4750 δικάσεις,
3198 4685 3296 4737 καὶ
3337 4682 3445 4735 τῶν
3489 4678 3708 4745 δυσμενῶν

512 4779 771 4839 liberabis
791 4783 816 4837 ?

2202 4779 2530 4844 ἀτιταλλάξεις
2553 4799 2567 4847 ;
3452 4798 3455 4801 ’
3518 4812 3521 4813 ν

584 4873 772 4931 Ὕειιε.
834 4875 923 4930 85.
973 4895 992 4927 ‹
1039 4875 1409 4932 Narraverunt
1455 4875 1586 4929 mihi
1651 4874 1826 4945 iniqui
1872 4873 2087 4929 fabula-

2267 4880 2370 4927 πε’.
2408 4891 2426 4924 ι
2463 4870 2802 4943 Διηγήσαντό
2837 4870 2882 4901 ⁷⁷
2922 4885 3013 4939 μοι
3068 4866 3379 4939 παράνομοι
3434 4853 3707 4945 ﬁdeissim.

509 4963 713 5032 tiones,
764 4965 858 5021 sed
902 4980 1010 5020 non
1052 4974 1113 5020 ut
1156 4967 1240 5022 lex
1284 4976 1394 5031 tua,
1433 4966 1683 5020 Domine.
1726 4940 1764 5016 ι-
1806 4964 2089 5034 Prophetas

2195 4964 2309 5018 ἀλλ’
2347 4964 2446 5033 οὐχ
2668 4959 2831 5029 νόμος
2863 4974 2981 5022 σου,
3014 4954 3188 5026 Κύριε
3206 4955 3271 5009 ⁸³⁸.
3304 4972 3323 5004 ι
3364 4950 3451 5020 Τῷ
3479 4948 3566 5020 μὲν
3607 4940 3709 5034 [lpo-

512 5059 732 5126 quidem
783 5067 842 5114 ut
884 5059 1138 5114 inimicos
1189 5067 1413 5115 necaret
1471 5058 1871 5114 consuluerunt
1913 5074 1927 5110 :
1970 5056 2090 5125 ipse

2195 5057 2341 5127 φήτῃ
2372 5026 2500 5115 toi»;
2530 5026 2760 5122 ἐχθροὺς
2785 5048 2999 5104 ἀνελεῖν
3039 5044 3463 5100 συνεϐούλευσαν
3481 5059 3493 5073 ·
3512 5034 3646 5127 αὐτὸς
3667 5026 3705 5079 δέ

512 5166 642 5207 vero
670 5151 868 5207 divina:
901 5152 1006 5222 legi
1035 5152 1441 5222 obtemperans,
1490 5151 1730 5205 divinam
1756 5148 2085 5205 sententiam

2314 5124 2448 5217 θείῳ
2496 5144 2644 5214 νόμῳ
2675 5140 3019 5211 πειθόμενος,
3046 5139 3146 5212 τὴν
3168 5139 3318 5194 θείαν
3348 5135 3518 5207 ψῆφον
3554 5124 3702 5203 ἀνέρε·

586 5331 611 5358 ιι
645 5319 663 5372 l
694 5319 821 5375 Cor.
861 5337 937 5387 ις,
967 5318 1057 5373 27.
1136 5320 1184 5356 α’
1218 5318 1367 5372 Psal.
1409 5331 1631 5379 Lxxxn,
1666 5314 1733 5369 10

1620 5451 1855 5510 νΑιιιΑε
1906 5450 2291 5507 LECTIONES
2332 5448 2418 5503 ET
2442 5445 2671 5504 NOTIE.

581 5575 626 5609 ⁸⁸
668 5576 817 5631 Ὅτι.
851 5577 1019 5630 Abest
1058 5591 1089 5629 a
1139 5573 1259 5628 cod.
1315 5571 1363 5624 l.
1440 5571 1484 5602 "°
1529 5568 1836 5631 Ὀρῶντεςο
1884 5568 2006 5622 DBS-
2052 5568 2093 5621 εἳ

2293 5564 2336 5597 ⁷¹
2378 5564 2483 5617 Ἐν
2535 5562 2757 5631 πάχνη.
2786 5560 2971 5622 Hebr.,
3020 5559 3073 5612 in
3109 5558 3272 5631 fumo.
3323 5553 3420 5631 __"
3461 5536 3702 5631 ξανξ-

601 5577 626 5609 ’⁹
668 5577 817 5633 Ὅτι.
851 5577 1019 5630 Abest
1058 5591 1089 5629 a
1139 5577 1259 5628 cod.
1315 5577 1363 5624 ι.
1440 5577 1484 5602 ⁷⁰
1529 5577 1836 5639 Ὀρωντες.
1888 5577 2006 5622 Des.
2052 5577 2093 5621 ΞΕ

601 5656 663 5695 σ.
700 5645 823 5701 Des.
861 5647 913 5698 in
939 5646 1059 5700 cod.
1100 5645 1123 5698 l
1201 5644 1246 5676 ⁷³
1277 5642 1469 5696 Ὀῦτω.
1489 5642 1612 5696 cod.
1654 5639 1878 5693 Ιτοῦτο.
1954 5637 1998 5670 ⁷⁸
2040 5639 2093 5691 ih

2294 5577 2336 5597 w-
2382 5577 2483 5617 ἰςν
2535 5577 2971 5631 παχνῃ.11ει)ι’.,
3020 5577 3073 5612 ιη
3109 5577 3272 5627 mmo.
3384 5577 3420 5582 "
3461 5577 3607 5600 ἀπ’·

2204 5637 2289 5701 τῇ.
2367 5635 2411 5666 ’³
2454 5632 2714 5700 Μάρτυς.
2750 5631 3054 5701 ibid.sequ-
3097 5627 3275 5701 αὐῖίξςο
3311 5623 3367 5701 ,⁷⁸
3403 5618 3508 5674 ευά·
3539 5614 3703 5701 οἶ...ῗέ

513 5660 663 5712 gave.
701 5660 823 5703 ves.
861 5663 913 5698 Ill
939 5660 1059 5700 con.
1100 5660 1123 5698 1
1206 5660 1246 5676 ὀ
1277 5660 1612 5696 νυυτωωοιι.
1655 5660 1672 5693 ι
1700 5660 1878 5693 τουτο.
1958 5660 1998 5670 ’ν
2040 5660 2093 5691 ιυ

514 5710 770 5781 mydia).
798 5730 920 5781 quas
950 5724 1034 5769 est
1078 5730 1187 5768 rec.
1237 5714 1398 5768 lectio
1430 5712 1467 5765 l.
1498 5728 1547 5765 c.
1658 5709 1705 5742 '7
1738 5712 1899 5779 Διηγ.
1930 5707 2093 5781 -λᾴε

2204 5660 2289 5703 τη.
2373 5660 2410 5666 ’⁷
2454 5660 2714 5700 λψρμῑυς.
2750 5660 3054 5699 ιυιυοθῦιιμι.
3097 5660 3275 5689 υιυυυν
3403 5660 3508 5674 ναι--
3574 5660 3597 5701 ν.

2195 5691 2757 5781 ,ΗεΙηκε-Εοάενιιηι
2824 5699 2953 5755 mihi
3020 5697 3228 5770 superbi
3298 5694 3481 5765 foveas.
3537 5678 3697 5749 53W"

516 5773 924 5849 ὕπὼρυξάν’μοι
951 5784 1290 5853 ὑπερήφανοι
1334 5781 1583 5850 ὑπόγεια.
1658 5781 1702 5814 ⁷³
1741 5773 1940 5848 Κύριε.
1991 5779 2093 5834 Abt

2202 5792 2231 5833 a
2267 5783 2413 5832 textu
2467 5773 2628 5828 licbr.
