3974 6206
313 380 449 446 1853
1624 385 1706 448 [Ν
1749 385 1960 448 PSAL.
1995 386 2263 452 CXVIII.
3443 381 3590 446 185i

305 503 419 554 νεῖν
443 497 608 554 αύτδν
630 497 1066 570 παρεσκεύαζεν,
1101 499 1238 556 ἀλλά
1259 499 1352 556 τὸν
1372 501 1675 572 εὐεργέτην
1692 501 1903 556 ἀνελεῖν

2021 500 2457 572 concupiscebat.
2493 499 2725 574 Magnus
2755 509 2940 558 autem
2975 499 3168 568 David,
3215 497 3357 554 inter
3384 497 3582 554 subdi-

308 587 594 658 ἐπεθύμει.
637 587 696 641 Ὁ
723 588 779 641 δὲ
809 587 984 660 μέγας
1017 589 1198 653 Δαυϊδ,
1223 591 1334 652 τοῖς
1371 589 1636 658 ὑπηκόου-ς
1663 589 1746 643 ἔτι
1767 606 1895 644 συν-

2021 608 2086 648 os
2115 594 2296 648 adhuc
2331 594 2542 657 vivens,
2595 603 2648 649 et
2674 593 2972 662 juvenilem
3008 601 3224 647 aetatem
3264 605 3454 662 agens,
3487 603 3584 657 pa-

307 688 662 758 τεταγμένος,
693 689 788 742 καὶ
815 688 943 743 νέαν
983 689 1130 758 ἄγων
1157 688 1254 761 τὴν
1294 688 1644 761 ἠλικίαν,τὴν
1675 686 1894 756 φιλοσοο

2021 685 2239 740 ientiam
2283 687 2583 752 adamavit,
2605 695 2659 740 et
2683 701 2786 740 nec
2825 685 2977 755 prior
3009 684 3172 740 alicui
3207 683 3469 753 iniuriam
3507 681 3588 736 iu-

310 771 438 840 φίαν
461 773 741 846 ἠγάπησε,
788 773 886 828 καὶ
933 773 1057 829 οὔτε
1084 774 1247 847 ἄρξαι
1269 774 1469 846 χειρῶν
1497 773 1698 827 ἀδίκων
1730 773 1892 844 ἠνέσ-

307 881 458 934 χετο,
480 863 605 918 οὔτε
626 866 753 930 τοὺς
775 865 1097 930 ἀδικοῦντας
1127 866 1458 939 ἀμύνασθαι.

383 961 486 1027 pa’.
521 975 541 1008 ι
586 957 682 1011 Ἐκ
710 959 890 1026 πάσης
919 958 1043 1012 ὀδοῦ
1079 961 1324 1030 πονηρᾶς
1354 959 1608 1014 ἐκώλυσα
1637 961 1764 1024 τοὺς
1797 957 1896 1012 πό-

309 1051 406 1115 δας
439 1069 564 1122 μου,
585 1053 733 1116 ὅπως
765 1053 832 1108 ἂν
889 1053 1112 1124 φυλάξω
1161 1055 1286 1119 τοὺς
1320 1054 1517 1124 λόγους
1544 1071 1660 1109 σου.
1695 1074 1712 1106 ι
1753 1052 1893 1108 υΰτε

311 1145 422 1216 γὰρ
448 1144 676 1200 δυνατὸν
705 1145 799 1200 δύο
827 1147 968 1202 κατά
999 1148 1210 1202 ταύτὸν.
1248 1147 1455 1208 ὁδεύειν
1487 1149 1659 1212 ὁδοὺς,
1697 1147 1894 1202 ἀκολα-

314 1243 437 1306 σίας
475 1243 566 1296 καὶ
607 1245 980 1315 σωφροσύνης,
1027 1245 1374 1318 δικαιοσύνης
1404 1247 1496 1301 καὶ
1527 1247 1760 1311 ἀδικίας
1801 1248 1896 1302 ἁλο-

313 1333 382 1387 λὰ
402 1333 484 1387 δεῖ
508 1333 607 1398 τὰς
621 1335 872 1398 ἐναντίας
886 1339 1102 1404 φυγεῖν,
1125 1337 1222 1391 καὶ
1237 1337 1336 1408 τὴν
1354 1337 1568 1391 εὐθεῖαν
1589 1338 1636 1371 ⁸⁸
1651 1336 1737 1392 όδε
1747 1334 1889 1391 ὗσαι·

313 1424 455 1478 οὕτω
475 1426 584 1500 γάρ
603 1422 716 1481 οἶόν
744 1445 806 1481 τε
819 1429 1068 1498 γίνεσθαι
1089 1427 1198 1482 τῶν
1221 1428 1382 1483 θείων
1421 1427 1667 1500 φύλακας
1696 1428 1892 1498 λόγων.

387 1601 489 1672 ρ6’.
523 1621 542 1654 ι
589 1601 724 1656 Ἀπὸ
755 1601 864 1657 τῶν
891 1605 1177 1677 χριμάτων
1201 1621 1296 1659 σου
1348 1605 1450 1660 οὐκ
1499 1603 1769 1672 ἐξέκλινα,
1811 1606 1896 1660 ὅτι

317 1691 383 1744 σὺ
419 1691 819 1762 ἐνομοθέτησάς
852 1709 920 1763 με
953 1693 1019 1747 ’⁸.
1061 1711 1080 1746 ι
1113 1693 1181 1748 Σὲ
1211 1693 1322 1766 γάρ
1347 1693 1558 1749 τούτων
1587 1695 1894 1766 ἐπιστάμε-

1995 776 2142 834 l'crre
2183 779 2378 844 voluit,
2411 795 2586 850 neque
2621 779 2826 850 injuria
2855 776 3154 833 allicientes
3194 776 3412 832 ulcisci.

2073 954 2236 1014 Vsus.
2269 955 2394 1012 l0l.
2443 976 2464 1010 ι
2509 956 2588 1013 Ab
2619 956 2774 1012 omni
2803 956 2892 1012 via
2941 955 3082 1011 mala
3127 953 3381 1026 prohibui
3418 953 3585 1024 pedes

1995 1062 2167 1111 meos,
2204 1057 2262 1102 ut
2286 1048 2598 1104 custodiam
2627 1047 2789 1104 verba
2823 1057 2938 1104 tua.
2990 1064 3010 1098 ι
3046 1045 3233 1117 Neque
3274 1046 3422 1100 enim
3467 1043 3584 1100 ﬁeri

1997 1149 2180 1211 potest
2214 1150 2274 1196 ut
2299 1141 2494 1198 eodem
2536 1150 2782 1212 tempore
2828 1139 2968 1197 duas
2998 1149 3285 1196 teneamus
3329 1138 3464 1204 vias,
3497 1137 3584 1191 in-

1997 1235 2358 1292 continentiae
2391 1244 2449 1291 et
2483 1235 2876 1305 temperantiae,
2909 1232 3138 1304 iustitiae
3169 1241 3223 1286 et
3253 1230 3535 1302 iniustitiae
3568 1247 3584 1284 :

1997 1325 2092 1382 sed
2138 1335 2356 1397 oportet
2403 1325 2716 1382 contrarias
2768 1323 2976 1396 ingere,
3007 1333 3061 1379 et
3117 1319 3332 1394 1m
3380 1329 3586 1375 rectam

1998 1418 2286 1474 ambulare
2318 1437 2332 1476 :
2370 1434 2496 1474 nam
2534 1419 2644 1474 hoc
2673 1427 2834 1488 pacto
2873 1416 2988 1472 ﬁeri
3015 1419 3224 1486 poterit
3281 1422 3343 1470 ut
3373 1414 3589 1470 divino-

1995 1527 2117 1567 rum
2149 1521 2546 1583 praeceptorum
2577 1511 2840 1568 custodes
2873 1509 3074 1565 simus.

2072 1603 2236 1662 Vsus.
2271 1605 2396 1660 102.
2438 1621 2456 1657 ι
2501 1605 2544 1658 Α
2572 1603 2800 1674 judiciis
2835 1602 2948 1660 tuis
2979 1618 3092 1657 non
3139 1599 3434 1664 declinavi,
3461 1597 3592 1666 quia

1997 1705 2056 1751 tu
2099 1697 2270 1768 legem
2303 1695 2541 1768 posuisti
2575 1694 2732 1750 mihi.
2771 1713 2792 1746 ι
2825 1691 2962 1748 Cum
2997 1691 3143 1748 enim
3177 1699 3229 1745 te
3279 1689 3471 1744 harum
3497 1700 3582 1740 re-

314 1799 405 1846 vo;
436 1783 758 1856 νομοθέτην,
789 1785 930 1856 μετά
965 1787 1146 1856 πάσης
1168 1785 1309 1841 αὐτὰ
1337 1785 1633 1850 διαθέσεως
1653 1785 1896 1858 ἠσπαζό-

2021 1802 2122 1842 ἰιω
2145 1787 2516 1858 legislatorem
2542 1785 2814 1852 noverim,
2843 1799 2968 1839 cum
3001 1783 3152 1838 omni
3182 1781 3363 1838 studio
3393 1795 3456 1834 ea
3473 1791 3590 1832 am-

317 1891 446 1947 μην.

389 1965 489 2035 ργ¹.
531 1986 550 2020 ‹
608 1967 698 2032 Ὠς
723 1967 931 2036 γλυκέα
963 1967 1041 2040 τῷ
1070 1967 1307 2041 λάρυγγί
1352 1986 1456 2039 μου
1487 1969 1558 2022 τὰ
1585 1969 1744 2038 λόγιά
1778 1987 1896 2035 σου,

316 2059 454 2130 ὑπὲρ
477 2060 599 2130 μέλι
619 2059 696 2130 τῷ
720 2059 951 2132 στόματί
1017 2079 1142 2132 μου.
1176 2079 1194 2112 ι
1225 2061 1300 2115 Οὐ
1329 2063 1438 2132 γὰρ
1480 2061 1656 2125 οὕτως
1711 2061 1898 2131 ἡδύνει

321 2171 422 2224 μου
457 2155 555 2224 τὴν
589 2155 683 2208 τοῦ
719 2154 988 2224 στόματος
1013 2153 1172 2225 αίσθη
1185 2171 1272 2208 σιν
1292 2155 1326 2224 ἡ
1363 2154 1648 2225 γλυκύτης
1671 2153 1765 2209 τοῦ
1799 2154 1898 2224 μέ-

314 2246 483 2312 λιτος,
513 2245 590 2309 ὡς
631 2245 914 2316 εὐφραίνει
973 2261 1074 2314 μου
1124 2245 1224 2314 τὴν
1252 2245 1430 2316 ψυχὴν
1469 2247 1502 2316 ἡ
1535 2245 1645 2298 τῶν
1677 2246 1786 2298 σῶν
1813 2245 1902 2300 λο-

316 2333 451 2400 γίων
471 2333 692 2405 μελέτη.
724 2333 828 2387 Τὸν
840 2334 950 2403 γὰρ
977 2332 1251 2400 λάρυγγα
1277 2331 1548 2397 τέθεικεν,
1571 2333 1647 2394 ὡς
1667 2332 1900 2404 ὄργανον

317 2423 448 2478 ὄντα
471 2425 678 2496 φωνῆς’
701 2423 790 2476 διὰ
818 2423 1004 2493 φωνῆς
1022 2423 1078 2476 δὲ
1099 2425 1134 2493 ἡ
1158 2423 1378 2494 μελέτη.
1395 2423 1614 2485 Τούτοις
1632 2422 1690 2477 δέ
1707 2426 1741 2496 ἡ
1757 2423 1903 2496 ψυχὴ

319 2517 640 2586 κεχρημένη
669 2515 772 2587 τὴν
799 2516 1050 2570 ἐντεῦθεν
1079 2514 1352 2584 ὠφέλειαν
1387 2513 1714 2586 καρποῦται.

391 2609 487 2680 ρδν.
525 2627 545 2660 ι
596 2609 731 2663 Ἀπὸ
763 2608 871 2662 τῶν
913 2607 1146 2662 ἐντολῶν
1197 2625 1292 2662 σου
1342 2608 1588 2680 συνῆκαο
1615 2607 1704 2662 διὰ
1746 2607 1906 2664 τοῦτο

319 2701 556 2771 ἐμίσησα
579 2703 762 2754 πᾶσαν
789 2700 906 2754 ὁδὸν
927 2698 1166 2764 ἀδικίας.
1201 2719 1220 2752 ι
1256 2701 1448 2764 Συνεὶς
1470 2699 1582 2772 γὰρ
1610 2699 1757 2754 τίσιν
1776 2699 1908 2770 ἀρέ-

321 2806 432 2864 σκῃ
450 2791 518 2857 ⁸⁸⁷,
547 2791 912 2860 ἀπεστράφην
959 2791 1177 2848 ἅπαντα
1205 2791 1306 2862 τῆς
1338 2795 1537 2858 κακίας
1565 2790 1636 2845 τά
1658 2791 1798 2862 είδη.

395 2975 491 3040 ρε⁹.
536 2987 556 3022 ι
601 2969 807 3041 Λύχνος
835 2972 948 3036 τοῖς
977 2968 1104 3026 ποσί
1123 2989 1226 3044 μου
1281 2973 1310 3026 6
1350 2971 1518 3044 νόμος
1571 2989 1665 3027 σου
1695 2973 1763 3038 ⁸⁸,
1811 2972 1906 3028 καὶ

321 3059 437 3128 φῶς
455 3061 577 3124 ταῖς
607 3060 815 3132 τρίσοις
867 3078 991 3132 μου.
1019 3080 1038 3114 ι
1090 3064 1166 3116 Οὐ
1216 3063 1326 3133 γὰρ
1360 3063 1418 3117 ἐν
1445 3062 1628 3117 σκότει
1682 3061 1904 3134 βαδίζω,

1927 1852 1972 1908 Β
2001 1881 2197 1950 plexus
2224 1896 2371 1937 sum.

2073 1969 2240 2026 Vsus.
2270 1969 2394 2025 l0’5.
2430 1989 2450 2023 ι
2483 1967 2659 2037 Quam
2691 1969 2873 2024 dulcia
2911 1967 3166 2023 faucibus
3209 1965 3346 2020 meis
3373 1963 3590 2032 eloquia

1999 2072 2116 2126 tua,
2152 2077 2266 2133 prae
2287 2061 2448 2117 melle
2482 2061 2568 2116 ori
2594 2075 2736 2116 meo.
2769 2079 2788 2114 ι
2825 2060 2946 2115 Non
2972 2061 3118 2114 enim
3153 2058 3330 2112 mellis
3362 2055 3594 2111 dulcedo

1999 2151 2112 2206 oris
2146 2152 2248 2206 mei
2277 2165 2502 2208 sensum
2549 2157 2701 2206 tanta
2737 2149 3034 2204 dulcedine
3075 2145 3378 2217 perfundit,
3423 2161 3591 2214 quam

2002 2244 2230 2291 tuorum
2261 2238 2616 2294 oraculorum
2661 2237 2947 2293 meditatio
2986 2251 3164 2292 meam
3199 2235 3438 2290 lmtilicat
3468 2234 3591 2288 ani-

2001 2341 2172 2382 mam.
2221 2328 2418 2382 Gultur
2461 2331 2605 2384 enim
2658 2331 2864 2400 posuit,
2898 2338 3158 2399 tanquam
3197 2331 3348 2384 vocis
3387 2327 3592 2383 instrn-

2004 2427 2254 2472 mentum
2288 2436 2301 2472 :
2333 2434 2428 2488 per
2458 2434 2648 2474 vocem
2697 2433 2827 2473 vero
2861 2419 3150 2472 meditatio
3194 2418 3272 2472 lit.
3328 2417 3422 2472 llis
3465 2432 3594 2471 vero

2005 2509 2192 2565 anima
2235 2518 2414 2574 utens,
2446 2511 2574 2566 hinc
2599 2511 2891 2564 utilitatem
2920 2509 3171 2578 percipit.

2077 2599 2098 2620 ⁶
2135 2597 2302 2654 Vsus.
2331 2598 2454 2654 ίοι.
2481 2619 2501 2653 ι
2531 2599 2922 2654 Permandata
2954 2606 3046 2654 tua
3079 2597 3386 2669 intelligens
3417 2597 3594 2652 factus

2006 2705 2128 2746 sum
2160 2701 2487 2760 :propterea
2565 2690 2713 2746 odivi
2755 2705 2976 2746 omnem
3018 2690 3160 2745 viam
3196 2689 3524 2761 iniquitatis.
3564 2707 3586 2742 ι

2005 2781 2320 2852 lntelligens
2359 2783 2505 2838 enim
2540 2798 2665 2854 quae
2710 2783 2808 2838 tibi
2849 2783 3106 2854 placent,
3137 2791 3426 2839 aversatus
3469 2797 3593 2839 sum

2007 2889 2202 2930 omnes
2233 2863 2550 2945 iniquitatis.
2577 2877 2806 2946 species.

2081 2965 2252 3023 Vens.
2301 2967 2426 3023 l05.
2469 2986 2489 3020 ι
2547 2965 2798 3024 Ιιυσοτηα
2843 2967 3076 3040 pedibus
3105 2968 3244 3026 meis
3279 2969 3364 3024 lex
3399 2978 3512 3037 tua,
3542 2978 3597 3028 et

2007 3060 2189 3116 lumen
2214 3061 2424 3117 semitis
2455 3060 2612 3117 meis.
2647 3080 2666 3114 ι
2707 3060 2824 3118 Non
2859 3061 3007 3117 enim
3041 3063 3096 3118 in
3129 3064 3368 3119 tenebris
3395 3065 3594 3120 ambu-

321 3145 434 3204 οἷόν
451 3169 557 3204 τινι
586 3149 768 3223 λύχνῳ
805 3151 884 3222 τῷ
933 3151 1012 3224 σῷ
1057 3154 1434 3223 φωτιζόμενος
1485 3153 1662 3225 νόμῳο
1691 3153 1903 3209 Είδέναι

2021 3156 2086 3220 Io,
2140 3154 2307 3209 veluti
2367 3152 2605 3225 quadam
2658 3153 2903 3220 lucerna,
2961 3155 3082 3226 lege
3123 3163 3212 3211 tua
3261 3155 3594 3214 illustratus.

326 3240 513 3312 μέντοι
535 3241 664 3312 χρὴ,
689 3241 765 3304 ὡς
789 3241 818 3294 6
847 3241 946 3312 μὲν
971 3240 1136 3312 νόμος
1165 3243 1398 3312 λύχνος
1424 3242 1767 3313 ὠνόμασται,
1793 3243 1821 3297 6
1847 3244 1905 3298 δὲ

323 3329 512 3403 Σωτὴρ
539 3332 634 3384 καὶ
662 3329 866 3404 Κύριος
895 3331 1053 3403 ἡμῶν
1081 3331 1476 3402 δικαιοσύνης
1497 3333 1689 3403 ἣλιος.
1715 3335 1774 3389 Ὀ
1807 3334 1907 3404 μὲν

325 3422 436 3494 γὰρ
469 3419 558 3476 οἷα
588 3423 653 3494 δὴ
677 3422 873 3495 λύχνος
915 3423 1080 3496 μόγις
1133 3423 1192 3478 ἓν
1245 3424 1596 3498 κατηύγασεν
1639 3427 1792 3491 ἔθνος
1821 3428 1892 3485 ⁹⁸ν

327 3517 356 3567 6
383 3515 442 3568 δὲ
474 3517 655 3569 πᾶσαν
677 3515 776 3588 τὴν
803 3515 1136 3587 οἰκουμένην
1173 3516 1463 3588 ἐφώτισεν.
1492 3517 1650 3572 Οὕτω
1698 3521 1908 3576 καὶτὸν

329 3608 617 3663 θεσπέσιον
656 3609 912 3680 Ἰωάννην
943 3609 1140 3680 λύχνον
1181 3612 1624 3684 προσηγόρευσεν
1651 3613 1680 3667 6
1707 3613 1910 3668 Δεσπό-

326 3720 426 3774 της
458 3702 716 3773 Χριστδς,
738 3703 818 3757 ἐτι
853 3705 1046 3768 νυκτὸς
1075 3702 1242 3776 οὔσης
1272 3705 1606 3772 ἐπιφανέντα
1631 3709 1744 3770 τοῖς
1781 3707 1912 3760 Ἰου-

325 3792 519 3858 δαίοις.
547 3793 783 3848 Ἔπειτα
809 3797 826 3828 ¹
857 3793 915 3849 δὲ
939 3795 1001 3849 τὸ
1032 3793 1150 3866 φῶς
1203 3794 1265 3849 τὸ
1303 3796 1586 3868 ἀληθινὸν,
1615 3798 1642 3851 ὃ
1681 3797 1910 3868 φωτίζει

330 3888 507 3943 πάντα
522 3888 811 3960 ἄνθρωπον
837 3889 1138 3960 ἐρχόμενον
1163 3892 1244 3954 εἰς
1255 3891 1346 3944 τὸν
1367 3892 1595 3961 κόσμον,
1613 3893 1906 3948 ἀνέτειλεν.

253 3973 272 3990 ⁸
332 3982 442 4036 Καὶ
482 3981 609 4044 τοὺς
659 3981 838 4052 ἱεροὺς
888 3979 1226 4043 ἀποστόλους
1275 3979 1404 4050 φῶς
1444 3983 1907 4054 προσηγόρευσεν,

333 4073 405 4134 ὡς
430 4071 638 4125 ἐκείνου
701 4069 796 4124 τοῦ
860 4070 1039 4138 φωτὸς
1095 4071 1514 4140 μετειληφότας,
1566 4075 1660 4126 καὶ
1703 4075 1911 4140 πάντας

333 4162 660 4232 ἀνθρώπους
687 4161 1030 4230 φωτίσαντας
1053 4160 1140 4214 διὰ
1175 4163 1194 4193 ²
1226 4165 1326 4233 τῆς
1355 4165 1536 4217 αὐτῶν
1560 4165 1803 4236 διδαχῆς.

407 4259 518 4324 pg’.
548 4273 566 4304 ι
609 4253 955 4322 Ὤμοσα,καὶ
1011 4250 1260 4320 ἐστησα³
1309 4253 1404 4307 τοῦ
1442 4255 1782 4323 φυλάξασθαι
1844 4258 1914 4312 τά

335 4346 578 4416 κρίματα
630 4345 730 4414 τῆς
779 4342 1128 4414 δικαιοσύνης
1173 4361 1291 4400 σου.
1332 4366 1348 4397 ι
1391 4347 1504 4416 Τὴν
1539 4347 1768 4417 βεϐαίαν
1813 4351 1912 4420 τῆς

333 4437 513 4507 ψυχῆς
531 4436 712 4505 κρίσιν
745 4435 908 4505 ὅρκον
931 4435 1241 4504 ὠνόμασεν,
1276 4439 1467 4511 ἐπειδὴ
1495 4441 1641 4512 ὅρκῳ
1665 4441 1912 4512 βεϐαιοῦ-

336 4547 425 4581 ται
453 4527 558 4581 τῶν
593 4526 936 4598 πραγμάτων
967 4529 1033 4578 τὰ
1057 4525 1307 4584 πλεῖστα.

407 4617 506 4690 ρξ’.
545 4636 564 4669 ι
613 4614 1018 4686 Ἐταπεινώθην
1041 4616 1146 4681 ἓως
1177 4618 1404 4689 σφόδρα,
1424 4621 1620 4693 Κύριε,
1655 4621 1821 4690 ζῆσόν
1848 4642 1915 4695 με

335 4709 478 4764 κατὰ
506 4711 599 4761 τὸν
629 4709 786 4774 λόγον
834 4724 951 4762 σου.
992 4727 1010 4761 ι
1052 4711 1164 4780 Οὐχ
1219 4711 1406 4774 ἁπλῶς
1438 4711 1543 4782 ἔφη
1579 4714 1915 4768 τεταπεινῶ-

335 4801 482 4865 σθαι,
518 4800 657 4855 ἀλλὰ
683 4801 890 4870 σφόδρα
915 4803 1354 4856 τεταπεινῶσθαι
1376 4821 1390 4834 ο
1417 4807 1508 4858 καὶ
1538 4805 1712 4860 ταῦτα
1756 4807 1912 4878 βασι-

2009 3247 2302 3304 Sciendum
2329 3257 2414 3304 est
2471 3249 2640 3319 legem
2667 3248 2886 3318 quidem
2925 3247 3202 3304 lucernam
3254 3265 3379 3306 esse
3413 3251 3594 3304 nomi-

2010 3347 2220 3404 natam,
2268 3335 2608 3393 Salvatorem
2646 3354 2778 3394 vero
2813 3347 2866 3395 et
2899 3338 3196 3395 Dominum
3233 3350 3484 3396 nostrum
3504 3340 3599 3410 ju-

2009 3431 2175 3484 stitiw
2199 3431 2382 3484 solem.
2409 3428 2544 3485 Nam
2566 3431 2656 3488 illa
2687 3431 2931 3503 quidem,
2960 3441 3020 3487 ut
3047 3433 3292 3499 lucerna,
3318 3432 3408 3486 vix
3430 3448 3598 3488 unam

2012 3520 2341 3576 illuminavit
2373 3530 2589 3592 gentem
2623 3539 2636 3576 :
2671 3522 2759 3577 hic
2797 3537 2928 3578 vero
2971 3531 3150 3578 totum
3191 3533 3460 3578 terrarum
3501 3539 3597 3576 or-

2010 3610 2132 3666 bem
2184 3613 2494 3668 illustravit.
2545 3613 2636 3668 Sic
2688 3615 2945 3670 divinum
3005 3615 3272 3672 Joannem
3329 3615 3597 3670 Dominus

2010 3703 2266 3763 Christus
2305 3707 2587 3763 lucernam
2636 3707 2887 3776 vocavit,
2936 3725 3057 3780 qua:
3085 3725 3208 3766 cum
3269 3709 3449 3765 adhuc
3489 3725 3598 3764 nox

2010 3809 2155 3854 esset
2184 3799 2388 3856 Judreis
2418 3803 2676 3871 apparuit
2707 3820 2719 3856 :
2756 3812 2943 3872 postea
2975 3817 3128 3862 vero.
3169 3803 3262 3858 lux
3295 3818 3444 3868 vera,
3469 3817 3598 3874 quae

2013 3889 2286 3945 illuminat
2311 3908 2528 3946 omnem
2555 3893 2836 3947 hominem
2863 3893 3174 3949 venientem
3194 3894 3248 3948 in
3271 3894 3417 3948 hunc
3441 3909 3601 3948 mun-

2012 3981 2166 4044 dum,
2199 3982 2380 4037 illuxit
2413 3997 2462 4036 κ.
2501 3981 2568 4036 Et
2592 3973 2780 4040 sacros
2803 3985 3081 4055 apostolos
3105 3984 3278 4040 lucem
3309 3984 3468 4038 etiam
3499 4000 3600 4054 ap-

2013 4072 2250 4144 pc-llatil,
2291 4081 2548 4141 tanquam
2583 4071 2726 4128 illius
2761 4073 3006 4128 luminis
3040 4074 3356 4142 participes,
3387 4083 3439 4128 et
3479 4089 3600 4130 om-

2014 4179 2113 4219 nes
2141 4163 2394 4216 homines
2422 4161 2672 4216 doctrina
2704 4179 2802 4218 sna
2834 4162 3194 4219 illustrantes.

2090 4256 2259 4311 Vsus.
2310 4253 2432 4310 l06.
2473 4273 2492 4306 ι
2554 4253 2758 4320 luravi,
2801 4264 2854 4310 et
2882 4257 3047 4311 statui
3085 4255 3297 4330 1465
3330 4258 3605 4313 custodire

2011 4351 2216 4422 judicia
2268 4349 2494 4419 justitiae
2542 4359 2668 4404 tum.
2721 4368 2740 4401 ι
2791 4349 3036 4404 Firmum
3094 4349 3292 4405 animae
3334 4351 3604 4422 judicium

2013 4444 2395 4515 jusjurandum
2441 4444 2682 4508 V068\il,
2748 4443 3011 4514 quoniam
3045 4459 3134 4499 res
3193 4453 3252 4499 ut
3304 4445 3603 4517 plurimum

1945 4531 1988 4586 ι)
2013 4537 2378 4608 jurejurando
2411 4537 2866 4592 corroborantur.

2095 4625 2255 4682 Vsus.
2299 4608 2422 4680 107.
2472 4613 2492 4678 ε
2532 4625 2868 4683 llumiliatus
2893 4642 3014 4682 sum
3048 4641 3464 4700 usquequaque,
3494 4629 3610 4685 Do-

2021 4721 2194 4787 mine,
2225 4720 2438 4776 vivilica
2494 4735 2582 4774 mc
2607 4722 2908 4776 secundum
2951 4721 3175 4776 verbum
3211 4730 3388 4778 tuum.
3430 4742 3450 4776 ι
3486 4721 3602 4778 Νοη

2022 4813 2340 4884 simpliciter
2357 4828 2415 4868 se
2452 4813 2800 4868 humiliatum
2833 4828 2955 4869 esse
2991 4814 3156 4882 dixit,
3191 4815 3284 4870 sed
3312 4816 3606 4871 vehemen-

333 4893 458 4956 λεὺς
483 4892 561 4946 ῶν
607 4893 704 4946 καὶ
753 4893 1066 4964 προφήτης,
1133 4895 1228 4948 xui.
1259 4895 1357 4966 τὴν
1394 4896 1504 4950 ἀπὸ
1554 4899 1650 4971 τῆς
1707 4899 1903 4970 ἀρετῆς

2021 4913 2103 4960 ter
2135 4905 2504 4970 humiliatum,
2541 4905 2703 4976 idque
2735 4922 2860 4961 cum
2902 4922 2998 4961 rex
3033 4915 3182 4963 esset
3216 4918 3270 4963 et
3314 4911 3602 4978 propheta,

338 4985 649 5056 παρρησίαν
679 4985 840 5056 ἔχων,
877 4986 970 5038 καὶ
1001 4985 1221 5057 πλούτῳ
1281 4987 1489 5058 κομῶν,
1523 4991 1620 5043 καὶ
1679 4991 1790 5044 τῶν
1823 5009 1903 5044 πο

2021 5005 2073 5050 et
2113 4995 2370 5052 ﬁduciam
2407 5011 2438 5050 a
2468 4995 2669 5050 virtute
2703 4997 2952 5062 haberet,
3005 5006 3060 5053 et
3093 4998 3301 5053 divitiis
3341 4998 3614 5059 adﬂueret,

337 5074 540 5144 λεμίων
607 5077 886 5148 κρατῶνδ.
925 5077 1067 5131 Ἀλλ’
1118 5077 1242 5132 οὔτε
1296 5082 1360 5151 τῇ
1421 5082 1606 5150 σοφίᾳ,
1668 5081 1792 5136 οὔτε
1849 5087 1903 5154 τῇ

2021 5096 2075 5142 et
2105 5089 2292 5144 hostes
2325 5088 2590 5144 vinceret.
2617 5089 2722 5143 Sed
2766 5105 2870 5145 nec
2919 5091 3222 5161 sapientiae,
3261 5105 3361 5144 nec
3389 5088 3610 5143 fortitu-

339 5166 582 5237 ἀνδρείᾳ,
658 5169 783 5222 οὗτε
829 5173 896 5242 τῇ
950 5170 1268 5243 δικαιοσύνῃ
1315 5171 1592 5242 θαρρῆσαι
1658 5175 1903 5245 ὴνέσχετι

2021 5179 2162 5246 dini,
2217 5196 2320 5236 nec
2362 5181 2594 5252 justitite
2637 5181 2800 5237 lidere
2856 5183 3026 5238 voluit
3072 5197 3312 5252 unquam
3343 5199 3358 5235 :
3389 5190 3444 5236 et
3493 5181 3610 5236 haec

343 5260 604 5314 πώποτε’
652 5261 753 5332 τῆς
801 5263 858 5315 δὲ
909 5261 1060 5326 θείας
1089 5265 1268 5318 ταῦτα
1311 5265 1534 5334 χάριτος
1565 5265 1903 5340 ὑπελάμὸανε

2021 5273 2224 5329 divinae
2264 5275 2456 5346 gratiae
2501 5275 2644 5330 dona
2694 5291 2815 5331 esse
2843 5277 3202 5348 Opinabatur.
3245 5273 3313 5328 Et
3342 5275 3507 5330 vitam
3539 5274 3609 5330 ab

416 5391 443 5418 ι
474 5377 632 5432 Joan.
664 5395 706 5442 ι,
731 5378 848 5433 5-8.

1433 5495 1665 5554 VARUE
1708 5497 2096 5560 LECTlONES
2133 5504 2222 5560 ET
2251 5505 2488 5563 NOTAE.

411 5611 458 5694 ξ’
497 5611 662 5696 codd
697 5610 895 5696 θείαν..
945 5612 994 5696 '_‘
1029 5611 1302 5696 ςΕγομοθ.
1327 5630 1424 5696 ξιξ.
1453 5613 1639 5696 ζίθιπεε
1670 5616 1903 5674 Docuisti

2021 5641 2042 5674 ι.
2084 5621 2130 5654 ⁸⁷
2154 5621 2451 5696 -ᾎρέσκψ
2471 5623 2624 5680 Hanc
2652 5625 2935 5696 lectionem
2957 5627 3126 5681 codex
3156 5626 3177 5680 Ι
3222 5627 3610 5696 suppeditavit.

344 5680 501 5765 Prior
531 5682 697 5736 editio
722 5681 973 5765 habebat
992 5680 1266 5765 .dtpépust.
1329 5680 1408 5765 ὀδε
1442 5687 1514 5765 ΔὉ
1541 5687 1724 5765 ζόμσς
1745 5706 1881 5765 σου.

2021 5707 2114 5765 διῃι
2154 5680 2320 5749 Verba
2361 5680 2474 5750 tua.
2551 5697 2595 5728 '9
2637 5680 2898 5765 Κάτηύγ.
2931 5680 3126 5762 ἔθνος.
3163 5680 3606 5755 ΒοέῘῖιιοοιίζ-ί.

349 5753 369 5840 ξ
412 5753 680 5840 Ἕθξειτα.
825 5751 1069 5840 ἐπειδὴ-⁷
1167 5754 1340 5808 Διὰ-
1369 5751 1642 5838 διδαχῆςῖ.
1681 5751 1785 5816 lies
1847 5762 1900 5818 ib

2059 5763 2080 5796 ³
2119 5765 2224 5820 Kal
2255 5764 2513 5836 ἐστησα.
2553 5765 2740 5820 llcbr.:
2778 5751 2860 5820 Εἰ
2898 5751 3304 5838 conﬁrmabo‘s.
3328 5751 3609 5840 praestabo

349 5821 522 5896 (quod
548 5822 779 5894 juravi).
897 5821 919 5852 ⁸
948 5823 1070 5880 cod.
1101 5824 1121 5878 1
1156 5821 1540 5898 κατακρατῶν.
