3974 6206
314 243 446 310 1857

1635 239 1716 300 ΙΝ
1746 238 1952 300 PSAL.
1989 235 2254 299 CXVIII.

3439 232 3584 302 1858

310 363 436 426 τοὺς
458 360 652 427 λόγους
688 375 778 411 σου
808 356 1110 426 ἐπήλπισα.
1143 374 1161 410 ι
1209 355 1284 408 υύ
1319 355 1444 426 δίχα
1487 353 1545 408 δὲ
1577 354 1738 408 τοῦτο
1783 353 1888 424 τῆς

2028 371 2051 412 s
2079 363 2160 419 tu,
2195 364 2250 409 et
2281 352 2336 408 in
2371 351 2540 409 verbo
2567 359 2662 409 tuo
2693 366 2845 424 spem
2878 352 3056 424 posui.
3111 371 3134 408 ι
3169 351 3286 409 Hoc
3312 369 3442 410 vero
3466 369 3578 410 non

313 454 414 524 σῆς
454 451 705 522 βοηθείας
729 447 1093 518 κατώρθωσα,
1131 447 1266 500 ἀλλά
1295 447 1394 517 τῆς
1421 447 1520 517 σῆς
1573 445 1889 510 ἀπολαύσας

314 543 506 613 ῥοπῆς,
537 543 629 593 καί
652 543 717 611 τῇ
753 541 818 610 σῇ
842 539 1016 592 ἐλπίδι
1043 539 1396 611 τρεφόμενος.

387 639 505 704 ριεν.
555 652 573 683 ι
629 631 946 685 Ἐκκλίνατε
996 630 1092 684 ἀπ’
1131 629 1764 702 ἐμοῦ,πονηρευύμενοι,
1801 632 1894 684 καὶ

313 725 658 796 ἐξερευνήσω
685 725 726 756 ’⁸
767 723 864 786 τὰς
900 723 1120 786 ἐντολὰς
1145 722 1238 775 τοῦ
1280 722 1415 774 Θεοῦ
1453 740 1576 792 μου.
1613 741 1630 772 ι
1686 721 1892 784 Ταῦτα,

315 821 472 887 φησι,
497 819 592 870 καὶ
616 819 730 881 τοῖς
757 817 983 879 ἀτόποις
1013 815 1200 884 ἔλεγον
1221 814 1531 884 λογισμοῖς,
1566 815 1661 868 καὶ
1689 817 1802 878 τοῖς
1828 814 1896 867 τὰ

315 911 500 981 φαῦλα
558 909 952 980 συμῧουλεύειν
1020 905 1418 979 ἐπιχειροῦσιν,
1460 907 1545 960 ὅτι
1618 906 1896 978 μηδεμίαν

319 1021 412 1074 μοι
465 1003 719 1073 τοιαύτην
741 1002 780 1036 ³⁷
829 999 1153 1061 ὑποτίθεσθε
1205 997 1554 1070 συμϐουλήν·
1609 996 1732 1066 ἐμοὶ
1789 995 1900 1068 γάρ

319 1095 530 1148 undi“
571 1093 668 1156 τὰς
739 1091 891 1155 θείας
947 1089 1168 1152 ἐντολάς
1215 1089 1552 1160 προαιρετέα
1593 1085 1730 1160 ζωή.
1787 1089 1903 1159 Οὐχ

321 1185 510 1249 ἁπλῶς
559 1184 618 1237 δὲ
667 1183 892 1246 ταύταις
949 1180 1322 1252 ἀκολουθήσω,
1359 1180 1498 1233 ἀλλὰ
1551 1180 1689 1250 μετά
1719 1180 1902 1250 πάσης

321 1279 490 1341 αὐτὰς
515 1276 798 1347 ἀκριϐείας
816 1276 1197 1346 ἀνερευνήσωι
1235 1271 1376 1325 ὥστε
1405 1271 1571 1341 μηδέν
1597 1287 1664 1340 με
1693 1269 1903 1324 τούτων

321 1370 520 1434 λαθεῖν,
575 1368 708 1422 ἀλλὰ
775 1367 954 1421 πάντα
1009 1364 1322 1438 πληρῶσαι,
1377 1365 1477 1418 ὅσα
1534 1363 1647 1416 τῶν
1681 1363 1818 1416 ὅλων
1875 1363 1904 1415 ὁ

321 1461 526 1532 Κύριος
563 1459 888 1514 ἐνετείλατο.

393 1559 526 1625 ρις’.
569 1571 587 1604 ι
653 1549 967 1604 ’.ὶντιλαῦοὖ
1007 1566 1108 1619 μου
1133 1548 1174 1580 ¹⁹
1225 1547 1372 1602 κατὰ
1401 1547 1462 1600 τὸ
1490 1544 1674 1615 λόγιόν
1695 1546 1742 1578 ¹⁰
1779 1562 1900 1609 σου,

324 1646 420 1701 καὶ
455 1645 618 1714 ζῆσὸν
653 1661 720 1715 με
738 1644 806 1709 ",
856 1642 950 1696 καὶ
985 1640 1060 1714 μὴ
1110 1638 1480 1712 καταισχύνῃς
1533 1656 1602 1710 με
1650 1638 1760 1692 ἀπὸ
1808 1638 1907 1708 τῆς

1993 449 2202 517 absque
2232 456 2322 502 tua
2356 446 2568 520 1467
2607 463 2709 517 0pc
2736 446 2960 516 perfeci,
2992 447 3084 501 sed
3120 461 3246 502 cum
3279 447 3377 503 abs
3403 457 3454 504 te
3476 449 3570 504 ad-

1988 541 2144 612 jutus
2173 556 2376 604 essem,
2407 553 2607 610 tuaque
2641 557 2737 610 spe
2769 541 2964 596 alcrer.

2068 630 2233 686 Vens.
2273 632 2394 694 115,
2439 651 2456 683 ι
2488 633 2766 688 Declinate
2797 650 2822 685 a
2856 649 2964 700 me,
3001 633 3248 704 maligni,
3285 641 3338 686 et
3365 643 3580 688 scruta-

1995 724 2094 778 bor
2130 724 2386 778 mandata
2431 725 2522 778 Dei
2552 725 2680 779 mei.
2733 745 2752 777 ι
2791 724 2936 792 llaec,
2993 725 3190 796 inquit,
3229 733 3284 780 et
3323 725 3581 789 absurdis

1999 819 2134 873 meis
2165 817 2615 887 cegitationibus,
2663 829 2714 872 et
2766 819 2832 873 iis
2865 819 2959 888 qui
3005 835 3090 873 res
3130 819 3404 888 improbas
3447 817 3579 871 mihi

2003 905 2292 960 consulere
2348 905 2714 972 conabamur,
2755 906 3001 962 dicebam
3036 925 3049 962 :
3088 906 3410 977 llujusmodi
3449 905 3580 961 mihi

2001 997 2295 1052 consilium
2330 1013 2638 1067 proponere
2666 999 2920 1064 desinite,
2953 1003 3224 1070 quoniam
3247 1001 3352 1052 vita
3382 1015 3583 1053 secutu-

2001 1089 2131 1144 dum
2165 1089 2348 1142 diiina
2384 1089 2642 1144 mandata
2674 1089 2896 1144 charior
2924 1091 3056 1144 mihi
3086 1093 3104 1112 ⁶
3137 1101 3238 1145 est.
3291 1089 3406 1144 Non
3449 1092 3583 1145 sim-

2005 1179 2217 1249 pliciter
2267 1188 2448 1232 autem
2486 1179 2601 1234 haec
2636 1195 2860 1249 sequar,
2909 1181 3002 1234 sed
3033 1196 3158 1234 cum
3205 1181 3354 1233 omni
3399 1180 3583 1234 studio

2005 1273 2120 1340 ipsa
2154 1271 2427 1340 indagaho
2460 1289 2473 1323 :
2509 1283 2568 1326 ut
2602 1272 2743 1334 nihil
2772 1272 2968 1326 horum
2997 1287 3086 1325 me
3115 1273 3300 1337 lateat,
3333 1275 3426 1327 sed
3462 1288 3582 1328 om-

2007 1364 2096 1416 nia
2127 1361 2402 1432 perficiam
2436 1378 2558 1431 qua:
2605 1363 2984 1417 universorum
3013 1363 3274 1419 Dominus
3306 1363 3581 1434 praecepit.

2081 1540 2409 1597 “2115.116.
2451 1559 2468 1591 ι
2531 1539 2757 1610 Suscipe
2817 1556 2904 1594 me
2956 1540 3254 1594 secundum
3307 1539 3586 1609 eloquium

2012 1638 2190 1694 tuttm,
2217 1643 2271 1686 et
2305 1632 2518 1686 vivifica
2547 1648 2653 1698 me,
2685 1641 2740 1686 et
2788 1648 2896 1686 non
2932 1632 3238 1686 confundas
3267 1649 3350 1686 me
3386 1632 3454 1686 ab
3497 1647 3590 1684 cx-

326 1735 654 1808 προσδοκίας
686 1751 811 1804 μου.
844 1751 864 1786 ι
901 1732 1103 1786 Τοῦτον
1131 1731 1312 1786 τοίνυν
1339 1730 1534 1802 ἔχοντα
1557 1729 1649 1784 τὸν
1699 1727 1902 1782 σκοπὸν

2028 1726 2345 1794 spectatione
2395 1739 2538 1778 mea.
2579 1742 2596 1774 ι
2656 1723 2810 1777 llunc
2853 1722 3019 1792 igitur
3071 1739 3195 1778 cum
3249 1722 3588 1794 propositum

323 1833 422 1900 τῆς
457 1829 556 1898 σῆς
595 1826 850 1896 προνοίας
880 1825 1137 1890 ἀξίωσον,
1191 1825 1280 1878 ἵνα
1317 1823 1393 1896 μὴ
1436 1823 1760 1894 διαμαρτὼν
1804 1822 1904 1892 τῆς

323 1919 536 1981 ἐλπίδος
567 1917 832 1988 αίσχύνής
859 1915 1190 1986 ἀναπλησθῶ
1212 1930 1224 1940 ·
1261 1915 1322 1968 τὸ
1351 1915 1406 1968 δὲ
1436 1915 1645 1984 λόγιον
1669 1911 1907 1967 ἐνταῦθα

323 2011 422 2082 τήν
455 2009 747 2080 ὑπόσχεσιν
773 2008 950 2077 λέγει,
989 2007 1112 2061 dum.
1141 2004 1259 2073 τοῦ,
1317 2005 1429 2076 Τήν
1464 2004 1913 2075 ὲπαγγελθεῖσάν

331 2117 422 2172 μοι
452 2101 736 2172 παράσχου
769 2099 1071 2170 σωτηρίαν.
1721 2157 1732 2160 _

406 2191 528 2262 ριζ’.
573 2209 590 2241 ι
619 2189 899 2259 Βοήθησόν
923 2207 1036 2260 μοι,
1084 2188 1182 2242 καὶ
1220 2189 1568 2261 σωθήσομαι,
1599 2187 1698 2242 καὶ¹
1747 2187 1916 2258 μελε-

331 2283 544 2354 τήσω¹³
599 2283 658 2333 ὲν
708 2287 822 2345 τοῖς
869 2280 1210 2350 δικαιώμασί
1249 2298 1344 2334 σου
1389 2280 1704 2343 διαπαντός.
1741 2299 1760 2331 ι
1801 2279 1914 2332 Καὶ

329 2374 440 2445 γάρ
471 2375 652 2443 τυχεῖν
668 2373 712 2402 ’³
741 2371 842 2441 τῆς
877 2371 1153 2442 σωτηρίας
1201 2369 1310 2425 τῶν
1355 2369 1464 2423 σῶν
1521 2369 1914 2440 δικαιωμάτων

333 2464 435 2518 οὐκ
471 2463 756 2533 ἀμελήσω,
789 2461 929 2516 ἀλλά
951 2459 1248 2524 διαπαντὸς
1291 2460 1388 2532 τῂν
1441 2460 1649 2513 τούτων
1682 2457 1916 2530 μελέτην

335 2557 654 2628 ποιήσομαι.
679 2555 958 2623 Μελέτην
972 2553 1026 2608 δὲ
1047 2553 1216 2622 λέγει,
1240 2553 1302 2606 οὐ
1322 2552 1422 2624 τὴν
1445 2554 1502 2606 έν
1521 2551 1699 2622 λόγοις
1731 2550 1916 2622 μόνον,

337 2648 474 2702 ἀλλά
511 2647 604 2701 καὶ
635 2647 733 2718 τὴν
763 2648 821 2700 έν
849 2645 1054 2718 ἔργοις.
1824 2676 1829 2681 -

411 2744 537 2811 ριη’.
577 2757 595 2790 ι
646 2737 1104 2803 Ἐξουδένωσας¹⁴
1142 2736 1350 2801 πάντας
1371 2736 1500 2800 τοὺς
1547 2734 1920 2790 άποστατοῦν-

337 2847 437 2896 τας
499 2831 608 2886 ἀπὸ
635 2830 747 2884 τῶν
773 2829 1160 2901 δικαιωμάτων
1201 2847 1317 2896 σου,
1349 2829 1430 2882 ὅτι
1458 2827 1646 2882 ἄδικον
1675 2827 1737 2880 τὸ
1768 2825 1922 2881 ἐνθύ-

344 2941 506 2996 μημα
535 2922 715 2976 αὐτῶν
737 2923 804 2992 '1.
850 2943 868 2974 ι
903 2923 1123 2993 Ταύτην
1172 2922 1230 2976 δὲ
1261 2923 1390 2992 περὶ
1434 2923 1532 2985 τὰς
1567 2921 1664 2984 σάς
1698 2921 1921 2984 ἐντολὰς

341 3017 530 3085 σχήσω
584 3014 684 3086 τὴν
730 3015 1068 3084 προθυμίαν,
1104 3014 1502 3078 ἐπονειδίστους
1547 3013 1640 3066 καὶ
1681 3031 1919 3081 καταγε-

339 3107 574 3171 λάστους
650 3107 1054 3178 γεγενημένους
1115 3108 1243 3171 τοὺς
1321 3105 1526 3158 τούτων
1591 3104 1918 3176 παραϐάτας

342 3200 523 3263 εἰδώς.

419 3294 538 3364 ριθ’.
582 3311 600 3344 ι
644 3291 1098 3364 Παραϐαίνοντας
1127 3291 1459 3362 ἐλογισάμην
1477 3293 1521 3323 ’⁸
1548 3292 1756 3357 πάντας
1792 3292 1920 3354 τοὺς

345 3385 702 3457 ἁμαρτωλοὺς
726 3385 822 3454 τῆς
840 3385 940 3455 γῆς
967 3384 1084 3438 ’διὰ
1098 3384 1255 3437 τοῦτο
1271 3384 1530 3453 ῂγάπησα
1559 3384 1625 3436 τά
1641 3382 1923 3454 μαρτύριά

347 3496 464 3532 σου.
511 3496 530 3528 ι
575 3478 720 3529 Ἀντὶ
755 3476 846 3529 τοῦ
883 3476 1390 3544 παραϐαίνοντας,
1427 3477 1455 3528 ὁ
1497 3476 1596 3544 μὲν
1627 3475 1921 3528 Θεοδοτίων

344 3571 429 3632 είς
453 3567 634 3620 οὐδὲν
656 3569 697 3599 ⁸⁷
729 3569 984 3638 εἴρηκεν·
1018 3569 1046 3619 ὁ
1092 3567 1148 3618 δὲ
1201 3565 1496 3635 Σύμμαχος
1529 3567 1815 3633 σκωρίιιν.
1863 3567 1922 3617 ’0

343 3661 400 3713 δὲ
429 3661 720 3730 Προφήτης
743 3659 1068 3727 δεδήλωκεν,
1101 3659 1174 3720 ὡς
1209 3657 1508 3722 ὲξουθενῶν
1535 3661 1629 3710 καὶ
1657 3657 1818 3721 αὐτὸς
1844 3657 1923 3728 τῷ

346 3753 466 3824 Θεῷ
498 3753 894 3823 παραπλησίως
927 3753 1055 3814 τοὺς
1107 3751 1452 3820 παραϐάτας,
1494 3751 1673 3804 πᾶσαν
1721 3748 1925 3820 προθυ-

351 3847 480 3917 μίαν
507 3847 586 3908 εἰς
627 3845 722 3914 τὴν
775 3845 1126 3914 ἐκπλήρωσιν
1171 3845 1281 3895 τῶν
1313 3843 1473 3896 θείων
1511 3843 1709 3912 λογίων
1759 3859 1922 3912 προσ·

345 3938 582 4009 ήνεγκεν
604 3951 616 3964 ·
641 3935 736 3988 ἆτε
769 3934 832 4004 δὴ
886 3935 984 4006 τὴν
1013 3935 1106 4004 τῆς
1133 3935 1476 4007 παρανομίας
1515 3935 1714 4006 ζημίαν
1749 3933 1923 3998 εἰδώς.

346 4119 354 4126 ’
425 4125 524 4190 ρκ’.
559 4137 577 4170 ι
614 4116 946 4188 Καθήλωσον
970 4115 1016 4146 ’⁸
1044 4117 1106 4168 ἐκ
1137 4116 1228 4170 τοῦ
1263 4118 1431 4185 φόϐου
1465 4136 1556 4170 σου
1589 4119 1686 4182 τὰς
1719 4121 1926 4192 σάρκας

356 4227 489 4282 μου·
527 4209 637 4263 ἀπὸ
674 4208 779 4278 γάρ
813 4207 919 4258 τῶν
972 4209 1260 4278 χριμάτων
1304 4227 1397 4262 σου
1434 4211 1731 4282 ἐφοϐήθην.
1795 4232 1810 4263 ι
1863 4213 1926 4264 ’11

350 4304 497 4372 ψυχή
529 4319 652 4372 μου,
685 4300 841 4369 φησὶ,
894 4301 986 4354 τὸν
1029 4300 1124 4352 σὺν
1166 4301 1470 4370 περίκειται
1531 4303 1716 4370 φόϐον.
1786 4304 1926 4356 Ἀλλ’

2008 1816 2237 1872 habeam
2275 1816 2461 1882 finem,
2493 1825 2585 1870 tua
2614 1815 2956 1884 providentia
2998 1830 3084 1869 me
3116 1816 3363 1885 dignare,
3400 1831 3466 1869 ne
3491 1829 3589 1884 spe

2006 1919 2128 1959 mea
2181 1905 2410 1960 delusus
2459 1906 2726 1960 dedecore
2773 1906 3021 1976 implear.
3071 1905 3352 1977 Eloquium
3406 1905 3590 1962 hocin

2007 1996 2134 2050 loco
2196 1997 2620 2065 promissionem
2689 1997 2854 2063 dicit;
2908 1999 3066 2066 quasi
3118 1999 3312 2053 dicat:
3350 1995 3591 2052 Salutem

2008 2086 2144 2140 mihi
2175 2089 2504 2156 promissam
2550 2086 2774 2156 largire.

2084 2174 2255 2230 Vens.
2292 2175 2412 2229 117.
2448 2174 2661 2246 Adjuva
2692 2191 2796 2242 me,
2831 2185 2883 2231 et
2910 2176 3096 2231 salvus
3123 2192 3239 2242 ero,
3276 2186 3332 2232 et
3363 2180 3596 2234 medita-

2015 2264 2116 2318 bor
2157 2265 2582 2334 iustificationes
2638 2274 2760 2321 tuas
2819 2267 2873 2321 in
2930 2278 3270 2338 perpetuum.
3312 2289 3330 2320 ι
3386 2269 3594 2326 Etenim

2017 2364 2236 2410 tuarum
2264 2357 2724 2427 justificntiouum
2753 2360 2986 2412 salutem
3011 2363 3272 2430 consequi
3315 2362 3599 2430 haudqua-

2017 2461 2182 2516 quam
2212 2446 2505 2516 negligam,
2539 2447 2631 2500 sed
2683 2462 2898 2516 semper
2931 2447 3028 2500 has
3067 2449 3389 2501 meditabor.
3427 2449 3598 2503 Medi~

2020 2539 2276 2592 tationem
2309 2553 2439 2592 vero
2472 2537 2626 2604 dicit,
2649 2552 2756 2592 non
2794 2539 2850 2592 in
2887 2537 3068 2593 verbis
3086 2539 3286 2606 solum,
3308 2543 3400 2592 sed
3433 2540 3597 2594 etiam

2020 2634 2074 2688 iu
2109 2635 2387 2704 operibus.

2093 2727 2260 2783 Vens.
2303 2727 2426 2782 118.
2465 2747 2482 2779 ι
2517 2724 2782 2798 Sprevisti
2810 2741 3004 2782 omnes
3029 2726 3366 2782 discedentes
3397 2742 3425 2780 a
3452 2725 3602 2797 judi-

2020 2819 2123 2876 ciis
2152 2821 2280 2886 tuis,
2319 2821 2447 2888 quia
2479 2821 2685 2890 iniusta
2713 2819 2978 2890 cogitatio
3007 2834 3220 2874 eorum.
3257 2839 3275 2870 ι
3309 2817 3461 2874 Hanc
3501 2834 3600 2874 au-

2023 2913 2635 2982 tempromptitudinem
2659 2928 2784 2983 erga
2806 2923 2896 2966 tua
2925 2913 3176 2966 mandata
3210 2911 3440 2976 habebo,
3473 2927 3598 2965 cum

1972 3069 1990 3088 η
2026 3003 2258 3058 infames
2298 3013 2349 3057 et
2387 3004 2648 3058 ridiculos
2702 3019 2824 3058 esse
2855 3002 3030 3059 factos
3059 3019 3154 3059 eos
3209 3005 3474 3070 noverim,
3505 3001 3601 3074 qui

2021 3113 2082 3150 ea
2119 3095 2416 3148 violabant.

2098 3293 2315 3364 1468
2338 3291 2504 3346 Vens.
2538 3291 2658 3346 119.
2694 3311 2712 3344 ι
2753 3291 3182 3348 Ρταιγοινίριιηιεε
3214 3293 3454 3363 reputavi
3485 3310 3604 3348 om-

2025 3400 2121 3439 nes
2150 3397 2468 3452 peccatores
2503 3395 2659 3438 terrae
2687 3401 2702 3436 :
2736 3384 2855 3437 ideo
2889 3383 3053 3438 dilexi
3086 3384 3394 3438 testimonia
3424 3392 3536 3440 tua.
3579 3403 3598 3438 ι

2033 3475 2139 3530 Pro
2167 3477 2572 3545 pra'varicantes
2598 3474 2904 3530 Theodotio
2925 3474 3062 3528 dixit
3097 3491 3192 3544 pro
3221 3475 3407 3540 nihilo,
3445 3475 3607 3549 Sym-

2025 3570 2254 3624 machus
2307 3580 2484 3622 autem
2522 3570 2769 3622 scoriam.
2805 3569 2921 3623 Hoc
2966 3579 3148 3622 autem
3201 3567 3468 3638 Propheta
3511 3572 3606 3625 de-

2025 3663 2277 3728 clarat-it,
2316 3661 2462 3733 quod
2521 3677 2620 3731 pro
2651 3661 2822 3716 nihilo
2871 3661 3081 3717 habens
3118 3663 3250 3732 ipse,
3307 3677 3416 3716 non
3447 3679 3606 3718 secus

2028 3772 2092 3810 ac
2120 3753 2288 3821 Deus,
2323 3753 2811 3823 transgredientes,
2857 3767 3076 3808 omnem
3120 3755 3605 3824 promptitudinem

2026 3848 2091 3900 ad
2127 3847 2440 3900 divinorum
2488 3845 2838 3898 oraculorum
2872 3845 3311 3899 observationem
3344 3845 3609 3914 adhibue-

2028 3939 2133 4002 rit;
2170 3937 2371 4007 quippe
2424 3936 2518 4006 qui
2564 3937 2835 4007 jacturam
2871 3945 3060 3992 nosset
3117 3952 3284 4006 quam
3320 3949 3606 4008 peccatum

2029 4029 2208 4086 afl‘ert.

2108 4121 2270 4178 Vens.
2306 4121 2432 4177 120.
2467 4139 2484 4172 ι
2522 4120 2743 4191 (Ionfige
2797 4122 2992 4176 timore
3029 4132 3124 4176 tuo
3163 4138 3358 4177 carnes
3398 4137 3552 4176 meas
3589 4138 3606 4176 :

2031 4230 2063 4270 a
2091 4215 2314 4284 judii-iis
2350 4213 2495 4268 enim
2531 4213 2640 4266 tuis
2697 4213 2873 4267 timui.
2920 4231 2938 4265 ι
2978 4213 3178 4267 Anima
3219 4229 3360 4277 mea,
3404 4215 3500 4277 ait,
3544 4213 3611 4265 li-

2034 4324 2187 4363 morc
2213 4317 2308 4360 tuo
2341 4307 2528 4360 induta
2562 4314 2664 4360 est.
2700 4303 2805 4360 Sed
2831 4305 3092 4374 quoniam
3126 4321 3325 4374 corpus
3363 4305 3415 4359 in
3470 4306 3612 4360 hanc

354 4397 544 4464 ἐπειδὴ
573 4394 632 4446 τὸ
672 4393 833 4463 σῶμα
859 4393 1552 4464 κατεξανίσταταιταύτηε,
1583 4396 1677 4447 καὶ
1710 4395 1776 4449 τά
1805 4397 1913 4449 τού-

2034 4399 2336 4468 cousurgit,
2366 4397 2597 4466 ejusque
2627 4396 2871 4450 membra
2905 4415 2919 4450 :
2947 4396 3178 4450 obsecro
3207 4405 3262 4450 ut
3293 4397 3484 4450 timore
3509 4397 3613 4450 hoc

353 4503 448 4537 του
485 4485 642 4555 μέλη,
678 4483 986 4554 παρακαλῶ
1013 4483 1190 4552 τούτῳ
1225 4484 1612 4554 καθηλωθῆναι
1649 4486 1726 4556 τῷ
1753 4489 1928 4556 φόϐῳ·

353 4576 493 4628 ὥστε
553 4574 694 4627 αὐτὰ
738 4575 911 4642 νεκρά
958 4576 1024 4644 τῇ
1083 4574 1331 4642 ἁμαρτίᾳ
1375 4576 1663 4644 γενόμενα,
1710 4581 1774 4648 τῇ
1833 4581 1934 4648 τῆς

353 4669 534 4738 ψυχῆς
563 4667 882 4720 ἀκολουθεῖν
915 4665 1174 4736 ποδηγίᾳ.
1211 4665 1382 4717 Τοῦτο
1416 4666 1557 4720 ἔοικε
1593 4669 1668 4738 τῷ
1703 4670 1937 4724 ἀποστο-

353 4762 488 4830 λικῴ
513 4760 711 4830 ἐκείνῳ
737 4757 939 4830 ρητῷμ
965 4758 1293 4826 Νεκρώσατε
1321 4756 1388 4808 τὰ
1411 4757 1546 4826 μέλη
1571 4757 1724 4827 ὑμῶν
1750 4762 1815 4812 τὰ
1844 4761 1938 4814 ἐπὶ

351 4854 450 4923 τῆς
481 4853 606 4922 γῆς,
642 4849 920 4922 πορνείαν,
961 4847 1328 4917 ἀκαθαρσίαν,
1390 4848 1580 4909 πάθος,
1638 4849 1936 4920 ἐπιθυμίαν

355 4944 552 5014 κακὴν,
586 4944 682 4997 καὶ
733 4942 833 5013 τὴν
891 4939 1226 5004 πλεονεξίαν,
1271 4939 1392 5009 ἦτις
1449 4939 1598 4991 ἐστὶν
1653 4941 1934 4996 εἰδωλολα-

429 5133 456 5174 Y
499 5125 682 5180 Colos.
717 5139 799 5192 ιιι,

2036 4492 2360 4561 conligatur,
2401 4497 2459 4544 ut
2484 4489 2598 4558 ipsa
2640 4489 2885 4543 membra
2930 4499 3145 4543 mortua
3186 4497 3408 4559 peccato
3445 4487 3611 4555 facta,

2037 4584 2273 4637 animam
2307 4583 2500 4637 ducem
2537 4592 2860 4652 sequantur.
2905 4581 3016 4634 lloc
3041 4593 3124 4636 cst
3160 4581 3338 4636 simile
3373 4581 3447 4636 illi
3479 4599 3612 4652 apo-

2039 4675 2232 4730 stolico
2277 4675 2468 4729 dicto:
2512 4693 2530 4726 ι
2561 4673 2894 4730 Μοιίἱιῖοηιο
2939 4675 3181 4728 membra
3236 4683 3437 4739 vestra,
3492 4691 3615 4746 quae

2041 4775 2169 4820 sont
2195 4780 2358 4835 super
2385 4775 2552 4827 terra,
2584 4764 3030 4830 fornicationem,
3078 4765 3499 4831 immunditiem,
3558 4766 3619 4818 li-

2044 4855 2308 4920 hiilinem,
2355 4857 2552 4910 malam
2602 4856 3146 4925 concupiscentiam,
3200 4865 3254 4910 et
3299 4858 3614 4922 avaritiam,

2043 4964 2163 5018 quae
2190 4955 2273 5002 est
2317 4947 2590 5003 idolorum
2640 4949 2872 5004 servitus
2899 4956 2950 5004 I.
3005 4965 3024 4999 ι
3059 4945 3126 5004 Et
3154 4965 3344 5006 rursus
3377 4968 3389 5004 :
3425 4967 3443 5000 ι
3481 4948 3616 5003 Cum

1479 5232 1714 5288 νΑιιιίΕ
1755 5231 2136 5290 LECTIONES
2171 5233 2260 5287 ET
2293 5233 2524 5290 NOTAE.

1343 5353 1386 5384 ¹⁷
1421 5353 1734 5420 Τοιαύτην.
1761 5353 1858 5405 cod

2028 5351 2180 5428 ύτην.
2207 5422 2237 5428 _
2259 5353 2304 5384 ¹⁸
2321 5353 2500 5407 Κατά.
2526 5353 2598 5428 ib.
2621 5369 2806 5422 praem.
2827 5357 2882 5426 ἡ.
2965 5357 3006 5390 ¹⁹
3045 5357 3252 5412 Ἀντιλ.
3274 5375 3414 5428 μου.
3433 5356 3622 5412 Helm:

823 5426 867 5454 ²⁰
898 5429 1135 5493 Aerior.
1177 5425 1328 5478 llun'e.
1359 5425 1670 5494 lectionem.
1703 5438 1865 5490 quam
1894 5421 2086 5494 Noster
2115 5425 2170 5494 iu
2199 5421 2738 5494 ConimenlariOStto
2773 5421 3044 5494 sequitur,
3081 5421 3407 5482 auctoritate
3438 5429 3560 5482 rod.
3597 5430 3623 5484 1

367 5495 777 5567 substituimus,
806 5509 902 5563 pro
933 5491 1101 5567 ἕλεος,
1135 5505 1206 5567 nt_
1228 5497 1458 5567 habebat
1488 5493 1655 5548 edi:io
1684 5495 1854 5567 prior.

2028 5491 2209 5567 ζῆςγόν
2225 5511 2320 5567 με.
2360 5493 2550 5567 ηοω-ε,
2586 5497 2776 5567 vivam.
2807 5491 3092 5567 8⁸’Μελεικ
3114 5499 3301 5562 Hehr.,
3327 5499 3627 5567 respiciant.

365 5565 556 5638 ﬂend.
589 5561 878 5638 fjruxe'm._
929 5563 1851 5638 {*V’Eé'ovSLlfclir.,iconc_ulcasli.
1911 5567 1913 5576 '

2028 5562 2051 5613 ι)
2087 5561 2474 5638 emperor.
2505 5564 2692 5638 ilium,
2719 5565 2888 5638 dolus
2909 5581 3109 5620 eorum.
3147 5561 3356 5638 Symin.
3387 5561 3631 5636 δολιόιης

367 5635 566 5706 αὑτων.
603 5635 657 5706 7’“
678 5635 896 5706 Qapad.
929 5635 1160 5702 ἐλογισ.
1223 5635 1412 5697 llebr.,
1445 5635 1647 5706 (Sicut)
1693 5633 1896 5706 scorias

2028 5650 2139 5706 iure
2163 5633 2356 5700 fecisti.
2377 5703 2412 5706 __
2434 5635 2475 5664 “
2505 5636 2607 5697 Εὶς
2631 5635 2836 5688 οὐδέν.
2875 5637 2947 5686 lta
2971 5633 3203 5706 quoque
3217 5639 3349 5692 edit.
3379 5639 3440 5694 ν.
3467 5633 3627 5694 Cani".

371 5705 567 5759 Monii.
597 5705 650 5760 in
688 5702 912 5774 Hexapl.
947 5706 1013 5760 ad
1049 5707 1104 5760 h.
1141 5707 1177 5762 ι.
1255 5708 1300 5738 ’⁸
1331 5705 1558 5774 Rutilii.
1598 5735 1666 5744 —
1694 5703 1925 5773 σάρκας
1952 5721 2092 5774 μου.
2126 5703 2289 5759 llehr.
2328 5703 2558 5758 :llorret
2585 5721 2694 5772 pra:
2722 5715 2860 5759 metu
2891 5702 3117 5761 tuioaro
3140 5723 3276 5763 mea.

433 5354 476 5385 ¹⁶
506 5354 698 5421 Ἐξερ.
735 5353 918 5418 llebr.,
945 5355 1264 5408 custodiam.

367 5422 616 5477 Sustenm
645 5440 743 5476 me.
