3974 6206
445 253 582 322 1859

1394 243 1888 308 ΤΗΕΟΒΟΗΕἩ
1926 238 2270 303 EPISCOPI
2307 238 2675 301 CYRENSIS

3538 234 3641 301 1860

439 373 666 427 Christo
717 367 883 427 simul
947 366 1251 425 cruciﬁxus
1296 379 1460 432 sum;
1517 363 1646 419 vivo
1698 369 1883 417 autem
1924 374 2036 415 non

2151 358 2322 430 τρεία.
2364 378 2383 410 ι
2428 357 2540 412 Kal.
2577 355 2766 422 πάλιν,
2812 372 2833 405 ι
2873 349 3097 423 Χριστῷ
3136 342 3558 426 συνεσταύρωμαι,
3580 357 3644 422 ζῶ

445 463 681 534 amplius
705 478 827 535 ego,
856 463 989 518 vivit
1024 475 1153 516 vero
1189 459 1241 514 in
1272 474 1360 513 me
1394 457 1650 513 Christus
1681 465 1727 512 ε.
1762 475 1781 508 ι

521 553 687 608 Vens.
726 554 823 606 121
859 573 877 604 ι
916 551 1042 607 Feci
1071 549 1341 622 judicium
1378 557 1432 602 et
1458 547 1751 618 justitiam,
1784 562 1894 601 non
1927 556 2039 600 tra-

444 656 545 704 das
578 662 665 701 me
704 645 1173 700 calumniantibus
1208 658 1318 697 me.
1357 660 1376 692 ι
1414 645 1433 662 ‘
1472 639 1640 703 Tuas,
1682 640 1879 709 inquit,
1913 654 2036 694 cum

447 738 603 807 sequi
641 735 982 791 decreverim
1035 735 1203 802 leges,
1255 747 1324 786 ne
1371 730 1627 785 hostibus
1661 730 1842 800 praeda
1891 731 2037 783 liam.

444 830 584 892 Quis
613 842 747 882 vero
776 841 923 880 nunc
954 826 1151 880 animae
1191 832 1394 877 lautam
1428 821 1717 889 puritatem
1747 820 1934 883 habet,
1982 827 2041 874 ut

445 936 574 974 cum
613 919 813 974 ﬁducia
839 919 924 974 his
955 918 1137 972 verbis
1180 914 1407 970 utatur?
1448 914 1660 968 Similia
1702 912 1855 968 hisce
1904 911 2042 966 dixit

447 1016 614 1093 etiam
644 1014 863 1070 divinus
889 1011 1189 1083 Apostolus
1224 1028 1237 1063 :
1277 1026 1295 1059 ι
1336 1007 1470 1060 Nam
1503 1006 1677 1077 gloria
1704 1014 1895 1059 nostra
1927 1005 2043 1059 haec

447 1119 554 1174 est,
587 1108 964 1165 testimonium
982 1102 1335 1161 conscientias
1362 1099 1685 1156 nostram-5.
1726 1117 1745 1151 ι

527 1290 691 1346 Vens.
743 1288 868 1344 122.
908 1306 928 1340 ι
992 1285 1224 1356 Suscipe
1273 1298 1493 1340 servum
1546 1290 1701 1338 tuum
1739 1279 1954 1353 1469
1991 1281 2042 1335 in

449 1386 680 1440 bonum.
717 1403 734 1434 ι
777 1380 1169 1453 Symmachus,
1199 1377 1389 1447 Recipe
1416 1394 1496 1430 me
1529 1376 1581 1428 in
1613 1376 1809 1429 bonum
1840 1389 2045 1427 servum

450 1489 624 1532 tuum.
654 1476 851 1546 Aquila
903 1484 1086 1529 autem
1117 1481 1171 1527 et
1199 1470 1525 1533 Theodotio,
1560 1467 1697 1522 Fide
1726 1468 1854 1538 jube
1887 1481 1907 1520 :
1944 1468 2047 1520 hoc

446 1574 536 1619 est
572 1580 587 1619 :
618 1563 816 1619 Verum
868 1563 1010 1629 dico,
1056 1577 1163 1616 non
1223 1561 1493 1627 mentior,
1536 1559 1695 1615 crede
1739 1572 1901 1613 servo
1952 1566 2049 1611 tuo

451 1657 813 1730 promittenti,
854 1657 972 1726 ipse
1010 1662 1132 1710 esto
1162 1668 1400 1724 sponsor
1450 1668 1585 1707 mea:
1618 1650 2029 1721 promissionis,

452 1751 716 1820 quoniam
749 1758 872 1803 tuas
897 1747 1122 1816 implere
1156 1746 1304 1817 leges
1338 1744 1593 1800 studebo.
1624 1761 1643 1793 ι
1680 1741 1798 1796 Non
1829 1742 2038 1797 calum-
2075 1737 2116 1791 B

454 1843 676 1896 nientur
715 1857 801 1895 me
827 1839 1072 1911 superbi.
1115 1858 1135 1890 ›
1170 1837 1378 1892 Acerba
1412 1850 1496 1890 res
1525 1842 1609 1890 est
1655 1833 1950 1897 calumnia,
1981 1831 2047 1886 li-

448 1942 538 1989 cet
589 1948 845 2003 magnam
900 1931 1206 1985 mercedem
1255 1929 1311 1983 in
1363 1942 1422 1983 se
1464 1926 1678 1981 habeat.
1722 1924 1776 1978 In
1817 1925 1959 1979 hanc
1992 1933 2048 1980 et

453 2024 799 2080 admirabilis
831 2022 1024 2078 incidit
1066 2020 1291 2089 Joseph,
1323 2026 1378 2072 et
1422 2018 1517 2071 alii
1562 2015 1857 2070 innumeri.
1884 2013 2048 2071 Jubet

452 2129 641 2174 autem
681 2117 845 2171 etiam
907 2114 1173 2181 Dominus
1211 2122 1269 2167 ut
1303 2126 1528 2166 oremus
1577 2126 1644 2166 ne
1686 2110 1953 2165 intremus
1972 2110 2044 2175 jn

460 2210 837 2265 teutationem.
871 2204 1021 2261 Nihil
1063 2206 1232 2275 igitur
1262 2204 1562 2259 absurdum
1597 2200 1872 2273 Propheta
1892 2202 2043 2269 fecit,

450 2321 588 2360 cum
623 2305 726 2359 hoc
767 2311 996 2375 peteret.
1033 2301 1316 2371 Siquidem
1349 2300 1727 2369 arrogantium
1756 2308 1812 2353 et
1850 2307 2049 2369 potens

456 2401 593 2455 tium
631 2397 918 2453 hominum
962 2393 1242 2450 calumnia
1286 2393 1447 2463 longe
1484 2392 1735 2446 acerbior
1757 2401 1860 2448 est.
1897 2390 2049 2462 lnju-

455 2493 607 2547 stitia
636 2490 784 2545 enim
833 2503 958 2542 cum
993 2485 1241 2558 potentia
1269 2485 1567 2556 conjuncta
1596 2482 1863 2553 majorem
1884 2482 2049 2539 eilieit

455 2581 779 2655 perniciem.

532 2758 697 2813 Vens.
739 2753 865 2810 125.
920 2771 939 2806 ι
977 2736 1137 2809 Oculi
1186 2750 1294 2807 mei
1342 2748 1663 2807 defecerunt
1710 2747 1765 2803 in
1822 2747 2051 2803 salutari

457 2860 580 2916 tuo,
605 2859 659 2904 ct
689 2848 742 2902 in
774 2847 997 2918 eloquio
1045 2845 1279 2916 justitia:
1331 2854 1457 2897 tuae.
1495 2862 1513 2894 ι
1556 2842 1770 2896 Rursus
1816 2841 1905 2895 hic
1938 2839 2050 2895 ela-

459 2941 651 3011 quium
693 2937 1119 3009 promissionem
1154 2943 1331 2990 vocat.
1360 2932 1657 2997 Contione,
1701 2931 1905 3000 inquit,
1944 2941 2052 2988 ate

469 3034 702 3086 salutem
731 3036 1021 3099 exspecto,
1045 3036 1100 3082 et
1128 3024 1541 3097 pollicitationis
1579 3025 1742 3077 linem
1772 3022 2048 3077 desidero.

463 3124 658 3180 Posuit
699 3133 885 3178 autem
930 3121 1272 3192 defecerunt,
1322 3128 1380 3173 ut
1409 3119 1687 3171 intensum
1737 3115 2051 3170 ostenderet

466 3218 824 3275 desiderium.

536 3418 705 3474 Vens.
748 3416 874 3472 124.
914 3435 933 3467 ι
972 3413 1079 3469 Fac
1104 3428 1230 3468 cum
1276 3425 1435 3466 servo
1469 3419 1562 3464 tuo
1606 3408 1908 3464 secundum
1940 3405 2049 3461 uti.

458 3511 823 3569 sericordiam
857 3519 1029 3572 tuam,
1055 3514 1110 3561 et
1123 3502 1549 3576 justiilcatiooes
1570 3509 1691 3556 tuas
1724 3499 1861 3555 doce
1888 3514 1994 3553 me.
2024 3516 2043 3550 ι

458 3606 654 3661 Tantas
704 3603 921 3658 virtutis
952 3599 1238 3672 operarius
1289 3606 1432 3661 orat,
1481 3604 1541 3650 ut
1601 3592 2039 3649 misericordiam

462 3703 863 3765 consequatur,
900 3701 952 3746 et
979 3705 1076 3762 per
1111 3689 1258 3742 illam
1287 3687 1420 3757 petit
1458 3685 1691 3740 salutem
1729 3701 1742 3737 :
1773 3698 1874 3738 nec
1906 3697 2051 3737 mer-

464 3788 651 3844 cedem
687 3783 884 3857 poscit,
912 3782 1010 3838 sed
1047 3777 1438 3849 benignitatem
1469 3772 1744 3843 implorat.

531 3969 703 4027 Vens.
734 3967 858 4023 125.
904 3983 923 4017 ι
958 3962 1163 4018 Servus
1200 3969 1330 4015 tuus
1355 3970 1478 4013 sum
1516 3969 1641 4026 ego,
1686 3953 1757 4009 da
1787 3953 1921 4007 mihi
1969 3952 2054 4006 in-

465 4059 764 4126 tellectum,
802 4066 864 4112 ut
901 4055 1073 4111 sciam
1110 4049 1427 4108 testimonia
1464 4056 1575 4102 tua.
1624 4064 1643 4098 ›
1699 4043 1902 4100 Omnes
1927 4045 2052 4115 qui-

464 4156 588 4211 dem
620 4154 869 4209 homines
912 4158 1106 4203 natura
1137 4153 1268 4202 sunt
1302 4142 1448 4198 servi
1500 4141 1617 4209 Dei,
1655 4138 1849 4195 aﬂectu
1895 4152 2049 4204 vero,

465 4248 561 4319 qui
606 4241 976 4301 libentissime
1020 4236 1115 4293 Dei
1168 4235 1459 4304 imperium
1510 4232 1810 4303 elegerunt.
1842 4228 2053 4284 Harum

2140 451 2199 505 δὲ
2226 450 2330 506 οὑκ
2357 450 2441 504 ἔτι
2475 448 2611 518 ἐγὼ,
2643 446 2710 519 ζῇ
2743 446 2801 500 δέ
2832 448 2889 499 ἐν
2911 444 3037 516 ἐμοὶ
3064 442 3306 515 Χριστός.
3349 462 3366 495 ι

2216 550 2358 615 ρκσ.’.
2398 562 2417 595 ι
2472 541 2735 613 Ἐποίησα
2762 542 2938 610 κρῖμα
2964 538 3060 590 καὶ
3088 536 3436 609 δικαιοσύνην,
3475 537 3540 610 μὴ
3559 557 3646 593 πα.

2144 638 2320 712 ραδῷς
2353 654 2420 708 με
2442 638 2559 701 τοῖς
2590 634 2843 690 ἀδικοῦσί
2879 650 2970 705 με.
3009 651 3028 685 ι
3063 632 3185 695 Τοῖς
3210 634 3334 695 σοῖς,
3361 633 3524 702 φησὶν,
3546 635 3652 687 ἁκο-

2141 734 2352 788 λουθεῖν
2383 731 2749 805 προελόμενος
2778 728 2986 800 νόμοις,
3025 725 3103 798 μὴ
3132 725 3371 797 γένωμαι
3416 730 3513 791 τοῖς
3549 727 3653 780 δυσ-

2147 826 2365 898 μενέσιν
2397 825 2694 888 εὐάλωτος.
2733 823 2833 886 Τίς
2865 821 2922 875 δὲ
2954 820 3049 872 νῦν
3098 817 3210 889 ἔχει
3235 819 3480 889 τοσαύτης
3510 819 3657 890 ψυχῆς

2142 916 2516 989 καθαρότητα,
2535 913 2676 968 ὥστε
2693 913 2792 967 σὺν
2814 909 3103 983 παρρησίᾳ
3126 908 3378 972 τοιούτοις
3397 912 3660 981 χρήσασθαι

2144 1011 2355 1080 λόγοιςς
2410 1008 2635 1073 Τούτοις
2694 1007 2793 1078 μέν
2828 1023 2908 1060 τοι
2966 1004 3064 1059 καὶ
3112 1005 3141 1057 ὁ
3191 1001 3326 1067 θεῖος
3386 1004 3661 1067 ’Δπόστολος

2144 1103 2457 1176 προσόμοια
2491 1103 2739 1175 εἴρηκεν,
2782 1119 2802 1152 ι
2846 1099 2916 1153 Ἥ
2937 1097 3048 1169 γὰρ
3075 1095 3335 1168 καύχησις
3378 1095 3521 1168 ἡμῶν
3550 1094 3663 1167 αῦτη

2145 1198 2286 1264 ἐστὶ,
2324 1197 2385 1249 τὸ
2415 1195 2720 1268 μαρτύριον
2742 1194 2846 1264 τῆς
2874 1190 3233 1262 συνειδήσεως
3260 1190 3426 1261 ἡμῶν.

2222 1289 2358 1361 ρκβ¹¹
2396 1306 2415 1340 ι
2474 1286 2734 1353 Ἕκδεξαι
2763 1286 2852 1339 τὸν
2881 1283 3069 1337 δοῦλόν
3098 1299 3194 1335 σου
3229 1283 3272 1315 ³⁸
3314 1283 3390 1345 είς
3423 1280 3614 1350 ἀγαθόν.
3646 1301 3660 1335 ι

2158 1382 2217 1435 Ὀ
2235 1383 2277 1415 ³⁸
2314 1381 2372 1434 δὲ
2406 1380 2727 1451 Σύμμαχος,
2790 1375 3102 1441 Ἀνὰδεξαί
3114 1390 3195 1445 με
3221 1376 3306 1441 εἷς
3343 1373 3551 1444 ἀγαθὸν
3583 1373 3668 1426 τὸν

2147 1472 2377 1527 δοῦλόν
2391 1489 2531 1529 σου.
2576 1470 2634 1524 '0
2667 1470 2727 1524 δέ
2789 1468 3048 1533 ’Δκύλας,
3083 1468 3182 1522 καὶ
3209 1468 3237 1520 ὁ
3266 1465 3556 1528 Θεοδοτίων,
3594 1467 3668 1535 ἐγ-

2147 1566 2372 1637 γύησαι
2399 1579 2415 1596 ⁶
2449 1565 2572 1618 ἀντὶ
2611 1561 2733 1628 τοῦ,
2797 1560 3132 1633 Ἀληθεύων,
3170 1558 3232 1613 ού
3287 1556 3552 1629 ψεύδομαι,
3597 1559 3670 1611 πίσ

2153 1674 2378 1711 στευσον
2411 1656 2770 1727 ὑποσχομένῳ
2791 1652 2868 1725 τῷ
2894 1651 3068 1725 δούλῳ
3099 1669 3196 1707 σου
3221 1650 3404 1714 ἀὑτὸς
3442 1649 3671 1719 ἐγγυητὴς

2147 1749 2308 1822 γενοῦ
2336 1748 2439 1819 τῆς
2460 1748 2603 1820 ἐμῆς
2634 1746 3013 1818 ὑποσχέσεως,
3036 1746 3121 1800 ὅτι
3141 1761 3235 1797 σου
3255 1741 3522 1813 πληρῶσαι
3549 1757 3673 1793 σπου-

2149 1840 2298 1894 δάσω
2326 1840 2452 1904 τοὺς
2496 1839 2722 1909 νόμους.
2758 1854 2778 1888 ι
2816 1837 2908 1908 Μὴ
2974 1832 3533 1905 συκοφαντησάτωσάν
3565 1830 3669 1901 ps“

2151 1931 2514 2001 ὑπερήφανοι.
2556 1945 2576 1979 ι
2621 1926 2896 1995 Ἀλγεινὸν
2934 1927 2969 1997 ἡ
2999 1923 3356 1994 συκοφαντία,
3408 1922 3502 1975 κᾶν
3537 1921 3674 1989 μέγαν

2147 2023 2250 2096 ἔχῃ
2283 2021 2498 2094 μισθόν.
2532 2019 2722 2090 Ταύτῃ
2750 2019 2848 2074 καὶ
2880 2021 2910 2073 ὁ
2957 2018 3264 2089 θαυμάσιος
3309 2018 3674 2086 περιπέπτωκεν

2161 2116 2386 2188 Ἰωσὴφ,
2415 2114 2511 2169 καὶ
2542 2113 2724 2185 ἕτεροι
2750 2114 2796 2146 ³¹
2824 2112 3035 2183 μυρίοι.
3070 2108 3503 2183 Παρακελεύεται
3532 2105 3579 2157 δὲ
3606 2104 3677 2157 καὶ

2150 2210 2180 2263 ὁ
2196 2209 2406 2281 Κύριος
2436 2207 2696 2280 εὔχεσθαι
2726 2205 2803 2278 μὴ
2823 2206 3090 2259 εἰσελθεῖν
3115 2205 3197 2267 εἰς
3217 2201 3525 2273 πειρασμόν.
3544 2199 3675 2275 Οὐδὲν

2150 2297 2244 2356 οὖν
2293 2301 2522 2365 ἀπεικὸς
2572 2300 2693 2354 οὑδέ
2746 2300 2775 2352 ὁ
2831 2299 3134 2370 Προφήτης
3192 2295 3470 2365 πεποίηκε,
3515 2291 3678 2358 ταύτην

2152 2394 2384 2465 αἰτήσας
2422 2392 2523 2465 τὴν
2553 2391 2793 2464 αἴτησιν.
2829 2389 3219 2463 Διαφερόντως
3248 2389 3353 2460 γὰρ
3398 2389 3429 2458 ή
3453 2384 3551 2438 τῶν
3580 2383 3680 2436 ἀλα-

2153 2484 2325 2550 ζόνων
2348 2483 2443 2539 καὶ
2465 2485 2709 2538 δυνατῶν
2734 2482 3079 2553 συκοφαντία
3110 2478 3485 2554 χαλεπωτέρα.
3509 2474 3679 2531 Ἀδικία

2152 2578 2265 2652 γὰρ
2292 2578 2679 2650 προσλαϐοῦσα
2729 2576 2829 2648 τὴν
2877 2575 3204 2630 δυναστείαν
3233 2572 3451 2646 μείζονα
3496 2569 3580 2642 τὴν
3603 2565 3681 2621 λώ-

2153 2672 2257 2743 ϐην
2289 2670 2334 2704 ³³
2357 2670 2677 2742 ἐργάζεται.

2227 2767 2367 2834 ρκγθ.
2406 2780 2425 2814 ι
2462 2762 2526 2815 Ol
2552 2759 2823 2832 ὀφθαλμοί
2853 2777 2954 2831 μου
2978 2758 3234 2824 ἐξέλιπον
3262 2756 3340 2820 είς
3374 2753 3432 2808 τὸ
3465 2748 3682 2829 σωτήριόν

2155 2872 2273 2920 σου,
2309 2855 2406 2909 καὶ
2436 2855 2516 2918 είς
2549 2854 2611 2908 τὸ
2639 2854 2821 2924 λόγιον
2842 2852 2943 2923 τῆς
2972 2850 3331 2921 δικαιοσύνης
3362 2866 3469 2906 σου.
3504 2865 3520 2897 ι
3551 2841 3684 2897 Πάλιν

2153 2945 2392 3001 ἐνταῦθα
2440 2946 2651 3016 λόγων
2700 2945 2800 3017 τὴν
2850 2944 3151 3016 ὑπόσχεσιν
3217 2941 3388 2997 καλεῖ.
3436 2934 3682 3007 Διηνεκῶς,

2155 3039 2312 3111 φησὶ,
2354 3037 2454 3111 τὴν
2498 3037 2652 3110 παρὰ
2691 3036 2786 3090 σοῦ
2820 3036 3101 3107 σωτηρίαν
3148 3032 3460 3107 προσμένω,
3494 3027 3576 3082 καὶ
3609 3023 3687 3092 τῆς

2153 3132 2504 3204 ὑποσχέσεως
2557 3130 2816 3201 ἀναμένω
2846 3129 2907 3183 τὸ
2932 3128 3110 3192 τέλος.
3147 3127 3223 3181 Τὸ
3251 3127 3308 3180 δὲ
3334 3123 3594 3190 ἐξέλιπον
3620 3114 3687 3169 τέ·

2156 3225 2327 3290 θεικε,
2356 3225 2457 3295 τὴν
2485 3223 2893 3293 ἐπιτεταμένην
2928 3220 3235 3290 ἐπιθυμίαν
3263 3216 3451 3290 δηλῶν.

2234 3405 2368 3477 ρκδ’.
2398 3425 2417 3457 r
2442 3404 2677 3473 Ποίησον
2710 3401 2849 3471 μετὰ
2874 3399 2969 3454 τοῦ
2999 3399 3194 3455 δούλου
3233 3416 3325 3454 σου
3358 3394 3492 3451 κατὰ
3506 3387 3692 3451 τδέλεάς

2160 3520 2276 3569 σου,
2309 3500 2405 3554 καὶ
2432 3498 2502 3552 τὰ
2526 3495 2874 3568 δικαιώματά
2902 3512 2995 3548 σου
3023 3493 3243 3559 δίδαξὸν
3275 3509 3365 3563 με.
3405 3510 3422 3543 ι
3469 3488 3521 3540 '0
3540 3479 3693 3539 τοσαύ-

2156 3610 2257 3663 της
2300 3592 2504 3665 ἀρετῆς
2555 3588 2796 3661 ἐργάτης
2841 3586 3026 3650 ἐλέους
3069 3588 3263 3659 τυχεῖν
3320 3581 3474 3650 ἀξιοῖ,
3521 3577 3603 3633 καὶ
3627 3571 3694 3628 διὰ

2156 3664 2351 3744 τούτου
2385 3684 2661 3755 σωτηρίας
2690 3679 3001 3736 ἀπολαῦσαι
3043 3680 3212 3734 αίτεῖ.
3249 3678 3361 3732 Καὶ
3397 3675 3491 3728 οὑκ
3515 3664 3696 3726 ἀπαιτεῖ

2162 3777 2377 3850 μισθὸν,
2402 3774 2541 3829 ἀλλὰ
2570 3771 2988 3844 φιλανθρωπίαν
3018 3771 3189 3824 αἰτεῖ.

2234 3957 2367 4025 ρκεν.
2419 3969 2438 4002 ι
2468 3947 2666 4010 Δοῦλός
2714 3945 2811 4000 σού
2855 3947 2975 4015 εἰμι
3021 3943 3156 4015 ἐγὼ,
3210 3938 3484 3997 συνέτισόν
3519 3951 3597 4007 με,
3623 3926 3697 3983 καὶ

2158 4043 2442 4114 γνώσομαι
2467 4041 2538 4096 τὰ
2568 4037 2850 4111 μαρτύριά
2881 4054 2999 4091 σου.
3026 4055 3045 4088 ι
3079 4037 3295 4098 Πάντες
3335 4033 3433 4104 μὲν
3464 4027 3698 4109 ἄνθρωποι

2160 4136 2322 4206 φύσει
2341 4134 2517 4188 δοῦλοι
2537 4131 2699 4197 Θεοῦ,
2720 4129 2960 4183 διαθέσει
2993 4129 3049 4181 δὲ
3067 4128 3118 4181 οἱ
3138 4127 3234 4181 τοῦ
3252 4124 3393 4180 Θεοῦ
3418 4122 3513 4192 τὴν
3539 4118 3700 4171 δεσπο-

2160 4230 2311 4284 τείαν
2345 4227 2631 4288 ἀσπασίως
2666 4221 3005 4296 αἱρούμενοι.
3041 4220 3266 4292 Ταύτης
3295 4218 3370 4272 ὢν
3396 4217 3491 4286 τῆς
3522 4223 3699 4280 συμμο·

466 4302 599 4409 ergo
629 4334 868 4408 partium
899 4344 1024 4386 cum
1080 4328 1153 4384 sit
1193 4302 1489 4396 Propheta,
1525 4339 1585 4379 se
1608 4302 1792 4392 ipsum
1833 4335 2045 4376 servum

2166 4320 2288 4392 ρίας
2311 4321 2340 4374 ὁ
2369 4317 2668 4389 Προφήτης
2699 4313 2885 4368 δοῦλον
2919 4312 3112 4367 ἑαυτὸν
3144 4308 3440 4380 ὀνομάζει,
3472 4302 3559 4358 καὶ
3600 4312 3700 4397 cev:

467 4385 736 4495 noliuirriat,
771 4436 911 4486 etut
944 4424 1238 4499 prudentia
1272 4424 1512 4478 donetur
1556 4419 1833 4482 obsecrat,
1872 4428 1931 4471 ut
1956 4414 2045 4472 Dei

2158 4413 2329 4475 ἐσεως
2356 4408 2655 4479 ἀξιωθῆναι
2690 4407 3034 4478 παρακαλεῖ,
3062 4403 3208 4459 ὥστε
3243 4400 3446 4472 γνῶναι
3479 4394 3562 4450 τοῦ
3591 4385 3701 4443 Θεοῦ

470 4521 787 4581 testimonia
814 4519 975 4575 sciat.

2154 4501 2228 4557 τὰ
2259 4500 2559 4573 μαρτύρια.

1008 4609 1134 4665 126.
1175 4627 1194 4661 ι
1235 4605 1484 4677 Tempus
1512 4601 1750 4660 faciendi
1797 4600 2045 4667 Domino,

2231 4570 2382 4665 ρκξ.
2421 4609 2441 4644 ι
2486 4589 2693 4662 Καιρδς
2718 4587 2812 4642 τοῦ
2845 4585 3069 4656 ποιῆσαι
3106 4583 3186 4673 τῷ
3219 4582 3442 4653 Κυρίῳ,
3468 4570 3706 4689 διεσκέδα-

544 4662 756 4689 ιιι-ιν
812 4662 964 4668 '—“"
1014 4662 1129 4665 '""
1298 4662 1309 4664 ν
1379 4662 1395 4677 ι
2033 4662 2044 4667 -

467 4710 878 4777 dissipaverunt
907 4705 1081 4775 legem
1111 4711 1282 4757 tuam.
1316 4718 1335 4752 ι
1374 4697 1541 4764 Deus,
1565 4695 1662 4767 qui
1703 4693 1888 4749 omnia
1917 4705 2045 4762 pon-

2160 4662 2260 4740 σαν
2296 4683 2388 4737 τὸν
2416 4682 2583 4754 νόμον
2617 4697 2736 4734 σου.
2767 4697 2787 4732 ι
2832 4678 2893 4731 Ὀ
2939 4676 3119 4731 πάντα
3165 4667 3400 4743 σταθμῷ
3432 4668 3521 4724 καὶ
3551 4662 3707 4737 μέτρῳ

470 4756 705 4854 dereret
752 4756 1010 4848 mensura
1069 4791 1360 4861 gubernat,
1406 4756 1537 4842 fert.
1568 4756 1793 4855 quidem
1842 4756 2045 4836 diutius

2161 4776 2518 4851 πρυτανεύων
2563 4775 2697 4839 Θεὸς
2731 4775 2888 4844 φέρει
2927 4770 3026 4841 μὲν
3073 4769 3169 4822 ἐπὶ
3226 4767 3479 4821 πλεῖστον
3508 4759 3607 4813 τῶν
3632 4756 3709 4861 civ:

471 4896 698 4962 peccata
721 4885 1009 4940 hominum
1043 4903 1056 4938 :
1091 4898 1215 4938 cum
1242 4895 1373 4935 vero
1400 4879 1722 4950 pravitatem
1750 4891 1815 4930 ex
1845 4874 2045 4944 patien-

2163 4846 2398 4943 θρώπων
2429 4869 2529 4933 τὰς
2584 4866 2895 4940 ἁμαρτίας·
2925 4865 3054 4918 ὅταν
3092 4861 3145 4915 δέ
3180 4859 3510 4928 αὑξηθεῖσαν
3556 4846 3706 4952 ἴδητῇ

471 4941 545 5038 {ia
577 4991 792 5036 auctam
824 4977 1046 5039 viderit,
1077 4987 1208 5030 tunc
1236 4990 1455 5045 ptenam
1482 4973 1705 5041 irrogat.
1748 4967 1861 5023 Hoc
1892 4968 2045 5038 igitur

2166 4941 2523 5033 μακροθυμίᾳ
2566 4960 2668 5029 τὴν
2719 4954 2985 5026 πονηρίαν
3005 4991 3021 5015 ,
3056 4951 3178 5005 τότε
3211 4950 3314 5021 τὴν
3348 4943 3604 5045 τιμωρίαν
3631 4941 3711 4989 ἑπ-

473 5086 530 5132 et
567 5076 671 5130 hoc
720 5075 774 5128 in
819 5073 942 5129 loco
992 5070 1108 5124 ait:
1136 5031 1377 5137 Tempus
1417 5071 1502 5119 est
1551 5060 1916 5131 consurgendi
1953 5063 1968 5081 '
1999 5057 2045 5111 in

2163 5031 2309 5117 ἆγει.
2345 5046 2516 5099 Τοῦτο
2531 5045 2711 5098 τοίνυν
2744 5043 2841 5097 καὶ
2874 5039 3112 5095 ἐνταῦθά
3133 5056 3306 5111 φησι.
3326 5035 3527 5107 Καιρὸς
3556 5031 3710 5083 διανα-

478 5167 747 5224 auxilium
800 5178 990 5219 eorum
1026 5161 1121 5231 qui
1145 5159 1344 5228 injuria
1371 5155 1548 5211 affecti
1571 5162 1719 5218 sunt,
1740 5168 1772 5205 ο
1800 5149 2045 5205 Domine:

2168 5144 2361 5212 στῆναι
2401 5140 2481 5203 είς
2533 5137 2859 5208 ἐπικουρίαν
2876 5134 2985 5187 τῶν
3001 5131 3403 5202 ἀδικουμένων,
3419 5122 3462 5182 ὦ
3478 5125 3710 5179 Δέσποταο

474 5273 806 5330 magnopere
838 5255 983 5311 enim
1011 5262 1160 5308 tuam
1188 5252 1360 5321 legem
1394 5248 1582 5303 hosres
1630 5243 2045 5301 conculcarunt.

2161 5233 2362 5305 κομιδῆ
2389 5232 2500 5304 γάρ
2527 5247 2624 5284 σου
2653 5230 2745 5284 τὸν
2773 5229 2937 5299 νόμον
2976 5224 3265 5295 ἐπάτησαν
3292 5225 3347 5277 oi
3373 5218 3623 5290 πολέμιοι.

549 5408 574 5438 ³
602 5396 783 5455 Galat.
812 5413 874 5461 ιι,
903 5390 994 5448 20.
1074 5389 1164 5433 ⁸-1»
1191 5386 1236 5443 ll
1264 5388 1394 5444 Cor.
1425 5402 1466 5454 ι,
1495 5383 1583 5440 12.

1594 5516 1836 5576 varum
1876 5512 2264 5573 LECTIONES
2302 5507 2391 5563 ET
2425 5503 2661 5563 norm.
2720 5480 2731 5490 ’

552 5644 598 5677 ιο
630 5640 913 5705 quaeea;
963 5640 1073 5694 τὸν
1115 5636 1344 5693 δοῦλόν
1390 5651 1527 5689 σου.
1559 5632 1748 5688 llehm
1773 5631 1993 5705 Sponde
2031 5648 2045 5699 i

2178 5642 2348 5705 servo_
2382 5634 2521 5705 ttio._
2547 5691 2560 5705 _
2603 5619 2746 5705 ’L'O
2772 5650 2842 5705 ῖ-
2866 5616 3097 5705 ροιξλόν
3126 5608 3427 5705 00.0.‘Des.
3459 5596 3645 5705 innecti.
3671 5598 3715 5651 1.

487 5705 530 5739 ³³
552 5684 913 5778 Μὴᾟῖὶἕςὲἶ
926 5684 1360 5780 ιιῖεἶίιὲιῖτῖἕᾟε
1387 5684 1692 5774 ὁιὶιῖτιιὶιᾶιῐι
1714 5684 1829 5760 ἦιῖ
1853 5684 1938 5737 ’ὖ

2151 5716 2215 5756 οι.
2251 5696 2375 5755 cod.
2400 5697 2426 5750 1
2458 5691 2582 5749 add.
2620 5691 2700 5746 δέ.
2773 5689 2821 5721 ³³
2847 5687 3078 5755 Λώϐην.
3111 5686 3235 5741 cod.
3270 5684 3298 5739 1
3329 5684 3565 5752 γνώμην.
