3974 6206
322 304 452 371 1861

1614 297 1694 361 ΙΝ
1746 295 1955 360 PSAL.
1992 290 2274 362 CXVIII.

3449 295 3588 362 1862

385 418 530 491 ρκζν.
571 435 591 472 ι
626 415 724 472 Διὰ
754 415 913 472 τοῦτο
947 414 1213 488 ἠγάπησα
1245 412 1345 480 τὰς
1386 412 1608 476 ἐντολάς
1635 429 1730 465 σου
1755 409 1898 481 ὑπὲρ

2072 407 2242 465 Vens.
2275 408 2400 464 12³1.
2440 426 2462 462 ι
2501 407 2628 465 ldeo
2660 407 2826 466 dilexi
2855 409 3112 467 mandata
3161 418 3256 467 tua
3288 420 3460 480 super
3491 419 3590 459 au-

321 513 546 587 χρυσίον
595 512 692 566 καὶ
738 508 1022 577 τοπάζιον.
1063 528 1081 561 ι
1122 506 1354 563 Ἐκεῖνοι
1401 506 1502 579 μέν
1527 502 1623 560 οὖν
1647 504 1742 559 τοῦ
1803 500 1898 557 σοῦ

321 604 737 677 κατεφρόνησαν
764 603 956 673 νόμου.
984 599 1126 667 Ἐγὼ
1151 600 1208 655 δὲ
1238 599 1696 671 άξιεραστοτέρας
1738 594 1903 668 ἡγοῦ·

324 715 422 770 μαι
451 699 550 762 τὰς
577 696 677 762 σὰς
708 695 929 758 ἐντολὰς
962 693 1184 766 χρυσίου
1230 695 1326 746 καὶ
1350 692 1515 746 λίθων
1567 690 1898 745 πολυτελῶν.

319 788 438 842 τῶν
467 788 577 860 γὰρ
607 787 806 859 τιμίων
846 785 1011 840 λίθων
1054 784 1357 853 τοπάζῐοςο
1390 784 1499 839 ἀπὸ
1539 784 1597 838 δὲ
1642 783 1735 837 τοῦ
1782 782 1901 846 ἐνὸς

321 879 710 950 παρεδήλωσεν
749 878 1017 940 ἃπαντας.
1064 877 1229 940 Εἰκὸς
1275 876 1334 930 δὲ
1382 877 1503 929 κατ’
1553 876 1764 930 ἐκεῖνον
1809 873 1900 928 τὸν

323 973 511 1044 καιρὸν
540 971 732 1025 τοῦτον
761 969 1133 1042 προτιμᾶσθαι
1163 969 1274 1024 τῶν
1302 969 1501 1025 ἄλλων.

393 1063 534 1135 ρκη⁹.
573 1082 593 1116 ι
623 1062 720 1117 Διὰ
749 1062 909 1116 τοῦτο
943 1062 1081 1133 πρὸς
1098 1062 1145 1094 ³⁸
1187 1063 1371 1126 πάσας
1411 1062 1507 1126 τὰς
1545 1059 1766 1124 ἐντολάς
1804 1076 1899 1113 σου

319 1155 718 1227 κατωρθούμην
739 1172 752 1185 ·
784 1157 964 1209 πᾶσαν
993 1154 1111 1209 ὁδὸν
1142 1154 1325 1210 ἄδικον
1357 1153 1618 1224 ἐμίσησα.
1654 1172 1673 1204 ι
1711 1153 1769 1206 'O
1793 1154 1902 1222 γὰρ

321 1251 485 1312 πόθος
510 1248 607 1319 τὴν
639 1247 953 1321 προθυμίαν
977 1245 1306 1320 ἐργάζεται·
1341 1248 1375 1317 ἡ
1406 1247 1463 1300 δέ
1492 1244 1771 1317 προθυμία
1800 1246 1901 1315 τὴν

324 1342 421 1412 μὲν
451 1342 669 1397 εὐθεῖαν
694 1345 984 1413 παραινεῖν
1010 1343 1127 1396 ὁδὸν
1161 1338 1567 1413 παρεσκεύαζε,
1593 1338 1693 1410 τὴν
1715 1337 1773 1391 δὲ
1801 1340 1902 1409 τῆς

320 1431 535 1495 ἀδικίας
564 1432 904 1501 ἐμυσάττετο
926 1431 1135 1502 τρίϐον.

391 1518 527 1591 ρκθ’.
562 1540 581 1573 ι
617 1520 922 1593 Θαυμαστὰ
951 1520 1020 1574 τὰ
1048 1520 1324 1594 μαρτύριά
1352 1536 1481 1574 σουο
1510 1518 1598 1573 διὰ
1625 1516 1782 1571 τοῦτο
1811 1514 1901 1581 ἐξ·

319 1613 588 1684 ηρεύνησε
607 1612 655 1645 ³³
686 1613 861 1668 ταῦτα
875 1613 921 1646 ³⁵
954 1613 1160 1687 ήψυχή
1208 1631 1334 1686 μου.
1377 1632 1397 1667 ι
1442 1612 1691 1678 Ἐδειξεν
1726 1610 1802 1675 ὡς
1837 1609 1901 1663 οὐ

322 1705 499 1776 μάτην
523 1704 727 1759 τούτων
752 1704 992 1777 ἠράσθη.
1032 1704 1367 1774 Ἀξιάγαστα
1388 1704 1519 1774 γὰρ,
1549 1704 1736 1774 φησὶν,
1760 1702 1899 1765 ἐστὶ,

318 1799 414 1851 καὶ
446 1797 606 1852 ἱκανὰ
637 1797 970 1866 καταθέλξαι
989 1838 1005 1867 ,
1043 1799 1137 1852 καὶ
1161 1802 1241 1863 είς
1271 1799 1451 1870 ἔρωτα
1476 1797 1744 1869 διεγεῖραι
1773 1795 1900 1859 τοὺς

317 1890 559 1943 κατιδεῖν
599 1889 959 1960 δυναμένους.
1005 1892 1117 1945 Καὶ
1152 1891 1322 1946 πόθεν
1353 1891 1559 1945 τούτων
1582 1890 1626 1923 ³⁷
1652 1889 1901 1960 κατέμα-

318 1978 410 2043 θες
443 1980 651 2051 ἀρετήν
672 1997 687 2046 ;

389 2073 488 2153 9}'.
555 2090 574 2124 ‹
622 2073 685 2126 Ἡ
726 2072 965 2145 δήλωσις
1016 2073 1127 2128 τῶν
1179 2073 1357 2145 λόγων
1405 2092 1502 2129 σου
1552 2074 1764 2145 φωτιεῖ,
1804 2072 1901 2125 καὶ

320 2167 556 2219 συνετιεῖ
584 2166 814 2237 νηπίους
833 2167 899 2220 ³⁸.
942 2184 963 2218 ›
999 2165 1090 2236 Τῷ
1122 2165 1200 2236 σῷ
1224 2202 1238 2230 ,
1275 2166 1431 2237 φησὶ,
1481 2164 1902 2235 καταυγαζόμε-

318 2274 406 2319 vo;
436 2258 577 2325 φωτὶ
610 2256 819 2328 ταύτην
851 2257 1122 2328 ἐδεξάμην
1163 2257 1262 2328 τὴν
1292 2256 1525 2326 γνῶσινο
1556 2256 1651 2310 καὶ
1689 2256 1900 2319 πάντας

316 2345 374 2401 δὲ
396 2349 521 2411 τοὺς
552 2348 744 2419 ἀγνοίᾳ.
770 2347 1197 2418 κατεχομένους,
1220 2348 1315 2401 καὶ
1347 2347 1605 2420 βρέφεσιν
1628 2348 1899 2411 ἐοικότας,

318 2440 345 2492 ὁ
371 2437 460 2503 σὸς
488 2439 651 2511 νόμος
684 2440 954 2503 συνέσεως
980 2440 1235 2511 ἐμφορεῖ.

395 2532 529 2602 ρλαθ.
573 2550 592 2583 ι
627 2531 702 2585 Τὸ
733 2531 911 2603 στόμα
944 2548 1049 2602 μου
1079 2529 1294 2604 ῆνοιξα,
1337 2531 1433 2586 καὶ
1462 2531 1691 2585 εἴλκυσα
1736 2529 1904 2584 πνεῦ-

323 2641 398 2695 μα
417 2625 483 2689 ³⁹,
523 2625 604 2677 ὅτι
633 2623 733 2688 τὰς
764 2624 986 2690 ἐντολάς
1027 2640 1121 2678 σου
1169 2625 1492 2679 ἐπεπόθουν.
1531 2644 1551 2678 ι
1590 2626 1789 2694 Στόμα
1817 2626 1904 2678 ὲν-

319 2714 495 2767 ταῦθα
527 2714 684 2768 καλεί
705 2717 805 2786 τῆς
835 2715 1079 2779 διανοίας
1106 2715 1204 2787 τὴν
1253 2714 1584 2787 προθυμίαν.
1612 2713 1764 2785 Αὕτη
1793 2713 1905 2784 γὰρ

320 2805 467 2858 ἕλκει
500 2803 599 2876 τὴν
616 2805 777 2876 χάριν
804 2804 898 2859 τοῦ
934 2805 1263 2877 πνεύματος.
1295 2806 1406 2859 Καὶ
1434 2805 1541 2876 γὰρ
1579 2804 1626 2838 ⁸ο
1666 2802 1903 2875 ἀλλαχοῦ

321 2911 488 2965 φησι’
525 2914 545 2946 ι
581 2895 858 2948 [Ιλάτυνον
885 2894 947 2948 τὸ
985 2894 1161 2964 στόμα
1202 2911 1320 2958 σου,
1369 2894 1463 2947 καὶ
1498 2892 1775 2966 πληρώσω
1802 2891 1903 2945 αὖ·

319 2987 399 3041 τό.
434 3005 453 3039 ι
504 2986 668 3039 Καὶὸ
702 2985 847 3050 θεῖος
910 2985 1238 3048 ’Δπόστολος
1285 2986 1343 3039 ἐν
1379 2984 1687 3048 άνοίξειτοῦ
1701 2984 1903 3054 στόμα·-

2000 515 2119 556 rnm
2155 511 2208 557 et
2233 502 2531 574 topazium.
2574 519 2596 556 ι
2639 502 2724 558 llli
2748 503 2967 574 quidem
3016 512 3168 559 tuam
3215 504 3589 573 despexerunt

2001 593 2176 665 legem
2226 611 2241 648 :
2282 608 2385 665 ego
2426 608 2560 649 vero
2597 601 2689 649 tua
2736 595 2993 649 mandata
3026 609 3163 650 auro
3203 593 3588 664 lapidibusque

1999 686 2259 755 pretiosis
2290 686 2617 743 amabiliora
2647 687 2810 743 duco.
2851 686 3113 756 Topazius
3144 687 3290 742 enim
3323 686 3463 756 lapis
3500 693 3585 739 est

1999 781 2298 850 pretiosus,
2331 794 2425 851 per
2448 795 2618 835 unum
2654 788 2840 835 autem
2863 795 3056 836 omnes
3088 779 3435 851 signiﬁcavit.
3471 777 3586 832 Car.-

2003 880 2178 926 terum
2229 870 2528 926 verisimile
2578 881 2665 926 est
2740 869 2833 925 illa
2887 880 3213 942 tempestate
3266 871 3413 926 hunc
3461 869 3588 925 aliis

2000 962 2286 1033 praelatum
2323 961 2517 1019 fuisse.

2073 1060 2243 1116 Vens.
2285 1061 2412 1116 1‘28.
2454 1079 2473 1113 ι
2523 1059 2820 1131 l’r0pterea
2854 1060 2920 1114 ad
2960 1061 3144 1116 omnia
3185 1060 3438 1115 mandata
3491 1068 3581 1113 tua

2000 1152 2301 1223 dirigehar,
2334 1167 2553 1207 onmem
2580 1152 2727 1205 viam
2762 1151 3007 1222 iniquam
3042 1153 3169 1207 odio
3191 1152 3380 1206 habui.
3423 1170 3442 1205 ι
3479 1151 3584 1206 De-

2001 1245 2265 1301 siderium
2290 1245 2435 1299 enim
2454 1244 2620 1300 animi
2645 1246 3134 1314 promptitudinem
3155 1244 3318 1301 eﬂicit
3348 1264 3362 1300 :
3394 1260 3577 1314 prom-

2000 1336 2217 1407 ptitudo
2254 1351 2382 1391 vero
2413 1337 2583 1390 animi
2618 1335 2855 1391 faciebat
2904 1345 2964 1390 ut
2987 1346 3189 1391 rectam
3218 1337 3360 1391 viam
3383 1338 3580 1392 suade-

2001 1438 2104 1488 ret.
2133 1441 2188 1483 et
2222 1430 2506 1499 iniustitiae
2545 1430 2797 1484 semitam
2835 1430 2962 1484 odio
3002 1428 3248 1485 haberet.

2072 1522 2241 1577 Vens.
2278 1523 2400 1577 129.
2439 1542 2458 1574 ‹
2489 1522 2767 1576 Mirabilia
2797 1521 3111 1575 testimonia
3140 1531 3254 1587 tua,
3281 1520 3402 1575 ideo
3427 1533 3586 1574 scru-

2004 1625 2117 1671 tata
2154 1625 2238 1671 est
2271 1631 2336 1670 ca
2367 1617 2553 1670 anima
2587 1630 2731 1669 mea.
2767 1632 2785 1665 ι
2848 1612 3103 1669 Ostendit
3146 1630 3204 1669 se
3247 1629 3353 1667 non
3383 1610 3588 1667 frustra

2006 1708 2203 1763 horum
2233 1709 2547 1764 studiosum
2583 1707 2777 1765 fuisse.
2807 1707 3185 1762 Admiratione
3234 1707 3381 1761 enim
3422 1703 3586 1771 digna

2003 1810 2153 1867 sunt,
2186 1800 2284 1866 ait,
2316 1810 2371 1855 et
2401 1816 2524 1871 quae
2553 1801 2770 1873 possint
2806 1802 3141 1866 demulcere,
3170 1809 3224 1854 et
3258 1798 3312 1853 in
3340 1812 3588 1851 amorem

2002 1894 2245 1950 excitare
2274 1909 2371 1949 eos
2406 1894 2501 1964 qui
2534 1909 2597 1950 ea
2634 1894 2949 1966 perspicere
2986 1894 3185 1949 valent.
3219 1890 3284 1947 Et
3312 1891 3587 1945 undenam

2003 1985 2078 2040 ho
2088 2001 2208 2039 rum
2243 1987 2504 2040 virtutem
2528 1987 2713 2042 nosti?

2074 2074 2245 2132 Vens.
2292 2075 2415 2131 150.
2457 2095 2476 2129 ι
2510 2074 2817 2132 Declaratio
2854 2089 3170 2132 sermonum
3201 2083 3418 2130 tuorum
3457 2072 3585 2127 illu-

2006 2168 2205 2232 minat,
2258 2178 2314 2222 et
2346 2168 2684 2222 intellectum
2717 2167 2811 2221 dat
2836 2166 3103 2237 parvulis.
3144 2183 3163 2217 ι
3197 2162 3339 2229 Τυο,
3382 2164 3584 2234 inquit,

2003 2260 2213 2314 lumine
2264 2259 2573 2315 illustratus
2633 2258 2775 2314 hanc
2819 2257 3106 2314 scientiam
3151 2256 3355 2326 accepi,
3407 2264 3462 2310 ct
3498 2264 3593 2308 tua

2005 2349 2092 2403 lex
2118 2349 2412 2418 prudentia
2444 2350 2643 2419 implet
2671 2365 2860 2406 omnes
2911 2350 3004 2420 qui
3034 2350 3343 2421 ignorantia
3365 2348 3592 2415 detenti,

2004 2450 2059 2495 et
2088 2440 2263 2493 instar
2302 2438 2596 2494 infantium
2625 2453 2776 2496 sunt.

2080 2530 2247 2585 Vens.
2282 2530 2403 2586 151.
2441 2548 2459 2582 ι
2491 2532 2566 2585 Os
2596 2545 2777 2586 meum
2805 2532 3017 2601 aperui,
3047 2530 3257 2603 1471
3304 2538 3359 2586 et
3391 2527 3591 2585 attraxi

2008 2622 2288 2694 spiritum,
2326 2623 2454 2693 quia
2483 2623 2741 2677 mandata
2772 2631 2863 2677 tua
2890 2623 3292 2679 desiderabam.
3328 2641 3349 2677 ι
3386 2614 3594 2680 ΟεΙιοο

2008 2714 2062 2769 iu
2097 2716 2219 2769 loco
2249 2723 2412 2770 vocat
2440 2715 2642 2769 mentis
2672 2714 3037 2769 alacritatem.
3072 2713 3202 2769 Haec
3241 2714 3389 2769 enim
3433 2713 3598 2784 spiri-

2008 2816 2100 2862 tus
2138 2807 2370 2878 gratiam
2420 2806 2665 2862 attrahit.
2698 2802 2919 2861 Etenim
2963 2806 3093 2861 alibi
3126 2806 3262 2861 dieit
3299 2823 3312 2860 :
3350 2823 3370 2857 ι
3415 2805 3596 2861 Dilata

2006 2919 2069 2957 os
2100 2909 2277 2961 tuum,
2306 2910 2360 2954 et
2398 2900 2640 2970 implebo
2670 2899 2801 2953 illud
2832 2909 2880 2956 ο.
2926 2919 2945 2951 ι
2984 2899 3054 2954 Et
3098 2899 3321 2955 divinus
3360 2898 3597 2970 Aposto-

2009 2994 2095 3047 lus
2169 3001 2429 3061 precatur
2476 3001 2537 3046 ut
2582 2992 2807 3046 verbum
2864 2991 2968 3047 sibi
3014 2992 3176 3046 detur
3218 2993 3271 3046 in
3315 2992 3600 3061 apertione

317 3094 410 3141 τος
437 3076 594 3146 λόγον
627 3076 850 3149 δοθῆναι
880 3077 1248 3148 παρεκάλεσε.
1280 3077 1391 3130 Καὶ
1426 3075 1591 3135 αὐτὸς
1621 3074 1679 3129 δέ
1711 3077 1739 3129 ό
1769 3073 1905 3146 Προ-

2018 3084 2131 3137 oris
2157 3079 2208 3137 ἀ.
2247 3082 2389 3137 Idem
2431 3098 2559 3137 vero
2602 3082 2871 3153 Propheta
2909 3082 2963 3137 in
3000 3083 3110 3136 alio
3140 3082 3397 3152 psalmo:
3435 3103 3453 3135 ι
3493 3084 3600 3137 Do-

321 3170 500 3239 φήτης
530 3172 587 3222 ἐν
611 3168 780 3239 ἑτέρῳ
817 3167 922 3239 ἔφη
955 3166 1189 3238 ψαλμῷ⁸
1229 3187 1247 3218 ι
1288 3166 1490 3238 Κύριος
1535 3165 1699 3218 δώσει
1752 3167 1905 3235 ῥῆμα

318 3264 431 3324 τοῖς
464 3260 974 3332 εὐαγγελιζομένοις
1009 3260 1243 3331 δυνάμει
1267 3259 1457 3329 πολλῇ.
1495 3278 1513 3310 ι
1545 3257 1777 3312 Τοῦτο⁸¹
1810 3259 1905 3312 καὶ

322 3354 559 3409 ἐνταῦθα
593 3354 697 3424 ἕςρη
723 3398 738 3422 ,
776 3374 793 3406 ι
829 3355 904 3408 Τὸ
933 3354 1111 3424 στόμα
1148 3371 1249 3425 μου
1278 3353 1465 3423 ήνοιξα
1491 3392 1505 3416 ,
1554 3352 1648 3406 καὶ
1676 3353 1904 3406 εἴλκυσα

323 3449 563 3519 πνεῦμα,
594 3448 677 3500 ὅτι
705 3447 804 3510 τὰς
831 3447 1049 3510 ἐντολάς
1085 3462 1178 3499 σου
1219 3446 1545 3500 ἐπεπόθουν.
1588 3465 1607 3498 ι
1643 3443 1905 3515 Γλιχόμε-

322 3541 413 3592 νόν
470 3556 536 3609 με
584 3539 690 3610 γὰρ
725 3539 833 3592 τῶν
868 3539 975 3592 σῶν
1031 3539 1264 3592 ἐντολῶν
1301 3539 1635 3608 θειασὰμιενο.⁸
1666 3537 1767 3607 τῆς
1803 3538 1904 3607 σῆς

325 3632 565 3701 ἠξίωσας
595 3633 837 3703 χάριτος.

398 3721 531 3793 ρλβ’.
603 3741 621 3773 ς
695 3722 1013 3793 Ἐπίὸλεψον
1059 3723 1147 3777 ἐπ’
1203 3724 1323 3795 ἐμὲ,
1367 3724 1462 3777 καὶ
1511 3723 1733 3795 ἐλέησόν
1788 3739 1902 3795 με,

328 3816 469 3867 κατὰ
501 3814 545 3844 θ’
582 3815 643 3866 τὸ
678 3817 852 3885 κρῖμα
886 3810 997 3867 τῶν
1043 3816 1385 3884 ἀγαπώντων
1426 3818 1484 3869 τὸ
1516 3815 1692 3885 ὖνομά
1724 3832 1838 3868 σου.
1878 3834 1899 3868 ι

327 3906 439 3974 Τῆς
467 3906 619 3968 θείας
649 3908 936 3977 εὐμενείας
1002 3909 1241 3961 ἱκετεύει
1302 3912 1510 3979 τυχεῖν,
1554 3909 1651 3978 οὐχ
1694 3906 1903 3975 ἁπλῶς,

327 3997 440 4049 ἀλλ’
469 3997 541 4059 ὡς
572 3998 790 4062 εἴωθας,
807 3998 963 4068 φησὶ,
986 4002 1098 4062 τοῖς
1125 4001 1378 4069 ἀγαπῶσι
1422 4018 1481 4054 σε
1517 4001 1780 4074 παρέχειν
1815 4000 1905 4054 τὸν

331 4090 499 4142 ἔλεον.
532 4090 703 4143 Τοῦτο
734 4091 847 4160 γάρ
877 4087 1019 4155 εἷπε,
1062 4111 1080 4143 ι
1140 4095 1297 4147 Κατὰ
1325 4095 1387 4148 τὸ
1426 4098 1601 4168 κρῖμα
1631 4095 1738 4148 τῶν
1770 4096 1907 4162 ἁγα-

330 4181 557 4232 πώντων
592 4179 653 4232 τὸ
672 4178 844 4248 ὄνομά
878 4196 972 4232 σου
995 4196 1009 4210 ·
1053 4201 1069 4234 ι
1106 4183 1226 4234 ἀντὶ
1256 4183 1373 4250 τοῦ,
1405 4185 1515 4254 Τῆς
1554 4185 1671 4257 ίσης
1699 4184 1905 4249 τούτοις

329 4273 637 4327 ἀπολαῦσαι
670 4272 853 4342 ψήφου
883 4274 1211 4345 παρακαλῶ.

403 4365 539 4432 ρλγ’.
585 4382 602 4413 ι
673 4362 755 4415 Τὰ
798 4364 1114 4435 διαϐήματά
1143 4384 1244 4436 μου
1300 4369 1632 4424 καοιτεύϐυνοπι
1672 4372 1813 4425 *αι-τὰ
1846 4371 1906 4424 τὸ

331 4456 506 4524 λόγιόν
530 4473 622 4508 σου
647 4471 661 4486 ⁸
698 4456 794 4509 καὶ
838 4456 914 4527 μὴ
959 4462 1447 4528 κατακυριευσάτω
1477 4480 1578 4532 μου
1608 4469 1756 4517 πᾶσα
1777 4465 1906 4518 ἀνο-

334 4549 451 4616 μία.
485 4568 501 4599 ι
561 4548 748 4618 Ἥμῶν
803 4548 912 4620 γὰρ
943 4551 1400 4619 προεκφερόντων
1443 4552 1541 4620 τὴν
1571 4554 1905 4624 προθυμίαν,

331 4641 424 4692 καὶ
444 4640 578 4693 Θεοῦ
613 4641 950 4712 παρέχοντος
976 4642 1074 4712 τὴν
1111 4642 1385 4713 βοήθειαν,
1427 4646 1520 4697 καὶ
1552 4644 1648 4716 τὴν
1676 4648 1905 4717 πορείαν

327 4735 668 4803 εὐθύνοντος,
705 4734 898 4806 χώραν
952 4735 1053 4787 οὐκ
1085 4734 1199 4805 ἔχει
1230 4737 1325 4806 τῆς
1355 4737 1631 4807 ἁμαρτίας
1675 4742 1708 4810 ἡ
1744 4739 1903 4793 δυνα-

330 4826 500 4880 στεία.

400 4918 528 4988 ρλδν.
568 4936 586 4968 ι
621 4918 912 4990 Λύτρωσαί
947 4935 1012 4986 με
1050 4917 1157 4970 ἀπὸ
1188 4918 1550 4987 συκοφαντίας
1575 4919 1903 4992 ἀνθρώπων,

1940 4415 1987 4471 ι)

2008 3166 2215 3232 ηιὶιιιιε’
2238 3176 2393 3231 dabit
2420 3178 2646 3232 verbum
2685 3176 3188 3247 evangelizantibus
3216 3176 3422 3231 virtute
3455 3177 3600 3231 titul-

2008 3279 2059 3323 ta
2101 3279 2148 3323 ε.
2193 3286 2211 3318 ι
2249 3267 2386 3322 illud
2420 3268 2587 3323 etiam
2634 3268 2736 3322 hoc
2778 3268 2984 3323 inloco
3025 3268 3178 3333 dicit,
3221 3286 3240 3319 ι
3286 3266 3361 3323 Os
3412 3283 3595 3322 meum

2007 3364 2221 3434 aperui,
2269 3371 2325 3417 et
2357 3360 2556 3416 attraxi
2589 3360 2865 3431 spiritum,
2901 3360 3164 3431 quoniam
3214 3361 3467 3415 mandata
3505 3368 3598 3415 tua

2006 3451 2410 3509 desiderabant.
2474 3468 2494 3502 ι
2543 3449 2681 3504 Cum
2734 3449 2882 3503 enim
2936 3456 3159 3504 tuorum
3213 3449 3597 3504 mandatorum

2007 3544 2282 3601 desiderio
2313 3558 2399 3599 me
2425 3541 2599 3598 teneri
2634 3541 2893 3607 vidisses,
2924 3549 3016 3596 tua
3062 3541 3238 3612 gratia
3272 3555 3360 3597 me
3389 3541 3589 3613 digna-

2010 3648 2099 3691 lllS
2130 3650 2212 3691 es.

2078 3728 2244 3785 Vens.
2284 3726 2409 3782 152.
2466 3746 2486 3779 ι
2525 3725 2758 3796 Respice
2798 3724 2867 3780 ad
2918 3739 3028 3791 me,
3069 3733 3124 3780 et
3163 3724 3429 3782 miserere
3470 3725 3598 3790 mei,

2007 3819 2309 3876 secundum
2328 3817 2595 3889 judicium
2618 3815 2964 3886 diligentiam
2993 3829 3191 3869 nomen
3216 3826 3393 3872 tuum.
3422 3835 3440 3867 ι
3469 3817 3603 3872 Orat

2008 3921 2068 3966 ut
2091 3912 2332 3965 divinam
2361 3919 2737 3979 consequatur
2768 3908 3228 3974 benevolentiam,
3254 3924 3362 3964 non
3389 3909 3604 3980 simpli~

2008 4005 2165 4069 citer,
2197 4003 2291 4058 sed
2328 4010 2389 4055 ut
2419 4002 2775 4070 diligentibus
2805 4010 2879 4067 te,
2921 3999 3121 4070 inquit,
3159 4000 3599 4056 misericordiam

2011 4098 2256 4166 praebere
2288 4094 2454 4150 soles.
2487 4090 2607 4147 Hoc
2639 4092 2784 4146 enim
2818 4092 2961 4146 dixit
2999 4109 3011 4145 :
3044 4111 3064 4143 ι
3103 4091 3414 4148 Secundum
3451 4094 3603 4164 judi-

2009 4189 2156 4244 cium
2184 4185 2529 4257 diligentium
2564 4198 2764 4238 nomen
2794 4184 2811 4203 ⁸
2831 4192 3010 4245 tuum,
3039 4200 3058 4234 ι
3092 4184 3250 4251 quasi
3278 4184 3465 4239 dicat:
3495 4183 3605 4239 0b-

2013 4296 2174 4336 secro
2234 4288 2291 4332 ut
2318 4277 2583 4346 aequalem
2621 4276 2707 4331 his
2739 4275 3066 4331 sententiam
3094 4284 3386 4345 reportent.

2088 4371 2257 4425 Vsus.
2288 4371 2410 4425 155.
2453 4388 2472 4421 ι
2510 4367 2747 4423 Gressus
2777 4383 2930 4423 meos
2944 4367 3119 4437 dirige
3152 4368 3453 4423 secundum
3486 4367 3604 4423 elo-

2014 4462 2205 4534 quium
2245 4470 2426 4524 tuum,
2475 4468 2529 4515 et
2566 4475 2635 4514 ne
2667 4459 2983 4514 dominetur
3042 4460 3097 4513 in
3131 4475 3220 4515 me
3253 4460 3362 4515 ulla
3395 4460 3600 4532 iniqui-

2016 4564 2123 4610 tas.
2169 4572 2188 4605 ›
2223 4550 2399 4607 Nobis
2430 4550 2578 4606 enim
2627 4549 3108 4621 promptitudinem
3161 4550 3599 4621 praeferentibus,

2012 4655 2066 4701 et
2096 4646 2204 4698 Deo
2247 4658 2407 4714 opem
2442 4640 2673 4709 ferente,
2710 4652 2873 4711 atque
2903 4642 3046 4696 viam
3072 4642 3360 4713 dirigente,
3390 4658 3599 4715 peccati

2014 4738 2098 4795 vis
2127 4748 2183 4795 et
2212 4739 2463 4811 tyrannis
2485 4735 2915 4807 haudquaquam
2946 4735 3124 4792 locum
3158 4736 3342 4792 habet.

2086 4918 2255 4975 Vens.
2282 4918 2405 4973 154.
2442 4937 2461 4971 ι
2496 4918 2721 4973 Redime
2743 4933 2831 4973 me
2851 4932 2881 4973 a
2911 4917 3187 4973 columnia
3212 4918 3521 4984 hominum,
3542 4926 3604 4974 ut

332 5009 425 5060 καὶ
488 5010 710 5078 φυλάξω
759 5010 858 5074 τὰς
895 5009 1116 5073 ἐντολάς
1166 5026 1285 5065 σου.
1331 5029 1350 5062 ι
1388 5011 1494 5065 Καὶ
1549 5011 1578 5064 ό
1628 5013 1905 5084 Δεσπότης

2018 5014 2323 5069 custodiam
2375 5012 2634 5067 mandata
2691 5020 2807 5067 tua.
2859 5030 2878 5065 ι
2928 5010 2996 5067 Ει
3029 5010 3291 5068 Dominus
3344 5011 3601 5067 Christus

333 5096 564 5167 Χριστὸς
622 5103 751 5167 τοὺς
801 5101 1230 5170 ὀνειδιζομένους
1289 5105 1383 5157 καὶ
1440 5106 1905 5174 συκοφαντιξομέ-

2018 5107 2330 5178 Opprobriis
2351 5115 2403 5162 et
2426 5104 2719 5162 calumniis
2736 5104 2962 5162 allectos
2987 5106 3178 5164 beatos
3205 5115 3261 5162 et
3287 5104 3475 5162 felices
3496 5121 3596 5161 vo-

412 5273 599 5329 cPsal.
626 5289 792 5344 Lxxx,
831 5277 917 5333 10.
956 5276 982 5316 ἀ
1008 5277 1208 5348 Ephes.
1242 5294 1317 5345 vr,
1353 5278 1440 5335 19.
1487 5291 1511 5321 ο
1542 5278 1689 5338 Psal.
1730 5298 1899 5353 uvu,
1931 5284 2023 5340 11.

1461 5416 1706 5475 νΑΡιιΔς
1742 5420 2131 5483 LECTIONES
2165 5415 2252 5472 ET
2287 5413 2502 5472 ΝΟΤᾹΞ

398 5538 944 5615 κηρὸς-τειατωρᾷ.
976 5536 1166 5615 ηοω-,ι
1200 5541 1393 5615 Omnia
1427 5543 1684 5615 mandata
1710 5553 1822 5609 tua,
1848 5562 1905 5601 on

2018 5564 2047 5610 ι,
2064 5547 2302 5615 inquam,
2335 5541 2699 5615 recfajudico.
2725 5540 2769 5575 ⁸⁵
2799 5542 2997 5615 Ἐξηῤ.
3024 5541 3229 5596 ταῦτα.
3252 5539 3441 5615 Hebr;
3454 5540 3605 5615 ροη-

325 5619 503 5686 serpat
531 5626 614 5686 eq.
665 5607 723 5686 '_‘_
741 5608 861 5663 cod.
957 5610 1115 5686 αρτὰ,
1143 5614 1486 5686 praemisso):
1506 5614 1706 5686 ἐφελκ.
1736 5607 1858 5686 qua:
1887 5633 1905 5671 ε

2018 5607 2105 5673 ec.
2137 5607 2320 5670 lectio.
2399 5613 2455 5686 ’ΤΑ
2476 5607 2880 5686 Τούτων-,ίοοιλ
2908 5607 3292 5686 ρηθιηπήν.
3359 5610 3405 5686 ξ’
3438 5613 3598 5686 Νηξτ.

332 5679 524 5741 llebr.,
544 5679 851 5753 simplices.
889 5679 1121 5753 "321;.
1145 5679 1403 5752 ῖττνεῦμα.
1423 5679 1611 5738 Hebri:
1646 5684 1715 5737 Et
1743 5679 1905 5740 anheli

2035 5704 2081 5742 s.
2111 5686 2335 5740 ittltiavi.
2417 5683 2623 5751 "I‘dp.
2654 5685 2774 5737 cod.
2814 5683 2835 5734 1
2872 5679 2996 5736 add.
3029 5683 3146 5739 καί.
3203 5679 3246 5717 δ”
3277 5682 3476 5739 Τοῦτο.
3514 5681 3592 5737 ib.

331 5753 578 5821 sequitur
607 5748 683 5805 δέ.
724 5748 770 5781 ⁸²
801 5749 1022 5804 Κατὰ-
1059 5751 1245 5823 ὄνομά
1272 5748 1409 5809 σου.
1455 5753 1644 5812 chr.:
1673 5753 1786 5812 Pro
1822 5773 1905 5810 mo

2018 5774 2084 5812 uo
2112 5774 2234 5827 erga
2260 5772 2346 5811 eos
2378 5754 2469 5825 qui
2495 5748 2675 5809 aniant
2710 5768 2895 5808 nomen
2936 5762 3102 5808 tuum.
