3974 6206
376 236 532 303 1863

1364 226 1856 290 THEODORETI
1895 223 2238 286 EPISCOPI
2271 222 2636 286 CYRENSIS

3506 212 3646 281 1864

374 354 565 412 cavit:
606 349 703 409 sed
736 363 899 405 orare
918 345 1085 404 etiam
1111 342 1297 416 jussit,
1336 358 1407 399 ne
1435 344 1647 398 intrent
1672 342 1729 397 in
1780 346 1956 395 tenta-

2083 354 2185 403 ὀυς
2219 338 2266 370 ι’
2316 336 2595 408 ζηλωτοὺς
2652 334 2748 390 καὶ
2812 333 3121 407 μακαρίους
3170 332 3466 391 ἐκάλεσεν·
3506 336 3649 390 ἀλλὰ

375 448 605 501 tionem.
640 444 920 499 Consonat
970 439 1135 508 igitur
1181 435 1517 507 evangelicis
1563 447 1786 504 quoque
1825 430 1958 503 legi-

375 540 481 594 bus
515 537 799 607 Prophetae
828 532 1039 606 1472
1072 529 1332 601 precatio.

448 716 616 771 Vens.
650 714 772 769 155.
805 733 823 764 ι
849 709 1064 766 Faciem
1089 716 1239 761 tuam
1264 703 1509 760 illumina
1547 717 1709 772 super
1741 714 1959 755 servum

379 818 554 869 tuum,
590 813 647 859 et
676 804 808 856 doce
843 816 926 854 me
951 797 1377 870 justilieatioues
1414 802 1557 847 tuas.
1603 811 1621 843 ι
1656 791 1798 845 Deus
1835 790 1957 859 qui-

379 902 502 955 dem
540 899 896 965 incorporeus
940 904 1045 957 est,
1087 900 1142 945 et
1177 889 1432 957 simplex,
1465 895 1519 940 et
1545 883 1963 955 compositionis

379 1006 612 1063 expers:
658 988 749 1043 sed
791 996 1053 1055 tanquam
1083 982 1149 1037 de
1204 996 1263 1035 re
1302 994 1589 1049 corporea.
1642 987 1695 1031 et
1725 977 1963 1031 crassius

380 1083 565 1138 divina
592 1080 879 1150 Scriptura
906 1077 971 1131 de
1001 1076 1118 1145 ipso
1156 1071 1422 1141 loquitur,
1451 1069 1733 1123 hominum
1769 1079 1960 1121 natura

379 1188 667 1230 sermones
719 1169 973 1224 metiens.
1020 1165 1364 1234 Quapropter
1413 1178 1508 1231 per
1558 1161 1754 1214 divinae
1810 1159 1961 1212 faciei

379 1263 933 1321 demonstrationem,
986 1257 1292 1325 intelligere
1343 1254 1605 1307 debemus
1654 1266 1837 1304 rerum
1872 1249 1965 1303 tri-

379 1361 545 1414 stium
587 1357 771 1418 tinem,
800 1362 854 1408 et
885 1354 1152 1406 bonorum
1181 1347 1541 1417 largitionem.

449 1448 620 1505 Vens.
656 1447 780 1501 156.
822 1464 841 1497 ι
881 1443 1076 1498 Exitus
1127 1454 1393 1509 aquarum
1445 1437 1785 1491 deduxerunt
1823 1432 1965 1488 oculi

378 1544 511 1610 mei,
543 1543 671 1612 quia
712 1555 820 1595 non
853 1534 1125 1592 custodivi
1166 1533 1336 1601 legero
1376 1539 1549 1584 tuam.
1590 1547 1608 1580 ι
1647 1525 1772 1582 Haec
1802 1527 1965 1580 etiam

379 1645 465 1692 est
491 1637 575 1690 lex
608 1632 910 1704 apostolica
942 1647 955 1683 :
1003 1646 1021 1678 ι
1062 1626 1119 1681 Si
1152 1627 1301 1680 enim
1332 1638 1499 1677 unum
1537 1621 1839 1674 membrum
1874 1633 1967 1687 pa-

382 1730 538 1793 titur,
571 1726 735 1783 simul
774 1724 1078 1795 patiuntur,
1121 1704 1320 1788 inquit,
1345 1715 1529 1770 omnia
1577 1714 1820 1768 membra
1848 1709 1892 1764 ί.
1942 1729 1961 1761 ι

380 1820 762 1890 Evangelicam
791 1817 957 1887 igitur
984 1812 1372 1886 perfectionem
1398 1808 1672 1879 Propheta
1693 1814 1972 1860 consecta—

380 1921 497 1975 tur,
533 1909 768 1965 aliorum
802 1906 1125 1975 iniquitates
1164 1901 1479 1970 deplorans.
1508 1899 1780 1952 Caeterum
1812 1910 1971 1965 aqua-

380 2019 499 2058 rum
520 2001 695 2056 exitus
723 2000 1087 2068 lacrymarum
1117 1992 1531 2048 multitudinem
1555 1987 1765 2042 voravit
1793 2004 1806 2039 :
1840 2001 1974 2055 qua-

380 2094 426 2148 si
456 2093 602 2146 dicat
636 2106 651 2142 :
693 2087 968 2141 Fluminis
1007 2085 1184 2139 instar
1226 2084 1499 2152 lacrymas
1545 2076 1964 2149 profundebam,

377 2199 503 2239 cum
536 2180 823 2235 hominum
855 2162 1059 2232 scelera
1088 2172 1491 2242 conspicerem.

448 2273 620 2333 Vens.
655 2271 781 2334 i37,
817 2269 940 2323 158.
979 2288 997 2321 ι
1034 2266 1227 2322 Justus
1276 2281 1360 2327 es,
1397 2263 1645 2325 Domine,
1675 2268 1731 2315 et
1759 2267 1967 2315 rectum

375 2368 641 2439 judicium
677 2374 852 2419 tuum.
903 2359 1172 2415 Maudasti
1220 2358 1368 2428 justa
1397 2364 1448 2410 et
1502 2353 1796 2409 admodum
1840 2367 1969 2407 vera

380 2457 694 2527 testimonia
742 2464 856 2510 tua.
900 2472 919 2505 ι
961 2450 1116 2508 Juste
1156 2450 1341 2506 omnia
1385 2449 1680 2517 gubernas,
1717 2443 1967 2512 Domine,

380 2562 434 2607 et
468 2550 754 2606 hominum
786 2560 974 2601 curam
1001 2558 1217 2614 gerens,
1251 2549 1303 2595 et
1326 2538 1555 2610 justitiae
1580 2537 1819 2591 cultores
1847 2533 1969 2588 red-

381 2644 511 2699 dere
533 2640 748 2697 volens.
776 2637 844 2691 Et
890 2636 1065 2706 legem
1097 2631 1317 2697 dedisti,
1349 2640 1405 2685 et
1437 2626 1969 2699 transgredientibus

384 2734 606 2791 testaris
662 2746 800 2802 quas
830 2742 1024 2802 poenas
1057 2724 1239 2780 daturi
1268 2724 1400 2787 sint,
1432 2730 1486 2776 et
1530 2716 1970 2776 custodientihus

382 2825 528 2881 bona
570 2822 792 2894 praemia
828 2816 1133 2891 promittis,
1162 2823 1215 2870 ct
1242 2813 1501 2885 operibus
1533 2810 1805 2880 promissa
1834 2823 1969 2864 con-

382 2919 592 2972 tinuas.
656 2913 770 2970 Hoc
843 2911 991 2967 enim
1047 2908 1252 2964 indicat
1307 2924 1321 2962 :
1365 2904 1431 2958 Ει
1489 2902 1772 2957 admodum
1823 2915 1966 2955 vera.

454 3183 624 3242 Vens.
665 3183 787 3238 159.
833 3179 1138 3235 Tabescere
1179 3191 1265 3232 me
1311 3174 1438 3230 fecit
1484 3173 1633 3228 zelus
1666 3183 1812 3237 tuus,
1848 3170 1975 3241 quia

386 3280 542 3337 obliti
584 3286 713 3332 sunt
758 3275 1045 3329 verborum
1080 3282 1301 3326 tuorum
1340 3266 1547 3323 inimici
1582 3265 1743 3319 mei.)
1787 3263 1851 3316 Et
1879 3266 1979 3317 ho-

2061 431 2157 484 καὶ
2216 429 2477 499 εὔξασθαι
2526 428 2889 502 παρεγγύησε
2931 428 3007 501 μὴ
3042 427 3307 482 εἰσελθεῖν
3330 429 3415 492 είς
3444 446 3647 501 πειρα-

2064 523 2223 590 σμόν.
2284 523 2585 593 Συμϐαίνει
2641 522 2836 576 τοίνυν.
2878 523 2991 584 τοῖς
3028 521 3411 590 εὐαγγελικοίς
3458 523 3650 592 νόμοις

2060 616 2155 668 καὶ
2179 616 2270 668 τοῦ
2314 617 2601 686 Προφήτου
2629 618 2662 685 ἡ
2695 615 2996 685 προσευχὴ.

2137 707 2262 776 ρλε’.
2298 724 2317 757 ι
2359 708 2433 760 Τὸ
2466 708 2757 778 πρόσωπόν
2785 726 2877 760 σου
2904 707 3171 776 ὲπίφανον
3216 706 3312 760 ἐπὶ
3340 707 3429 761 τὸν
3459 708 3651 762 δοῦλόν

2066 816 2184 864 σου,
2215 801 2312 852 καὶ
2343 798 2552 865 δίδαξὸν
2589 817 2657 869 με
2685 800 2752 852 τὰ
2793 799 3148 871 δικαιώματά
3179 807 3300 856 σου.’
3334 821 3354 853 ι
3392 800 3652 874 Ἀσώμα-

2061 908 2152 944 τον
2183 892 2282 962 μὲν
2299 891 2360 944 τὸ
2378 890 2553 958 Θεῖον,
2580 893 2675 944 καὶ
2696 891 2922 956 ἁπλοῦν,
2948 892 3041 944 καὶ
3064 891 3653 964 ἁσύνθετον.Σωματι-

2064 982 2303 1054 κώτερον
2334 984 2391 1035 δὲ
2421 984 2515 1036 καὶ
2546 982 2904 1054 παχύτερονή
2941 983 3060 1036 θεία
3089 984 3282 1054 Γραφὴ
3321 987 3450 1057 περὶ
3483 986 3650 1039 αὐτοῦ

2063 1075 2395 1145 διαλέγεται,
2450 1078 2516 1147 τῇ
2550 1075 2712 1144 φύσει
2760 1079 2823 1147 τῇ
2866 1076 2972 1128 τῶν
3005 1075 3314 1146 ἀνθρώπων
3367 1079 3652 1150 μετροῦσα

2064 1168 2191 1231 τοὺς
2249 1167 2464 1235 λόγους.
2522 1167 2825 1239 Τοιγαροῦν
2872 1168 2969 1221 τοῦ
3004 1168 3148 1221 θείου
3203 1169 3498 1240 προσώπου
3550 1172 3653 1240 τὴν

2066 1259 2388 1327 ἐπιφάνειαν
2420 1259 2640 1330 νοητέον
2670 1260 2771 1327 τὴν
2820 1258 2973 1311 λύσιν
3030 1260 3140 1311 τῶν
3206 1260 3492 1331 λυπηρῶν,
3555 1263 3655 1316 καὶ

2064 1349 2164 1420 τὴν
2195 1350 2301 1404 τῶν
2335 1351 2558 1419 ἀγαθῶν
2578 1351 2867 1422 χορηγίαν.

2140 1441 2283 1513 ρλς’.
2318 1459 2336 1494 t
2366 1440 2646 1506 Διεξόδους
2672 1440 2717 1473 ⁸⁵
2748 1441 2956 1495 ὑδάτων
2997 1441 3301 1496 κατέδυσαν
3358 1445 3406 1496 oi
3446 1443 3651 1512 ὀφθαλ-

2071 1533 2162 1605 μοί
2186 1551 2311 1605 μου,
2343 1534 2464 1586 ἐπεὶ
2497 1534 2601 1587 ούκ
2623 1533 2872 1609 ,ἐφύλαξα
2898 1532 2941 1565 ⁸⁸
2972 1532 3063 1586 τὸν
3093 1533 3258 1604 νόμον
3290 1551 3406 1590 σου.
3447 1552 3468 1587 ι
3487 1536 3650 1590 Ἀποο

2072 1626 2316 1688 στολικὸς
2346 1631 2440 1679 καὶ
2471 1620 2624 1690 οὗτος
2652 1629 2680 1680 6
2704 1626 2888 1696 νόμος,
2928 1644 2946 1676 ι
2989 1627 3053 1679 Et
3081 1626 3191 1696 γὰρ
3223 1628 3432 1699 πάσχῃ,
3459 1630 3651 1700 φησιν,

2070 1717 2128 1770 ἓν
2153 1717 2331 1788 μέλος,
2360 1718 2693 1789 συμπάσχει,
2724 1718 2861 1788 φησὶ
2891 1716 2958 1782 ⁸⁸,
2979 1719 3167 1792 Δπάντα
3193 1719 3262 1771 τὰ
3290 1720 3452 1790 μέλη.
3492 1739 3510 1772 ι
3542 1723 3655 1792 Τὴν

2070 1808 2430 1880 εύαγγελικὴν
2462 1810 2642 1864 τοίνυν
2686 1812 2715 1863 6
2756 1790 3048 1882 Προφήτης
3080 1811 3408 1881 μετέρχεται
3454 1790 3659 1867 τελειδ-

2069 1918 2231 1971 τητα,
2295 1900 2395 1965 τὰς
2450 1901 2559 1955 τῶν
2610 1901 2789 1955 ἄλλων
2838 1902 3186 1972 παρανομίας
3220 1902 3654 1974 ὀλοφυρόμενος.

2068 1993 2387 2060 Δωξόὸους
2438 1994 2494 2047 δὲ
2555 1993 2799 2047 ὑδάτων
2855 1993 2916 2046 τὸ
2965 1993 3171 2065 πλῆθος
3222 1994 3334 2048 τῶν
3396 1995 3656 2067 δακρύων

2069 2084 2350 2149 ἐκάλεσεν,
2383 2084 2505 2140 ἀντὶ
2528 2082 2646 2148 τοῦ,
2680 2083 2995 2155 Κρουνηδδν
3029 2084 3226 2154 ἕτερον
3251 2084 3295 2116 ⁸⁷
3321 2086 3393 2139 τὰ
3417 2078 3653 2159 δάκρυα,

2067 2174 2168 2240 τὰς
2188 2174 2296 2229 τῶν
2324 2174 2631 2247 ἀνθρώπων
2660 2175 3014 2246 παρανομίας
3035 2175 3331 2245 Θεώμενος.

2145 2264 2277 2335 ρλζν,
2295 2265 2432 2337 ρλη’.
2453 2284 2473 2318 ι
2495 2265 2714 2331 Δίκαιος
2735 2262 2805 2334 εί,
2821 2268 3124 2339 Κύριε,καὶ
3157 2268 3338 2333 εὐθεῖς
3364 2271 3420 2323 αί
3443 2269 3658 2340 κρίσεις

2071 2376 2188 2416 σου.
2240 2360 2524 2415 Ἐνετείλω
2555 2359 2907 2439 δικαιοσύνην
2958 2361 3027 2414 τὰ
3062 2360 3344 2433 μαρτύριά
3390 2378 3508 2427 σου,
3561 2363 3658 2415 καὶ

2070 2451 2326 2524 ἀλήθειαν
2384 2451 2609 2524 σφόδρα.
2671 2470 2691 2505 ι
2748 2452 2983 2517 Δικαίως
3045 2452 3264 2507 ἅπαντα
3319 2454 3552 2518 διέπεις,
3612 2448 3656 2508 ὦ

2069 2547 2341 2609 Δέσποτα,
2394 2546 2486 2598 καὶ
2530 2544 2638 2598 τῶν
2692 2543 2996 2616 ἀνθρώπιον
3042 2544 3364 2616 κηδόμενος,
3421 2545 3521 2597 καὶ
3570 2545 3654 2598 δι-

2071 2635 2372 2707 καιοσύνης
2403 2636 2643 2707 ἐργάτας
2668 2636 2951 2707 ἀποφῆναι
2975 2634 3320 2707 βουλόμενος.
3356 2638 3469 2690 Καὶ
3492 2638 3656 2708 νόμον

2072 2727 2312 2797 ἔδωκας,
2395 2729 2491 2782 καὶ
2555 2728 2906 2803 διαμαρτύρῃ
2970 2729 3099 2793 τοὺς
3180 2729 3654 2800 παραϐαίνοντας,

2070 2821 2261 2885 ὁποίας
2281 2820 2494 2874 τίσουσι
2543 2820 2722 2886 δίκας,
2760 2821 2852 2875 καὶ
2886 2822 3123 2893 ὑπισχνῇ
3171 2825 3285 2885 ιιοῖς
3326 2824 3657 2892 φυλάττουσι

2071 2912 2171 2977 τὰς
2234 2911 2446 2981 ἀγαθὰς
2484 2912 2805 2976 ἀντιδόσεις,
2840 2912 2934 2965 καὶ
2990 2912 3227 2981 βεϐαιοῖς
3285 2912 3381 2974 τὰς
3415 2915 3657 2981 ὲπαγγε·

1996 3026 2040 3085 c
2076 3003 2196 3068 λίας
2242 3005 2356 3068 τοῖς
2423 3002 2627 3074 ἔργοις.
2679 3002 2854 3056 Τοῦτο
2875 3003 2983 3075 γὰρ
3040 3002 3192 3074 δηλοῖ
3218 3003 3280 3057 τὸ
3339 3002 3660 3071 Ἀλήθειαν

2078 3097 2338 3166 σφόδρα.

2151 3189 2286 3261 ρλϐ’.
2321 3207 2340 3240 ι
2390 3188 2645 3261 Ἐξέτηξέ
2676 3205 2744 3260 με
2771 3190 2799 3243 ὁ
2828 3187 2991 3259 ζῆλος
3014 3206 3105 3243 σου
3128 3189 3196 3254 ⁸⁸,
3222 3190 3305 3243 ὅτι
3334 3189 3661 3244 ἐπελάθοντο

2079 3279 2188 3333 τῶν
2217 3279 2391 3348 λόγων
2429 3297 2524 3335 σου
2554 3284 2603 3334 οἱ
2634 3279 2821 3352 ἐχθροί
2845 3296 2971 3349 μου.
3016 3297 3036 3332 ι
3070 3280 3182 3333 Καὶ
3239 3280 3372 3343 τοὺς
3423 3296 3662 3353 παρανο-

388 3373 565 3428 mines
601 3368 787 3438 inique
814 3365 1059 3421 viventes
1089 3361 1360 3432 Propheta
1392 3356 1659 3425 deplorat,
1689 3352 1898 3424 1473
1925 3361 1978 3407 et

2084 3371 2184 3441 μία
2213 3369 2491 3435 συζῶντας
2532 3372 2561 3423 6
2588 3372 2885 3442 Προφήτης
2918 3369 3128 3440 θρηνεῖ,
3163 3368 3260 3422 καὶ
3287 3352 3663 3441 καταφρονού-

386 3466 755 3537 legislatorem
800 3459 1104 3529 neglectum
1147 3467 1398 3517 cernens,
1446 3451 1597 3521 juste
1643 3449 1979 3516 indignatur.

2085 3480 2244 3534 μενον
2265 3461 2408 3534 ὁρῶν
2433 3463 2524 3516 τὸν
2539 3462 2858 3534 νομοθέτην,
2883 3461 3106 3525 ἐνδίκως
3130 3462 3458 3529 ἀγανακτεῖ.
3494 3457 3663 3527 Οὗτος

387 3536 487 3612 llic
523 3561 538 3579 '
563 3555 713 3610 zelus
743 3552 1070 3607 Phineasum
1102 3544 1335 3601 summis
1356 3542 1614 3597 laudibus
1643 3540 1859 3594 extulit.
1882 3536 1982 3591 Hic

2083 3556 2107 3607 δ
2141 3553 2309 3625 ζῆλος
2338 3556 2433 3608 τὸν
2462 3557 2653 3618 Φινεὲς
2712 3554 3076 3624 ἁνεκήρυξεν.
3107 3547 3277 3616 Οὗτος
3336 3551 3431 3605 τὸν
3489 3554 3661 3623 μέγαν

388 3662 647 3719 magnum
665 3645 841 3699 Eliam
868 3642 1135 3697 celebrem
1156 3638 1302 3692 fecit.
1328 3634 1443 3689 Hoc
1467 3635 1630 3688 etiam
1646 3632 1763 3687 zelo
1782 3645 1979 3685 accen—

2097 3646 2285 3700 Ἡλίαν
2316 3647 2561 3718 ἀοίδιμον
2622 3644 2941 3700 ἀπετέλεσε.
2991 3643 3180 3716 Τούτῳ
3214 3643 3661 3715 πυρπολούμενος

388 3757 484 3797 sus
502 3739 868 3807 triumphator
894 3733 1202 3801 Stephanus
1239 3726 1555 3781 Judaaorum
1590 3722 1869 3794 perlidiam
1895 3734 1982 3775 re-

2083 3736 2166 3810 ["
2203 3739 2231 3790 6
2259 3736 2590 3809 καλλίνικος]
2625 3737 2897 3806 Στέφανος
2946 3737 3046 3808 τὴν
3100 3736 3374 3789 Ἰουδαίων
3400 3734 3661 3787 ἀπιστίαν

388 3834 627 3902 darguit.
648 3830 803 3885 Hunc
836 3828 890 3881 in
910 3841 967 3880 se
986 3826 1105 3893 ipso
1119 3820 1338 3875 divinus
1360 3817 1561 3871 Paulus
1584 3813 1980 3871 circumlcrens

2083 3829 2353 3900 διήλεγξε.
2403 3830 2604 3882 Τοῦτον
2646 3831 2703 3882 ἐν
2743 3829 2922 3900 ἑαυτῷ
2970 3828 3289 3898 περιφέρων
3316 3828 3345 3880 6
3376 3827 3662 3890 θεσπέσιος

389 3922 729 3979 exclamabat
777 3918 1007 3972 dicens:
1037 3931 1055 3964 ι
1111 3910 1246 3977 Quis
1290 3908 1621 3975 inﬁrmatur,
1654 3916 1707 3960 et
1733 3922 1832 3976 ego
1869 3921 1978 3959 non

2084 3921 2300 3983 Παῦλος
2333 3920 2461 3973 ἐϐόα
2494 3920 2690 3988 λέγων,
2729 3938 2749 3972 t
2790 3921 2886 3982 Τίς
2916 3918 3154 3985 ἀσθενεῖ,
3185 3918 3394 3972 καὶούκ
3415 3918 3656 3983 ἀσθενῶς

392 4009 676 4065 inlirmor?
707 4008 832 4078 quis
871 4003 1299 4066 scandalizatur,
1334 4008 1388 4055 et
1429 4014 1528 4071 ego
1564 4013 1672 4053 non
1701 4014 1834 4052 uror
1855 3997 1915 4052 εἳ
1953 4015 1972 4049 ι

2083 4012 2165 4076 τίς
2187 4012 2626 4077 σκανδαλίζεται,
2674 4012 2769 4064 καὶ
2796 4012 2897 4065 οὐκ
2929 4009 3039 4080 ἐγὼ
3080 4010 3365 4081 πυροῦμαι
3393 4028 3409 4075 ;
3438 4028 3459 4061 ι
3499 4012 3609 4063 Καὶ
3632 4011 3661 4063 6

391 4104 459 4159 Ει
484 4103 674 4157 beatus
700 4100 875 4154 Lucas
915 4097 981 4152 de
1005 4096 1126 4166 ipso
1160 4093 1236 4149 ait
1259 4094 1312 4159 ιλ,
1362 4107 1488 4146 cum
1538 4090 1766 4145 Athenis
1812 4096 1976 4149 esset,

2086 4106 2358 4178 μακάριος
2402 4105 2457 4159 δὲ
2517 4106 2733 4170 Λουκᾶς
2793 4106 2923 4176 περὶ
2978 4105 3147 4158 αὑτοῦ
3197 4120 3406 4174 φησιν,
3460 4104 3536 4166 ὡς
3599 4105 3655 4155 ἑν

390 4201 729 4249 coarctatum
774 4190 947 4245 fuisse
976 4188 1227 4257 spiritum
1264 4184 1407 4255 ejus,
1453 4198 1578 4239 cum
1612 4186 1811 4238 vide-ret
1844 4181 1979 4234 civi-

2094 4199 2348 4270 Ἀθήναις
2381 4199 2657 4269 συνείχετο
2692 4198 2754 4251 τὸ
2781 4198 2999 4267 πνεῦμα
3037 4195 3203 4249 αὑτοῦ
3253 4197 3311 4248 ὲν
3352 4195 3502 4264 αύτῷ
3536 4195 3659 4248 θεω-

393 4295 560 4342 tatem
592 4283 868 4339 idolorum
901 4279 1071 4334 cultui
1094 4277 1259 4353 valde
1289 4275 1550 4330 deditam.

2084 4292 2268 4363 ροῦντι
2307 4291 2631 4344 κατείδωλον
2673 4288 2840 4345 οὖσαν
2868 4290 2966 4360 τὴν
3005 4289 3185 4342 πόλιν.

460 4454 787 4524 νειιεξηθ.
815 4481 834 4513 ‹
866 4459 1098 4531 ignitum
1119 4453 1393 4524 eloquium
1422 4459 1577 4506 tuum
1599 4447 1969 4509 vehementer,

388 4570 449 4614 et
474 4574 666 4615 servus
688 4566 813 4611 tuus
835 4552 1027 4607 dilexit
1047 4548 1200 4603 illud.
1230 4565 1249 4598 ι
1279 4545 1572 4604 Probatos,
1600 4542 1696 4607 ait,
1722 4551 1777 4595 et
1802 4553 1970 4609 purus

395 4663 522 4706 tuus
556 4662 757 4710 sermo,
791 4655 844 4699 et
888 4624 960 4698 ab
997 4640 1145 4696 omni
1190 4635 1612 4707 reprehensione
1659 4636 1791 4688 liber
1825 4649 1839 4685 :
1872 4644 1972 4701 ego

398 4752 525 4794 vero
553 4736 765 4791 ardenti
798 4733 973 4804 ipsius
999 4744 1187 4785 amore
1220 4737 1432 4782 teneor.

468 4916 635 4972 Vens.
670 4914 796 4970 Ml.
838 4932 856 4963 ι
895 4910 1351 4965 Adolescentulus
1403 4919 1526 4961 sum
1573 4917 1692 4972 ego,
1741 4908 1795 4955 et
1841 4914 1974 4954 con-

397 5016 657 5078 temptus,
716 5000 1175 5074 justilicationum
1238 5005 1457 5051 tuarum
1518 5008 1629 5047 non
1680 5006 1799 5046 sum
1832 4991 1973 5045 obli-

397 5114 505 5156 tus.
558 5119 576 5151 ›
631 5096 862 5164 Quando
922 5093 1066 5147 Deus
1113 5091 1299 5145 divino
1337 5086 1579 5144 Samueli
1627 5083 1796 5155 jussit
1840 5084 1854 5123 ε
1913 5091 1974 5136 ut

463 5212 484 5253 ι’
513 5211 533 5265 Ι
557 5213 686 5267 Cor.
717 5226 814 5275 xn,
842 5208 934 5263 26.

1038 5208 1063 5246 ε
1089 5204 1133 5260 ll
1157 5203 1284 5272 Cor,
1318 5219 1395 5271 ιιι,
1425 5201 1516 5256 29.
1606 5199 1635 5239 ¹ι
1676 5201 1798 5253 Act.
1830 5214 1961 5262 xvu,
1994 5197 2083 5253 16.

2154 4455 2264 4519 ρμ⁹.
2306 4466 2324 4498 ι
2367 4446 2771 4516 Πεπυρωμένον
2804 4445 2864 4497 τὸ
2900 4445 3084 4507 λόγιόν
3126 4461 3221 4497 σου
3270 4444 3501 4515 σφόδρα,
3566 4442 3657 4494 καὶ

2078 4539 2107 4591 6
2139 4536 2323 4599 δοῦλός
2352 4553 2446 4588 σου
2469 4536 2760 4605 ⁴ἠγάπησεν
2795 4533 2946 4587 αὑτό.
2975 4551 2993 4583 ι
3032 4533 3288 4602 Δόκιμος,
3319 4534 3509 4600 φησὶν,
3543 4532 3656 4582 ἐστὶ

2080 4630 2175 4683 καὶ
2205 4626 2494 4697 ἀκίϐδηλος
2523 4627 2551 4678 6
2593 4625 2683 4689 σὸς
2709 4625 2890 4693 λόγος,
2924 4623 3019 4677 καὶ
3056 4620 3252 4693 μώμου
3277 4622 3480 4683 παντὸς
3510 4618 3656 4672 ὲλεύο

2081 4721 2277 4791 θερος·
2310 4718 2421 4785 ἐγὼ
2457 4718 2514 4771 δὲ
2565 4720 2695 4786 περὶ
2755 4716 2944 4770 τοῦτον
3005 4713 3209 4787 θερμὸν
3269 4713 3379 4785 ἔχω
3434 4714 3495 4766 τὸ
3537 4712 3654 4779 φίλ-

2078 4831 2207 4886 τρον
2236 4814 2303 4866 ⁵⁰.

2155 4910 2303 4975 ρμα’.
2334 4921 2353 4954 ι
2388 4900 2676 4972 Νεὼτερος
2726 4898 2837 4967 ἐγώ
2870 4899 3006 4970 εἰμι,
3052 4897 3149 4951 καὶ
3208 4894 3650 4965 ὲξουδενωμένος,

2078 4994 2150 5049 τὰ
2198 4993 2550 5064 δικαιώματά
2576 5007 2672 5045 σου
2705 4991 2806 5044 οὐκ
2835 4988 3205 5060 ἐπελαθόμην·
3242 5009 3261 5040 ι
3333 4988 3525 5041 Ἦνίκα
3579 4983 3653 5055 τῷ

2080 5086 2211 5157 θείῳ
2243 5085 2500 5156 Σαμουὴλ
2539 5081 2937 5154 παρηγγύησεν
2962 5082 2990 5133 ὁ
3026 5081 3159 5144 Θεὸς
3184 5082 3282 5135 ἕνα
3320 5080 3428 5135 τῶν
3455 5079 3652 5133 παίδων

2190 5209 2206 5237 ι
2249 5195 2264 5249 1
2298 5194 2432 5267 Reg.
2461 5210 2573 5261 xvr,
2603 5194 2746 5249 1-15.

969 5372 976 5377 .
1507 5316 1748 5372 νΑΒΙΛΕ
1778 5312 2166 5371 LECTIONES
2205 5313 2291 5368 ET
2319 5310 2551 5368 NOTAE.

473 5424 522 5458 “
546 5421 669 5479 cod.
707 5422 729 5475 1
775 5420 1333 5490 συκοφαντουμένους.
1400 5418 1447 5451 ⁸⁸
1467 5415 1785 5490 Διεξόδοιλς
1807 5444 1879 5454 -
1907 5414 1983 5482 ὀερ

2083 5430 2222 5490 μου.
2276 5411 2422 5465 Hebr
2454 5428 2467 5464 :
2494 5409 2908 5490 Rivipqu-arum
2956 5406 3329 5490 descenderunt
3372 5417 3435 5490 ea:
3490 5399 3649 5490 arcolis

395 5497 546 5549 meis.
592 5493 698 5546 Pro
727 5484 1027 5545 κατέδυσαν
1066 5484 1189 5546 cod.
1223 5490 1346 5545 Vat.
1380 5491 1541 5543 habet
1599 5485 1932 5554 κατέϐησαν,
1964 5501 1984 5535 a

2087 5484 2366 5554 euderunt,

398 5573 443 5619 t.
474 5564 537 5627 ll,
570 5577 620 5630 p.
648 5562 770 5625 456,
802 5562 932 5615 edit.
959 5560 1161 5616 Bened.
1195 5561 1336 5615 Idem
1368 5560 1494 5628 legit
1512 5552 1836 5630 ίδιῖ-ἐξοδους
1867 5570 1965 5622 pro

2083 5553 2281 5630 5.65994;

400 5626 545 5683 runt.
570 5626 584 5630 ’
619 5630 666 5662 ⁵⁸
694 5631 871 5696 Φησί.
902 5632 1074 5686 Abest
1102 5649 1131 5685 a
1190 5630 1312 5686 cod.
1354 5626 1444 5682 1.”
1508 5629 1550 5659 ⁵⁷
1584 5628 1656 5680 ib.
1693 5626 1972 5696 ἐφέροντο.

2414 5495 2578 5550 quam
2632 5469 2919 5550 lectionem
2977 5477 3240 5550 sequitur-
3274 5475 3460 5527 Ambr.

2359 5542 2552 5606 ισδυά,
2590 5549 2745 5603 Alex.
2795 5542 3089 5614 ἐφύλαξαν.
3147 5544 3313 5600 Hebr.
3363 5542 3649 5614 custodire-

2079 5611 2124 5654 ’ῖδ
2169 5611 2427 5687 Ὁγζῆλός
2461 5634 2599 5674 σου.
2640 5611 2839 5686 Βοῦν(
2857 5616 2998 5671 zelus
3036 5633 3198 5671 meus.
3308 5615 3352 5646 δ’
3381 5612 3421 5665 Ε
3444 5612 3560 5666 cod.
3596 5611 3643 5664 1.

408 5699 455 5731 ⁸⁸
490 5697 566 5750 Τὸ
602 5693 872 5763 φίλτρον.
895 5702 1017 5756 cod.
1044 5701 1070 5754 1
1099 5701 1191 5755 τὸν
1218 5700 1401 5767 ζῆλον,
1425 5698 1655 5767 ascripta
1685 5693 1864 5750 tamen
1925 5693 1984 5748 let

2083 5708 2161 5749 me
2195 5693 2383 5747 altera.
