3976 6178
1726 193 1836 198 me-
1864 191 3500 202 ,η-ψ-..Ἢη--μηη

332 201 730 211 _.______.__..

252 194 3506 254 ἐξῇ-Μ
356 242 622 251 ._____
645 224 3506 248 ,ΨΜ

1854 232 1923 239 ς-η..

1591 336 1756 380 ANNO
1802 336 2028 378 DOMINI
2078 338 2177 378 DC.

589 484 1662 651 SANCTUS
1802 480 3192 640 EUTBOPIUS

1524 726 1723 775 ABBAS
1760 725 1836 775 ET
1873 723 2235 775 EI’ISCOPUS.

827 947 1313 1038 NOTITIA
1367 944 2009 1030 HISTOBICA
2066 947 2181 1026 IN
2239 947 2989 1033 EUTROPIUM.

1283 1124 1500 1189 (Antonii
1526 1123 1650 1172 Bibl.
1678 1122 1811 1185 Hisp.
1842 1124 1951 1174 Vef.
1982 1134 2017 1175 t.
2045 1126 2082 1188 Ι,
2110 1142 2155 1189 ρ.
2183 1130 2293 1191 283,
2317 1144 2366 1178 n.
2396 1132 2490 1195 li.)

1869 1235 1932 1249 α-

314 1328 607 1397 Eutropius
633 1324 895 1393 sequitur,
927 1321 1133 1375 duobus
1176 1319 1285 1387 jam
1312 1317 1538 1372 laudatis
1554 1315 1828 1368 Liciniano
1861 1306 1902 1361 A
1936 1296 2119 1397 simum
2143 1296 2451 1397 [inti-cpiunt
2474 1304 3065 1397 monasterii_Servitani
3085 1303 3351 1397 abbatem,
3399 1308 3520 1377 fuit.

244 1442 310 1481 ac
337 1423 540 1476 Severo
588 1417 844 1485 aequalis,
876 1429 1034 1483 quem
1081 1421 1135 1465 et
1186 1412 1264 1466 sic
1303 1409 1557 1464 describit
1601 1408 1837 1462 Isidorus

246 1518 391 1583 (cap.
450 1510 575 1581 32):
622 1508 904 1577 Eutropius
934 1504 1176 1558 Ecclesia:
1212 1502 1501 1555 Valentiam
1542 1500 1833 1569 episcopus,

246 1606 369 1656 dum
399 1602 569 1653 adhuc
600 1600 651 1651 in
690 1596 1003 1651 monasterio
1048 1594 1316 1647 Servitano
1346 1592 1548 1662 degeret
1593 1600 1641 1644 et
1689 1600 1839 1658 pater

246 1706 380 1747 esset
406 1690 801 1755 monachorum,
849 1688 1055 1757 scripsit
1077 1686 1144 1737 ad
1172 1686 1459 1753 episcopum
1492 1683 1834 1745 Licinianum,

244 1790 389 1857 cujus
417 1802 576 1853 supra
607 1783 819 1853 fecimus
842 1782 1169 1845 mentionem,
1187 1777 1335 1832 valde
1352 1777 1527 1829 utilem
1550 1776 1838 1847 epistolam,

242 1881 295 1933 in
318 1894 416 1948 qua
461 1877 585 1946 petit
614 1872 678 1927 ab
705 1872 884 1927 eodem
922 1888 1015 1941 pro
1045 1887 1145 1941 qua
1174 1887 1228 1923 re
1256 1869 1527 1939 baptizatis
1555 1867 1841 1939 infantibus

244 1967 538 2021 chrismatis
559 1966 729 2019 unctio
766 1964 1041 2017 tribuatur.
1093 1960 1167 2014 De
1217 1961 1316 2015 bac
1345 1958 1571 2028 epistola
1615 1959 1666 2011 in
1699 1957 1840 2013 Lici-

246 2059 407 2111 niano
431 2056 683 2109 diximus.
719 2052 969 2121 Adjungit
1000 2050 1274 2105 Isidovus:
1307 2048 1527 2116 Scripsit
1553 2057 1602 2100 et
1630 2046 1697 2125 ad
1728 2045 1837 2099 Pe-

248 2161 380 2204 trum
432 2150 725 2219 episc0pum
761 2145 1127 2199 Irtabicensem
1189 2141 1602 2213 (Ercuvicensem
1656 2140 1840 2206 legen-

246 2240 396 2309 dum)
428 2239 497 2292 de
548 2238 879 2291 districtione
926 2234 1312 2288 monachorum
1353 2248 1589 2286 sermone
1643 2229 1840 2284 salubri

249 2330 592 2398 compositam
638 2326 945 2395 epistolam,
996 2332 1045 2377 et
1090 2322 1238 2376 valde
1288 2322 1553 2375 monachis
1602 2336 1840 2374 necessa-

252 2422 386 2471 riam
429 2419 532 2487 (a).
583 2416 817 2471 Joannes
866 2415 1187 2470 Biclarensis
1224 2414 1274 2467 in
1323 2414 1588 2468 Chronico
1620 2412 1842 2477 (anno?)

250 2510 525 2577 Mauricii)
553 2527 565 2561 :
597 2506 879 2579 Eutropius
910 2507 1070 2561 abbas
1094 2508 1391 2561 monasterii
1421 2506 1704 2572 Servitaui,
1730 2506 1839 2560 dis-

248 2601 451 2671 cipulus
476 2601 645 2653 sancti
675 2600 723 2653 D
760 2601 869 2653 nati
892 2601 1062 2654 clarus
1091 2600 1323 2654 habetur.
1356 2598 1501 2653 Idem
1530 2640 1546 2668 ,
1595 2599 1650 2653 in
1696 2598 1839 2654 refe-

1942 1386 2059 1454 Quo
2101 1390 2224 1457 quid
2266 1390 2522 1447 illustrius
2573 1402 2732 1463 atque
2774 1394 3033 1464 Eutropio
3084 1395 3525 1455 honoriﬁcentius

1940 1477 2045 1531 dici
2078 1479 2286 1547 potuit?
2314 1480 2533 1535 Summa
2582 1484 2722 1537 enim
2778 1484 2919 1552 apud
2959 1484 3263 1538 universam
3304 1494 3523 1553 gentem

1941 1570 2283 1635 auctoritate,
2337 1571 2703 1643 doctrinzeque
2751 1589 2814 1628 ac
2857 1575 3155 1629 sanctitatis
3196 1577 3391 1631 merito
3439 1580 3521 1631 vi-

1941 1675 2067 1729 gere
2097 1665 2334 1732 oportuit
2363 1681 2505 1731 eum,
2538 1668 2771 1737 quicum
2815 1669 2979 1722 abbas
3009 1678 3214 1723 tantum
3262 1682 3403 1726 esset
3427 1686 3524 1726 cu-

1936 1751 2149 1820 jusdam
2181 1756 2510 1823 monasterii,
2535 1766 2615 1811 tot
2640 1757 2779 1813 inter
2801 1758 2963 1813 tutius
2988 1757 3253 1829 Hispania}
3276 1762 3529 1831 pI'IBsUIeS

1945 1858 2080 1899 unus
2111 1844 2355 1900 Leandro
2395 1847 2814 1917 metropolitano
2862 1847 3195 1919 Hispalensis
3251 1853 3523 1920 Ecclesize,

1943 1940 2275 2009 doctissimo,
2306 1943 2643 1998 sanctissimo
2668 1986 2683 2010 ,
2716 1960 2779 2001 ac
2808 1949 2949 2015 regis
2993 1947 3258 2003 avunculo
3306 1948 3527 2017 :equalis

1895 2044 1901 2051 ‘
1944 2034 2088 2087 visus
2115 2033 2292 2101 fuerit,
2326 2036 2411 2104 qui
2443 2052 2564 2093 cum
2591 2053 2657 2093 eo
2680 2055 2940 2093 summam
2968 2056 3147 2095 rerum
3193 2043 3379 2096 consili
3400 2043 3529 2098 irius

1942 2125 2311 2193 gubernaret,
2335 2142 2401 2181 ac
2453 2129 2901 2197 pestilentissimae
2930 2139 3089 2186 secta!
3136 2133 3203 2187 ab
3253 2132 3522 2203 Hispania:

1943 2216 2198 2271 limitibus
2226 2220 2493 2288 generalis
2521 2220 2915 2274 exturbationis
2953 2222 3171 2276 modum
3198 2230 3252 2278 et
3295 2223 3520 2277 formam

1942 2311 2329 2380 praescriberet.
2363 2311 2655 2367 Beatissimi
2683 2314 2899 2382 quidem
2927 2314 3066 2368 sicut
3117 2324 3173 2369 et
3196 2317 3360 2369 sancti
3413 2317 3530 2371 elo-

1941 2404 2109 2472 gium,
2161 2420 2269 2473 quo
2300 2403 2623 2460 Biclurensis
2652 2406 2720 2461 de
2758 2404 3020 2475 Eutropio
3063 2407 3291 2477 loquens
3338 2409 3526 2472 utitur,

1943 2495 2244 2550 viventibus
2273 2495 2471 2559 adhuc,
2497 2494 2593 2550 sed
2620 2496 2907 2564 episco,.is,
2944 2497 3028 2550 vix
3073 2506 3252 2553 autem
3284 2498 3402 2552 aliis
3436 2499 3530 2553 tri-

1944 2586 2127 2639 butum
2182 2586 2383 2643 videas.
2415 2584 2713 2641 Beatissimi
2735 2588 3032 2642 sacerdotes
3060 2588 3111 2642 in
3150 2589 3382 2643 concilio
3426 2589 3529 2643 isto

246 2691 428 2745 rendis
474 2690 686 2745 concilii
736 2689 980 2745 Toletani
1020 2706 1112 2759 ιιι,
1160 2690 1260 2745 sub
1287 2689 1596 2747 Réccaredo
1628 2691 1838 2748 Gotbo-
1871 2680 1911 2738 Β
1943 2678 2102 2733 lenio
2132 2694 2161 2731 ³
2211 2677 2522 2735 ηθοοθΐθάο
2570 2678 2976 2749 appellamur“
3027 2679 3119 2748 (Ιιιί
3169 2678 3528 2734 ίιιιετίυθτίληι

249 2800 366 2838 rum
388 2798 537 2854 rege,
566 2785 722 2851 actis,
750 2783 1109 2852 damnataque
1132 2783 1185 2837 in
1207 2798 1273 2838 eo
1295 2782 1491 2838 Ariana
1514 2784 1789 2855 impietate
1819 2802 1831 2835 :

251 2876 469 2931 Summa
519 2884 687 2929 tamen
716 2875 987 2945 synodalis
1016 2874 1133 2945 (ait)
1186 2874 1379 2945 negotii
1404 2891 1555 2944 penes
1601 2882 1834 2928 sanctum

254 2964 555 3020 Leandrum
589 2963 918 3035 lbispalensis
950 2962 1196 3019 Ecclesia:
1224 2969 1535 3035 episcopum,
1567 2972 1615 3017 et
1644 2962 1837 3016 beatis-

322 3099 399 3167 (α)
434 3097 695 3151 Noveram
728 3111 829 3166 ego
859 3096 1065 3166 priilrm
1098 3098 1234 3152 inter
1258 3098 1599 3152 bibliotheca:
1627 3098 1834 3152 Vatica-

251 3184 332 3223 na:
386 3168 609 3222 Codices
659 3168 787 3221 olim
821 3170 1073 3222 sereniss.
1100 3168 1380 3222 Christian:
1423 3168 1718 3221 Succorum
1748 3184 1835 3221 re-

250 3240 412 3305 ginze,
443 3238 540 3291 sub
564 3253 709 3291 num.
744 3236 867 3303 140,
922 3249 1135 3292 exstare
1164 3239 1301 3292 hanc
1352 3237 1450 3291 Eut
1482 3239 1589 3305 opii
1622 3238 1687 3291 ad
1736 3235 1837 3291 Pc-

256 3319 396 3361 trum
425 3305 828 3362 Ercavicensein
861 3309 1166 3375 cpi-tolum,
1188 3323 1347 3377 quam
1375 3323 1526 3377 teque
1548 3324 1609 3361 ac
1632 3318 1835 3371 noster,

253 3386 311 3432 ut
335 3378 453 3447 ejus
485 3378 536 3431 in
568 3379 668 3431 hoc
709 3378 830 3431 loco
854 3380 1125 3431 silentium
1175 3380 1393 3441 unticat,
1447 3378 1668 3431 omnino
1721 3378 1834 3430 ine-

248 3450 417 3501 ditam
449 3449 731 3518 putabam;
781 3462 951 3517 eaque
972 3453 1253 3502 occas‘one
1301 3448 1367 3502 ad
1400 3448 1569 3500 virum
1603 3447 1835 3502 01³νὶςηὶ-

252 3535 397 3570 mum
422 3517 623 3585 reg3um
655 3517 1055 3578 consiliarium,
1090 3519 1345 3585 regioque
1379 3518 1592 3571 ltOlllIllC
1614 3532 1837 3585 genera-

251 3586 357 3639 lem
384 3588 433 3639 in
463 3556 601 3639 lirbe
633 3586 967 3653 negotiorum
1000 3556 1273 3656 llispa‘iiim‘
1296 3557 1712 3653 curatoremfl).
1748 3586 1838 3644 Ni-

250 3659 463 3711 colaum
509 3656 925 3720 Azaram,cujus
949 3674 1054 3712 non
1076 3660 1239 3711 semei
1260 3658 1390 3710 alias
1408 3659 1613 3711 benevo
1638 3658 1838 3710 entiam

251 3735 512 3795 expertus
534 3728 756 3788 lueram,
786 3726 990 3780 litteras
1012 3727 1131 3780 dedi
1160 3738 1425 3796 rogatum,
1457 3737 1515 3780 ut
1542 3728 1639 3781 uiri
1670 3732 1839 3780 niaxi-

253 3812 353 3849 mu:
388 3798 545 3850 molis
592 3796 821 3864 cpistola
874 3806 1055 3858 esset,
1106 3798 1220 3863 ejus
1247 3799 1550 3865 exemplum
1606 3798 1839 3851 describi

252 3868 383 3919 mihi
425 3875 762 3934 procuraret.
794 3866 995 3919 Annuit
1034 3866 1179 3920 illico
1210 3868 1345 3920 votis
1377 3868 1511 3921 meis
1544 3867 1621 3919 vir
1653 3868 1841 3920 Imma-

251 3936 504 3989 nissimus
530 3941 936 4004 litterarumque
979 3952 1040 3990 ac
1072 3938 1224 4005 patrii
1276 3936 1486 3991 decoris
1534 3938 1841 3991 aiuautissi-

252 4022 392 4068 mus,
446 4021 616 4072 eaque
661 4006 1084 4059 eminentissimo
1131 4008 1350 4060 domino
1379 4007 1434 4061 S.
1464 4007 1527 4060 R.
1561 4006 1619 4059 E.
1653 4008 1836 4061 caidi-

253 4077 360 4129 nali
415 4074 703 4129 Fiancisco
754 4074 984 4130 Xaierio
1060 4074 1268 4131 Loladrc
1326 4077 1466 4131 sedis
1529 4078 1836 4145 apostolica:

251 4145 682 4213 bIbItUlht‘Cal'lO,
715 4147 913 4200 eximio
943 4148 1243 4201 studiorum
1273 4146 1401 4201 olim
1436 4162 1678 4201 meorum
1718 4149 1835 4201 fau-

818 4313 865 4320 οὔ

253 4304 2234 4331 ωὓρ-κη-...κ--ῌ

1935 2774 2191 2842 episcopi.
2226 2772 2387 2827 Extra
2413 2772 2514 2827 hos
2534 2772 2602 2827 de
2631 2771 2888 2841 Eutropio
2920 2772 3144 2837 dictum,
3179 2785 3245 2826 eo
3278 2778 3523 2840 tempore

1934 2880 2041 2933 quo
2067 2865 2309 2919 Leander
2338 2876 2549 2920 sanctus
2571 2866 2835 2921 duntaxat
2860 2864 3042 2930 audit,
3074 2865 3355 2919 beatissimi
3387 2879 3526 2934 pra:-

1935 2957 2149 3011 conium
2176 2958 2429 3013 eximium
2455 2960 2584 3027 quid
2615 2959 2773 3029 plane
2800 2960 3063 3014 continet.

1937 3092 2038 3146 tori
2070 3091 2354 3155 exposuit:
2390 3091 2511 3159 qui,
2568 3091 2709 3145 nulla
2741 3090 3023 3160 interjccta
3055 3104 3203 3142 mora
3232 3131 3246 3153 ,
3279 3087 3527 3160 cpi-tolm

1938 3162 2305 3232 apographmn
2337 3176 2367 3215 e
2423 3161 2682 3215 Vaticano
2727 3159 2914 3232 quem
2944 3160 3163 3232 prie-ixi
3205 3161 3403 3232 (lodice
3433 3159 3529 3212 de-

1938 3230 2075 3287 sumi
2103 3232 2332 3298 jus~itet
2352 3247 2474 3286 cum
2499 3234 2795 3301 archetypo
2817 3231 3071 3286 collatum
3095 3231 3315 3285 domino
3342 3230 3529 3283 Azaras

1939 3303 2003 3354 ad
2035 3317 2118 3355 me
2147 3303 2467 3369 quantocius
2498 3300 2874 3355 remittendum
2909 3302 3148 3369 tradidit,
3180 3311 3237 3355 ut
3275 3308 3411 3354 intra
3446 3300 3527 3353 bi—

1942 3380 2141 3425 mestre
2205 3374 2437 3440 spatium
2488 3372 2774 3427 desiderati
2834 3371 3087 3425 dusiderii
3145 3373 3250 3425 mei
3300 3385 3526 3436 compos

1940 3442 2151 3496 abunde
2183 3440 2389 3496 liorem.
2425 3442 2529 3494 Pro
2581 3443 2775 3509 insigni
2805 3441 2987 3509 itaque
3031 3450 3087 3495 et
3141 3458 3413 3512 nunquam
3438 3442 3525 3512 ing

1942 3513 2290 3567 termorituro
2321 3512 2602 3577 beneﬁcio,
2651 3522 2829 3577 grates
2859 3525 2959 3580 ego
3007 3521 3065 3565 ut
3092 3510 3317 3566 referam
3348 3551 3365 3575 ,
3396 3510 3528 3564 nihil

1943 3584 2139 3648 habeo,
2174 3583 2270 3635 nisi
2300 3581 2624 3649 siprolixarn
2654 3582 3062 3649 beneticamque
3110 3584 3388 3651 utriusque
3413 3621 3427 3646 ,
3472 3592 3526 3633 et

1942 3657 2011 3708 ob
2060 3652 2421 3720 amplis=imos
2476 3652 3083 3721 quibusqbouestantur
3139 3653 3417 3717 honores,
3473 3661 3528 3703 et

1944 3724 2179 3777 maxime
2208 3723 2276 3775 ob
2302 3720 2551 3791 praeclara
2583 3724 2634 3775 in
2665 3720 3023 3773 Christianam
3049 3731 3211 3789 atque
3235 3721 3524 3789 Hispanam

1945 3793 2329 3861 rempublicam
2385 3792 2576 3845 merita
2608 3792 2987 3857 spectatissimi
3037 3793 3157 3851 viri,
3214 3793 3266 3845 in
3315 3792 3523 3845 litteras

1944 3878 2237 3929 earumque
2265 3864 2501 3917 cultores
2548 3862 2878 3915 Voluptatem
2934 3862 3135 3931 ubique
3170 3862 3525 3931 depm‘diccm

1945 3948 2187 3999 siirzciue
2218 3949 2249 3998 p
2275 3932 2518 3985 isteritati
2543 3947 2885 3996 consecrem;
2910 3938 3055 3999 quod
3104 3941 3157 3986 et
3187 3933 3322 3987 facio
3355 3932 3523 3986 liben-

1890 4056 1903 4072 ,
1947 4006 2170 4060 tissime.
2207 4002 2527 4070 Vulgaverat
2553 4018 2671 4072 eam
2714 4002 2841 4056 olim
2875 4012 3050 4056 tamen
3083 4018 3147 4057 ac
3195 4004 3352 4071 longe
3401 4018 3450 4055 τι·
3476 4010 3528 4056 te

1866 4059 1906 4113 ί)
1942 4059 2123 4127 nostra
2156 4059 2398 4141 tenipiira
2443 4072 2609 4127 Lucas
2660 4071 2965 4127 llolstenius
2994 4074 3045 4127 in
3076 4072 3272 4130 Codice
3288 4059 3524 4142 regular.

1940 4145 2288 4198 nionasticar.
2320 4142 2490 4197 Paris.
2518 4142 2672 4210 1655,
2704 4145 2757 4197 in
2790 4144 3044 4213 append,
3066 4158 3188 4213 pag.
3209 4143 3298 4197 82.

2314 4307 3299 4333 mm

2268 4307 2309 4317 ..-

2246 4322 3523 4333 um..—

1064 4421 1730 4534 SANCTI
1807 4423 2703 4536 EUTROPII

1523 4610 1789 4660 ABBATIS
1824 4612 1903 4662 ET
1937 4612 2219 4664 EPISCOPI

896 4753 1526 4861 EPISTOLA
1583 4752 1751 4857 AD
1805 4754 2341 4861 PE'I‘RUM
2400 4752 2887 4862 PAPAM.

1505 4920 1614 4979 DE
1670 4919 1909 4982 OCTO
1965 4919 2278 4981 VITIIS.

1579 5063 1677 5126 (Ex
1701 5019 2017 5114 BiblidtTPst.
2045 5068 2084 5114 t.
2108 5063 2263 5125 VIII.)

318 5244 457 5299 Octo
478 5252 605 5299 sunt
629 5243 753 5298 vitia
776 5242 1088 5313 principalia
1106 5257 1223 5312 qu:e
1246 5242 1534 5295 humanum
1559 5255 1728 5309 genus
1752 5241 1832 5293 in-
1864 5241 2055 5303 Dsive
2102 5240 2318 5295 taedium
2362 5240 2570 5306 cordis;
2619 5240 2928 5310 septimum,
2980 5240 3299 5305 cenoiloxia,
3348 5240 3397 5293 id
3444 5250 3522 5293 est

248 5341 467 5392 testam.
503 5336 778 5400 Primum,
810 5337 1212 5406 gastrimargia,
1240 5335 1385 5406 quod
1434 5346 1588 5389 sonat
1637 5334 1838 5388 ventris
1936 5332 2194 5401 jactantia
2240 5349 2333 5387 seu
2383 5349 2519 5387 vana
2544 5334 2747 5402 gloria;
2780 5341 3026 5388 octavum
3049 5374 3063 5395 ,
3095 5332 3365 5400 superbia.
3398 5330 3521 5386 Ilaec

247 5429 544 5494 ingluvies;
566 5426 1176 5493 secunduni,fornicatio
1196 5444 1209 5493 ;
1227 5426 1834 5495 tertium,philargyria,
1940 5426 2102 5494 igitur
2128 5435 2252 5483 octo
2275 5426 2426 5493 vitia,
2456 5425 2579 5479 licet
2603 5424 2845 5479 diversos
2873 5434 3024 5478 ortus
3050 5438 3111 5477 ac
3136 5421 3379 5475 dilbcilts
3408 5423 3521 5475 ctli-

243 5519 297 5573 id
327 5528 413 5573 est
442 5518 701 5583 avaritia,
748 5519 859 5572 sive
888 5534 1041 5571 amor
1069 5519 1343 5588 pecuniae;
1385 5524 1666 5586 quartum,
1714 5516 1787 5569 ira
1816 5560 1830 5581 ,
1939 5519 2164 5574 cientias
2191 5520 2447 5584 habeant,
2499 5534 2591 5574 sex
2625 5528 2804 5573 tamen
2835 5518 3050 5588 priora,
3085 5515 3135 5567 id
3184 5524 3265 5569 est
3289 5556 3303 5579 ,
3338 5520 3521 5583 gastri-

244 5612 492 5680 quintum
516 5652 529 5671 ,
579 5608 819 5673 tristitia;
849 5620 1084 5677 sextum,
1113 5610 1292 5665 acedia
1315 5652 1329 5677 ,
1381 5609 1430 5663 id
1461 5618 1544 5664 est
1590 5609 1834 5663 anxietas
1939 5624 2164 5680 margin,
2186 5610 2500 5678 fornicatio,
2532 5609 2877 5680 philargyria,
2910 5608 3007 5669 ira,
3039 5604 3272 5671 tristitia,
3309 5608 3515 5674 acedia,

534 5701 801 5763 PATttOL.
852 5701 1113 5762 LXXX.
3010 5694 3037 5752 1

93 5818 380 6013 δρψ
