4032 6186
438 185 491 236 Η
1607 175 1846 234 SANCTI
1888 178 2206 238 EUTROPII
2247 178 2531 234 ABBATIS
3634 193 3700 246 ιε),

431 295 660 367 quadam
693 294 830 348 inter
875 307 932 346 se
984 290 1303 360 cognatione
1331 297 1408 355 et,
1440 296 1498 341 ut
1523 287 1768 350 dixerim,
1819 305 2015 343 conca-
2043 295 2084 352 Α
2117 306 2182 344 ne
2211 306 2239 344 a
2271 305 2436 358 regno
2463 291 2654 346 Christi
2689 293 3124 362 unumquodlibet
3158 295 3349 354 horum
3383 316 3478 358 nos
3523 303 3696 359 deter-

439 388 730 454 tenatione,
759 398 1000 439 connexa
1031 391 1174 437 sunt.
1205 380 1280 435 Ita
1330 390 1386 434 ut
1415 380 1611 450 prioris
1659 381 2010 435 exuberantia

420 472 767 546 "sequentium
793 473 1060 528 eﬂiciatur
1087 471 1390 526 exordium.

502 569 633 620 Nam
677 567 744 620 de
784 561 1114 619 abundantia
1152 559 1536 631 gastrimargize
1577 558 2006 626 fornicationem,

433 657 498 711 de
543 655 898 710 fornicatione
943 647 1354 724 philargyriam,
1386 651 1454 705 de
1497 650 1822 720 philargyria
1853 653 2008 717 iram,

429 746 588 799 deira
612 745 899 807 tristitiam,
923 744 988 798 de
1009 741 1222 796 tristitia
1251 740 1510 805 acediam,
1537 755 1757 794 necesse
1778 749 1858 794 est
1898 742 2012 810 pul-

430 836 620 890 lulare.
650 832 883 900 Ideoque
907 830 1065 884 simili
1089 836 1274 883 contra
1303 828 1418 882 hzec
1442 828 1603 882 modo
1632 837 1792 898 atque
1819 829 2005 883 eadem

427 924 638 976 ratione
661 919 998 990 pugnandum
1030 924 1132 979 est,
1160 925 1214 970 et
1237 913 1646 983 praecedentium
1679 932 1889 984 semper
1915 915 2005 969 ad-

429 1027 615 1066 versus
637 1019 922 1078 sequentes
943 1015 1159 1076 oportet
1188 1021 1286 1060 nos
1308 1005 1441 1058 inire
1465 1014 1760 1059 certamen.
1806 1005 2006 1071 Quam-

430 1104 637 1164 obt'em,
670 1110 727 1152 ut
756 1097 940 1152 acedia
989 1097 1255 1159 vincatur,
1287 1094 1588 1163 superanda
1635 1103 1718 1148 est
1758 1095 2001 1161 tristitia;

429 1201 482 1244 ut
517 1190 729 1244 tristitia
759 1187 1112 1259 propellatur,
1145 1186 1222 1239 ira
1267 1185 1656 1253 exstinguenda
1685 1193 1798 1252 est;
1829 1195 1886 1239 ut
1911 1203 2003 1240 ex-

425 1284 726 1350 stinguatur
755 1282 768 1334 i
802 1296 850 1338 a,
884 1278 1205 1349 philargyria
1233 1277 1627 1342 conculcanda;
1659 1286 1718 1332 ut
1745 1277 2004 1332 evallatur

427 1373 776 1443 philargyria,
811 1370 1093 1424 l‘ornicatio
1121 1367 1511 1438 compescenda
1542 1376 1654 1431 est;
1687 1377 1746 1422 ut
1770 1367 2001 1423 fornica-

425 1465 502 1516 tio
530 1462 838 1523 subruatur,
876 1457 1254 1526 gastrimargia:
1282 1455 1466 1510 vitium
1499 1464 1582 1511 est
1611 1457 1997 1524 castigandum.

429 1553 675 1608 llesidna:
700 1568 826 1606 vero
848 1551 987 1616 duae,
1012 1549 1062 1602 id
1093 1559 1197 1615 est,
1222 1548 1523 1603 cenodoxia
1548 1556 1602 1602 et
1622 1550 1870 1618 superbia
1897 1549 1996 1604 sibi

425 1645 640 1716 quidem
692 1642 938 1699 similiter
980 1641 1067 1694 illa
1116 1655 1219 1709 qua
1250 1639 1317 1694 de
1361 1640 1724 1708 superioribus
1772 1641 2003 1697 diximus

425 1737 632 1790 ratione
659 1735 973 1804 junguntur,
1007 1733 1082 1786 ita
1116 1741 1176 1786 ut
1205 1732 1593 1788 incrementum
1625 1734 1818 1803 prioris
1851 1744 2005 1791 ortus

426 1827 689 1882 elliciatur
717 1825 953 1880 alterius.
985 1823 1312 1878 Ccnodoxia:
1336 1827 1712 1894 exsuperantia
1741 1828 2004 1897 superbia:

427 1920 663 1972 fomitem
692 1918 850 1987 parit.
883 1916 1015 1970 Nam
1056 1916 1159 1970 illis
1184 1931 1278 1970 sex
1305 1917 1533 1986 evulsis,
1565 1917 1680 1973 bzec
1705 1919 1814 1975 duo
1842 1922 2003 1978 vehe-

426 2012 652 2063 mentius
700 2005 1036 2070 fructiﬁcant,
1089 2014 1142 2061 et
1182 2006 1286 2061 illis
1327 2007 1570 2073 mortuis,
1599 2007 1837 2064 vivacius
1886 2011 2004 2067 ista:

425 2098 690 2166 pullulant
736 2105 790 2153 et
833 2105 1194 2152 succrescunt.
1232 2096 1381 2154 Unde
1411 2106 1466 2154 et
1491 2099 1707 2156 diverso
1748 2099 1909 2156 modo
1935 2103 2002 2158 ab

424 2190 507 2243 his
538 2188 747 2243 duobus
776 2188 1171 2258 impugnamur.

492 2281 549 2335 In
580 2280 996 2351 unumquodque
1022 2279 1234 2335 illorum
1281 2295 1376 2336 sex
1405 2282 1659 2338 vitiorum
1711 2292 1839 2340 tunc
1865 2285 2001 2342 inci-

421 2379 594 2430 dimus
615 2392 734 2431 cum
757 2392 785 2430 a
809 2376 1228 2446 praecedentibus
1250 2377 1463 2434 illorum
1494 2380 1752 2438 fuerimus
1772 2380 1910 2436 elisi.
1942 2379 1999 2434 In

423 2469 504 2521 his
544 2482 671 2521 vero
701 2467 907 2522 duobus
937 2467 1100 2522 etiam
1145 2469 1376 2526 victores
1413 2479 1535 2540 post
1564 2473 1865 2544 triumphos
1905 2487 2000 2544 pe-

420 2559 734 2613 riclitamur.

480 2653 614 2707 Nam
643 2659 698 2707 et
727 2652 828 2706 ista
875 2659 1003 2707 octo
1031 2652 1158 2708 vitia
1193 2668 1313 2724 qua:
1333 2654 1898 2711 'commemoravimus
1946 2655 1998 2710 in

419 2753 654 2809 quatuor
681 2740 1088 2812 coniugationes
1113 2751 1168 2797 et
1189 2745 1413 2814 copulas
1435 2745 1760 2800 dividuntur.
1793 2745 2001 2803 Gastri-

418 2835 618 2905 margia
652 2847 884 2903 namque
911 2841 966 2888 et
996 2832 1281 2889 fornicatio
1311 2837 1572 2906 peculiari
1602 2839 1877 2894 consortio
1899 2839 1999 2896 fte-

416 2923 692 2990 derantur,
723 2923 883 2977 simili
933 2923 1096 2977 modo
1125 2924 1449 2997 philargyria
1499 2940 1622 2980 cum
1653 2927 1753 2982 ira.
1806 2926 1998 2983 Tristi-

416 3015 490 3066 tia
531 3027 748 3081 quoque
777 3018 830 3066 et
858 3012 1042 3066 acedia
1072 3012 1260 3068 ealem
1290 3014 1633 3082 c0pulatione
1675 3013 1992 3085 junguntur.

416 3100 731 3157 tjenodoxia
759 3115 974 3169 quoque
995 3110 1158 3170 atque
1183 3103 1432 3171 superbia
1455 3101 1787 3158 familiariter
1807 3114 1861 3160 et
1884 3107 1994 3175 ipsa

415 3193 518 3250 sibi
549 3192 964 3263 conjungnntur.
992 3192 1251 3248 Alllelsli
1275 3193 1682 3264 copulationes,
1708 3195 1827 3250 audi
1855 3212 1997 3253 nunc

415 3299 614 3353 genera.
634 3285 909 3338 vitiorum.
1555 3309 1560 3314 τ

491 3373 884 3441 Gastrimargire
911 3388 1102 3440 genera
1133 3382 1258 3427 sunt
1283 3374 1404 3428 tria.
1440 3373 1675 3430 Primum
1699 3377 1839 3444 quod
1869 3385 1996 3432 ante

420 3468 606 3520 horam
637 3467 953 3521 canonicam
982 3475 1233 3534 perurget
1274 3465 1631 3520 Christianum
1662 3467 1946 3523 comedere
1975 3486 1988 3523 :

416 3560 474 3612 in
499 3558 600 3613 hac
628 3557 874 3626 peccavit
905 3555 1190 3622 Jonathin,
1224 3557 1360 3613 filius
1388 3556 1535 3624 Saul,
1585 3558 1883 3628 irrumpens
1907 3559 1995 3629 ju-

418 3657 717 3704 ramentum
741 3650 926 3720 patris,
958 3649 1097 3704 unde
1129 3666 1227 3706 nec
1253 3649 1524 3705 victoriam
1548 3651 1741 3706 meruit
1769 3653 1995 3722 populus

419 3743 488 3796 de
515 3741 744 3795 inimicis
772 3741 998 3805 habere;
1027 3741 1345 3808 secundum,
1374 3756 1440 3796 ex
1462 3742 1823 3811 quarumlibet
1851 3759 1995 3799 esca-

418 3847 536 3886 rum
567 3831 649 3884 vel
683 3839 839 3900 potus
861 3829 1248 3899 superﬂuitate,
1277 3832 1330 3885 in
1359 3846 1462 3900 qua
1493 3834 1739 3900 peccavit
1767 3834 1994 3904 populus

417 3922 743 3979 lsraeliticus
787 3937 908 3975 cum
957 3921 1237 3976 fabricavit
1284 3922 1506 3976 vitulum
1553 3937 1801 3991 aureum,
1856 3926 1994 3980 sicut

417 4011 676 4080 scriptum
707 4019 789 4066 est
810 4009 1006 4080 (Exod.
1039 4011 1206 4082 χχχιι)
1235 4011 1417 4066 :Sedit
1440 4013 1658 4084 papulas
1680 4015 1992 4070 manducare

415 4112 464 4156 et
496 4101 684 4168 bibere,
715 4109 763 4156 et
793 4111 1126 4156 surrexerunt
1151 4102 1368 4166 ludere;
1398 4106 1634 4172 tertium,
1665 4110 1807 4176 quod
1836 4123 1991 4163 accu-

413 4195 643 4250 ratiores
689 4201 745 4248 et
791 4193 1202 4248 delcatissimos
1255 4194 1405 4248 cibos
1451 4195 1738 4250 desideret.
1785 4197 1842 4251 In
1890 4198 1922 4252 h
1962 4215 1992 4255 c

413 4293 774 4358 peccaverunt
802 4284 893 4338 filii
939 4283 1054 4338 Heli
1087 4283 1178 4352 qui
1211 4284 1498 4338 noluerunt
1529 4301 1744 4340 carnem
1777 4297 1987 4342 coctam

413 4379 656 4446 accipere
683 4393 711 4430 a
742 4377 962 4447 populo,
1011 4376 1103 4430 Sed
1152 4375 1404 4440 crudam,
1440 4389 1498 4431 ut
1539 4376 1848 4444 diligentius
1888 4379 1987 4434 sibi

413 4473 777 4534 praepararent
804 4464 860 4533 (ι
897 4463 1022 4535 Reg.
1052 4465 1137 4533 ιι).
1169 4463 1247 4518 Ex
1278 4465 1360 4520 his
1389 4466 1556 4520 tribus
1582 4467 1867 4533 generibus
1904 4467 1989 4521 di-

415 4571 580 4610 versa:
631 4565 686 4608 et
725 4556 968 4623 pessima:
1013 4556 1349 4610 valetudines
1396 4556 1586 4612 animae
1617 4566 1986 4626 procreantur.

412 4645 546 4701 Nam
572 4646 639 4700 de
669 4648 842 4716 primo
887 4647 964 4700 ira
997 4647 1067 4700 illi
1101 4648 1190 4717 qui
1239 4663 1432 4716 parare
1461 4650 1639 4704 cibum
1669 4649 1894 4718 debuit,
1923 4650 1989 4705 de

411 4733 645 4788 secundo
674 4735 894 4788 luxuria:
923 4749 986 4788 ac
1017 4733 1251 4788 libidinis
1281 4735 1450 4789 aculei
1481 4737 1846 4804 suscitantur;
1879 4748 1985 4792 ter-

414 4824 546 4877 tium
575 4831 754 4877 autem
786 4823 1184 4878 inextricabiles
1208 4825 1545 4896 philargyria:
1574 4827 1796 4897 laqueos
1823 4817 1990 4884 nectit

412 4914 713 4972 cervicibus
740 4915 1094 4983 captivorum.

482 5003 873 5058 Fornicationis
903 5018 1094 5071 genera
1129 5007 1224 5060 tria
1256 5015 1379 5061 sunt
1403 5026 1414 5059 :
1442 5007 1701 5074 Primum,
1733 5010 1989 5077 cogitatio

414 5107 522 5161 est,
551 5095 618 5150 de
645 5111 749 5164 qua
801 5095 1053 5150 Dominus
1085 5098 1154 5151 ita
1188 5101 1239 5152 in
1271 5098 1558 5167 Evangelia
1589 5099 1800 5170 (Matth.
1827 5101 1881 5172 v)
1909 5102 1990 5156 di-

413 5190 522 5242 cit:
550 5183 648 5251 Qui
675 5186 855 5241 viderit
883 5188 1137 5242 mulierem
1166 5191 1234 5242 ad
1262 5193 1718 5259 concupiscendam
1758 5211 1871 5248 eam
1889 5233 1904 5258 ,
1934 5204 1991 5249 et

414 5287 645 5345 cretera;
685 5279 998 5343 secundum,
1027 5281 1168 5349 quod
1217 5297 1313 5349 per
1360 5283 1787 5338 eomniistionem
1831 5301 1991 5343 sexus

415 5370 692 5439 utriusque
728 5370 1034 5440 perficitur;
1065 5373 1307 5432 tertium,
1354 5373 1558 5440 absque
1589 5373 1795 5428 femina:
1822 5385 1986 5444 tactu,

411 5459 558 5527 quod
606 5460 892 5528 Apostolus
941 5461 1316 5514 immunditiam
1373 5460 1513 5530 (Gul.
1572 5463 1646 5531 tv)
1697 5475 1985 5534 nuncupat.

409 5549 537 5614 Quae
569 5551 666 5606 tria
691 5552 768 5608 sic
792 5561 916 5608 sunt
942 5567 970 5607 a
1000 5553 1153 5607 nobis
1182 5551 1295 5622 pari
1327 5551 1700 5609 observatione
1730 5557 1985 5622 cavenda,

2115 389 2231 434 rcat
2259 390 2313 433 et
2339 382 2610 435 exc‘uzlat.

2187 468 2524 540 Philargyrim
2544 485 2737 554 genera
2761 481 2886 527 sunt
2911 475 3007 528 tria
3034 491 3047 528 :
3076 479 3304 545 primum
3326 481 3468 548 quod
3499 498 3697 554 exspo-

2112 560 2227 613 liari
2259 576 2366 613 non
2414 561 2538 614 sinit
2569 549 2840 617 hominem
2891 563 3233 622 facultatibus
3280 549 3613 638 superﬂuis;
3641 574 3692 627 in

2111 651 2214 705 hoc
2234 660 2591 720 peccaverunt
2612 652 2747 724 (Act.
2768 657 2822 721 ν)
2851 654 3084 710 Ananias
3105 664 3160 709 et
3181 656 3443 727 Sappltira
3465 677 3477 722 ;
3501 677 3692 716 secun-

2108 740 2232 792 dum
2259 740 2405 809 quod
2428 756 2490 796 ea
2513 757 2630 812 qum.
2655 756 2684 795 a
2713 743 2866 797 nobis
2893 743 3130 814 dispersa
3160 756 3287 801 sunt
3313 749 3691 820 indigentibus,

2108 843 2227 883 cum
2261 830 2450 898 majori
2481 829 2773 899 cupiditate
2800 833 3086 900 persuadet
3117 851 3390 893 resumere
3422 855 3438 892 :
3473 841 3522 893 in
3557 842 3693 897 hanc

2107 915 2320 985 culpam
2343 917 2526 972 incidit
2548 917 2731 985 Judas,
2751 919 2843 987 qui
2865 919 3149 976 Dominum
3183 925 3450 991 vendidit;
3478 931 3690 984 tertium

2105 1007 2249 1074 quod
2313 1023 2376 1063 ea
2428 1024 2546 1076 qua:
2594 1018 2720 1064 ante
2760 1026 2866 1065 non
2915 1013 3249 1080 possedimus
3302 1017 3556 1074 inl'rnnite
3597 1023 3688 1077 de-

2103 1095 2328 1152 siderari
2381 1099 2464 1153 vel
2510 1100 2712 1168 acquiri
2760 1101 3149 1171 compellimur.
3195 1103 3251 1158 In
3307 1106 3408 1161 hac
3451 1113 3685 1180 peccavit

2104 1179 2274 1237 Giezi.

2171 1267 2269 1322 Ira:
2313 1282 2510 1338 genera
2553 1280 2677 1326 sunt
2724 1272 2824 1326 tria
2859 1291 2871 1326 :
2902 1290 3068 1344 unum
3107 1277 3250 1346 quod
3279 1281 3579 1337 exardescit
3610 1284 3686 1338 in-

2103 1361 2366 1418 trinsecus
2387 1372 2439 1418 et
2463 1380 2570 1433 pne
2609 1366 2971 1435 indignatione
3003 1387 3108 1424 non
3137 1374 3278 1427 valet
3307 1375 3486 1446 loqui;
3509 1379 3680 1446 aliud,

2099 1453 2242 1522 quod
2271 1455 2320 1508 in
2344 1455 2564 1510 verbum
2587 1468 2638 1512 et
2669 1472 2803 1526 opus
2832 1457 3188 1532 ellectumque
3217 1468 3547 1538 prorumpit;
3580 1479 3686 1526 ter-

2100 1544 2254 1607 tium,
2288 1546 2429 1613 quod
2460 1562 2556 1616 per
2583 1549 2696 1604 dies
2722 1558 2777 1603 et
2805 1561 3044 1620 tempora
3080 1567 3402 1613 reservatur.

2037 1621 2080 1680 Β
2177 1635 2427 1692 Tristitia:
2469 1651 2662 1705 genera
2703 1651 2826 1694 sunt
2872 1643 3192 1698 duo:unum
3242 1648 3384 1717 quod
3418 1648 3494 1703 ira
3535 1651 3679 1706 desi-

2106 1735 2267 1786 nente
2305 1728 2370 1782 de
2394 1729 2544 1784 illato
2572 1730 2768 1786 damno
2798 1733 2876 1786 vel
2911 1732 3178 1790 desiderio
3201 1739 3493 1808 praepedito
3525 1756 3685 1810 gene-

2105 1826 2286 1882 ratur;
2315 1818 2454 1872 aliud
2484 1820 2624 1888 quod
2651 1820 2718 1874 de
2744 1821 3047 1878 rationabili
3079 1827 3270 1881 mentis
3291 1830 3558 1887 anxietate
3588 1848 3682 1888 seu

2106 1907 2486 1973 desperatione
2517 1910 2812 1968 descendit.

2175 1997 2386 2052 Acedite
2410 2007 2533 2052 sunt
2555 2014 2750 2068 genera
2781 2003 2888 2059 duo
2920 2023 2933 2058 :
2959 2023 3122 2062 unum
3149 2010 3294 2078 quod
3319 2012 3384 2066 ad
3412 2027 3677 2072 summum

2103 2087 2403 2157 praecipitat
2446 2099 2773 2156 estuantes;
2820 2095 2964 2150 aliud
3005 2113 3112 2167 quo
3143 2115 3244 2154 nec
3273 2102 3470 2158 bonum
3501 2104 3682 2161 facere

2103 2193 2204 2233 nec
2239 2179 2424 2235 audire
2451 2181 2701 2239 delectat.
2751 2183 2852 2240 Ista
2888 2186 3035 2256 ejicit
3068 2192 3389 2248 monachum
3439 2195 3506 2251 de
3543 2197 3676 2251 cella

2100 2284 2218 2327 sua.

2170 2360 2510 2431 Cenodoxia,
2556 2366 2681 2421 licet
2730 2369 3006 2440 multiplex
3035 2388 3098 2429 ac
3127 2375 3465 2432 multiformis
3496 2388 3578 2433 est
3623 2390 3679 2436 et

2101 2451 2154 2506 in
2185 2453 2423 2508 divvrsas
2446 2457 2653 2524 species
2680 2457 2949 2524 dividitur,
2983 2476 3177 2532 genera
3208 2475 3383 2522 tamen
3407 2470 3521 2537 ejus
3552 2481 3678 2526 sunt

2100 2541 2208 2597 duo
2239 2561 2253 2596 :
2283 2543 2512 2612 primum
2539 2549 2677 2616 quod
2703 2565 2799 2618 pro
2822 2553 3128 2609 carnalibus
3169 2571 3232 2610 ac
3261 2559 3555 2616 manifestis
3581 2577 3677 2616 ex-

2101 2635 2304 2690 tollitur
2345 2637 2532 2702 rebus;
2563 2641 2882 2710 secnndum,
2920 2646 3062 2714 quod
3093 2662 3192 2717 pro
3219 2651 3581 2718 spiritualibus
3619 2664 3677 2711 et

2098 2725 2327 2780 occultis
2357 2726 2634 2784 desideriis
2653 2743 2802 2786 vante
2829 2731 3000 2789 laudis
3025 2735 3289 2792 inflantur.

2168 2816 2446 2888 Superbiae
2474 2832 2670 2887 genera
2701 2830 2825 2876 sunt
2847 2823 2954 2878 duo
2987 2842 3000 2878 :
3032 2826 3281 2895 primum,
3311 2829 3556 2898 carnale;
3584 2847 3673 2887 se-

2097 2908 2351 2976 cundum,
2382 2911 2682 2981 spirituale,
2711 2915 2858 2982 quod
2884 2915 3047 2970 etiam
3094 2918 3449 2987 perniciosius
3477 2929 3575 2976 est.
3607 2922 3674 2976 ll-

2020 2970 2069 3036 c
2099 3001 2178 3058 los
2207 2970 2434 3072 namque
2475 2970 2756 3074 specialius
2785 3006 3061 3077 impugnat

2100 3093 2382 3148 virtutibus
2410 3095 2701 3164 profecisse
2739 3099 2959 3167 reperit.
3011 3101 3217 3156 Audisti
3243 3114 3439 3170 genera
3465 3111 3518 3157 et
3544 3119 3673 3158 con-

2094 3179 2427 3248 junctionem
2449 3193 2607 3253 atque
2627 3189 3122 3244 concatenationcm
3141 3227 3158 3252 ,
3182 3191 3304 3246 audi
3327 3207 3468 3247 nttnc
3487 3195 3672 3263 quales

2097 3271 2328 3325 habeant
2357 3270 2490 3326 filias
2515 3288 2635 3342 quae
2663 3275 2730 3329 de
2759 3276 2837 3330 eis
2865 3285 3175 3331 nascuntur.

2167 3360 2242 3415 De
2264 3362 2632 3431 gastrimargia
2657 3379 2885 3433 namque
2917 3376 3208 3422 nascuntur
3228 3372 3672 3440 comessationes,

2095 3451 2412 3518 ebrietates;
2445 3454 2511 3507 de
2534 3451 2900 3520 fornicatione,
2928 3457 3278 3527 turpiloquia,
3301 3462 3669 3525 scurrilitates,

2096 3542 2296 3596 ludicra
2327 3557 2390 3598 ac
2415 3543 2778 3614 stultiloquia;
2810 3547 2876 3601 de
2905 3547 3226 3618 philargyria
3252 3592 3266 3615 ,
3296 3552 3628 3608 mendacium
3654 3595 3670 3620 ,

2097 3633 2392 3699 fraudatio,
2423 3633 2687 3702 perjuria,
2721 3636 2890 3706 turpis
2918 3636 3051 3693 lucri
3081 3641 3372 3708 appetitus.
3407 3640 3535 3695 falsa
3566 3651 3673 3697 tes~

2097 3722 2295 3787 monia,
2324 3723 2601 3790 violentia,
2634 3725 2994 3782 inhumanitas
3033 3743 3097 3784 ac
3128 3731 3426 3798 rapacitas;
3457 3732 3522 3787 de
3553 3735 3626 3787 ira
3653 3774 3668 3797 ,

2096 3813 2404 3879 homicidia,
2426 3815 2631 3871 clamor
2654 3825 2708 3871 et
2736 3817 3066 3888 indignatio;
3097 3820 3161 3877 de
3191 3824 3425 3884 tristitia,
3457 3839 3667 3890 ranCor,

2096 3907 2504 3973 pusillanimitas
2530 3951 2546 3977 ,
2589 3909 2920 3972 amaritudo,
2971 3910 3308 3981 desiieratio;
3360 3915 3426 3968 de
3463 3915 3668 3981 acedia,

2095 3998 2386 4064 atrocitas,
2433 4001 2821 4068 somnolentia,
2877 4003 3289 4072 importunitas,
3337 4007 3668 4076 inquietudo,

2095 4089 2424 4156 pervagatio,
2450 4089 2768 4145 instabilitas
2795 4093 2989 4147 mentis
3014 4102 3066 4146 et
3091 4097 3349 4164 corporis,
3374 4097 3669 4152 verbositas

2095 4186 2150 4228 et
2172 4177 2486 4245 curiositas;
2518 4179 2584 4233 de
2606 4181 2900 4235 cenodoxia
2920 4222 2935 4246 ,
2968 4184 3340 4236 contentiones
3358 4225 3372 4248 ,
3403 4186 3630 4240 litcreses
3650 4230 3666 4251 ,

2093 4267 2352 4332 jactantia
2398 4283 2462 4322 ac
2516 4270 2856 4337 przesum,.tii)
2909 4271 3234 4338 novitatum;
3283 4273 3348 4327 de
3396 4275 3663 4343 superbia,

2019 4345 2072 4406 D
2096 4375 2160 4412 co
2201 4367 2453 4428 temptas,
2484 4358 2697 4422 invidia,
2729 4361 3112 4424 inobedientia,
3145 4361 3489 4431 blasphemia,
3521 4379 3666 4417 mur-

2093 4453 2325 4506 muratio
2353 4463 2514 4520 atque
2538 4453 2817 4508 detractio.
2848 4453 2971 4509 llaac
2996 4455 3155 4523 igitur
3193 4463 3310 4510 octa
3353 4448 3479 4510 vitia
3508 4467 3666 4526 sunt,

2092 4559 2214 4598 cum
2237 4544 2510 4598 hominum
2532 4557 2699 4612 genus
2728 4543 3032 4613 impulsent,
3056 4560 3160 4598 non
3184 4553 3358 4600 tamen
3381 4562 3487 4600 uno
3509 4549 3666 4602 modo

2095 4635 2361 4703 impetnnt
2406 4641 2650 4688 cunctos.
2679 4632 2735 4686 ln
2782 4634 2887 4687 alio
2917 4648 3143 4702 namque
3185 4635 3403 4703 Spiritus
3432 4635 3662 4691 fornica-

2095 4713 2302 4783 t'ionum
2352 4728 2528 4783 locmn
2576 4728 2783 4782 obtinet
2828 4727 3198 4796 principalem.
3239 4727 3294 4781 ln
3323 4730 3430 4783 alio
3475 4745 3664 4798 super-

2095 4822 2299 4888 equitat
2322 4819 2493 4874 furor.
2521 4819 2578 4874 ln
2601 4820 2706 4874 alio
2729 4819 3028 4874 cenodoxia
3050 4818 3286 4875 vindicat
3310 4821 3662 4892 tyrannidem.

2093 4916 2148 4970 ln
2180 4917 2285 4970 alio
2313 4932 2490 4971 arcem
2521 4919 2771 4988 superbia
2803 4928 2966 4975 tenet.
2999 4919 3067 4975 Et
3093 4936 3214 4975 cum
3243 4928 3453 4974 constet
3480 4935 3667 4976 omnes

2093 5009 2160 5062 ab
2189 5009 2437 5063 omnibus
2483 5011 2799 5079 impugnari,
2839 5012 3054 5067 diverso
3078 5020 3257 5066 tamen
3302 5011 3462 5066 modo
3491 5021 3542 5066 et
3572 5027 3664 5065 or-

2092 5098 2213 5152 dine
2241 5099 2432 5166 singuli
2464 5099 2788 5154 laboramus.

2163 5188 2520 5254 Quamobrem
2545 5192 2615 5245 ita
2639 5193 2794 5245 nobis
2813 5190 3071 5246 adversus
3092 5192 3157 5246 ha
3174 5206 3205 5247 c
3223 5190 3521 5261 arripienda
3543 5199 3668 5245 sunt

2093 5280 2295 5349 praelia,
2313 5289 2370 5333 ut
2393 5281 2756 5350 unusquisque
2783 5281 2966 5334 vitium
2993 5296 3102 5350 quo
3133 5279 3363 5334 maxime
3393 5279 3668 5334 infestatur

2093 5372 2338 5440 exploret
2363 5381 2419 5424 et
2447 5371 2703 5426 adversus
2732 5371 2860 5425 illud
2891 5372 3114 5440 arripiat
3159 5371 3456 5441 principale
3483 5379 3661 5426 certa-

2093 5479 2234 5518 men.
2261 5462 2433 5517 Unum
2455 5478 2684 5532 namque
2707 5478 2805 5516 nos
2825 5462 3064 5518 ordinem
3087 5464 3388 5533 prteliorum
3413 5477 3665 5519 exercere

2093 5555 2291 5611 debere
2324 5570 2422 5610 nec
2447 5554 2513 5610 de
2539 5563 2722 5611 nostra
2756 5554 2951 5612 virtute
2979 5556 3249 5612 conlidere
3271 5557 3430 5613 etiam
3458 5555 3662 5625 legisla~

3532 5792 3707 5928 UP

3703 5887 3840 5960 τε-
