3976 6178
399 208 465 260 t3
1560 204 1887 261 EPISTULA
1936 200 2021 254 DE
2059 198 2237 254 οξτο
2279 200 2495 255 VlTllS.
3581 204 3644 257 Η

397 326 481 366 tor
513 312 693 383 (Deut.
723 311 818 378 vn)
851 312 1005 369 docet
1055 312 1137 369 his
1182 314 1360 369 verbis
1392 332 1402 366 :
1438 313 1560 369 Non
1610 314 1809 369 timebis
1857 329 1942 368 eos
1962 352 1977 375 ,
2004 318 2054 370 Α
2083 311 2405 380 ascriptione
2435 320 2719 381 ponuntur.
2753 310 2831 365 Ita
2862 312 3003 368 enim
3032 312 3224 369 dicitur
3255 333 3267 368 :
3298 311 3363 368 Et
3406 314 3645 370 delet-erit

395 409 516 478 quia
528 406 782 459 Dominus
814 406 950 460 Deus
972 415 1085 460 tuus
1106 408 1158 461 in
1183 409 1347 463 medio
1378 410 1449 461 tui
1473 418 1566 469 est,
1592 408 1730 461 Deus
1757 422 1970 477 magnus

394 508 443 551 ct
467 496 729 550 terribilis.
762 495 883 563 Ipse
921 506 1181 551 consumet
1210 499 1441 552 nationes
1487 498 1580 552 lias
1622 499 1675 551 in
1704 505 1973 565 conspectu

399 597 483 638 tuo
512 586 763 653 paulatim
809 593 958 654 atque
986 602 1077 653 per
1099 595 1287 655 partes.
1337 584 1459 640 Non
1488 588 1677 656 poteris
1697 602 1783 639 eas
1806 585 1973 638 delere

397 679 608 746 pariter,
640 694 703 730 ne
721 678 854 747 forte
885 676 1285 746 multiplicemur
1320 688 1500 732 contra
1528 686 1576 751 te
1604 678 1777 732 bestiae
1803 686 1972 742 terrae,

397 767 636 835 dabitque
680 781 767 819 eos
807 763 1059 819 Dominus
1102 764 1241 819 Deus
1289 774 1402 820 tuus
1454 768 1507 820 in
1547 773 1815 834 conspectu
1866 773 1970 829 tuo,

399 857 555 907 donec
586 856 785 922 penitus
812 854 1096 907 deleantur.
1127 852 1233 908 Sed
1258 869 1431 923 neque
1460 854 1657 909 debere
1680 869 1777 908 nos
1800 854 1851 907 in
1883 867 1975 906 eo-

397 960 519 997 rum
546 944 731 997 extolli
764 944 986 997 victoria
1016 944 1264 999 similiter
1294 944 1469 1009 (Deut.
1501 946 1613 1015 vni)
1642 952 1826 999 monet
1852 962 1865 997 :
1892 942 1975 999 Ne

399 1043 666 1101 postquam
713 1032 1013 1100 comederis,
1036 1033 1228 1100 inquit,
1257 1043 1306 1087 et
1327 1036 1543 1087 satiatus
1570 1035 1748 1105 fueris,
1795 1035 1974 1088 domos

398 1123 640 1191 pulchras
668 1122 999 1191 wdiﬁcareris
1028 1132 1077 1175 et
1105 1122 1413 1177 Iiabitaveris
1437 1126 1491 1177 in
1518 1126 1619 1186 eis,
1645 1124 1976 1194 ltabuerisque

399 1222 633 1265 armenta
665 1222 712 1265 et
741 1214 905 1265 ovium
934 1230 1143 1283 greges,
1186 1217 1383 1284 argenti
1416 1226 1464 1268 et
1493 1216 1609 1267 auri
1647 1226 1975 1267 cunctarum-

401 1319 494 1371 que
515 1318 684 1353 rerum
706 1302 923 1370 copiam,
945 1302 1165 1356 elevetur
1188 1320 1275 1356 cor
1295 1312 1456 1368 tuum,
1479 1312 1525 1356 et
1549 1321 1650 1356 non
1680 1304 1978 1356 reminisca-

403 1395 475 1445 ris
503 1390 707 1445 Domini
736 1391 834 1445 Det
882 1394 977 1455 tui,
1010 1394 1093 1463 qui
1124 1393 1299 1446 eduxit
1324 1402 1371 1446 te
1399 1394 1463 1447 de
1495 1405 1631 1448 terra
1652 1392 1890 1463 Egypti,
1917 1393 1979 1445 de

403 1487 557 1538 domo
577 1487 851 1549 servitutis,
877 1495 924 1539 et
944 1486 1125 1540 ductor
1151 1496 1263 1539 tuus
1290 1488 1385 1557 fuit
1408 1489 1462 1540 in
1488 1488 1764 1541 solitudine
1790 1502 1979 1553 magna

404 1585 556 1645 atque
586 1573 823 1628 terribili.
856 1574 1113 1629 Salomon
1141 1590 1356 1645 quoque
1385 1577 1434 1629 in
1464 1574 1765 1629 Proverbiis
1793 1574 1975 1638 (Prov.

404 1664 553 1733 xxxv)
586 1682 599 1717 :
631 1665 692 1719 Si
738 1664 976 1718 ceciderit
1012 1666 1248 1718 inimicus
1294 1674 1435 1730 tuus,
1465 1666 1571 1719 noli
1608 1666 1880 1736 gratulari.
1914 1663 1980 1717 In

404 1756 825 1823 supplantatione
860 1764 1029 1808 autem
1058 1759 1168 1825 ejus
1198 1756 1302 1809 noli
1331 1757 1527 1810 extolli.
1564 1756 1647 1809 Ne
1676 1756 1843 1810 videat
1873 1755 1983 1809 Do-

406 1850 579 1901 minus
626 1847 737 1917 ejus
781 1854 830 1900 et
858 1855 1054 1899 avertat
1098 1850 1233 1900 iram
1267 1864 1414 1901 suam
1459 1848 1521 1900 ab
1565 1861 1659 1907 eo;
1708 1847 1760 1901 id
1788 1854 1887 1910 est,
1916 1861 1983 1901 ne

407 1938 692 2008 dispertias
721 1938 1008 1992 elationem
1031 1938 1208 1993 cordis
1232 1938 1327 2003 tui,
1350 1940 1417 1992 ab
1440 1937 1556 2006 ejus
1586 1939 1984 2007 impugnatione

405 2028 675 2094 discedet,
725 2037 780 2083 et
826 2028 1085 2097 incipies,
1134 2027 1485 2083 derelicturus
1529 2030 1597 2083 ah
1644 2045 1745 2097 eo,
1799 2046 1984 2083 rursus

405 2121 475 2175 ab
515 2121 603 2174 illa
648 2134 810 2189 quam
851 2135 949 2190 per
988 2119 1080 2175 Dei
1107 2120 1331 2189 gratiam
1361 2135 1709 2190 superaveras
1738 2122 1985 2190 passione

407 2226 615 2265 vexari.

480 2318 842 2386 Quamobrem
880 2328 1059 2375 certos
1102 2334 1200 2376 nos
1228 2335 1347 2376 esse
1391 2320 1672 2385 convenit,
1721 2329 1827 2373 tam
1857 2318 1985 2389 ipsis

412 2426 590 2465 rerum
612 2425 771 2480 quam
794 2410 1085 2465 innumeris
1106 2410 1503 2481 Scripturarum
1526 2411 1842 2479 testimpniis
1863 2425 1987 2465 eru-

407 2499 569 2562 ditos,
605 2500 801 2555 nostris
831 2514 930 2554 nos
956 2500 1178 2567 viribus,
1208 2501 1309 2555 nisi
1333 2500 1498 2556 solius
1526 2499 1621 2554 Dei
1651 2500 1849 2554 auxilio
1879 2497 1985 2554 ful—

408 2590 643 2655 ciamur,
696 2598 875 2645 tantos
915 2589 1096 2645 hostes
1139 2605 1397 2660 superare
1444 2606 1550 2644 non
1596 2604 1783 2659 posse.
1815 2600 1867 2643 et
1918 2588 1987 2644 ad

411 2682 584 2749 ipsum
613 2680 852 2749 quotidie
883 2695 1146 2735 summam
1172 2680 1407 2735 victoria:
1443 2688 1640 2735 nostra:
1666 2678 1865 2733 referre
1888 2678 1985 2733 de-

411 2770 561 2824 bere.
596 2769 670 2823 lta
699 2785 859 2838 super
886 2771 989 2825 hoc
1016 2785 1230 2841 quoque
1258 2785 1353 2840 per
1395 2769 1613 2840 Moysen
1662 2768 1835 2841 (Deut.
1867 2768 1944 2840 ix)
1967 2807 1983 2832 ,

414 2860 639 2913 Dimino
671 2868 1045 2914 commonente
1068 2876 1080 2911 :
1107 2859 1189 2914 Ne
1216 2860 1357 2913 dicas
1382 2861 1436 2913 in
1458 2862 1608 2914 corde
1634 2868 1739 2926 tuo,
1765 2876 1876 2912 cum
1900 2861 1988 2912 de-

411 2952 586 3005 leeerit
628 2970 716 3007 eas
748 2952 996 3008 Dominus
1018 2952 1157 3007 Deus
1187 2962 1298 3008 tuus
1333 2954 1387 3008 in
1413 2963 1684 3024 conspectu
1714 2963 1797 3006 tuo
1816 2971 1830 3004 :
1856 2954 1987 3007 l’ro-

2075 411 2248 471 gentes
2287 404 2473 455 multas
2518 418 2691 455 coram
2722 411 2785 455 te.
2819 402 3162 458 Numerosior
3194 414 3276 461 est
3317 406 3457 460 enim
3487 421 3643 476 quam

2072 490 2231 553 lsrael
2254 492 2547 546 carnalium
2570 492 2873 559 passionum
2891 493 3136 562 populus,
3157 496 3245 563 qui
3268 495 3333 548 de
3349 495 3451 550 hoc
3470 507 3646 566 septe-

2074 583 2227 636 nario
2276 582 2459 637 fomite
2506 583 2757 636 vitiorum
2800 598 2863 637 ac
2892 584 3072 638 radice
3097 584 3359 653 procedit,
3391 594 3551 655 atque
3581 586 3648 641 de

2074 681 2284 740 octavo,
2313 674 2403 741 qui
2429 673 2606 729 notior
2653 682 2734 727 est
2755 673 3021 739 omnibus,
3052 675 3252 742 regina,
3281 684 3338 728 ut
3360 675 3430 730 ita
3452 677 3645 736 dicam,

2075 774 2236 831 atque
2279 771 2450 818 mater
2494 764 2731 818 omnium
2782 763 3063 830 vitiorum;
3113 780 3180 819 ex
3226 766 3306 820 his
3351 766 3492 820 enim
3525 776 3649 821 Ot'lo

2075 852 2336 922 pullulant
2358 862 2519 921 atque
2548 859 2842 907 nascuntur
2871 852 2952 906 has
2982 852 3128 915 lilia},
3162 852 3213 906 id
3240 862 3340 917 est,
3373 870 3643 909 comessa-

2077 945 2278 1009 tiones,
2311 944 2625 1009 ebrietates,
2672 943 3024 1013 turpiloquia,
3070 954 3176 999 etc.
3208 984 3223 1009 ,
3271 946 3514 1014 superius
3559 946 3647 999 de-

2076 1032 2289 1099 scripta,
2320 1047 2438 1100 quze
2465 1048 2889 1087 commemorare
2916 1034 3225 1102 perlongum
3254 1043 3355 1088 est.
3374 1034 3502 1101 Qua:
3530 1051 3647 1089 cum

2079 1121 2230 1175 nobis
2261 1121 2394 1174 levia
2414 1120 2740 1190 judicentur,
2766 1122 2891 1190 quid
2923 1121 3213 1190 Apostolus
3243 1123 3309 1176 de
3337 1122 3439 1175 illis
3469 1138 3650 1177 sense-

2077 1208 2147 1262 rit
2176 1206 2263 1279 (II
2294 1208 2412 1263 Cor.
2444 1208 2521 1279 κ),
2552 1210 2636 1263 vel
2666 1224 2825 1278 quam
2856 1226 3018 1279 super
3044 1211 3128 1265 bis
3155 1212 3475 1265 sententiam
3511 1213 3651 1266 tule-

2078 1304 2167 1363 rit,
2199 1304 2513 1358 audiamus:
2541 1301 2721 1376 Neque
2765 1306 3223 1372 murmuraveritis,
3274 1307 3473 1375 inquit,
3524 1309 3652 1361 sicut

2079 1394 2283 1464 quidam
2304 1394 2509 1448 illorum
2532 1408 2989 1460 murmuraverimt.
3006 1406 3061 1451 et
3088 1399 3359 1467 perierunt
3388 1400 3453 1452 ab
3473 1408 3652 1454 exter-
3713 1424 3727 1439 ο

2082 1484 2362 1539 minatore.
2388 1483 2453 1538 Et
2474 1484 2538 1538 de
2565 1486 2859 1539 tentatione
2886 1484 3098 1557 :Neque
3119 1496 3361 1540 tentemus
3374 1487 3651 1551 Christum,

2081 1575 2212 1627 sicut
2239 1575 2446 1643 quidam
2477 1591 2652 1629 eorum
2676 1585 2991 1630 tentarerunt
3019 1587 3066 1630 et
3093 1594 3125 1630 a
3152 1578 3471 1647 serpentibus
3498 1581 3655 1647 perie-

2015 1678 2055 1735 Β
2083 1672 2221 1716 runt.
2270 1663 2343 1716 De
2391 1662 2723 1718 detractione
2755 1681 2769 1717 :
2800 1661 2928 1719 Noli
2975 1667 3188 1736 diligere
3231 1667 3531 1731 detrahere,
3590 1686 3656 1722 ne

2082 1752 2392 1815 eradiceris;
2423 1752 2633 1821 aliaque
2661 1756 2937 1825 complura
2980 1755 3065 1811 his
3108 1758 3320 1812 similia.
3354 1761 3482 1825 Qua:
3532 1776 3652 1814 cum

2083 1842 2190 1897 sint
2218 1844 2386 1897 multo
2417 1844 2633 1911 majoris
2683 1849 2888 1901 numeri
2934 1863 3091 1917 quam
3126 1850 3382 1915 virtutes,
3428 1851 3653 1907 devictis

2085 1942 2263 1989 tamen
2314 1936 2417 1990 illis
2444 1946 2569 1992 octo
2606 1939 2989 2008 principalibus
3012 1941 3183 2011 vitiis,
3208 1958 3274 1998 ex
3302 1960 3528 2013 quorum
3557 1962 3653 2000 na-

2084 2031 2203 2077 tura
2228 2038 2318 2078 635
2346 2037 2548 2079 certum
2578 2036 2660 2081 est
2699 2043 2973 2095 emanare,
3004 2046 3191 2086 omnes
3238 2032 3482 2100 protinus
3526 2050 3656 2089 con-

2084 2113 2387 2180 quiescunt,
2416 2129 2478 2169 ac
2508 2125 2763 2185 perpetua
2794 2119 2996 2187 pariter
3022 2134 3142 2174 cum
3170 2121 3249 2177 eis
3284 2121 3656 2180 internecione

2083 2206 2349 2260 delentur.

2153 2317 2357 2373 Etenim
2387 2328 2641 2389 quantum
2671 2322 2829 2378 docet
2870 2332 3022 2377 vetns
3054 2325 3288 2394 traditio,
3319 2326 3414 2382 has
3439 2327 3651 2383 easdem

2084 2417 2258 2462 terras
2303 2407 2722 2466 Chnnanaeorum
2754 2412 2805 2467 in
2835 2429 2969 2483 quas
3015 2415 3429 2471 introducuntur
3460 2418 3549 2471 lilii
3581 2416 3655 2473 ls-

2083 2498 2224 2564 rael,
2261 2498 2383 2553 Sem
2418 2497 2508 2553 ﬁlii
2535 2499 2648 2557 Noe
2692 2504 2896 2558 fuerant
2934 2505 3221 2574 quondam,
3255 2507 3307 2560 in
3342 2509 3487 2562 orbis
3518 2508 3653 2562 divi-

2085 2587 2253 2650 sione.
2279 2592 2484 2655 sortiti;
2509 2607 2641 2661 quas
2662 2593 2915 2664 deinceps
2934 2608 3029 2663 per
3047 2595 3151 2649 vim
3182 2605 3341 2665 atque
3365 2598 3653 2666 potentiam

2086 2681 2375 2747 posteritas
2415 2683 2581 2738 Cham
2611 2684 2970 2754 persuasionis
2999 2684 3276 2753 iniquitate
3305 2675 3560 2755 possedit,
3606 2688 3655 2740 in

2086 2783 2193 2838 quo
2222 2780 2277 2826 et
2303 2772 2396 2829 Dei
2426 2773 2685 2844 judicium
2713 2776 3066 2832 rectissimum
3107 2778 3505 2847 comprobatur.
3558 2778 3655 2845 Qui

2087 2866 2142 2912 et
2169 2860 2286 2915 illos
2314 2862 2530 2921 delucis
2555 2865 2743 2920 alienis
2764 2880 2882 2935 quae
2899 2865 3036 2920 male
3065 2877 3460 2935 occupaverant
3490 2883 3659 2936 expu-

2088 2948 2166 3013 lit,
2200 2962 2253 3005 et
2281 2953 2394 3009 istis
2421 2957 2694 3023 antiquam
2726 2964 2934 3025 patrum
2972 2957 3361 3025 possessionem
3393 2972 3510 3027 quin
3536 2975 3660 3028 pro-

412 3053 527 3111 pter
554 3046 808 3111 justitiam
839 3062 1003 3099 meam
1025 3046 1311 3100 introduxit
1338 3063 1415 3100 me
1437 3046 1704 3108 Dominus,
1730 3055 1783 3098 ut
1808 3054 1995 3099 terram
2021 3039 2064 3098 ϐ
2096 3042 2258 3108 sapiu:
2280 3057 2464 3097 eorum
2490 3046 2541 3097 in
2570 3046 2833 3099 divisione
2862 3046 3007 3101 orbis
3030 3045 3202 3100 fuerat
3227 3047 3478 3116 deputata
3509 3051 3661 3102 resti-

411 3142 543 3188 Irrmc
559 3136 889 3205 possiderem,
916 3153 1029 3190 cum
1049 3149 1255 3207 propter
1270 3138 1554 3209 impietates
1574 3155 1693 3192 suas
1718 3138 1832 3193 ista:
1854 3137 1993 3193 dele-

408 3241 480 3281 ta:
517 3227 619 3277 sint
650 3227 904 3279 nationes.
951 3224 1065 3279 Nec
1102 3228 1236 3281 enim
1282 3235 1489 3298 propter
1520 3227 1753 3297 justitias
1794 3237 1906 3281 tuas
1947 3237 1997 3281 et

411 3318 676 3385 icqttitates
723 3318 890 3371 cordis
932 3319 1005 3371 tui
1051 3320 1355 3389 ingredieris
1410 3329 1465 3372 ut
1510 3322 1775 3390 possideas
1804 3330 1996 3374 terram

415 3422 614 3468 eotum,
644 3406 735 3459 sed
772 3408 891 3475 quia
914 3408 1023 3461 illte
1049 3418 1258 3480 egerunt
1297 3411 1469 3479 impie,
1505 3421 1550 3464 te
1572 3413 1878 3477 introeunte,
1908 3413 1999 3466 de—

420 3498 454 3547 l:
474 3506 539 3549 tte
562 3508 700 3550 sunt.
752 3497 896 3570 Rogo
923 3500 1045 3569 quid
1077 3501 1303 3564 apertius
1325 3502 1489 3570 potuit
1517 3502 1638 3567 dici,
1662 3502 1738 3554 rel
1765 3502 1999 3555 cautius?

414 3585 545 3640 Cum
584 3598 776 3657 quanta
822 3592 1021 3643 cautela
1050 3600 1248 3661 oportet
1278 3608 1369 3645 nos
1398 3593 1539 3645 esse!

489 3699 581 3753 Hae
627 3710 833 3769 septem
891 3710 1109 3770 gentes,
1160 3717 1385 3771 quarum
1442 3711 1612 3757 terras
1659 3704 1886 3771 egressis
1932 3719 1997 3757 cx

418 3788 655 3860 zEgypto
684 3790 802 3845 liliis
822 3789 986 3847 lsrael
1013 3791 1261 3845 daturum
1289 3808 1347 3847 se
1368 3792 1623 3847 Dominus
1654 3794 1995 3863 repromittit.

413 3879 549 3945 Qum.
578 3881 753 3935 omnia
777 3882 1067 3937 secundum
1098 3882 1434 3953 Apostolum,
1460 3900 1580 3938 cum
1606 3885 1657 3937 in
1684 3885 1848 3952 tigura
1871 3900 1999 3939 eon-

415 3973 633 4039 tigcrint
685 3973 788 4027 illis
848 3973 913 4027 ad
979 3985 1215 4028 nostram
1270 3975 1746 4030 commonizionem
1803 3976 1999 4045 scripta

415 4063 598 4131 (Deut.
634 4065 727 4133 vn)
760 4064 1019 4120 debemus
1051 4066 1317 4136 accipere.

490 4156 568 4210 Ita
592 4158 732 4210 enim
759 4157 952 4213 dicitur
969 4174 981 4211 :
999 4156 1123 4211 Cum
1142 4158 1485 4212 introduxerit
1524 4169 1572 4212 te
1592 4157 1836 4212 Dominus
1865 4158 1999 4213 Deus

417 4250 473 4301 in
520 4258 709 4300 terram
762 4264 913 4318 quam
956 4264 1283 4317 possessum:
1329 4249 1632 4318 ingredieris
1675 4257 1723 4302 et
1764 4249 2001 4302 delet'erit

419 4350 592 4405 gentes
624 4339 809 4392 multas
852 4355 1025 4392 coram
1064 4349 1129 4403 te,
1156 4338 1457 4400 "ethicam,
1488 4348 1535 4392 et
1570 4340 1917 4410 Gergezazum,
1950 4350 1996 4393 et

418 4430 800 4496 Antorrltazum,
848 4430 1218 4495 Chanaua’um,
1258 4442 1307 4484 et
1364 4431 1713 4497 Plterezwum,
1762 4442 1809 4485 et
1844 4432 1998 4486 Iebu-

421 4538 612 4585 sa-um,
640 4531 689 4574 et
719 4520 963 4575 Nemeum
987 4563 1001 4588 ,
1032 4532 1219 4591 septem
1249 4533 1422 4593 gentes
1451 4525 1608 4578 multo
1646 4526 1860 4594 majoris
1902 4542 1999 4577 nu-

422 4614 550 4664 meri
588 4628 742 4682 quam
772 4622 822 4664 tu
844 4627 898 4665 es
918 4620 967 4683 et
994 4611 1300 4666 robustiores
1332 4623 1396 4677 te,
1429 4614 1791 4683 tradit/eritque
1818 4613 1999 4667 Domi-

424 4722 517 4757 nus
550 4704 638 4756 tibi
659 4721 765 4767 eas,
801 4706 1145 4775 percutiesque
1184 4722 1269 4759 eas
1291 4722 1445 4774 usque
1468 4707 1534 4758 ad
1580 4707 1993 4760 internecionem.

494 4796 645 4861 Quod
680 4812 809 4849 vero
858 4796 1025 4849 multo
1066 4796 1281 4865 majoris
1326 4798 1531 4851 numeri
1566 4812 1683 4851 ϐεδε
1726 4798 1998 4865 dicuntur,

424 4888 535 4940 huc
566 4888 702 4941 ratio
729 4896 840 4954 est,
887 4888 1008 4956 quia
1040 4888 1189 4957 plura
1237 4897 1361 4941 sunt
1406 4889 1530 4941 vitia
1561 4903 1721 4956 quam
1752 4889 1995 4943 virtutes.

424 4976 491 5028 Et
539 4978 659 5031 ideo
711 4978 761 5032 in
801 4978 1049 5046 catalogo
1078 4978 1290 5046 quidem
1341 4977 1747 5031 dinumerantur
1794 4986 1998 5046 septem

423 5078 648 5134 gentes;
700 5069 751 5122 in
802 5069 1197 5138 expugnatione
1242 5083 1368 5124 vero
1421 5084 1605 5125 earum
1634 5070 1751 5126 sine
1793 5070 1999 5126 numeri

2100 3131 2218 3185 tuit.
2250 3131 2375 3199 Quae
2422 3135 2585 3204 ﬁgura
2628 3136 2681 3191 in
2731 3136 2885 3192 nobis
2912 3152 3126 3207 quoque
3154 3148 3317 3205 stare,
3366 3142 3657 3198 certissima

2096 3222 2302 3277 ratione
2329 3225 2687 3292 cognoscitur.
2713 3225 2841 3280 Nam
2866 3227 3110 3281 voluntas
3140 3225 3348 3281 Domini
3373 3232 3660 3297 possessio-

2097 3326 2216 3365 nem
2245 3314 2421 3369 cordis
2452 3317 2617 3369 nostri
2649 3332 2752 3370 non
2784 3317 2923 3371 vitiis
2944 3358 2957 3380 ,
2985 3317 3077 3371 sed
3104 3318 3385 3373 virtutibus
3411 3322 3665 3374 naturali~

2096 3410 2180 3454 ter
2206 3402 2502 3470 deputavit.
2550 3401 2679 3470 Quae
2710 3412 2829 3474 post
2856 3406 3347 3475 prtcvaricatiorem
3392 3408 3515 3462 Atla:
3538 3446 3552 3471 ,
3588 3410 3665 3462 in-

2096 3491 2484 3547 solescentibus
2513 3493 2676 3560 vitiis,
2705 3492 2757 3548 id
2785 3503 2866 3550 est
2896 3495 3104 3564 populis
3132 3496 3467 3563 Chananmis,
3491 3514 3519 3549 a
3545 3514 3667 3565 pro-

2097 3583 2209 3651 pria
2233 3582 2450 3650 regione
2471 3584 2722 3653 depulsaa,
2748 3600 2867 3639 cum
2892 3586 2940 3639 ei
2960 3601 3164 3639 rursum
3191 3602 3283 3652 per
3304 3586 3396 3640 Dei
3419 3587 3667 3655 gratiam,

2099 3672 2369 3743 diligentia
2393 3658 2575 3728 nostra
2598 3688 2662 3729 ac
2689 3674 2874 3729 labore
2904 3674 3095 3728 fuerint
3123 3678 3400 3737 restitutaz,
3432 3693 3536 3729 non
3564 3686 3667 3730 tam

2100 3763 2302 3817 alienas
2350 3779 2641 3833 occupasse
2681 3774 2850 3821 terras
2896 3779 3056 3834 quam
3103 3767 3345 3835 proprias
3391 3767 3669 3821 credenda:

2099 3865 2221 3907 sunt
2260 3855 2544 3923 recepisse.

2174 3966 2249 4021 De
2280 3967 2381 4020 hoc
2426 3967 2731 4037 sep'enario
2761 3966 2944 4022 fomite
2972 3967 3222 4022 vitiorum
3251 3966 3505 4023 Salomon
3537 3982 3668 4036 quo-

2103 4071 2208 4124 que
2256 4056 2308 4110 in
2343 4056 2644 4112 Proverbiis
2691 4058 2764 4111 ita
2804 4057 3059 4112 describit
3090 4056 3267 4127 (Prov.
3310 4058 3456 4125 xxvn)
3492 4074 3504 4109 :
3539 4058 3598 4111 Si
3628 4069 3673 4111 te

2104 4150 2355 4217 ragaverit
2402 4150 2641 4203 inimicus
2678 4164 2792 4204 race
2840 4166 3063 4220 magna.
3106 4164 3206 4202 non
3250 4151 3565 4202 consenseris
3606 4149 3671 4213 ei,

2105 4252 2295 4312 septem
2338 4245 2475 4297 enim
2524 4246 2761 4316 nequitia:
2798 4255 2911 4297 sunt
2940 4246 2991 4296 in
3031 4245 3203 4296 anima
3231 4245 3375 4313 ejus;
3407 4242 3457 4294 id
3488 4249 3599 4308 est,
3631 4244 3675 4296 si

2106 4335 2473 4403 gastrimargia
2504 4347 2555 4391 te
2585 4336 2894 4407 persuadet,
2926 4343 2982 4387 ut
3008 4334 3214 4387 relaxes
3242 4334 3452 4403 Corpori
3479 4373 3493 4397 ,
3533 4335 3676 4403 quod

2105 4426 2446 4480 continentia}
2473 4427 2787 4481 ili-creveras
2818 4424 3007 4486 modo,
3040 4440 3105 4476 ne
3134 4423 3369 4477 resolvas
3409 4423 3525 4489 ejus
3553 4423 3677 4475 sub-

2100 4514 2421 4581 jectioncm,
2451 4516 2573 4583 quia
2605 4512 2880 4568 confestim
2928 4519 3131 4582 septem
3178 4512 3393 4582 spiritus
3422 4512 3672 4565 vitiorum

2105 4601 2331 4657 aderunt
2364 4605 2455 4659 tibi
2487 4606 2721 4659 acriores
2749 4619 2908 4672 quam
2940 4603 3027 4658 illa
3064 4604 3241 4676 passio
3269 4620 3387 4671 qua:
3439 4603 3670 4672 primor-

2104 4692 2205 4745 diis
2232 4691 2405 4749 fuerat
2433 4708 2704 4765 superata,
2734 4696 2823 4766 qni
2856 4704 2907 4749 te
2937 4712 3059 4749 mox
3085 4695 3150 4748 ad
3177 4695 3441 4748 deteriora
3472 4702 3678 4761 pertra-

2106 4791 2237 4844 liant
2283 4803 2478 4857 genera
2537 4788 2807 4842 vitiorum.
2874 4786 3216 4856 Quapropter
3270 4786 3525 4839 Dominus
3582 4798 3677 4851 per

2105 4879 2284 4933 omnia
2315 4887 2395 4932 est
2442 4877 2835 4946 deprccandus,
2883 4886 2939 4929 ut
2983 4876 3124 4943 quod
3172 4886 3368 4931 nostra:
3396 4878 3532 4929 vires
3566 4887 3671 4926 non

2103 4968 2300 5024 habent
2328 4967 2490 5039 ipsius
2521 4967 2885 5023 misericordia
2913 4975 3213 5021 succurrat.
