4032 6186
357 206 415 257 ης
1516 185 1753 242 ssnon
1797 185 1931 241 sur

2014 186 2113 242 iPll
2151 188 2440 243 ABBATIS
3547 197 3610 249 16

2811 333 3603 367 mm

1169 471 1842 586 SANGTI
1921 472 2806 586 EUTBOPII

1619 656 1885 707 ABBATIS
1918 655 1997 706 ET
2033 655 2316 708 EPISCOPI

1016 776 1644 885 EPISTOLA
1697 777 1866 880 AD
1923 780 1934 877 ἶ

2014 780 2460 885 ETRUM
2513 783 2955 890 PAPAM

423 957 521 1017 DE
558 949 1112 1015 DISTRICTIONE
1149 944 1708 1010 MONACHORUM
1743 937 1848 1002 ΕΤ
1879 941 2121 1005 RUINA
2160 943 2872 1024 MONASTERIORUM,
2908 953 3244 1019 DIRECTA
3276 957 3545 1018 ROME.

1472 1087 1656 1149 (Codex
1689 1083 1984 1150 Regulsrum
2010 1085 2204 1136 Martaui
2228 1089 2446 1154 Brokie.)

415 1270 763 1340 Omnipotens
799 1265 1051 1322 Dominus
1076 1277 1176 1333 pro
1212 1276 1307 1318 sua
1334 1257 1698 1315 misericordia
1736 1256 1927 1310 huma-
1957 1254 2006 1312 A
2033 1269 2131 1310 uec
2157 1256 2222 1310 ad
2249 1265 2408 1312 recta:
2442 1259 2564 1313 vita:
2591 1260 2856 1314 tramitem
2885 1261 3245 1330 resipisccndo
3267 1267 3462 1321 reverti
3497 1269 3610 1323 ele-

289 1409 296 1418 .
350 1379 447 1420 nos
480 1362 764 1417 miseratus
792 1370 1004 1413 errores
1037 1369 1135 1424 per
1167 1355 1386 1424 Moysen
1424 1349 1814 1406 sanctissimum
1846 1345 1925 1400 vi-

347 1466 465 1506 rum
496 1449 649 1504 nobis
677 1446 1030 1504 certissimum
1069 1440 1294 1512 praebuit
1319 1439 1726 1501 documentum,
1757 1443 1927 1504 etpro

347 1540 642 1596 olfensione
667 1552 721 1594 et
747 1537 900 1607 culpa
930 1532 1360 1602 delinquentibus
1388 1530 1584 1584 debere
1611 1526 1798 1589 irasci,
1823 1534 1878 1580 et
1897 1540 1926 1581 e

346 1640 537 1687 contra
573 1631 712 1684 bene
743 1634 1034 1695 sancteque
1063 1621 1362 1677 viventibus
1399 1619 1552 1673 mites
1580 1626 1636 1672 et
1670 1616 1928 1686 benignos

346 1737 467 1778 esse
495 1721 624 1778 satis
643 1733 938 1788 congruum
989 1724 1043 1771 et
1070 1713 1405 1770 laudabiliter
1431 1709 1722 1765 declaravit
1757 1708 1808 1762 in
1859 1722 1926 1762 eo

345 1813 489 1882 quod
517 1827 614 1882 pro
643 1816 865 1880 peccato
907 1805 1090 1877 populi
1116 1802 1473 1873 delinquentis
1495 1843 1512 1870 ,
1559 1808 1618 1855 ut
1651 1798 1926 1869 Scriptura

347 1901 561 1972 proprie
587 1899 841 1971 loquitur,
865 1898 1034 1953 iratus
1055 1896 1212 1950 nimis
1238 1893 1462 1958 tabulas,
1483 1906 1618 1961 quas
1642 1906 1674 1945 a
1699 1890 1926 1946 Domino

345 1998 665 2061 acceperat,
710 1990 778 2044 ad
808 1988 1040 2045 radicem
1070 1987 1267 2042 montis
1294 1985 1593 2055 confregit;
1635 1984 1854 2053 insuper
1871 1988 1927 2037 et

347 2083 554 2138 facinus
591 2079 772 2151 populi
806 2077 1164 2147 delinquentis
1207 2075 1513 2131 Levitarum
1546 2073 1723 2143 gladio
1752 2071 1924 2127 vindi-

347 2175 511 2232 cavit.
560 2171 742 2227 Mitem
770 2179 950 2226 autem
989 2177 1043 2224 et
1071 2168 1358 2237 benignum
1405 2166 1461 2220 in
1490 2165 1592 2220 hoc
1613 2179 1735 2220 eum
1764 2163 1925 2218 fuisse

349 2282 458 2322 non
480 2266 697 2322 dubium
714 2273 815 2329 est,
839 2263 983 2333 quia,
1003 2277 1100 2332 pro
1125 2261 1202 2317 eis
1221 2260 1414 2330 saepius
1435 2257 1715 2312 Dominum
1734 2255 1925 2324 depre-

343 2358 554 2426 cando,
602 2359 736 2413 iram
785 2357 878 2411 Dei
909 2369 1069 2424 super
1094 2369 1189 2409 eos
1215 2352 1518 2408 venientem
1547 2347 1780 2414 avertit;
1809 2355 1865 2402 et
1891 2362 1922 2401 a

344 2452 537 2522 quibus
563 2449 853 2520 aliquando
881 2446 1104 2519 lapidari
1144 2445 1336 2518 potuit,
1366 2459 1465 2514 pro
1493 2444 1571 2498 eis
1591 2444 1697 2497 ‘em
1736 2440 1922 2495 Domi-

343 2559 470 2598 num
495 2542 773 2613 deprecari
796 2557 900 2596 non
931 2540 1154 2596 destitit.
1187 2537 1301 2592 Hoc
1329 2537 1396 2591 ad
1425 2549 1659 2605 praesens
1685 2534 1752 2589 de
1781 2534 1920 2586 mul-

2030 1346 2204 1414 gerint
2227 1388 2242 1412 ,
2273 1348 2398 1402 alibi
2429 1349 2704 1418 prmcipit:
2732 1349 2953 1422 Increpa
2978 1370 3064 1406 eos
3103 1355 3229 1409 dure
3257 1356 3382 1427 (Tit.
3413 1375 3451 1425 ι,
3497 1359 3608 1432 15).

2030 1435 2093 1492 Ει
2120 1439 2311 1494 iterum
2339 1459 2350 1492 :
2383 1439 2508 1494 Cum
2546 1443 2838 1512 hujusmods'
2876 1463 2965 1500 nec
2986 1446 3153 1501 cibum
3181 1465 3378 1504 sumere
3401 1451 3455 1522 (1
3487 1453 3607 1513 Cor.

2029 1543 2083 1595 v,
2125 1528 2234 1599 Η).
2267 1531 2488 1600 Propter
2514 1531 2618 1587 hoc
2643 1533 2804 1587 etiam
2837 1535 3072 1604 loquitur
3095 1538 3279 1595 dicens
3307 1559 3321 1595 :
3358 1541 3610 1599 Inimicus

2026 1618 2165 1674 vobis
2203 1622 2371 1692 [actus
2422 1638 2532 1676 sum
2581 1641 2749 1678 verum
2799 1625 2974 1680 dicens
3021 1629 3159 1682 vobis
3204 1629 3343 1696 (Gal.
3388 1650 3460 1697 IV,
3496 1634 3608 1704 16).

2031 1709 2181 1767 Unde
2202 1719 2256 1765 et
2283 1714 2552 1768 saecularis
2581 1723 2739 1783 poeta
2766 1732 2778 1765 :
2813 1713 3143 1787 Obsequium,
3166 1719 3358 1788 inquit,
3389 1728 3605 1791 amicos,

2025 1804 2211 1857 veritas
2240 1802 2412 1857 odium
2447 1805 2619 1874 parit;
2663 1819 2846 1859 amara
2890 1815 2973 1860 est
3003 1807 3144 1861 enim
3169 1810 3384 1876 veritas,
3416 1820 3470 1866 et
3515 1814 3610 1882 qui

2025 1906 2144 1946 eam
2167 1893 2408 1960 diligunt,
2431 1894 2706 1964 replentur
2727 1895 3102 1956 amaritudine.
3125 1896 3252 1952 Ideo
3269 1910 3322 1954 et
3347 1899 3608 1959 Jeremias

2024 1982 2154 2037 dicit
2183 2001 2193 2034 :
2224 1983 2380 2037 Solus
2407 1985 2665 2049 sedebam,
2694 1985 2813 2056 quia
2850 1988 3196 2043 amaritudine
3211 1991 3429 2061 repletus
3463 2010 3606 2048 eram

2027 2073 2236 2140 (Jerem.
2272 2091 2362 2142 xv,
2403 2075 2514 2145 17).
2569 2075 2637 2130 Ει
2683 2091 2799 2146 quae
2845 2085 2928 2132 est
2966 2078 3076 2147 ipsa
3108 2082 3408 2138 amaritudo
3433 2123 3448 2148 ,
3505 2085 3607 2140 nisi

2023 2166 2161 2220 mala
2189 2175 2243 2221 et
2262 2183 2368 2221 non
2384 2176 2530 2221 recta
2554 2167 2906 2236 quorumdam
2927 2169 3196 2224 hominum
3227 2175 3607 2230 conversatio?

2023 2257 2158 2324 Quid
2189 2273 2330 2313 nunc
2373 2258 2596 2326 agimus,
2647 2259 2978 2315 sanctissime
3021 2261 3122 2330 vir,
3166 2263 3503 2320 tacebimus?
3550 2274 3607 2322 et

2022 2347 2353 2402 dissolutioni
2375 2349 2790 2414 consentiamus,
2815 2359 2875 2404 ut
2901 2359 2955 2405 et
2983 2356 3244 2408 mansueti
3267 2365 3322 2410 et
3350 2357 3493 2413 mitis
3513 2374 3603 2413 vo-

2021 2438 2267 2492 cabulum
2290 2440 2629 2508 acquiramus
2652 2441 2675 2494 ?
2701 2439 2765 2494 Et
2788 2441 2914 2509 quid
2953 2443 3108 2497 nobis
3137 2444 3240 2498 hoc
3268 2453 3394 2501 ante
3431 2447 3602 2503 Deum

2019 2529 2277 2600 proderit,
2310 2531 2522 2600 quando
2552 2547 2649 2601 pro
2678 2540 2863 2588 nostro
2891 2534 3101 2590 silentio
3131 2537 3302 2591 anima
3329 2542 3601 2607 pereuntis

341 2634 411 2689 tis
448 2633 514 2690 de
539 2632 716 2688 Veteri
752 2629 1096 2686 Testamento
1147 2626 1376 2683 sufﬁciat
1427 2623 1762 2681 testimoniis.
1812 2622 1919 2677 Sed
1953 2632 1996 2692 Β
2022 2623 2090 2677 de
2111 2631 2292 2678 nostra
2322 2624 2515 2678 dicitur
2533 2640 2693 2680 manu
2723 2627 2957 2696 perquiri
2980 2630 3003 2682 ἲ
3026 2627 3081 2683 Si
3109 2641 3286 2685 autem
3312 2647 3342 2686 a
3365 2631 3475 2688 Deo
3499 2649 3568 2688 no
3586 2666 3600 2677 -

341 2725 396 2796 ip
425 2739 457 2780 e
485 2724 740 2780 Dominus
780 2723 834 2777 in
863 2720 1150 2788 Evangelio
1179 2718 1257 2774 sic
1283 2718 1448 2772 dicit:
1483 2716 1664 2772 Omnis
1705 2717 1788 2788 qui
1817 2717 1922 2770 ira-

339 2815 499 2866 scitur
526 2813 678 2884 fratri
700 2828 792 2866 suo
819 2827 936 2864 reus
959 2811 1053 2863 erit
1059 2807 1258 2880 judicio
1281 2806 1494 2878 (Matth.
1518 2821 1570 2871 v,
1593 2805 1706 2876 ‘22).
1735 2804 1800 2858 Et
1821 2805 1923 2861 hoc

338 2903 568 2971 qualiter
589 2901 915 2970 intelligatur
942 2899 1180 2954 adverte.
1205 2897 1298 2953 Ille
1326 2897 1382 2952 in
1407 2908 1510 2952 noc
1537 2897 1682 2952 dicto
1711 2904 1923 2952 tenetur

336 2991 622 3059 obnoxius,
667 2990 758 3061 qui
786 3005 890 3046 non
918 2989 1068 3055 vitio,
1101 2987 1245 3058 quod
1270 2997 1354 3041 est
1380 2986 1431 3040 in
1461 2986 1678 3042 homine
1697 2987 1918 3053 malum,

334 3085 428 3139 sed
456 3090 660 3138 natura:
688 3082 852 3153 ipsius
873 3081 1139 3146 humanas,
1162 3093 1322 3148 quam
1351 3077 1490 3133 Deus
1519 3077 1702 3149 utique
1723 3078 1920 3133 bo.:am

335 3172 592 3240 condidit,
624 3173 714 3226 irae
741 3171 974 3226 voluerit
1009 3182 1315 3240 praerogare
1341 3167 1633 3221 stimulum.
1663 3166 1918 3236 Propter-

334 3280 398 3319 ea
423 3273 478 3320 et
500 3264 814 3334 quibusdam
843 3261 984 3316 male
1013 3259 1472 3324 conversantibus,
1513 3265 1568 3312 et
1595 3273 1626 3310 a
1655 3273 1714 3312 se
1734 3259 1916 3313 durius

336 3356 627 3426 increpatis
678 3353 964 3424 Apostolus
992 3352 1118 3408 dicit
1148 3369 1161 3404 :
1197 3350 1266 3405 Ut
1315 3351 1481 3404 malus
1509 3366 1670 3404 essem
1715 3367 1802 3405 vos
1827 3367 1916 3405 co-

331 3445 508 3516 egistis
538 3443 624 3514 (Il
652 3442 772 3499 Cor.
803 3445 922 3514 xu).
953 3439 1017 3495 Et
1052 3441 1120 3496 de
1143 3439 1468 3495 abscissione
1495 3453 1559 3494 ac
1579 3440 1917 3508 separatione

331 3549 518 3589 eorum
549 3535 638 3604 qui
667 3535 928 3605 ptenitere
957 3533 1144 3588 nolunt
1171 3532 1270 3586 ista
1298 3531 1564 3602 loquitur:
1598 3531 1810 3586 Utinam
1825 3550 1916 3586 ex-

333 3626 574 3680 cidantur
600 3627 685 3698 qui
709 3641 795 3681 vos
837 3624 1146 3680 conturbant
1176 3622 1320 3693 (Gal.
1349 3640 1401 3691 ν,
1434 3622 1522 3694 12)
1550 3623 1563 3675 !
1611 3621 1686 3678 De
1724 3623 1916 3693 quibus

328 3724 385 3772 et
415 3715 668 3772 Dominus
709 3716 763 3770 in
812 3714 1119 3784 Evangelio,
1149 3721 1211 3768 ut
1252 3715 1369 3769 aliis
1399 3715 1573 3769 verbis
1619 3715 1839 3782 loquar;
1868 3716 1912 3768 si

328 3807 522 3875 siepius
569 3815 748 3860 autem
791 3805 1093 3859 admonitus
1120 3803 1152 3856 ῖς
1169 3816 1282 3858 ater
1302 3804 1493 3871 corrigi
1540 3805 1805 3870 noluerit,
1847 3807 1915 3859 sit

330 3896 420 3948 tibi
445 3895 576 3948 sicut
597 3895 824 3950 ethnicus
841 3893 1587 3965 etpublicanus(Matth.xvm,
1620 3894 1728 3965 17).
1761 3895 1912 3961 Quod

2020 2714 2102 2769 bis
2129 2715 2387 2770 creditum
2430 2729 2645 2786 gregem
2692 2726 2748 2772 et
2797 2720 3130 2777 exhortando
3170 2734 3225 2778 et
3275 2725 3600 2796 increpando

2019 2807 2212 2876 saepius
2239 2822 2270 2861 a
2295 2807 2490 2862 diaboli
2514 2809 2713 2878 laqueis
2734 2818 2789 2866 et
2818 2826 3070 2881 perverso
3091 2813 3416 2872 voluerimus
3436 2833 3600 2888 opere

2020 2915 2295 2969 revocare,
2323 2901 2554 2958 immites
2583 2911 2639 2956 et
2665 2903 2841 2973 asperi
2883 2904 3169 2962 multorum
3212 2925 3307 2965 ore
3333 2909 3594 2972 dicemur.

2019 2987 2124 3044 Sed
2152 2991 2394 3060 quamvis
2440 2991 2544 3047 hoc
2571 3007 2602 3045 a
2642 2993 2845 3059 multis,
2877 2994 2969 3064 qui
3017 2995 3190 3051 locum
3219 2999 3381 3055 officii
3427 3005 3596 3058 nostri

2019 3095 2126 3134 non
2156 3081 2477 3150 intelligunt,
2506 3097 2648 3152 saepe
2676 3082 2902 3150 dicatur,
2929 3088 3155 3142 tenenda
3186 3099 3268 3143 est
3295 3098 3474 3148 tamen
3495 3094 3596 3150 dis-

2017 3168 2208 3239 cretio,
2239 3179 2294 3226 et
2317 3180 2515 3226 sanctae
2543 3173 2739 3242 regula:
2765 3174 3046 3240 institutio,
3080 3187 3138 3232 ut
3167 3197 3284 3250 qum
3304 3192 3481 3252 patres
3509 3187 3593 3242 ίη-

2016 3265 2306 3319 stituerunt
2325 3265 2483 3317 etiam
2499 3279 2838 3320 successores
2858 3274 2912 3320 et
2936 3266 3027 3322 ﬁlii
3056 3269 3260 3339 integra
3285 3274 3594 3348 illibataque

2016 3352 2318 3408 custodiant
2337 3361 2388 3405 et
2405 3352 2710 3407 observent.
2733 3353 2866 3408 Nam
2892 3355 2936 3408 si
2959 3355 3010 3410 in
3030 3357 3253 3426 aliquoa
3283 3373 3590 3424 sanctorum

2016 3440 2230 3496 Patrum
2263 3442 2593 3497 institutione
2631 3450 2684 3496 et
2714 3444 2926 3500 tramite
2955 3445 3271 3502 devian-lum
3297 3491 3312 3516 ,
3362 3467 3463 3509 nec
3493 3472 3591 3525 pro

2015 3531 2182 3600 culpae
2225 3545 2334 3586 sua:
2361 3530 2480 3600 quis
2522 3531 2778 3600 qualitate
2805 3541 2860 3587 et
2899 3549 3061 3604 opere
3089 3535 3443 3609 iucrepandus
3470 3556 3588 3613 est;

2014 3623 2152 3691 quis,
2197 3635 2398 3690 quaeso,
2431 3622 2694 3676 malorum
2733 3623 2835 3678 hoc
2863 3624 3030 3692 audit,
3056 3626 3147 3695 qui
3218 3644 3360 3686 nunc
3398 3633 3617 3690 saltem.

2015 3721 2232 3782 propter
2252 3713 2512 3782 supplicia
2543 3721 2860 3780 terreantur,
2894 3718 2982 3784 qui
3014 3733 3119 3774 non
3144 3733 3474 3793 quaecunque
3494 3742 3588 3781 vo-

2011 3805 2166 3859 luerit
2193 3815 2334 3872 agat.
2368 3813 2423 3859 et
2443 3820 2674 3875 praeceps
2697 3805 2896 3861 feratur
2923 3807 2988 3862 ad
3017 3809 3188 3863 vitia?
3215 3809 3280 3866 Ει
3308 3825 3589 3885 prOpterea

2013 3897 2204 3951 divinae
2229 3899 2480 3965 potentia:
2507 3897 2640 3951 ordo
2666 3904 2721 3951 et
2740 3897 3018 3954 iueﬂ‘abilis
3041 3900 3321 3969 dispositio
3347 3908 3591 3978 praecipit

327 3987 371 4041 si
404 3994 605 4054 tacere,
632 3985 686 4042 et
713 3985 1111 4056 delinquentem
1139 3985 1305 4055 (quod
1332 3985 1475 4040 dictu
1500 4000 1715 4056 quoque
1761 3986 1908 4041 nefas
1939 3991 1982 4052 Ο
2014 3995 2070 4040 ut
2107 3989 2176 4041 sit
2218 3987 2268 4040 in
2299 3987 2496 4042 saeculo
2519 3985 2783 4057 princeps,
2817 3988 2868 4042 in
2900 3987 3133 4044 Ecclrsia
3164 4001 3345 4060 pastor
3363 4002 3418 4049 et
3454 4011 3591 4065 pou-

330 4076 433 4146 cst)
475 4093 572 4148 pro
601 4077 770 4148 culpa:
816 4077 1034 4132 modulo
1075 4091 1184 4131 non
1231 4076 1486 4131 debemus
1514 4089 1774 4144 arguere,
1813 4093 1909 4132 cur

329 4183 508 4238 qumso
545 4169 698 4224 nobis
725 4183 821 4238 per
860 4168 1050 4223 Isaiam
1095 4168 1347 4223 Dominus
1391 4167 1633 4236 prtecipit
1681 4168 1905 4226 dicens:

331 4260 530 4323 Clama,
555 4278 619 4315 ne
643 4264 829 4329 cesses,
861 4263 1006 4333 quasi
1031 4261 1148 4315 tuba
1170 4260 1343 4314 exaltu
1369 4276 1538 4314 vocem
1565 4271 1721 4324 tuam,
1745 4271 1792 4315 et
1815 4279 1910 4317 an-

330 4353 510 4404 nuntio
530 4357 717 4422 populo
731 4369 841 4406 meo
861 4353 1052 4407 scelera
1079 4369 1274 4419 eorum,
1295 4360 1343 4405 et
1363 4353 1485 4421 ﬁliis
1519 4349 1686 4406 Israel
1703 4362 1909 4423 peccata

329 4457 503 4495 eorum
531 4440 684 4514 (Isai.
716 4459 862 4510 LVIII,
888 4443 914 4496 ‘1
950 4462 965 4511 ;
995 4453 1050 4499 et
1079 4443 1208 4498 illud
1232 4442 1521 4498 Ezechielis
1549 4461 1560 4496 :
1593 4442 1654 4498 Si
1678 4461 1779 4497 non
1812 4460 1907 4496 an-

329 4535 642 4588 nuntiaveris
661 4537 820 4604 impio
849 4546 901 4588 ut
931 4536 994 4589 ab
1021 4537 1292 4607 iniquitate
1318 4553 1411 4591 sua
1440 4544 1788 4602 convertatur,
1817 4535 1906 4589 ille

330 4626 531 4694 quidem
553 4627 738 4695 impius
757 4629 811 4680 in
831 4628 1095 4698 iniquitate
1120 4645 1214 4682 sua
1241 4667 1255 4691 ,
1287 4645 1437 4693 quam
1462 4637 1700 4698 operatus
1726 4637 1821 4693 est,
1852 4629 1905 4682 in

328 4720 441 4786 ipsa
491 4720 778 4784 morietur;
819 4719 1118 4790 sanguinem
1148 4729 1315 4772 autem
1345 4721 1484 4774 illius
1511 4721 1575 4774 de
1614 4738 1770 4775 manu
1819 4731 1906 4776 tua

327 4812 585 4879 requiram
611 4808 825 4880 (Ezech.
858 4827 1018 4876 xxxv,
1046 4809 1124 4881 8).
1151 4809 1247 4864 Cui
1276 4812 1551 4864 sententia:
1580 4827 1678 4866 nos
1705 4813 1904 4866 dictum

331 4901 459 4956 illud
497 4901 736 4956 doctoris
780 4903 976 4971 egregii
1015 4901 1406 4970 subiungimus.
1445 4899 1506 4955 Et
1533 4902 1658 4970 quid
1687 4903 1904 4972 prodest

330 5007 436 5045 non
467 4991 640 5059 puniri
681 5003 780 5045 suo
803 5031 818 5055 ,
867 4990 955 5058 qui
982 4989 1282 5059 puniendus
1310 4996 1394 5043 est
1430 4987 1604 5042 alieno
1628 4998 1850 5058 peccato
1879 4991 1903 5044 ?

330 5081 394 5134 ad
441 5079 777 5134 Timotheum
825 5088 1000 5134 autem
1049 5078 1244 5134 Paulus
1289 5079 1562 5148 apostolus
1611 5089 1796 5144 aperte
1825 5081 1904 5135 lo-

327 5170 523 5237 quitur,
555 5170 735 5225 dicens
767 5188 779 5222 :
827 5170 1012 5238 Argue.
1039 5171 1266 5234 obsecra,
1293 5172 1593 5237 increpa,in
1639 5173 1779 5224 omni
1807 5188 1902 5242 pa-

329 5261 508 5313 tientia
535 5271 582 5312 et
604 5261 837 5314 doctrina
868 5259 953 5330 (Il
979 5260 1111 5314 Tim.
1140 5278 1215 5327 iv,
1235 5261 1291 5330 ἓ)
1321 5279 1334 5327 ;
1380 5262 1472 5316 sed
1493 5278 1587 5315 eos
1612 5263 1702 5330 qui
1733 5263 1898 5318 semel

2016 4078 2142 4132 tifex
2171 4077 2506 4147 praeficiatur,
2538 4088 2594 4133 et
2637 4079 2691 4133 in
2723 4081 3059 4135 monasteriis
3083 4090 3253 4150 pater,
3283 4093 3342 4140 ut
3382 4086 3588 4143 nefario

2011 4169 2160 4238 Operi
2182 4179 2237 4224 et
2257 4171 2464 4225 actibus
2487 4169 2727 4225 scelestis
2747 4178 2800 4223 et
2821 4170 2996 4240 impiis
3017 4171 3299 4238 obsistere,
3323 4184 3377 4230 et
3398 4187 3587 4234 contra

2010 4259 2225 4313 humani
2250 4261 2462 4328 generis
2483 4274 2660 4316 mores
2683 4269 3046 4330 perpetratum
3076 4262 3281 4320 facinus
3299 4266 3589 4322 districtio-

1992 4351 2626 4419 nisetseveritatispossit
2659 4350 2835 4419 gladio
2865 4351 3151 4408 vindicare.
3197 4354 3428 4411 Sanctus
3477 4357 3581 4413 Au-

2007 4444 2248 4508 gustinus
2267 4444 2570 4510 praeclarus,
2603 4451 2661 4496 ut
2681 4443 2881 4512 optime
2909 4447 3067 4507 nosti,
3100 4444 3353 4502 Ecclesia:
3373 4449 3587 4518 doctor,

2007 4546 2124 4600 qua:
2151 4531 2204 4585 in
2226 4540 2419 4588 octavo
2447 4531 2690 4588 Civitatis
2720 4533 2810 4588 Dei
2834 4534 2971 4589 libro
2999 4535 3127 4590 dicit
3152 4536 3394 4592 adverte.
3423 4539 3586 4594 Deni-

2005 4636 2110 4691 que
2138 4622 2189 4675 in
2218 4620 2493 4692 disciplina
2518 4629 2701 4676 nostra
2724 4637 2830 4676 non
2853 4631 2960 4676 tam
2989 4625 3244 4691 quaeritur
3273 4636 3448 4681 utrum
3465 4629 3586 4698 pius

2005 4714 2213 4767 animus
2243 4713 2518 4777 irascatur,
2551 4727 2649 4768 nec
2675 4721 2851 4768 utrum
2877 4714 2946 4768 sit
2977 4716 3140 4769 tristis
3165 4758 3180 4784 ,
3211 4716 3304 4771 sed
3351 4719 3489 4774 unde
3515 4720 3584 4775 sit

2005 4805 2212 4868 tristis;
2245 4819 2345 4858 nec
2392 4813 2566 4857 utrum
2598 4805 2798 4858 timeat.
2839 4806 2933 4859 sed
2981 4806 3107 4875 quid
3158 4808 3362 4863 timeat.
3419 4809 3582 4865 Irasci

2003 4896 2144 4949 enim
2173 4895 2500 4964 delinquenti
2551 4905 2609 4951 ut
2638 4897 2958 4965 corrigatur,
3003 4900 3305 4955 contristari
3348 4917 3449 4970 pro
3501 4901 3582 4956 af-

2002 4985 2147 5040 ﬂicto
2173 4995 2230 5040 ut
2252 4986 2530 5054 liberetur,
2561 4989 2751 5042 timere
2795 4988 3114 5058 periclitanti
3141 5005 3208 5045 ne
3252 4999 3454 5060 pereat,
3480 5008 3577 5045 nc-

2000 5079 2114 5132 scio
2137 5087 2312 5132 utrum
2341 5081 2618 5147 quisquam
2659 5096 2787 5134 sana
2816 5082 3245 5138 consideratione
3289 5085 3580 5153 reprehen-

1999 5169 2129 5223 dere
2172 5167 2387 5223 audeat.
2421 5168 2666 5223 Facultas
2693 5179 2875 5224 autem
2904 5171 3055 5226 istius
3081 5173 3258 5226 saeculi
3287 5188 3449 5241 quam
3481 5192 3579 5229 no-

1999 5261 2081 5316 bis
2110 5260 2364 5315 Dominus
2409 5276 2506 5329 pro
2549 5263 2868 5316 necessitate
2895 5271 2950 5316 et
2989 5265 3379 5318 sustentatione
3427 5266 3578 5322 istius

328 5359 382 5400 et
409 5350 600 5404 iterum
630 5350 884 5405 admoniti
914 5349 1117 5405 facinus
1143 5367 1296 5406 suum
1330 5352 1633 5419 patuitendo
1671 5366 1898 5421 coguos-
1930 5355 1980 5415 D
2004 5355 2308 5410 transitoria
2332 5356 2473 5422 vita},
2505 5365 2561 5410 et
2604 5371 2710 5408 non
2752 5371 2851 5424 pro
2896 5355 3102 5410 luxuria
3131 5365 3186 5410 et
3213 5355 3577 5427 superﬂuitate

328 5453 472 5502 cere,
523 5449 575 5493 et
614 5441 665 5494 in
703 5441 892 5496 melius
937 5456 1084 5496 suam
1116 5442 1376 5496 voluerint
1405 5443 1566 5496 vitam
1611 5443 1896 5510 corrigere.

330 5531 592 5585 Cmterum
619 5533 683 5588 de
723 5536 844 5601 illis,
878 5535 965 5604 qui
994 5536 1042 5588 in
1074 5535 1214 5588 malo
1237 5550 1578 5606 perseverare
1601 5536 1892 5604 proposito,

2003 5446 2243 5500 facienda
2273 5463 2362 5500 sua
2391 5446 2735 5501 miseratione
2763 5446 2963 5500 donare
3002 5447 3248 5516 dignatus
3276 5457 3386 5514 est,
3418 5452 3574 5504 etiam

2001 5540 2042 5592 si
2074 5538 2126 5592 iu
2149 5546 2285 5604 toto,
2316 5537 2459 5606 quod
2486 5554 2591 5592 non
2619 5546 2717 5606 est,
2741 5536 3065 5594 sufﬁcientes
3086 5555 3202 5596 esse
3225 5543 3446 5612 possint,
3471 5557 3573 5595 non
