4032 6186
446 396 503 449 17
1282 391 1602 447 EPISTOLA
1646 393 1729 449 DE
1768 391 2233 455 DlSTRICTlONE
2273 397 2760 456 MUNACIIORUM.
3626 412 3690 464 t8

441 514 613 556 tamen
662 501 781 555 ideo
820 501 1100 557 afﬂuenter
1129 510 1184 556 et
1223 502 1499 570 Splendide
1524 503 1722 567 vivere,
1763 512 1818 558 et
1843 503 2013 558 ventri
2044 508 2089 564 Λ
2118 513 2174 559 et
2196 508 2485 576 spatiosam
2509 509 2659 563 multi
2684 511 3068 579 ingrediuntur,
3111 523 3167 571 et
3196 516 3247 569 in
3274 516 3531 584 gehemue
3566 534 3693 587 pro-

438 602 491 646 et
519 592 655 658 gula:
686 593 1080 646 inserviendum
1102 600 1202 658 est,
1225 592 1385 646 etiam
1415 593 1458 647 si
1479 593 1561 649 bis
1588 594 1835 649 omnibus
1854 595 2019 648 abun-

438 683 642 735 demus.
677 680 931 735 Prohibet
957 683 1099 736 enim
1132 684 1236 737 hoc
1263 683 1537 751 Scriptura
1566 684 1750 738 dicens
1780 683 2020 738 :Divitia:

440 774 482 825 si
510 772 752 840 affluant,
801 774 955 825 nolite
983 789 1071 825 cor
1096 788 1352 841 apponere
1376 772 1529 843 (Psal
1555 788 1662 835 xu,
1696 772 1783 841 ii)
1811 789 1826 838 ;
1877 772 2019 841 Apo-

439 864 604 915 stolus
634 870 812 915 autem
847 881 858 913 :
908 862 973 915 Et
996 865 1165 916 carnis
1182 880 1359 916 curam
1384 880 1447 916 ne
1474 865 1695 935 feceritis
1719 865 1787 916 in-
1817 864 2019 918 deside—

438 955 526 1007 riis
550 953 723 1019 (Rom.
751 971 861 1019 xnt,
897 956 1007 1024 i4).
1038 955 1105 1008 Et
1131 958 1325 1028 castigo
1349 973 1532 1027 corpus
1558 973 1727 1011 meum
1751 969 1797 1012 et
1826 961 1880 1013 in
1908 976 2018 1013 ser-

436 1049 637 1100 vitutem
661 1048 854 1117 redigo,
878 1065 943 1101 ne
971 1050 1103 1118 forte
1132 1049 1251 1101 dum
1282 1049 1400 1102 aliis
1420 1049 1643 1118 pratdico
1661 1092 1675 1116 ,
1707 1051 1815 1121 ipse
1842 1068 2019 1120 repro—

437 1137 529 1189 bus
555 1139 758 1207 efficiar
790 1137 844 1208 (1
870 1137 987 1192 Cor.
1016 1155 1089 1202 ix,
1120 1138 1233 1204 27).
1267 1138 1492 1209 Propter
1516 1141 1659 1209 quod
1688 1149 1741 1195 et
1772 1142 2018 1209 frequen-

439 1232 520 1277 ter
550 1226 600 1278 in
625 1224 762 1280 fame
785 1234 838 1281 et
867 1227 975 1293 siti,
1000 1236 1052 1281 et
1074 1228 1334 1293 nuditate,
1366 1238 1420 1283 et
1441 1229 1654 1297 jejuniis
1674 1245 1814 1299 sarpe
1830 1232 2020 1286 asserit

434 1314 669 1381 gloriari.
721 1315 783 1369 Et
809 1317 935 1371 illud
992 1318 1046 1372 in
1091 1317 1383 1387 Evangelio
1439 1320 1653 1375 Domini
1688 1338 1700 1373 ε
1734 1319 1858 1374 Non
1905 1337 2020 1391 gra-

435 1417 609 1458 ventur
637 1408 793 1460 corda
823 1416 987 1461 vestra
1018 1411 1070 1461 in
1098 1410 1312 1479 crapula
1355 1420 1405 1464 et
1450 1412 1690 1466 ebrietate
1719 1410 1868 1481 (Luc.
1904 1428 2013 1482 ut,

434 1498 544 1566 3i).
594 1498 744 1564 Quod
772 1500 816 1553 si
844 1516 948 1554 non
978 1502 1050 1553 ita
1096 1510 1195 1566 est,
1218 1502 1335 1557 sine
1365 1518 1523 1558 causa
1552 1517 1679 1571 ergo
1709 1513 2017 1558 sanctorum

438 1588 650 1641 Patrum
670 1589 909 1657 quotidie
925 1590 1086 1645 vitam
1110 1590 1353 1659 legimus.
1374 1592 1608 1658 Quorum
1631 1592 2015 1661 professionem

436 1684 615 1731 tenere
661 1693 758 1733 nos
786 1680 1033 1745 dicimus,
1084 1681 1378 1735 secundum
1410 1696 1594 1736 eorum
1624 1683 2014 1737 institutionem

434 1765 609 1819 vivere
639 1766 1016 1821 detrectamus.
1051 1766 1120 1823 Ut
1148 1768 1272 1836 quid
1294 1769 1453 1823 etiam
1476 1780 1527 1823 et
1550 1769 1803 1824 Dominus
1834 1779 2017 1825 noster

2122 593 2283 650 fundo
2310 598 2724 667 prtecipitantur.
2774 599 2879 655 Nos
2915 603 3079 669 enim,
3127 606 3263 660 sicut
3291 606 3599 663 fundatores
3643 617 3695 662 et

2121 684 2305 743 Patres
2326 689 2477 744 istius
2516 691 2826 746 monasterii
2861 699 3164 761 tenuerunt,
3207 706 3262 751 et
3310 698 3465 753 nobis
3499 698 3693 752 tradita

2119 776 2451 845 dimiserunt,
2480 780 2771 835 auxiliante
2796 780 3023 838 Domino
3067 793 3122 839 et
3150 787 3419 841 tenuimus
3450 795 3506 842 et
3543 794 3694 842 tene-

2120 882 2257 930 mus,
2300 884 2397 923 nec
2424 871 2680 940 quidquid
2707 888 2869 941 super
2896 882 2989 927 aut
3010 874 3184 930 minus
3202 875 3446 941 facimus,
3491 892 3697 930 memo-

2120 973 2206 1013 res
2227 959 2366 1013 illius
2385 959 2691 1030 Scriptum,
2720 977 2840 1033 quae
2866 964 2995 1020 dicit
3018 982 3031 1018 :
3065 964 3151 1020 Ne
3171 967 3567 1038 transgrediaris
3594 979 3693 1020 ter-

2119 1048 2285 1100 minos
2308 1050 2541 1119 antiquos
2570 1067 2694 1120 quos
2740 1062 3019 1122 posuerunt
3057 1062 3229 1122 patres
3252 1056 3321 1107 tui
3351 1054 3527 1119 (Prov.
3550 1043 3691 1119 vxxn,

2120 1134 2230 1202 28).
2256 1133 2322 1188 Et
2354 1153 2367 1189 ;
2403 1136 2501 1200 Qui
2531 1139 2730 1193 modica
2766 1142 2961 1209 spernit
2990 1142 3239 1209 paulatim
3287 1142 3474 1196 decidit
3505 1142 3691 1210 (Eccli.

2120 1229 2251 1295 χιχ),
2282 1236 2338 1280 ut
2362 1243 2455 1298 per
2476 1229 2591 1284 ha‘c
2611 1229 2852 1287 dominos
2880 1240 2936 1286 et
2980 1231 3166 1287 Patres
3194 1240 3439 1295 nostros;
3469 1233 3559 1300 qui
3608 1248 3691 1286 re-

2117 1316 2293 1382 gulam
2322 1317 2459 1372 hanc
2484 1315 2774 1372 secundum
2799 1320 3138 1387 antiquorum
3169 1335 3430 1385 normam,
3464 1319 3572 1374 Deo
3592 1319 3694 1373 sibi

2120 1406 2430 1474 inspirante,
2462 1409 2819 1471 instituerunt,
2845 1409 2897 1464 in
2921 1409 3123 1476 judicio
3152 1409 3247 1464 Dei
3288 1426 3395 1464 non
3441 1409 3694 1464 adversa-

2118 1500 2247 1563 rios,
2262 1498 2354 1552 sed
2372 1507 2627 1567 patronos
2640 1500 2693 1553 in
2709 1500 2956 1555 omnibus
2970 1500 3278 1555 habeamus.
3296 1499 3425 1553 Nam
3442 1500 3543 1554 etsi
3558 1499 3695 1554 forte

2117 1587 2307 1656 aliquis
2337 1588 2478 1642 dicat
2506 1589 2661 1645 nimis
2686 1589 2926 1643 districte
2956 1605 3053 1644 nos
3092 1602 3269 1657 agere,
3321 1596 3377 1643 et
3403 1596 3692 1657 propterea

2117 1675 2323 1743 aliquas
2344 1690 2374 1729 a
2401 1677 2555 1731 nobis
2579 1677 2721 1731 dicat
2748 1678 2913 1742 exire,
2951 1685 3005 1732 et
3029 1692 3163 1746 pace
3201 1686 3288 1730 tua
3320 1676 3607 1745 loquimur,
3640 1683 3695 1729 et

2116 1766 2263 1821 salvo
2294 1775 2387 1821 tuo
2414 1767 2727 1822 charissima
2759 1769 2912 1823 nobis
2938 1779 2992 1823 et
3013 1769 3124 1823 Deo
3148 1769 3307 1837 digno
3337 1770 3556 1824 honoris
3584 1769 3691 1840 pri-

432 1851 721 1905 secundum
747 1852 896 1907 Isaia:
919 1856 1224 1909 vaticinium
1249 1858 1508 1925 praecipit,
1536 1857 1718 1911 dicens
1744 1876 1755 1910 :
1785 1858 1848 1911 In
1882 1861 2013 1913 viam
2044 1866 2090 1926 Β
2116 1856 2309 1924 vilegio
2330 1856 2571 1922 dicimus,
2620 1859 2928 1929 quicunque
2976 1859 3112 1914 alius
3160 1860 3264 1915 hoc
3305 1859 3453 1925 dicit,
3482 1860 3693 1913 videtur

432 1942 654 2009 gentium
682 1959 743 1994 ne
764 1942 992 1997 abieritis
1022 1943 1234 2015 (Matth.
1266 1961 1319 2011 x,
1351 1943 1425 2016 5),
1455 1945 1553 1999 nisi
1585 1955 1640 1999 ut
1667 1962 1892 2015 quorum
1921 1962 2007 2001 se-

433 2041 617 2100 parata
645 2042 728 2086 est
747 2034 955 2103 religio,
978 2044 1256 2104 separetur
1285 2044 1341 2091 et
1359 2037 1468 2090 vita
1496 2038 1518 2090 ?
1541 2037 1693 2090 Nulla
1722 2039 1862 2091 enim
1909 2039 2011 2092 erit

431 2123 680 2176 distantia
703 2123 841 2177 inter
861 2124 1141 2194 profanum
1160 2134 1213 2180 et
1240 2135 1502 2192 sanctum,
1536 2127 1674 2180 inter
1701 2127 2010 2182 sazcularem

431 2222 487 2267 et
514 2215 855 2282 monachum,
887 2214 1143 2283 frugalem
1172 2228 1224 2271 et
1254 2232 1496 2286 parcum,
1526 2217 1571 2270 si
1600 2217 1796 2286 passim
1821 2217 2012 2271 volun-

431 2303 527 2356 tati
554 2315 750 2359 nostra:
799 2316 855 2360 et
892 2308 1340 2376 concupiscentiae
1393 2308 1667 2363 deservire
1690 2308 2012 2363 voluerimus

429 2398 486 2444 et
514 2392 846 2447 satisfacere.
880 2396 986 2447 Aut
1012 2396 1138 2464 quid
1169 2396 1320 2451 nobis
1347 2405 1472 2451 ante
1498 2396 1665 2451 Deum
1697 2398 1934 2467 proderit
1961 2399 2011 2452 in

428 2484 643 2538 nomine
693 2492 917 2552 tantum,
947 2495 1001 2541 et
1029 2503 1136 2542 non
1175 2489 1334 2542 etiam
1368 2489 1419 2542 in
1447 2498 1634 2543 sancta
1662 2497 1719 2544 et
1741 2490 1881 2545 bona
1902 2491 2011 2546 vita

429 2585 481 2627 et
504 2579 913 2632 conversatione
939 2578 1188 2634 laudabili
1212 2578 1473 2650 professio
1497 2582 1772 2652 religionis
1793 2585 2013 2638 nostrai

430 2664 609 2719 Primo
636 2676 760 2721 ante
787 2667 972 2733 Deum,
1004 2671 1195 2725 deinde
1233 2679 1357 2726 ante
1386 2672 1627 2727 homines
1650 2713 1665 2737 ,
1708 2673 1752 2729 si
1777 2674 2014 2729 volueri-

431 2771 547 2809 mus
566 2757 885 2823 ostendere,
914 2759 1203 2814 secundum
1236 2759 1365 2814 illud
1395 2760 1537 2830 quod
1568 2761 1633 2815 de
1657 2760 1909 2817 Samuele
1939 2763 2014 2816 le-

428 2845 605 2912 gitur:
637 2844 707 2898 Et
745 2847 977 2915 placebat
1011 2857 1116 2901 tam
1151 2847 1259 2902 Deo
1284 2864 1436 2919 quam
1486 2849 1770 2903 hominibus
1797 2849 1849 2917 (l
1882 2849 2009 2920 Reg.

431 2951 496 2998 ιι,
526 2933 638 3003 29).
670 2934 733 2988 Et
772 2936 1027 2992 Dominus
1066 2938 1116 2992 in
1159 2937 1448 3007 Evangelio
1482 2956 1494 2992 :
1536 2938 1772 3005 Videant,
1821 2940 2011 3018 inquit,

429 3033 596 3077 vestra
637 3043 791 3093 opera
816 3026 967 3091 bona,
990 3037 1042 3081 et
1066 3029 1355 3098 gloriﬁcent
1386 3029 1594 3084 Patrem
1616 3039 1837 3084 vestrum
1856 3032 1938 3099 qui
1960 3031 2013 3083 in

430 3116 569 3167 cretis
598 3126 674 3168 est
706 3115 923 3186 (Matth.
949 3134 1001 3183 v,
1040 3118 1143 3187 l6).
1179 3119 1244 3172 Et
1269 3121 1372 3174 hoc
1400 3120 1542 3187 ideo,
1566 3120 1689 3189 quia
1729 3122 2010 3189 quodcun-

428 3216 536 3269 que
556 3203 752 3258 bonum
778 3205 830 3258 in
853 3206 1006 3260 nobis
1026 3221 1145 3261 esse
1173 3208 1391 3273 dicitur,
1440 3224 1547 3264 non
1574 3225 1640 3264 ex
1667 3219 1863 3266 nostrae
1886 3212 2009 3266 vitze
2039 3240 2084 3301 ρ

425 3308 548 3347 esse
574 3295 786 3360 merito,
828 3297 921 3351 sed
968 3297 1058 3353 Dei
1088 3300 1310 3367 gratiam
1360 3301 1527 3369 gratis
1574 3302 1725 3355 nobis
1763 3302 2013 3370 largienti

426 3384 694 3437 tribuatur
732 3385 894 3440 dono.
928 3385 1079 3442 Unde
1131 3396 1185 3442 et
1242 3389 1438 3443 Paulus
1469 3392 1742 3459 apostolus
1776 3410 1788 3443 :
1832 3391 2015 3446 Provi-

425 3473 625 3539 dentes,
674 3474 863 3542 inquit,
907 3475 1037 3529 bona
1075 3493 1177 3531 non
1217 3486 1413 3532 tantum
1450 3495 1625 3533 coram
1658 3479 1897 3543 Domino,
1925 3482 2015 3533 sed

425 3565 585 3616 etiam
606 3580 780 3617 coram
809 3565 1043 3619 omnibus
1065 3566 1351 3621 hominibus
1374 3567 1458 3639 (Il
1489 3567 1607 3622 Cor.
1630 3586 1740 3636 vm,
1770 3570 1882 3639 21).
1913 3570 2012 3635 Qui

427 3653 557 3705 alibi
580 3653 795 3708 laudem
818 3656 1092 3710 hominum
1121 3672 1220 3725 pro
1241 3673 1373 3711 vana
1397 3659 1565 3725 gloria
1594 3659 1913 3714 declinando
1941 3660 2015 3714 di-

427 3742 585 3797 cebat
613 3761 626 3795 :
658 3745 719 3799 Si
766 3745 933 3799 adhuc
984 3747 1270 3801 hominibus
1297 3749 1571 3819 placerent,
1602 3748 1794 3805 Christi
1840 3767 2013 3806 servus

430 3852 533 3888 non
577 3852 737 3889 essem
767 3836 907 3907 (Gal.
960 3854 998 3904 ι,
1059 3838 1168 3908 10).
1210 3838 1554 3894 Beatissimus
1584 3856 1797 3910 quoque
1827 3840 2014 3897 Petrus

432 3925 808 3991 Apostolorum
836 3930 1071 3981 omnium
1116 3937 1278 3997 caput
1320 3939 1373 3982 et
1422 3930 1704 3999 princeps:
1738 3930 2013 3985 Conscien-

431 4018 557 4068 tiam
586 4026 635 4069 et
657 4020 1110 4082 conversationem,
1138 4020 1329 4089 inquit,
1359 4020 1536 4073 habete
1556 4022 1692 4074 inter
1718 4031 1893 4092 gentes
1924 4022 2011 4076 bo-

432 4116 651 4171 nam,ut
682 4109 734 4161 in
775 4126 833 4162 eo
877 4113 1011 4179 quod
1060 4111 1332 4163 detrahunt
1378 4111 1441 4164 de
1470 4111 1606 4165 vobis
1655 4122 1896 4182 tanquam
1951 4114 2013 4166 de

434 4199 866 4267 malefactoribus,
913 4202 1297 4271 confundantur
1334 4204 1649 4271 infamantes
1694 4213 1911 4256 vestram
1956 4206 2011 4258 in

435 4286 637 4342 Christo
675 4287 860 4343 bonam
895 4292 1336 4345 conversationem
1365 4290 1452 4360 (II
1479 4291 1615 4346 Petr.
1650 4308 1706 4358 tt,
1749 4295 1859 4365 i2).
1907 4298 2011 4366 0p-

436 4386 605 4432 tamus
650 4388 850 4445 autem,
881 4388 936 4433 et
984 4381 1082 4434 hoc
1123 4395 1190 4435 ex
1236 4388 1350 4436 toto
1398 4382 1637 4451 cupimus
1672 4384 1885 4451 affectu,
1937 4386 2009 4440 mi

434 4466 611 4534 Pater,
634 4470 776 4537 quod
806 4478 861 4523 et
891 4479 945 4523 tu
976 4471 1074 4535 vis,
1098 4479 1152 4525 et
1181 4480 1398 4539 paratus
1423 4488 1565 4540 sum,
1596 4482 1654 4528 ut
1674 4474 1867 4540 dicam,
1897 4491 2008 4530 ma-

2117 1945 2269 1999 nobis
2296 1948 2722 2001 mOnasterialem
2750 1948 2986 2016 regulam
3026 1964 3127 2003 nec
3156 1963 3315 2003 nosse
3334 1949 3567 2019 penitus,
3596 1964 3694 2004 nec

2114 2035 2409 2104 intelligere
2440 2074 2455 2101 ,
2498 2044 2552 2091 et
2600 2053 2696 2107 per
2725 2039 2829 2093 hoc
2850 2048 3073 2109 apparet
3098 2054 3217 2092 eum
3260 2055 3366 2093 non
3413 2039 3567 2093 nobis
3596 2038 3691 2092 de-

2114 2128 2344 2193 trahere,
2377 2127 2469 2182 sed
2487 2143 2637 2182 suam
2667 2129 2986 2198 imperitiam
3017 2129 3307 2199 publicare.
3331 2128 3481 2183 Dicat
3510 2138 3690 2182 autem

2113 2220 2209 2273 sibi
2227 2220 2449 2289 quisque
2474 2220 2563 2275 ille
2587 2220 2733 2288 quod
2755 2221 2889 2286 vult,
2922 2236 3021 2275 nos
3047 2229 3225 2275 autem
3240 2219 3381 2289 quod
3402 2220 3694 2288 accipimus

2115 2319 2168 2365 et
2197 2310 2475 2365 didicimus
2502 2318 2763 2375 tenemus,
2796 2318 2851 2365 et
2876 2325 3064 2365 omnes
3089 2309 3256 2364 sancti
3294 2309 3385 2379 qui
3417 2308 3692 2363 nobiscum

2114 2409 2238 2455 sunt
2267 2400 2477 2465 fratres,
2511 2400 2561 2453 in
2585 2415 2812 2469 quorum
2861 2400 3026 2455 corde
3064 2399 3274 2454 divinus
3302 2413 3453 2452 amor
3480 2406 3534 2452 et
3560 2398 3692 2453 cha-

2115 2488 2287 2542 ritatis
2315 2487 2533 2541 dilectio
2562 2496 2773 2556 regnat,
2804 2495 2916 2542 tota
2963 2487 3157 2541 mentis
3184 2486 3482 2540 intentione
3508 2494 3690 2539 custo-

2114 2579 2284 2641 diunt,
2318 2588 2374 2634 et
2411 2578 2463 2633 in
2490 2578 2594 2633 hoc
2639 2593 2979 2646 perseverare
3009 2577 3236 2632 Domino
3271 2591 3332 2631 se
3378 2584 3695 2645 protegente

2115 2679 2170 2724 et
2197 2669 2482 2738 adjuvante
2510 2667 2802 2724 conﬁdunt.
2834 2666 3039 2722 Nullius
3058 2667 3198 2722 enim
3223 2682 3340 2731 nos,
3371 2667 3423 2720 in
3453 2667 3543 2720 tali
3564 2681 3695 2736 prte-

2114 2760 2296 2814 scrtim
2324 2759 2418 2813 Dei
2466 2774 2650 2825 causa,
2676 2773 2778 2813 nec
2802 2756 3124 2826 vituperatio
3171 2753 3383 2824 frangit,
3413 2770 3515 2809 nec
3556 2755 3692 2818 laus,

2115 2849 2321 2904 etiamsi
2335 2848 2468 2903 falso
2480 2847 2712 2912 dicatur,
2733 2847 2927 2902 elevat.
2946 2845 3179 2899 Dicimus
3196 2845 3336 2898 enim
3354 2844 3421 2897 ab
3434 2842 3693 2911 Apostolo

2114 2940 2317 2993 dictum
2342 2957 2353 2991 :
2379 2939 2482 2992 Per
2512 2938 2731 3008 gloriam
2751 2947 2800 2990 et
2823 2936 3212 3006 ignobilitatem,
3237 2952 3329 3003 per
3353 2935 3626 3003 infamiam
3643 2941 3692 2987 et

2119 3028 2303 3082 bonam
2351 3030 2563 3098 famam,
2595 3038 2700 3081 etc.
2756 3026 2840 3095 (ll
2871 3026 2990 3079 Cor.
3025 3041 3095 3087 vi,
3142 3023 3221 3093 8).
3251 3023 3435 3077 Solum
3480 3031 3563 3078 est
3611 3031 3705 3092 ut,-

2117 3117 2405 3171 auxiliante
2434 3117 2661 3171 Domino
2688 3116 2841 3169 nobis
2872 3130 2968 3183 pro
2999 3114 3100 3167 tuis
3114 3112 3312 3168 sanctis
3334 3112 3689 3179 orationibus,

2115 3209 2219 3262 hoc
2264 3222 2361 3276 pro
2390 3222 2663 3262 servorum
2710 3206 2805 3260 Dei
2851 3205 3023 3260 salute
3051 3213 3107 3259 et
3133 3212 3355 3274 propter
3383 3204 3546 3258 Deum
3569 3218 3693 3271 aga-

2117 3316 2254 3363 mus,
2285 3299 2428 3367 quod
2456 3299 2609 3354 nobis
2640 3313 2745 3352 non
2772 3296 2838 3351 ad
2869 3296 3290 3362 damnationem,
3321 3294 3415 3349 sed
3453 3294 3518 3348 ad
3549 3308 3693 3348 mer-

2115 3391 2299 3445 cedem
2330 3390 2381 3443 in
2404 3388 2608 3458 judicio
2620 3387 2749 3457 justi
2770 3387 2981 3455 iudicis,
3008 3386 3126 3455 ipso
3154 3372 3470 3455 opitulante,
3495 3399 3691 3453 prove-

2114 3482 2245 3535 n'at.
2270 3479 2401 3533 Nam
2446 3479 2489 3533 si
2538 3480 2898 3532 detractiones
2938 3477 3212 3531 hominum
3245 3476 3432 3529 timere
3460 3475 3694 3529 volucri-

2114 3585 2249 3634 mus,
2281 3581 2399 3635 qua:
2446 3567 2557 3621 Deo
2604 3576 2729 3621 sunt
2754 3567 2947 3636 placita
2992 3566 3210 3619 minime
3252 3563 3527 3618 faciemus.
3554 3562 3689 3628 Quia

2113 3660 2249 3713 sicut
2303 3666 2403 3711 tua:
2449 3657 2720 3711 sanctitati
2767 3655 2905 3709 bene
2931 3662 3014 3709 est
3042 3654 3335 3721 cognitum,
3379 3653 3424 3707 si
3451 3652 3571 3721 quis
3611 3653 3691 3707 in-

2113 3756 2297 3817 crepet
2343 3754 2636 3815 arguatqne
2681 3754 3013 3817 peccantem,
3058 3743 3239 3798 statim
3267 3743 3392 3797 odio
3443 3743 3687 3805 habetur,

2113 3841 2292 3894 statim
2314 3838 2363 3893 ei
2389 3836 2705 3903 detrahitur,
2736 3837 2914 3890 statim
2945 3834 3142 3904 patitur
3172 3832 3407 3889 insidias.
3432 3832 3537 3889 Sed
3556 3847 3686 3889 con-

2113 3931 2318 3983 solatur
2355 3945 2453 3983 nos
2483 3928 2755 3994 Dominus,
2787 3927 3006 3982 dicens:
3058 3926 3199 3980 Beati
3239 3926 3360 3980 estis
3386 3942 3500 3979 cum
3528 3926 3690 3979 male-

2114 4019 2339 4071 dixerint
2363 4034 2448 4072 vos
2472 4019 2697 4071 homines
2727 4026 2934 4087 pmpter
2954 4035 3033 4071 me
3046 4036 3064 4081 ;
3095 4018 3312 4087 gaudete
3333 4026 3381 4071 et
3402 4019 3656 4072 exsultate
3672 4060 3686 4084 ,

2113 4110 2353 4177 quoniam
2384 4123 2574 4161 merces
2602 4116 2769 4161 vestra
2797 4109 3004 4175 copiosa
3026 4116 3102 4160 est
3127 4107 3182 4159 in
3220 4106 3359 4160 calis
3384 4106 3597 4177 (Matth.
3628 4124 3684 4170 v,
3714 4124 3717 4127 λ

2114 4195 2222 4264 11).
2259 4194 2370 4249 Hoc
2397 4204 2599 4249 tantum
2624 4210 2719 4249 nos
2741 4195 3019 4249 elaborare
3047 4194 3318 4259 convenit,
3351 4206 3407 4249 ut
3428 4212 3524 4265 pro
3545 4197 3688 4251 nulla

2112 4286 2216 4339 alia
2247 4302 2326 4353 re,
2356 4286 2458 4340 nisi
2486 4301 2581 4355 pro
2605 4285 2817 4340 Citrile
2837 4327 2852 4351 ,
2883 4285 3241 4341 sustineamus
3268 4287 3685 4352 contumeliam,

2111 4388 2164 4431 et
2192 4377 2537 4432 detractionis
2566 4392 2725 4431 causa
2750 4377 2818 4430 sit
2844 4375 3085 4431 Christus
3107 4415 3123 4441 ,
3154 4385 3209 4431 et
3248 4377 3527 4432 maledicta
3559 4393 3683 4447 per-

2113 4468 2251 4536 pessi
2297 4483 2394 4536 pro
2424 4470 2649 4522 veritate
2694 4483 2798 4522 non
2842 4467 3087 4523 maledici
3128 4469 3394 4536 sciamus,
3441 4469 3534 4537 qui
3562 4484 3682 4523 eam

434 4557 588 4611 nibus
614 4558 664 4611 in
688 4558 850 4613 domo
882 4559 970 4614 Dei
997 4562 1273 4618 venientes
1298 4563 1588 4634 suscipere,
1634 4573 1688 4620 et
1739 4574 1924 4621 nostro
1953 4568 2006 4622 in
2037 4597 2085 4658 υ
2110 4576 2207 4631 pro
2234 4561 2527 4615 salvatione
2553 4574 2739 4613 eorum
2764 4560 2854 4627 qui
2884 4560 3036 4614 nobis
3064 4575 3094 4613 a
3124 4560 3235 4615 Deo
3263 4560 3534 4615 commissi
3559 4570 3683 4614 sum

432 4652 551 4705 sinu
574 4662 787 4720 portare
818 4663 871 4707 et
900 4654 1098 4722 fovere,
1120 4656 1407 4712 dummodo
1428 4658 1561 4713 tales
1582 4659 1687 4713 sint
1702 4660 1791 4727 qui
1814 4668 1867 4714 et
1898 4660 2009 4716 Deo

435 4741 697 4808 placeant,
731 4751 785 4795 et
814 4742 1197 4811 professionem
1242 4761 1393 4800 suam
1425 4747 1722 4816 intelligant
1746 4757 1801 4802 et
1828 4758 2010 4804 custo-

435 4830 598 4885 diant.
633 4831 767 4897 Quia
799 4849 906 4888 non
930 4833 1293 4890 desideramus
1314 4844 1545 4904 quantos
1569 4838 1662 4919 sed
1692 4839 1876 4907 quales
1913 4839 2010 4892 ba-

437 4922 675 4987 beamus,
704 4931 756 4977 et
779 4940 897 4979 cuin
916 4927 1104 4996 quibus
1124 4938 1270 4982 caste
1291 4938 1347 4982 et
1367 4940 1550 4983 sanete
1577 4929 1832 4995 vivamus,
1859 4930 1929 4984 ita
1952 4940 2011 4984 ut

437 5014 489 5067 in
529 5015 859 5083 professione
902 5017 1257 5086 perfecturum
1290 5020 1513 5075 Domino
1542 5022 1865 5091 placeamus.
1893 5022 2009 5077 Non

436 5106 575 5159 enim
600 5106 652 5160 in
681 5107 938 5164 dissoluto
969 5110 1254 5180 tepidoque
1284 5111 1541 5166 vocabulo
1568 5120 1623 5165 et
1649 5126 1892 5177 numero,
1915 5112 2009 5166 sed

437 5196 491 5249 in
513 5199 793 5253 sanctitate
824 5198 1178 5268 perfectorum
1231 5201 1486 5255 Dominus
1531 5200 1844 5257 delectatur.
1883 5201 2009 5257 Ideo

437 5297 492 5339 et
515 5290 659 5341 multi
675 5292 854 5353 vocati,
900 5294 1048 5361 pauci
1075 5309 1188 5346 vero
1220 5292 1363 5345 electi
1393 5293 1602 5363 (Matth.
1633 5310 1761 5356 uti,
1788 5292 1898 5363 iii).
1945 5292 2012 5346 Et

436 5378 658 5445 pusillus
678 5388 761 5432 est
785 5393 915 5446 grex
936 5380 1028 5435 Cui
1054 5383 1361 5451 complacuit
1394 5384 1536 5436 Patri
1573 5392 1736 5437 vestro
1775 5384 1902 5437 dare
1931 5400 2011 5437 re-

436 5486 591 5538 gnum
614 5469 762 5539 (Luc.
792 5487 888 5535 χιι,
916 5472 1025 5541 ³52).
1059 5473 1308 5542 Satisque
1350 5474 1538 5527 melius
1560 5482 1641 5528 est
1666 5489 1786 5527 cum
1825 5476 2006 5542 paucis

434 5567 491 5611 ct
508 5562 707 5614 sanctis
730 5561 781 5613 in
805 5563 965 5615 vitam
996 5564 1219 5631 ingredi,
1246 5579 1537 5632 quamcum
1566 5564 1805 5633 plurimis
1832 5566 2009 5635 tepide

434 5656 491 5700 et
520 5649 792 5705 luxuriose
831 5652 1125 5706 viventibus
1148 5667 1175 5706 a
1205 5661 1507 5729 sanctorum
1530 5652 1799 5706 consortio
1825 5668 2009 5723 segre~

437 5739 572 5807 gari.
607 5739 673 5793 Et
720 5756 817 5809 per
864 5752 1065 5795 arctam
1114 5752 1169 5797 et
1222 5752 1496 5811 angustam
1526 5743 1665 5795 viam
1712 5743 1866 5811 pauci
1897 5760 2010 5797 am—

437 5831 647 5899 bulant,
672 5840 725 5886 ct
754 5832 803 5887 in
832 5831 1175 5887 mtcrnazvitac
1197 5832 1363 5903 patria
1390 5838 1639 5899 regnant;
1663 5844 1756 5899 per
1778 5831 2007 5903 amplam

2111 4655 2255 4710 omni
2285 4669 2405 4708 cum
2439 4651 2625 4707 fiducia
2654 4653 3002 4722 prtedicamus
3024 4693 3042 4719 ,
3090 4668 3189 4708 nec
3216 4654 3370 4708 facile
3394 4654 3476 4707 his
3498 4653 3680 4723 placap

2112 4744 2269 4798 bilem
2302 4742 2634 4813 prmbeamus
2661 4740 2863 4795 aditum
2891 4743 3232 4805 monasterii,
3261 4742 3352 4810 qui
3374 4742 3534 4796 etiam
3564 4757 3681 4797 om-

2112 4849 2232 4887 nem
2263 4832 2509 4889 Ecclesia:
2536 4840 2856 4887 conventum
2887 4846 3085 4886 vesano
3116 4846 3210 4885 ore
3238 4830 3517 4885 dilaniant.
3547 4830 3681 4898 Quia

2110 4931 2171 4977 ut
2213 4931 2395 4977 sancta
2424 4921 2699 4991 Scriptura
2741 4921 3015 4989 loquitur:
3065 4920 3180 4974 Non
3225 4928 3429 4974 tantum
3474 4922 3563 4975 ille
3591 4921 3682 4988 qui

2111 5015 2364 5077 detrahit,
2396 5013 2493 5068 sed
2518 5013 2677 5067 etiam
2704 5012 2795 5081 qui
2818 5011 3184 5066 detrahentem
3215 5011 3443 5065 libenter
3470 5010 3681 5063 auscul-

2112 5113 2208 5167 tat,
2242 5104 2396 5157 unius
2437 5111 2621 5158 reatus
2644 5110 2698 5156 et
2725 5101 2895 5171 culpae
2919 5116 3035 5156 esse
3079 5110 3348 5156 censetur.
3392 5099 3515 5154 Haec
3553 5099 3680 5161 tibi,

2112 5195 2419 5250 beatissime
2448 5193 2628 5257 Pater,
2661 5198 2944 5261 propterea
2988 5191 3300 5255 scribimus,
3335 5198 3391 5244 ut
3416 5190 3554 5244 scias
3582 5202 3681 5241 nos

2112 5288 2244 5343 nihil
2272 5287 2471 5354 absque
2498 5285 2706 5339 ratione
2734 5299 2953 5353 gerere,
2997 5284 3091 5339 sed
3126 5282 3415 5339 secundum
3444 5295 3677 5336 consuc-

2112 5378 2349 5431 tulinem
2377 5373 2684 5427 monasterii
2714 5372 2868 5440 hujus
2897 5387 3015 5441 quae
3044 5379 3099 5427 et
3126 5378 3309 5424 sancte
3333 5377 3389 5423 et
3416 5368 3676 5436 regulari-

2114 5479 2193 5521 tcr
2223 5466 2461 5521 instituta
2490 5472 2614 5518 sunt
2641 5462 2834 5518 facere.
2870 5463 3028 5518 Certe
3048 5462 3092 5517 si
3112 5461 3304 5528 aliquis
3332 5459 3679 5515 consuetudi-

2112 5571 2233 5610 ncm
2260 5554 2455 5621 regula).
2493 5560 2687 5608 nostra:
2726 5552 2865 5607 ferre
2902 5568 3006 5605 non
3031 5550 3297 5616 sustinet,
3339 5564 3444 5604 non
3487 5559 3682 5605 nostra:

2113 5646 2447 5709 districtioni,
2470 5644 2565 5701 sed
2589 5659 2698 5698 sua:
2720 5644 2942 5711 iur-putet
2972 5640 3160 5710 tepida:
3185 5640 3467 5698 voluntati.
3497 5641 3680 5711 Neque

2112 5740 2253 5794 cnim
2273 5739 2317 5793 si
2340 5739 2460 5807 quis
2487 5737 2783 5792 claritatem
2817 5734 2945 5788 solis
2976 5733 3130 5803 lippis
3158 5735 3328 5792 oculis
3356 5736 3594 5806 aspicere
3625 5740 3681 5785 et

2116 5831 2295 5885 videre
2342 5843 2447 5883 non
2479 5834 2692 5897 potest,
2743 5825 2860 5880 idco
2891 5824 3043 5896 culpa
3070 5826 3228 5896 solis,
3277 5838 3329 5885 et
3358 5844 3462 5883 non
3502 5823 3678 5895 potius
