4032 6186
371 423 431 476 ’9
1635 404 1862 462 ΤΑΒΒΛ
1902 403 1987 458 ΜΟ

2063 399 2284 457 tCHUS.
2919 373 2926 377 “
3521 387 3594 443 so

369 531 552 586 vitium
581 527 909 600 lippitudinis
951 533 1007 580 et
1047 521 1303 578 czecitatis
1348 533 1466 576 esse
1510 518 1796 573 dicendum
1823 523 1924 568 est.
1955 520 2003 578 Α
2030 513 2303 566 moriemur
2332 507 2485 580 (Isai.
2521 522 2650 574 xm,
2682 505 2792 578 l5),
2825 504 2876 559 in
2907 503 3085 574 aliquo
3117 502 3411 571 transgredi
3441 510 3592 589 pote-

369 621 498 685 Qnia
531 595 672 688 quod
698 617 838 670 Deus
863 614 1022 680 bene,
1047 622 1229 668 sancte
1248 619 1303 667 et
1327 609 1559 680 perfecte
1585 625 1614 662 a
1645 606 1845 662 sanctis
1872 614 1928 660 et
2024 603 2115 668 rit,
2141 610 2232 655 aut
2257 599 2558 664 immutari,
2599 605 2689 651 aut
2716 596 2929 651 dimitti.
2961 595 3096 662 Quia
3118 635 3134 661 ,
3187 602 3245 649 ut
3281 603 3493 648 sanctus
3523 595 3598 646 ait

369 709 614 778 perfectis
640 706 768 761 viris
795 706 848 759 in
876 705 978 759 bac
1006 704 1140 758 cella
1165 718 1259 758 sua
1289 701 1552 765 instituit,
1592 707 1648 754 et
1671 712 1813 752 nunc
1839 712 1928 750 us-

2028 691 2346 760 Apostolus:
2370 689 2605 743 Firmum
2630 687 2722 742 Dei
2750 687 3136 758 fundamentum
3156 694 3258 739 stat
3275 683 3362 758 (II
3379 683 3509 738 Tim.
3542 699 3605 742 ιι.

369 775 473 868 que
498 801 664 855 teneri
693 798 898 861 voluit,
930 797 1076 852 nullo
1116 795 1276 850 modo
1320 809 1460 849 nunc
1488 797 1704 862 propter
1734 803 1933 859 paucos
2031 782 2145 852 19),
2175 781 2384 836 etiamsi
2413 781 2501 844 sit,
2538 780 2626 849 qui
2656 779 2706 832 in
2736 778 2826 832 illo
2854 778 3008 831 malm
3033 777 3321 831 voluntatis
3341 789 3448 828 sua:
3470 775 3600 825 vitio

371 898 425 945 et
453 889 677 972 tepidos,
708 897 800 943 aut
824 901 984 956 vagos
1011 896 1066 941 et
1095 883 1607 956 pseudomonachos,
1634 880 1723 951 qui
1751 881 1931 933 diver-

371 969 556 1033 sorum
583 977 820 1047 quotidie
855 978 1186 1032 circumeunt
1215 973 1433 1035 domos,
1475 981 1532 1026 et
1557 985 1676 1026 cum
1705 969 1936 1040 Epicuro

370 1067 614 1124 iactanter
634 1067 815 1123 dicunt
843 1085 857 1121 :
900 1066 1268 1122 Manducemua
1293 1071 1342 1118 et
1375 1061 1630 1127 bibamus,
1656 1077 1773 1115 cras
1802 1059 1940 1113 enim

2033 873 2269 929 offendat
2295 882 2349 928 et
2375 873 2564 938 cadat,
2610 887 2708 926 nec
2750 872 2802 925 in
2852 870 3032 938 aliquo
3078 869 3290 923 vacillet
3319 874 3410 920 aut
3455 873 3603 918 nutet

2035 965 2180 1036 quod
2208 964 2349 1018 Deus
2371 963 2710 1032 omnipotens
2737 975 2834 1018 sua
2867 960 3089 1017 dextera
3116 957 3352 1030 protegit
3390 963 3444 1010 et
3471 969 3601 1009 con-

2040 1056 2221 1112 fortat.
2262 1056 2453 1110 Amen.

376 1198 3606 1255 Μ

1700 1332 1866 1374 ANNO
1909 1329 2135 1374 DOMINI
2180 1329 2278 1371 DC.

825 1477 1658 1645 TARRA
1718 1472 3160 1748 MACHUS.

1022 1836 1501 1921 NOTITIA
1566 1829 2192 1918 HISTOBICA
2250 1829 2372 1909 IN
2429 1825 2958 1908 TARRAM.

1376 2010 1594 2075 (Antonii
1615 2007 1741 2061 Bibl.
1768 2007 1910 2070 Hisp.
1936 2005 2050 2056 Vet.
2076 2012 2112 2054 t.
2139 2003 2178 2066 l,
2205 2018 2249 2066 p.
2278 2007 2308 2054 5
2339 2004 2389 2062 2,
2416 2016 2462 2050 n.
2494 2001 2624 2062 tis.)

453 2195 597 2250 Vixit
619 2207 832 2265 quoque
852 2193 951 2250 sub
981 2194 1285 2249 Reccaredo
1310 2206 1437 2260 rege
1465 2192 1627 2248 Tarra
1658 2191 1956 2246 monachus

2063 2208 2167 2263 tota
2208 2221 2368 2278 penes
2396 2221 2493 2262 nos
2519 2213 2603 2261 est
2630 2221 2697 2260 ex
2717 2204 2903 2262 codice
2926 2204 3184 2261 To'etano
3217 2203 3506 2273 descripta,
3533 2200 3632 2256 scd

383 2287 621 2358 quidam,
649 2285 799 2355 cujus
830 2285 899 2342 ad
923 2285 1167 2342 eumdem
1197 2299 1374 2354 regem
1397 2285 1652 2341 directam
1675 2283 1954 2354 epistolam

384 2393 444 2434 se
473 2377 755 2449 reperiisse
803 2379 856 2431 in
901 2377 1106 2432 duobus
1145 2377 1375 2444 antiquis
1401 2374 1672 2430 codicibus
1725 2373 1957 2427 Ambro-

383 2469 494 2525 sius
533 2467 761 2524 biorales
787 2468 878 2522 lib.
912 2482 1006 2534 xu,
1045 2483 1165 2538 cap.
1196 2465 1284 2533 9.9.,
1315 2465 1610 2522 admonuit.
1662 2464 1787 2520 llaec
1816 2464 1960 2534 epis-

459 2599 537 2679 (α)
566 2597 1007 2679 Exs_tat_quoque
1034 2599 1088 2679 in
1115 2599 1260 2667 regia
1297 2594 1958 2679 bibliotheca}!atritensi

387 2664 544 2738 hujus
591 2664 827 2739 epistohé
863 2664 1247 2739 ex'emplum'e
1297 2667 1557 2739 Toletana
1604 2664 1687 2720 Cl.
1735 2664 1959 2720 Joannis

391 2737 542 2809 Ba’pt.
595 2737 794 2793 Perezii
827 2737 1290 2809 monuaiientorum
1327 2737 1674 2809 collectione,
1708 2751 1813 2789 non
1843 2750 1956 2788 me-

390 2806 490 2862 lius
512 2809 768 2868 habitum,
805 2821 858 2862 ut
884 2809 1074 2863 frustra
1106 2806 1295 2862 fuerim
1325 2806 1376 2860 in
1418 2821 1482 2859 eo
1515 2813 1799 2872 utcumque
1842 2820 1954 2857 res-

391 2879 650 2932 tituendo.
688 2877 919 2940 Purgare
956 2887 1133 2930 autem
1160 2876 1368 2930 videtur
1395 2890 1451 2929 se
1471 2873 1636 2927 Tarra
1659 2873 1954 2928 monachus

391 2948 561 3018 apudp
582 2962 756 3014 regem
790 2947 1160 3018 Reccazcdutn
1191 2946 1258 3000 de
1284 2945 1526 3018 crimine
1557 2945 1787 3018 pessimo
1817 2945 1959 3018 quod

388 3013 441 3070 ei
469 3033 496 3069 a
526 3013 888 3072 Cantiam-usis
927 3033 1092 3086 prope
1124 3013 1408 3070 Emeritam
1439 3015 1681 3070 Cmnobii
1712 3015 1960 3070 fratribus

2062 2303 2219 2365 adeo,
2243 2307 2335 2353 aut
2362 2298 2750 2366 exscriptorum
2780 2297 3004 2364 incuria,
3044 2305 3136 2350 aut
3159 2295 3470 2349 saeculorum
3501 2295 3632 2346 vitio

2062 2390 2381 2456 deformata,
2409 2404 2473 2444 ac
2501 2391 2774 2443 erroribus
2816 2396 3046 2451 scatens,
3095 2396 3153 2440 ut
3197 2386 3285 2440 vix
3313 2386 3489 2453 aliqua
3515 2383 3634 2452 ejus

2060 2480 2324 2537 sententia
2353 2479 2469 2534 elici
2493 2480 2677 2549 possit.
2710 2478 2980 2533 Canum“.
3006 2493 3072 2532 ne
3102 2492 3311 2532 acerna.
3341 2474 3418 2545 (a)

2062 2608 2326 2675 obiectum
2357 2606 2560 2661 fuerat:
2609 2607 2848 2661 meminit
2888 2620 2945 2660 se
2973 2605 3064 2659 diu
3105 2603 3347 2657 Emerita:
3391 2599 3634 2675 atquein

2062 2671 2334 2733 Lusitania
2383 2687 2438 2731 et
2467 2678 2658 2730 Iarcum
2689 2685 2743 2732 et
2783 2683 3081 2740 nxoratum,
3112 2688 3324 2743 semper
3351 2683 3522 2725 tamen
3553 2671 3622 2743 in-

2063 2748 2305 2812 noxium,
2335 2761 2734 2812 commorasse;
2764 2761 3040 2814 uxoreque
3070 2739 3333 2798 defuncta
3377 2739 3621 2814 monasti~

2059 2831 2177 2870 cam
2215 2810 2476 2871 cucullum
2508 2810 2756 2870 induisse.
2789 2810 3034 2884 Vulga'vit
3063 2831 3178 2867 eam
3207 2810 3621 2884 epistula_tu__pri-

2061 2887 2350 3009 mus
2396 2887 2560 2942 eciam
2590 2885 2672 2940 Cl.
2713 2877 2984 2940 Florezius
3033 2885 3166 2954 hisp.
3217 2877 3369 2936 Sacr.
3401 2881 3462 2934 T.
3496 2877 3624 2931 Xlll.

2062 2972 2184 3009 nua.
2320 2995 2332 3009 .

2060 2972 2332 3026 pug.414.

2759 3170 3052 3193 ψ.
3055 3180 3097 3189 .v

1231 3309 1917 3419 TARRE
1991 3303 2834 3418 MONAGHI

478 3511 1326 3676 EPISTOLA
1384 3512 1634 3640 AD
1689 3502 2809 3674 RECAREDUM
2875 3505 3545 3633 REGEM.

463 3762 861 3834 Suggerendum
900 3761 1128 3830 gloriose
1158 3760 1508 3830 triumphanti
1549 3769 1602 3814 ct
1633 3761 1826 3814 invicta
1860 3759 1961 3814 lide
1987 3767 2030 3825 ρ
2068 3762 2294 3812 fideliter
2322 3775 2514 3812 moneo
2534 3759 2710 3824 jussu;
2734 3757 2980 3810 obscenis
3005 3757 3300 3825 proverbiis
3325 3757 3452 3810 olim
3485 3759 3633 3812 andi-

400 3857 642 3925 regnanti
673 3854 909 3921 piissimo
925 3851 1149 3906 Domino
1175 3866 1292 3906 meo
1314 3851 1618 3905 Reccaredo
1645 3851 1754 3919 regi
1777 3865 1963 3905 servus

401 3957 520 4001 tuus
547 3944 710 3999 'l'atra
738 3943 1008 4010 indignus.

468 4035 891 4092 Clementissime
920 4033 1142 4089 Domine
1171 4041 1226 4088 rt
1266 4032 1462 4104 inclyte
1503 4034 1751 4105 princeps
1777 4076 1790 4098 ,
1825 4047 1962 4102 pne-

398 4127 585 4195 cepisti
608 4141 816 4180 servum
857 4127 991 4178 bene
1015 4125 1279 4193 sepultum
1308 4127 1555 4196 sepulcro
1581 4129 1756 4193 evutgi
1788 4136 1841 4179 et
1866 4140 1965 4179 sac-

397 4219 518 4274 culo
548 4217 703 4288 pandi
731 4235 742 4269 :
776 4225 831 4270 et
874 4217 996 4270 licet
1026 4215 1139 4270 bazc
1185 4217 1468 4272 clementia
1499 4218 1567 4271 sit
1613 4217 1822 4283 regalis,
1871 4215 1966 4272 sed

398 4310 634 4363 serviens
662 4309 772 4378 regi
812 4309 1008 4363 sentiet
1055 4308 1296 4376 lugubre,
1343 4309 1465 4363 dum
1498 4309 1642 4362 vadit
1689 4325 1796 4376 quo
1824 4309 1957 4362 nolit

395 4399 544 4467 jussu
578 4401 859 4469 prmcepli:
911 4415 1032 4453 nam
1078 4399 1302 4453 dilectus
1333 4399 1420 4453 ille
1462 4400 1657 4453 clamat
1696 4399 1963 4452 luamus:

399 4490 550 4542 Jews
580 4493 629 4543 in
656 4489 891 4543 Judwam
917 4491 992 4543 ire
1015 4489 1240 4555 nolebat,
1269 4488 1571 4560 qniuJuda’i
1598 4507 1711 4542 eum
1742 4490 1969 4543 occidere

399 4579 668 4634 volabunt:
695 4580 790 4634 sed
820 4579 945 4634 licet
989 4580 1253 4650 mysteriis
1281 4580 1470 4634 effecta
1503 4588 1810 4639 noscantur,
1843 4577 1965 4647 quia

402 4671 626 4725 necdum
656 4678 875 4723 venerat
917 4669 1051 4724 hora
1090 4669 1248 4737 ejus;
1293 4678 1468 4724 tamen
1493 4671 1537 4725 si
1593 4670 1699 4723 vita
1741 4685 1844 4723 mo:
1862 4677 1967 4722 tem

400 4760 623 4820 devitat,
672 4759 989 4826 mortigerus
1037 4757 1249 4828 quidem
1298 4772 1383 4811 me
1430 4758 1601 4812 dicam
1640 4759 1729 4826 qui
1780 4758 1971 4824 linguis

401 4849 661 4913 conlisus,
687 4849 776 4918 qui
801 4865 1014 4919 semper
1032 4859 1334 4919 Suspectus,
1364 4850 1453 4919 qui
1478 4866 1576 4904 nec
1603 4852 1968 4905 immemorem

401 4956 519 4995 esse
570 4949 816 5009 putamus
858 4941 1131 4996 inlustrem
1162 4942 1470 4996 memoriam
1511 4941 1756 4996 culminis
1784 4941 1969 5007 vestri,

403 5046 468 5084 eo
498 5030 643 5100 quod
667 5045 698 5084 a
720 5030 970 5100 pontifice
1017 5031 1198 5101 templi
1238 5031 1432 5085 dudum
1461 5045 1746 5100 oppres~us
1777 5032 1969 5084 tende-

2065 3852 2131 3904 tis
2157 3867 2170 3902 :
2201 3860 2260 3904 ut
2302 3850 2462 3905 ccssit
2493 3852 2755 3914 int-nutus,
2780 3865 2846 3901 ne
2874 3848 3096 3903 excedat
3119 3848 3484 3914 mulctandus;
3519 3866 3637 3900 nam

2063 3945 2206 3998 dictu
2238 3946 2508 4013 propin-ta:
2541 3946 2638 3997 rite
2683 3943 2957 3997 dcturus:
2993 3942 3116 3999 Non
3145 3944 3318 3997 celabo
3350 3946 3646 3998 misericor-

2065 4035 2202 4087 diam
2227 4044 2363 4086 tuam
2391 4049 2667 4103 synagoga:
2694 4033 2888 4087 multm.

2141 4128 2254 4193 Ipso
2284 4125 2442 4192 igitur
2460 4125 2548 4193 pio
2570 4123 2953 4192 custodeun
2984 4131 3039 4178 ct
3077 4139 3203 4177 vere
3230 4123 3450 4190 iubente
3477 4121 3637 4188 subji-

2065 4215 2178 4268 ciar
2218 4215 2405 4268 nolens
2450 4223 2507 4267 ut
2535 4214 2672 4284 ston
2716 4213 2919 4281 digesto
2952 4214 3208 4268 hactenus
3237 4215 3412 4268 clausa
3443 4213 3638 4281 ignaris

2066 4302 2344 4373 pandimus
2373 4303 2583 4358 Domini
2609 4303 2747 4358 dona
2774 4321 2784 4354 :
2819 4302 3067 4371 ideoque,
3100 4303 3341 4366 Domine,
3373 4319 3468 4356 nec
3500 4304 3639 4356 infa-

2068 4397 2169 4447 mia
2203 4408 2437 4461 pressus,
2471 4407 2568 4447 nec
2600 4392 2754 4447 laude
2793 4401 3024 4458 erectus,
3057 4407 3156 4446 nec
3183 4405 3282 4459 ego
3309 4393 3396 4460 qui
3429 4392 3638 4460 loquor,

2067 4486 2160 4536 sed
2182 4483 2399 4552 spiritus
2427 4481 2600 4535 Patris
2628 4482 2717 4549 qui
2752 4482 2984 4550 loquitur
3024 4480 3075 4533 in
3111 4479 3280 4541 nobi<,
3312 4488 3498 4532 contra
3530 4494 3640 4531 ma-

2067 4574 2263 4628 culosa:
2305 4572 2645 4642 turpitudinis
2686 4571 2882 4625 coitum
2921 4585 3029 4637 quo
3060 4570 3109 4622 in
3137 4578 3277 4623 metu
3305 4569 3642 4623 C:mliniansc
3692 4605 3700 4612 ρ

2070 4662 2216 4734 [l.eg.
2264 4661 2618 4716 Caulianense
2664 4677 2752 4714 seu
2781 4656 3210 4728 Cauiinianensc]
3258 4661 3638 4711 monachorum

2068 4754 2504 4823 coinquinatione
2555 4753 2752 4821 polluta
2802 4765 2918 4803 sum
2976 4750 3285 4814 infamatus,
3317 4760 3372 4803 et
3422 4751 3642 4803 crimine

2069 4841 2302 4910 pessimo
2349 4841 2711 4895 fraudulenter
2757 4838 3000 4906 objectus
3025 4879 3040 4904 ,
3073 4847 3131 4892 ut
3174 4839 3350 4892 vulbaa
3385 4839 3640 4893 aliorsum

2068 4932 2407 5001 proiecerunt
2461 4933 2844 4996 indemnattm,
2875 4938 2931 4982 et
2987 4929 3118 4982 luxit
3147 4945 3300 4999 super
3346 4945 3429 4982 me
3477 4931 3643 4982 omnis

2069 5032 2246 5076 terra:
2279 5038 2376 5075 non
2395 5031 2468 5075 est
2491 5023 2721 5075 inventus
2747 5020 2832 5086 qui
2861 5035 2940 5072 me
2966 5026 3258 5088 agnosceret
3281 5015 3305 5054 δ
3335 5016 3407 5089 [et
3434 5014 3643 5086 faceretl

403 5120 524 5172 ham
552 5134 658 5188 quo
689 5120 871 5173 nolens
894 5121 1063 5189 patria
1094 5120 1276 5190 DUIaUS
1299 5120 1431 5175 facta
1462 5120 1814 5175 inlandalibus
1843 5137 1968 5189 pro-
1997 5126 2046 5186 ι)
2073 5111 2214 5165 bene.
2270 5111 2373 5165 Sed
2428 5111 2753 5180 amplissima
2799 5109 3009 5163 noverit
3061 5106 3417 5176 tranquillitas
3467 5117 3643 5160 vestra

399 5210 591 5277 jcctus.
623 5210 727 5264 Sed
777 5213 892 5279 pius
935 5222 1211 5280 susceptor
1242 5213 1492 5267 Dominus
1522 5227 1672 5268 meus
1699 5211 1965 5266 abscondit

403 5318 484 5356 me
511 5305 564 5356 in
595 5301 921 5356 tabernaculo
946 5319 1038 5355 suo
1059 5321 1077 5366 ;
1106 5304 1159 5356 in
1201 5303 1282 5356 die
1306 5305 1564 5357 malorum
1610 5305 1828 5371 protexit
1868 5319 1967 5369 me,

403 5392 614 5446 dicens:
656 5389 722 5445 In
763 5390 965 5445 silentio
990 5400 1036 5443 et
1063 5407 1153 5461 spe
1199 5394 1292 5444 erit
1323 5391 1567 5459 fortitudo
1598 5401 1700 5443 tua.
1734 5390 1799 5443 Et
1825 5405 1972 5456 ecce,

407 5473 651 5541 Domine,
697 5476 920 5546 imperio
951 5485 1042 5530 tuo
1085 5490 1402 5545 promoveor
1443 5475 1630 5529 nolens
1655 5476 1722 5529 de
1762 5476 1974 5529 silentio

407 5565 472 5621 ad
501 5567 779 5636 clamores,
805 5570 932 5641 quin
955 5569 1114 5624 etiam
1140 5567 1205 5622 de
1234 5567 1415 5634 requie
1436 5567 1502 5620 ad
1522 5567 1750 5620 labores.
1775 5565 1975 5621 Tamen

481 5731 504 5758 ι
532 5717 964 5791 CodicesRegim
1010 5721 1355 5780 Bibliotheca:
1400 5719 1598 5775 Matrit.
1629 5727 1682 5774 cl
1726 5717 1973 5774 Ecclesiae

408 5790 612 5856 Tolet.,
644 5790 796 5858 quod.

2069 5198 2363 5255 falsidicam
2400 5215 2581 5255 vocem
2611 5215 2834 5255 eorum:
2878 5213 3000 5252 nam
3047 5205 3286 5266 tempore
3315 5196 3459 5249 omni
3499 5195 3646 5250 nulio

2075 5297 2176 5350 sub
2219 5294 2355 5349 cmlo
2384 5293 2622 5361 quolibet
2665 5291 2831 5359 gradu
2876 5293 3110 5344 virorum
3155 5289 3320 5343 laicus
3349 5302 3413 5342 ac
3450 5301 3646 5340 mona-

2081 5385 2232 5448 chus,
2280 5383 2400 5436 ullis
2443 5383 2663 5436 sceleris
2689 5380 2843 5434 dictis
2871 5379 3048 5433 nullus
3075 5393 3162 5432 me
3188 5386 3501 5447 operantem
3530 5389 3648 5428 sus-

2079 5473 2234 5526 tinuit
2265 5472 2479 5535 faclum,
2513 5484 2844 5537 nequaquam
2876 5481 2976 5535 ego
3007 5469 3118 5536 ipse
3149 5483 3179 5521 a
3208 5481 3296 5521 me
3324 5464 3524 5535 portari
3567 5465 3647 5518 in-

2076 5565 2240 5618 latum
2271 5565 2323 5618 in
2351 5561 2583 5615 Emerita
2615 5560 2744 5614 urbe
2772 5567 2828 5613 et
2856 5558 3125 5612 Lusitania
3153 5573 3312 5612 omne
3339 5555 3464 5610 illud
3495 5569 3646 5609 scor-

2145 5722 2168 5759 i'
2205 5724 2365 5778 Dscst
2388 5722 2437 5776 in
2469 5710 2862 5791 exemplaiibus
2886 5725 2935 5771 et
2962 5719 3170 5786 faceret.
