4032 6186
374 349 436 403 2|
1667 361 1962 418 DINOTllU

2061 365 2302 418 AlilHS.
3563 364 3634 415 22

376 469 490 512 tum
513 472 801 528 numquam
834 459 990 514 didici
1017 477 1033 526 ;
1063 459 1154 514 scd
1185 459 1468 514 Lusitania:
1498 462 1664 530 prima
1695 470 1749 516 ct
1777 463 1956 516 novis-
1986 469 2029 523 Α
2059 466 2266 530 attollo,
2301 481 2400 521 nec
2429 467 2672 537 meritus,
2704 470 2812 524 Deo
2843 471 2979 526 bona
3027 471 3270 539 donanti,
3300 474 3392 542 qui
3435 476 3635 544 impio-

372 551 510 603 sima
557 549 797 619 mihique
851 552 1146 619 permansit
1198 552 1394 619 conjux
1447 567 1549 605 una
1611 551 1756 606 fatali
1808 562 1954 608 sorte

374 649 550 695 morte
580 641 890 695 transmissa
916 659 930 705 ;
960 657 1131 710 neque
1160 642 1316 697 decet
1345 653 1369 679 ο·
1415 643 1727 711 cujusquam
1758 651 1814 698 ct
1843 659 1955 698 ιιιοο

374 731 820 786 nachusinhiens
849 732 1025 787 denuo
1069 733 1258 788 mulier
1287 749 1387 788 nec
1435 735 1572 788 labia
1616 749 1736 788 mea
1784 735 1957 802 tetigit

371 821 579 876 osculo.
609 820 678 875 Et
708 830 766 876 ut
789 822 1011 877 solidius
1057 822 1204 877 dicta
1232 823 1518 879 credantur
1547 823 1747 890 audita,
1779 826 1956 894 profe-

373 926 436 964 ro
466 918 660 966 testem
711 911 922 966 ﬁdelem
977 921 1292 983 prmsentem
1341 928 1448 982 quo
1500 929 1714 983 semper
1766 916 1952 970 laboro

369 1009 602 1057 stantem
631 1018 726 1072 per
749 1004 965 1060 Patrem
992 1013 1046 1060 et
1093 1007 1282 1060 Natum
1313 1014 1367 1059 et
1395 1005 1652 1074 Spiritum
1680 1013 1943 1072 sanctum,

372 1107 469 1159 per
497 1093 774 1149 dexteram
803 1111 953 1151 suam
981 1112 1084 1165 qua
1105 1106 1320 1151 sanctos
1349 1107 1592 1165 coronat,
1621 1107 1676 1152 et
1704 1098 1950 1153 cardines

369 1182 494 1236 caeli
521 1192 576 1237 et
603 1175 858 1240 fabricam
886 1186 1089 1251 mundi,
1115 1187 1260 1257 quod
1289 1188 1402 1258 ipse
1428 1188 1626 1243 virtute
1677 1189 1950 1257 verboque

370 1275 632 1343 fundavit,
685 1278 828 1346 quod
878 1279 1069 1348 pagina
1118 1295 1374 1349 praesens,
1422 1296 1688 1351 omneque
1737 1290 1950 1338 taxatus

368 1363 576 1435 |Forte,
627 1368 928 1440 laxatum],
961 1387 1060 1426 nec
1103 1369 1291 1427 fraude
1335 1371 1666 1439 frustratum,
1698 1382 1950 1430 testatum

369 1471 463 1522 per
495 1455 762 1513 Christum
800 1459 982 1517 .Iesum
1017 1461 1300 1518 Dominum
1331 1472 1570 1519 nostrum
1597 1482 1610 1517 :
1638 1465 1734 1520 sed
1761 1464 1951 1521 laudes

433 1596 456 1622 η
490 1589 549 1644 1η
580 1593 769 1648 codice
801 1593 932 1662 Reg.
964 1593 1100 1650 Bibl.
1131 1594 1328 1650 Matrit.
1356 1612 1449 1650 nec
1479 1597 1632 1652 desit.

2061 569 2214 629 perat
2252 560 2403 626 nulli,
2434 570 2488 616 et
2517 562 2632 631 ipse
2677 563 2918 631 pulsetur
2948 572 3005 618 ut
3033 565 3242 620 vinctos
3268 565 3530 630 absolvat,
3577 579 3633 622 et

2059 665 2196 719 quos
2230 651 2486 706 hactenus
2513 662 2692 706 servat
2716 653 2927 708 inlmsos
2967 655 3222 724 perducat
3271 656 3338 710 ad
3369 657 3512 711 illam
3539 674 3637 724 pa-

2060 742 2215 796 triam
2245 758 2436 797 novam
2463 761 2475 795 :
2509 744 2623 799 lucc
2651 743 2855 816 (Forte,
2888 743 2970 814 ac]
3013 746 3338 814 temporibus
3367 747 3492 810 tuis,
3519 749 3635 815 glo-

2059 833 2353 888 riosissime
2383 834 2652 904 princeps,
2682 834 2928 888 ltetentur
2955 836 3168 900 emersi,
3192 835 3464 891 fraudibus
3486 853 3636 904 pres-

2058 926 2124 988 si,
2182 926 2474 996 fraudeque
2521 929 2686 982 erecti
2733 927 3021 982 lrzenentur
3051 929 3303 998 repressi,
3335 937 3394 983 ut
3431 930 3639 998 legibus

2056 1015 2252 1072 Christi
2286 1019 2497 1088 utrique
2538 1017 2728 1086 juvati,
2781 1020 2964 1074 abbati
2992 1028 3280 1074 occurrant
3319 1019 3383 1074 ad
3425 1027 3638 1088 nuptias

2057 1107 2198 1174 agni,
2229 1122 2348 1177 qua:
2393 1107 2688 1176 trophazum
2721 1123 2941 1162 aureum
2975 1116 3157 1177 pareat
3201 1116 3466 1172 vestrum,
3517 1117 3640 1176 po.~t

2059 1207 2242 1255 vestro
2273 1199 2460 1268 procul
2491 1214 2522 1253 a
2553 1198 2707 1270 |Mss.
2739 1199 2828 1270 ad]
2859 1214 3049 1268 regno,
3072 1199 3298 1254 Domino
3347 1208 3530 1253 nostro
3564 1199 3639 1251 fa-

2059 1289 2325 1344 mulemur
2375 1288 2570 1345 elfectu
2621 1289 2674 1343 in
2731 1287 2945 1352 Christo
2999 1287 3124 1344 Jesu
3173 1289 3400 1344 Domino
3429 1297 3636 1343 nostro.

2061 1379 2252 1436 Amen.

369 1681 3636 1732 ’ΞΜ

1708 1789 1878 1834 ANNO
1921 1790 2150 1836 DOMINI
2196 1791 2298 1836 DC.

847 1883 2076 2046 DINOTHUS
2287 1876 3098 2041 ABBAS.

557 2235 562 2240 ’
662 2230 1138 2311 NOTITIA
1175 2232 1804 2319 HISTORICA
1851 2237 1972 2319 IN
2011 2237 3289 2323 DINOTHUM'ABBATEM.

1442 2412 1657 2474 (Fabric.
1693 2413 1924 2465 Biblioth.
1960 2417 2087 2465 med.
2126 2426 2176 2466 et
2209 2415 2290 2466 inf.
2327 2415 2526 2478 relatis.)

413 2555 695 2622 Dinothus,
741 2555 908 2610 abbas
943 2555 1431 2622 Bannochorensis,
1475 2557 1717 2614 laudatus
1760 2558 1918 2614 Beda:
1954 2561 1996 2619 Β
2023 2560 2309 2614 verborum
2332 2560 2446 2616 lnec
2475 2567 2592 2616 est:
2624 2558 2822 2615 Notum
2849 2563 2939 2627 sit,
2979 2570 3031 2614 et
3059 2559 3247 2632 absque
3275 2560 3617 2628 dubitatione,

339 2647 478 2703 llist.
516 2650 649 2716 Aug.
685 2648 774 2702 lib.
829 2665 884 2714 ιι,
917 2665 965 2704 c.
997 2647 1072 2717 2;
1119 2649 1236 2704 aliis
1268 2649 1519 2704 Dionotus
1556 2653 1801 2718 avonius,
1833 2652 1924 2722 qui

339 2740 396 2792 in
427 2739 636 2809 synodo
673 2740 962 2795 Claudiana
995 2740 1320 2808 Vectiorum,
1367 2743 1478 2797 sive
1507 2742 1926 2812 Wirgoruiensi,

239 2855 242 2860 -
337 2846 483 2884 anno
514 2819 710 2886 Christi
750 2829 875 2896 601,
930 2834 1174 2899 traditur,
1225 2842 1282 2888 ut
1334 2842 1419 2890 est
1465 2836 1604 2904 apud
1637 2835 1927 2891 Lelandum

336 2940 389 2976 c.
425 2923 514 2989 44,
561 2927 785 2990 copiose,
833 2926 1077 2995 graviter,
1119 2923 1286 2991 docte,
1335 2925 1401 2980 de
1453 2943 1557 2980 non
1603 2926 1928 2981 admittenda

336 3011 582 3083 Gregorii
633 3030 801 3084 papte,
832 3025 921 3067 aut
965 3016 1110 3069 missi
1155 3014 1219 3069 ab
1257 3032 1316 3070 eo
1344 3017 1618 3086 Augustini
1667 3017 1926 3083 monachi,

336 3108 648 3160 auctoritate
675 3107 1000 3176 disputasse;
1044 3117 1296 3179 praeterea
1326 3110 1619 3181 defendisse
1647 3100 1930 3180 archiepis-

337 3195 458 3261 copi
485 3193 806 3249 Menevensis
834 3197 889 3249 in
917 3195 1065 3250 rebus
1091 3197 1454 3252 ecclesiasticis
1493 3207 1795 3267 potestatem
1820 3216 1838 3264 ;
1875 3201 1929 3252 in

336 3298 562 3347 arma,
576 3285 886 3338 conclusisse
908 3301 1009 3340 non
1031 3302 1140 3340 esse
1155 3303 1184 3341 e
1199 3304 1254 3341 re
1266 3288 1468 3357 publica
1485 3288 1855 3342 Britannorum
1873 3295 1928 3340 ut

342 3373 696 3428 Romanorum
717 3377 910 3446 fastum
934 3377 1010 3432 rel
1036 3378 1306 3432 Saxonum
1333 3380 1662 3449 tyrannidem
1701 3379 1754 3432 in
1780 3395 1925 3433 com-

337 3463 637 3516 munionem
665 3464 1016 3521 admitterent.
1037 3465 1232 3536 Atque,
1257 3467 1446 3522 eodem
1471 3467 1706 3522 Lelando
1726 3466 1928 3534 judice,

337 3569 457 3622 qua:
489 3563 604 3606 erat
634 3553 845 3610 Dionoti
897 3558 1140 3623 eruditio,
1181 3566 1318 3612 recte
1356 3556 1626 3624 sentiebat,
1676 3574 1778 3613 non
1820 3575 1932 3613 esse

337 3662 498 3713 penes
525 3645 829 3711 Romanum,
874 3657 928 3700 ut
965 3657 1166 3718 gentem
1196 3648 1444 3703 advenam
1475 3647 1782 3717 (Saxones),
1807 3649 1932 3718 ﬁdei

337 3746 623 3803 pra-textu,
654 3739 709 3790 in
745 3739 914 3793 alieno
957 3739 1311 3808 (Britannico)
1339 3740 1670 3810 conﬁrmaret
1696 3741 1926 3808 imperio.

339 3825 489 3880 Nam
517 3830 560 3880 si
582 3829 636 3881 id
657 3829 1008 3896 admitterent,
1039 3849 1142 3885 non
1171 3831 1362 3884 deesset
1390 3833 1534 3902 fucus
1559 3831 1626 3883 ad
1644 3830 1928 3900 explodet:—

2030 2650 2187 2713 vobis,
2220 2651 2355 2722 quod
2384 2667 2478 2704 nos
2507 2669 2681 2706 omnes
2709 2669 2883 2706 sumus
2910 2661 2960 2706 et
2988 2651 3196 2722 quilibet
3233 2665 3328 2705 nos
3353 2669 3465 2705 rum
3496 2652 3613 2706 obe-

2031 2740 2225 2794 dientes
2255 2750 2305 2794 et
2327 2739 2517 2794 subditi
2550 2739 2796 2794 Ecclesia:
2824 2739 2920 2793 Dei
2942 2750 2992 2793 et
3021 2755 3168 2810 papae
3198 2738 3391 2803 Ranae,
3419 2751 3468 2793 et
3497 2743 3612 2793 uni-

2030 2832 2209 2902 cuique
2234 2848 2352 2886 vero
2373 2841 2420 2885 et
2447 2833 2530 2902 pio
2563 2829 2854 2886 Christiano
2885 2831 2954 2884 ad
2982 2822 3263 2884 amandum
3287 2848 3615 2899 unumquem-

2029 2938 2124 2990 que
2160 2921 2215 2975 in
2244 2938 2336 2976 suo
2367 2922 2532 2991 gradu
2559 2921 2615 2974 in
2646 2923 2872 2991 perfecta
2900 2923 3167 2986 charitute,
3199 2930 3248 2973 et
3272 2919 3341 2973 ad
3367 2919 3615 2989 adjuvan-

2031 3012 2151 3065 dum
2203 3027 2606 3080 unumquemque
2653 3027 2828 3065 eorum
2871 3011 3021 3064 verba
3058 3019 3106 3063 et
3149 3013 3286 3080 [acto
3326 3012 3437 3080 [ore
3478 3012 3617 3078 ﬁlios

2033 3100 2127 3154 Dei
2158 3117 2176 3154 :
2206 3110 2255 3154 et
2285 3101 2443 3154 aliam
2485 3100 2825 3154 obedientiam
2855 3118 3007 3172 quant
3051 3103 3204 3156 istam
3243 3119 3346 3156 non
3387 3107 3495 3157 scio
3527 3105 3617 3156 de-

2029 3191 2189 3244 bitum
2216 3191 2263 3243 ei
2291 3205 2438 3260 quem
2459 3205 2546 3244 vos
2582 3190 2862 3244 nominatis
2903 3208 3116 3261 papam,
3146 3209 3239 3245 nec
3265 3209 3374 3246 esse
3407 3194 3614 3247 Putrem

1973 3271 1982 3279 ’
2032 3276 2256 3332 Patrum
2298 3277 2550 3332 uindicari
2573 3287 2624 3332 et
2673 3279 2964 3344 postulari;
3008 3291 3058 3333 et
3092 3282 3244 3334 istam
3273 3280 3637 3336 obedientium.

2031 3385 2126 3422 nos
2157 3385 2333 3422 sumus
2378 3371 2551 3438 parati
2600 3369 2727 3422 dare
2771 3378 2819 3423 et
2870 3370 3062 3423 solvere
3091 3373 3138 3424 ei
3176 3381 3226 3424 et
3269 3374 3445 3440 cuique
3467 3371 3619 3426 Clu-i-

2029 3461 2200 3513 stiano
2222 3460 2484 3513 continuo.
2519 3459 2774 3512 l’rtuterea
2805 3476 2899 3512 nos
2937 3476 3111 3513 sumus
3138 3460 3228 3512 sub
3252 3459 3519 3531 gnbernati
3556 3479 3616 3515 ne

2030 3550 2255 3620 episcopi
2287 3547 2632 3618 Caerlegiouis
2668 3565 2820 3615 super
2849 3545 3004 3610 Osca,
3039 3549 3125 3617 qui
3170 3559 3245 3602 est
3290 3545 3360 3601 ad
3387 3553 3615 3619 supervi-

2032 3643 2257 3696 dendum
2297 3641 2389 3694 sub
2422 3639 2527 3692 Deo
2556 3655 2708 3707 super
2742 3637 2906 3703 nobis,
2956 3638 3024 3690 ad
3053 3640 3346 3707 faciendum
3387 3658 3480 3693 nos
3503 3659 3614 3693 scr-

2031 3748 2151 3786 vare
2179 3731 2313 3785 viam
2347 3728 2686 3800 spiritualem.
2727 3727 2857 3792 Qua:
2887 3736 3144 3796 pra-terea
3177 3743 3205 3780 a
3242 3729 3422 3790 Baleo,
3455 3729 3495 3794 l,
3526 3731 3612 3793 70,

2032 3829 2088 3876 et
2110 3820 2308 3887 Pitseo,
2334 3836 2386 3890 p.
2420 3819 2522 3874 104
2551 3834 2659 3888 seq.
2690 3818 3000 3888 perhibetur
3029 3819 3303 3888 scripsisse
3332 3819 3610 3879 Dinmlius,

339 3920 440 3973 do;
468 3936 806 3990 quoscumque
843 3939 872 3974 ε
921 3923 1094 3993 regnis
1132 3922 1240 3976 suis
1281 3924 1559 3992 principes,
1589 3921 1765 3976 verba
1806 3921 1919 3990 ipsa
1952 3913 1999 3974 C
2033 3912 2390 3983 Defensorium
2414 3910 2794 3980 jurisdictionis
2830 3910 2964 3963 sedis
2995 3907 3342 3973 Menevensis;
3376 3908 3454 3962 De
3491 3926 3614 3964 con-

339 4011 592 4077 quzedain
643 4009 862 4064 Dinothi
915 4028 979 4066 ex
1029 4027 1158 4067 mss.
1208 4012 1406 4067 Codice
1456 4011 1930 4080 Anglo-Saxonice

340 4101 618 4171 descripta
660 4109 714 4156 et
742 4102 963 4172 Anglice
993 4118 1114 4156 cum
1144 4101 1332 4157 Latina
1364 4103 1612 4158 versione
1640 4103 1932 4172 publicavit

341 4192 613 4247 llcnricus
655 4192 1044 4262 Speelmannus
1074 4204 1205 4248 tom.
1248 4195 1268 4249 Ι
1315 4195 1679 4249 Conciliorum
1727 4194 1928 4262 Anglia:

344 4300 404 4350 ρ.
439 4282 574 4348 108;
605 4297 724 4351 qua:
760 4299 856 4338 cur
900 4285 1127 4340 conﬁcta
1167 4287 1266 4340 sub
1296 4286 1511 4342 Dinothi
1563 4286 1779 4340 nomine
1820 4284 1929 4340 visa

342 4373 457 4425 sint
498 4371 903 4430 Schelstrateno
946 4385 969 4411 ⁸
1023 4385 1077 4430 et
1124 4377 1441 4445 quibusdam
1473 4376 1610 4442 aliis,
1659 4375 1932 4444 conjicere

345 4464 512 4519 facile
557 4465 702 4531 licet,
754 4468 1018 4522 rationem
1071 4470 1258 4524 videre
1307 4485 1414 4525 non
1469 4470 1612 4525 licet.
1657 4467 1933 4524 Sententia

425 4603 447 4627 ει
471 4591 630 4649 Mém.
659 4593 727 4648 de
756 4593 1026 4660 Trévoux,
1059 4611 1148 4650 an.
1176 4595 1331 4659 1709,
1361 4614 1412 4666 p.
1439 4596 1562 4650 8°23.

2036 4004 2300 4056 servandis
2354 3999 2720 4054 Britannorum
2783 3997 3000 4064 ritibus;
3064 4000 3478 4067 Disputationum
3545 4002 3612 4054 li-

2036 4091 2201 4154 brum,
2235 4091 2506 4160 aliumque
2535 4087 2840 4145 Orationum
2872 4099 2921 4142 et
2947 4088 3322 4158 Epistolarum,
3351 4100 3402 4142 et
3427 4092 3481 4143 in
3512 4090 3615 4144 Sa-

2035 4197 2176 4234 cram
2200 4181 2522 4250 Scripturam
2545 4171 2968 4242 Commentarios,
2991 4193 3053 4232 ea
3081 4177 3279 4232 nemini
3301 4178 3439 4240 visa;
3463 4187 3516 4231 ct
3543 4195 3608 4232 ex

2036 4272 2153 4327 sola
2193 4271 2531 4339 conjectura,
2565 4277 2624 4324 ut
2654 4269 2704 4322 in
2735 4269 2852 4322 aliis
2884 4283 2988 4322 non
3017 4281 3138 4322 raro
3168 4265 3234 4320 ab
3264 4265 3347 4320 his
3387 4266 3607 4334 tactum,

2039 4361 2239 4416 tributa
2268 4375 2389 4415 esse
2417 4358 2546 4413 mihi
2576 4358 2896 4430 persuadeo.
2962 4369 2970 4380 ·

378 4707 3116 4740 _________—____________________________________

593 4849 1039 4930 DINOTHI
1097 4849 1129 4889 ³
1185 4847 1748 4926 RESPONSIO
1805 4848 1937 4923 AD
1997 4835 2689 4922 AUGUSTINUM
2759 4825 3390 4915 MONACIIUM,

1227 5005 1560 5056 PETENTEM
1595 5003 2065 5057 SUBJECTIONEM
2102 4997 2420 5054 ECCLESLE
2454 4993 2750 5047 ΒΟΜΔΝΛΞ.

1309 5208 1403 5273 (Ex
1428 5207 1649 5259 Vilkinsii
1678 5206 1826 5259 Couc.
1856 5206 2045 5268 Magnae
2066 5201 2358 5262 Britannia,
2385 5202 2423 5249 t.
2444 5197 2488 5260 Ι,
2513 5209 2563 5260 p.
2580 5193 2685 5255 26.)

440 5410 629 5465 Notum
660 5411 729 5465 sit
776 5419 832 5465 et
871 5411 1073 5478 absque
1102 5408 1432 5464 dubitatione
1464 5407 1612 5461 vobis
1661 5406 1800 5476 quod
1845 5421 1942 5461 nos

363 5518 555 5559 omnes
583 5516 769 5557 sumus
790 5509 845 5556 et
873 5500 1099 5571 quilibet
1127 5509 1368 5554 nostrum
1399 5497 1708 5552 obedientes
1735 5505 1788 5552 et
1817 5495 1942 5551 sub-

441 5667 466 5693 ·
511 5657 774 5723 Descripsi
807 5655 1211 5722 responsionem
1241 5653 1377 5708 hanc
1406 5652 1613 5706 abbatis
1640 5650 1848 5722 Bangor
1878 5666 1943 5723 ex

361 5727 403 5782 2
433 5743 562 5782 mss.
594 5722 770 5792 cum;
800 5727 894 5780 sed
924 5726 1207 5779 audiamus
1235 5726 1358 5794 quid
1388 5727 1471 5781 Cl.
1498 5723 1854 5793 Spclmannus
1881 5722 1947 5777 de

360 5814 466 5855 suo
488 5798 612 5853 olim
637 5797 931 5867 exemplari
960 5796 1207 5853 disserat.

2047 5402 2142 5457 diti
2183 5402 2428 5457 ecclesiae
2456 5400 2576 5466 Dei,
2604 5406 2658 5453 et
2687 5413 2833 5468 papa:
2864 5397 3072 5462 Romae,
3103 5403 3158 5450 et
3185 5391 3468 5460 unicuique
3494 5404 3624 5444 vero

2048 5493 2355 5550 Christiano
2404 5490 2543 5565 [et]
2594 5491 2680 5560 pio
2735 5491 2801 5546 ad
2851 5489 3136 5544 amandum
3193 5496 3626 5553 unumquemque

2120 5647 2248 5702 Haec
2270 5662 2334 5702 ex
2362 5655 2468 5701 vet.
2493 5658 2594 5700 ms.
2617 5644 2738 5698 cod.
2760 5641 2901 5696 Petri
2932 5640 3135 5695 Mosten
3157 5637 3620 5694 Cambrobritanui

2048 5717 2296 5786 generosi
2328 5717 2703 5788 (antiquiorem
2745 5710 2930 5788 peocul
2961 5708 3413 5788 dubio.i_mi‘tante)
3445 5707 3628 5788 multis

2051 5780 2247 5846 abhinc
2299 5780 2456 5844 annis
2483 5780 2721 5857 ipsemet
2747 5780 3068 5852 transcripsi
3100 5780 3292 5856 (Verba
3320 5789 3437 5836 sunt
3481 5780 3635 5850 δραι-
