4032 6186
405 341 474 396 9')
827 439 829 442 p
1753 355 2026 412 nvNAint
2071 355 2379 411 mrmcn.
3576 354 3644 408 ει

405 455 454 508 in
486 470 582 509 sua
611 453 773 521 gradu
820 447 870 507 in
901 453 1160 508 cbaritate
1190 452 1447 523 perii-cla,
1489 463 1544 508 et
1587 455 1650 509 ad
1686 456 1975 525 jnvandnm
2005 466 2052 520 Α
2081 457 2438 509 obedientiam
2478 473 2574 514 nos
2604 472 2785 512 sumus
2821 461 2989 529 parati
3023 461 3150 514 dare
3179 469 3233 516 et
3265 461 3472 517 solvere
3510 465 3557 518 ei
3594 478 3647 521 et

405 560 836 614 unumquemque
887 560 1110 610 eorum,
1166 547 1331 600 verbo
1383 555 1436 601 et
1486 547 1623 602 iacto
1675 549 1789 603 lore
1840 548 1980 604 ﬁlios

402 631 494 687 Dei
517 651 530 696 ;
553 641 609 687 et
650 633 807 686 aliam
845 634 1205 688 obedientiam
1237 649 1395 703 quam
1428 635 1582 689 istam
1605 649 1710 690 non
1739 637 1852 692 scio
1879 638 1975 692 de-

401 722 565 776 bitam
620 723 670 778 ei
720 739 878 793 quem
933 738 1029 779 vos
1078 723 1366 778 nominatis
1420 739 1538 779 esse
1585 740 1821 794 papam,
1876 743 1976 783 nec

399 827 519 866 esse
547 823 755 882 patrem
782 822 992 882 patrum
1019 833 1031 866 :
1059 815 1321 869 vindicari
1349 824 1403 870 et
1427 817 1703 886 postulari,
1739 827 1793 874 et
1817 820 1973 876 istam

400 946 600 1021 manui)
632 947 936 1021 eaquidem
967 963 1091 1021 cura
1123 957 1176 1004 et
1207 949 1503 1021 diligentia,
1536 959 1593 1003 ttt
1633 967 1698 1005 ne
1736 953 1785 1004 in
1826 952 1974 1021 apice

400 1017 466 1085 ab
497 1017 787 1085 exemplari
821 1017 1166 1073 discederem.
1199 1019 1302 1072 St-d
1338 1035 1455 1073 cum
1501 1021 1603 1074 hoc
1643 1023 1692 1074 in
1716 1017 1974 1076 Cambro-

399 1084 698 1159 britannieo
739 1095 943 1159 tantum
986 1089 1236 1159 idioinate
1283 1097 1338 1143 et
1392 1090 1719 1144 intcrlineari
1751 1093 1972 1159 Anglico

398 1157 585 1224 (verbo
605 1156 672 1208 ad
693 1157 914 1228 verbum
939 1156 1172 1228 reddito)
1192 1167 1466 1213 exaratum
1490 1174 1651 1224 esset,
1671 1175 1769 1228 ego
1785 1156 1971 1216 eodem

395 1233 610 1298 servato
641 1241 810 1298 more,
862 1227 913 1279 in
942 1227 1358 1298 alienigenarum
1395 1227 1724 1283 beneliciuni
1751 1233 1970 1284 latinum

397 1293 596 1366 addidi.
651 1295 768 1361 Quo
823 1305 999 1350 autem
1051 1293 1290 1366 te'npore
1341 1299 1616 1354 confectus
1669 1299 1763 1352 fuit
1803 1301 1970 1354 codex

399 1365 514 1425 ille,
559 1366 639 1418 vel
671 1380 777 1434 quo
816 1376 1053 1432 auctore,
1089 1365 1186 1422 nec
1229 1368 1356 1421 mihi
1390 1371 1440 1422 in
1471 1369 1660 1422 eodem
1701 1371 1969 1431 constitit.

398 1448 496 1488 nec
526 1435 657 1506 alias
685 1445 830 1506 certe
860 1436 1141 1505 explorare
1170 1438 1316 1506 potui
1341 1455 1354 1500 ;
1394 1439 1486 1493 sed
1521 1438 1706 1492 haberi
1735 1441 1971 1496 codicem

395 1519 588 1558 censeo
620 1505 668 1558 in
696 1504 1017 1559 Cottoniana
1039 1504 1380 1560 bibliotheca.

465 1574 644 1650 Abbas
672 1576 1215 1650 veroBanchorensis
1234 1577 1334 1650 qui
1359 1579 1654 1650 Augustino
1695 1579 1796 1634 hoc
1827 1595 1968 1650 resp.

394 1641 544 1696 dedit
588 1645 707 1698 sine
749 1645 1013 1720 ullodub.
1048 1641 1334 1720 [uitceléb.
1368 1641 1466 1700 ille'
1482 1647 1742 1720 Dinothus
1769 1650 1836 1703 de
1863 1641 1971 1720 quo

393 1727 551 1781 supra
585 1718 1017 1770 memoravimus.
1054 1715 1387 1772 Manifcsmm
1423 1718 1583 1770 etiam
1615 1731 1716 1781 est,
1751 1715 1969 1774 cum'ex

396 1782 615 1856 hacsua
649 1786 1017 1856 responsione,
1054 1798 1161 1856 tum
1209 1802 1272 1840 ex
1304 1787 1407 1841 illis
1434 1803 1552 1856 qua:
1581 1788 1647 1842 ab
1682 1789 1797 1856 ipso
1830 1789 1967 1843 Beda

396 1851 483 1906 hic
511 1853 562 1906 in
596 1837 1020 1922 prmcedentibus
1059 1837 1967 1921 mitram}:uendidisse;
2002 1837 2045 1894 Β

392 1922 768 1996 siaanullam
791 1926 889 1996 sub
908 1925 1010 1996 hoc
1031 1934 1271 1992 tempore
1287 1927 1566 1996 agnovisse
1582 1928 1966 1994 subjeclionem

397 2001 489 2045 aut
538 1992 779 2049 Romano
832 1995 931 2062 ipsi
971 1996 1206 2063 pontilici
1253 1992 1345 2050 aui
1396 2005 1655 2051 extraneo
1683 1992 1850 2051 alicui
1882 2000 1967 2051 alii

394 2063 740 2130 patriarcha},
782 2070 864 2118 vel
907 2065 1337 2119 communionem
1399 2067 1631 2134 aliquam
1684 2082 1804 2121 cum
1859 2067 1968 2121 Ro-

398 2146 552 2202 mana
589 2135 816 2188 ecclesia
859 2135 1109 2189 coluisse.
1161 2135 1497 2190 Sulidebatur
1543 2145 1744 2202 autem,
1792 2146 1849 2190 nt
1903 2139 1969 2192 ab

397 2199 692 2275 Eleutherii
719 2219 857 2268 :evo,
873 2206 1089 2272 pr0prio
1105 2221 1202 2259 suo
1225 2199 1866 2275 metropoliucUanquam
1890 2208 1969 2259 al-

397 2273 895 2345 teriusm-bispapie
917 2275 999 2328 vel
1022 2275 1360 2345 patriarchae)
1375 2273 1737 2342 Caerlegionis
1765 2276 1972 2330 archie-

397 2339 636 2412 piscopo,
661 2339 770 2412 qui,
799 2339 855 2396 iit
880 2345 966 2398 hic
987 2339 1304 2412 suggeritur,
1328 2339 1658 2412 stiperiorEm
1682 2361 1783 2398 non
1804 2359 1970 2412 agno-

393 2410 470 2485 vit
496 2412 547 2465 in
577 2410 830 2485 Ecclesiae
858 2410 1135 2485 gradibus,
1167 2421 1224 2468 at
1257 2433 1275 2466 ‹
1315 2410 1587 2485 νηὸϋριυν
1614 2414 1731 2467 Dan
1757 2410 1908 2485 Duip,
1946 2434 1964 2466 ι

396 2479 449 2533 id
494 2490 596 2554 est,
645 2479 897 2554 sub_Deo
925 2483 1126 2554 absque
1155 2485 1260 2538 alio
1289 2479 1627 2554 interin'etio,
1665 2484 1872 2554 plebem
1918 2493 1974 2538 et

392 2551 678 2621 ecclesmm
708 2551 806 2606 sibi
829 2551 1085 2607 creditam
1113 2555 1461 2621 gubernasse,
1491 2551 1788 2607 Orientales
1811 2556 1971 2606 etiam

394 2619 528 2693 ritus
569 2630 732 2693 atque
759 2623 1044 2688 Asiaticos,
1078 2619 1255 2693 potius
1298 2619 1456 2692 quam
1507 2622 1778 2677 Romanos
1817 2624 1974 2677 imbi-

395 2688 559 2763 bisse.
598 2690 708 2747 Nec
729 2693 832 2747 hoc
853 2688 1121 2763 quideme
1143 2688 1487 2748 schismatira
1513 2693 1687 2763 aliqua
1712 2695 1974 2763 pravitate

397 2760 580 2832 (quam
601 2768 853 2816 auctores
870 2760 1232 2832 proculdubio
1255 2763 1394 2816 illius
1420 2762 1598 2817 saculi
1629 2760 1971 2831 perstrinxis-

394 2829 536 2894 sent)
577 2844 678 2902 nec
729 2829 918 2885 contra
969 2841 1278 2887 sanctorum
1328 2829 1969 2902 patrum_iiistitutiones,

395 2900 716 2973 auctojtate
749 2903 917 2955 tertiae
942 2902 1134 2973 synodi
1156 2899 1507 2973 tecumenicze
1547 2899 1743 2973 Ephesi
1781 2901 1973 2973 habitae

395 2968 526 3036 (act.
561 2968 645 3040 7),
687 2985 829 3026 anno
859 2968 1044 3040 gratia:
1073 2970 1196 3035 451,
1241 2968 1620 3026 corroborans
1651 2988 1666 3029 :
1705 2969 1975 3040 Cypriotis

394 3053 608 3110 causam
650 3040 878 3095 similem
917 3051 1102 3097 contra
1148 3041 1509 3110 patriarcham
1539 3051 1593 3095 et
1635 3041 1836 3095 clerum
1867 3041 1976 3094 An-

397 3109 703 3164 tiochenum
748 3109 1208 3180 promoventibtis.
1255 3111 1370 3165 Non
1419 3117 1503 3164 est
1549 3111 1772 3166 instituti
1803 3111 1971 3164 nostri

2079 548 2270 614 cuique
2308 548 2610 604 Christiano
2667 551 2941 605 continuo.
2992 550 3254 607 Prteterea
3314 568 3410 608 nos
3463 569 3646 612 sumus

2076 639 2176 692 sub
2221 638 2604 706 gubernatione
2647 640 2883 710 episcopi
2915 641 3276 710 Caerlegionis
3322 657 3483 714 super
3509 640 3643 699 Osca

2076 729 2166 798 qui
2209 738 2288 784 est
2335 729 2399 783 ad
2428 729 2872 798 supervidendum
2911 730 3009 784 sub
3032 730 3143 785 Deo
3173 746 3333 802 super
3371 733 3545 797 nobis,
3580 736 3646 789 ad

2074 819 2376 873 faciendum
2408 835 2506 873 nos
2533 834 2753 874 servare
2779 820 2919 873 viam
2948 819 3301 888 spiritualem.

2075 951 2207 1004 istos
2250 953 2375 1017 (hoc
2428 960 2528 1016 est,
2559 951 2661 1005 400
2706 967 2840 1020 pene
2869 950 3058 1021 annos)
3103 953 3506 1022 metropoliticis
3549 951 3646 1008 ﬂo-

2076 1037 2232 1074 ruere
2261 1021 2580 1091 rpz-ivilegiis,
2628 1030 2682 1074 τι
2729 1022 3111 1090 archit-piscopi
3166 1021 3449 1090 nuncupati
3499 1034 3645 1090 sunt,

2076 1091 2216 1142 nulla
2249 1090 2412 1159 (quod
2439 1090 2623 1158 sciam)
2657 1093 2842 1158 pulsati
2875 1091 3098 1160 synodo,
3126 1093 3240 1145 sine
3269 1093 3490 1146 crimine
3523 1111 3646 1160 pro-

2074 1159 2245 1213 vincia
2271 1177 2364 1214 sua
2386 1168 2439 1213 et
2469 1163 2684 1227 antiqua
2701 1159 3070 1228 jurisdititione
3091 1161 3340 1228 deinceps
3365 1173 3486 1216 sunt
3503 1159 3648 1216 exuti

2074 1238 2129 1280 et
2175 1231 2422 1300 spoliati?
2469 1229 2675 1284 Suﬂicit
2703 1231 2746 1284 si
2789 1231 2854 1283 ab
2885 1230 3177 1300 Augustino
3231 1230 3427 1285 factum
3463 1231 3640 1293 fuerit.

2076 1299 2217 1352 nam
2247 1315 2341 1351 sua
2378 1300 2555 1352 omnia
2587 1308 2802 1353 tuentur
2829 1301 2907 1353 sui
2954 1299 3220 1354 mordicus
3253 1318 3265 1351 :
3305 1310 3465 1368 atque
3506 1301 3645 1354 istud

2077 1385 2176 1421 una
2199 1368 2341 1438 quod
2373 1369 2422 1421 in
2451 1370 2648 1423 clerum
2677 1369 3047 1423 Britannorum
3071 1369 3403 1424 machinatus
3423 1385 3540 1423 esse
3568 1371 3647 1423 di-

2073 1443 2229 1508 citur,
2263 1439 2484 1508 lugubre
2503 1439 2790 1508 excidium.
2825 1438 2868 1490 A
2890 1439 3000 1494 Deo
3021 1441 3160 1492 enim
3190 1438 3483 1494 immissum
3514 1455 3648 1508 prmo

2073 1507 2274 1576 dicant,
2313 1507 2378 1562 ad
2431 1507 2846 1562 conﬁrmandum
2897 1508 3208 1562 traditiones
3248 1517 3302 1561 et
3347 1507 3645 1564 doctrinam

2074 1592 2254 1645 suam;
2283 1593 2404 1632 cum
2438 1577 2763 1631 contendant
2791 1578 2897 1639 alii,
2935 1578 3287 1645 Augustinum
3316 1578 3486 1645 ipsum
3520 1578 3646 1632 facti

2075 1649 2361 1714 prmbuisse
2391 1647 2644 1708 fomitem,
2695 1655 2750 1700 et
2791 1645 3155 1700 Ethelbertum
3187 1661 3364 1714 regem
3395 1649 3460 1701 ad
3490 1664 3646 1702 eum-

2073 1718 2192 1770 dem
2245 1719 2522 1772 excitasse.
2556 1716 2648 1771 Sin
2701 1716 2950 1770 indiciutn
2995 1718 3072 1770 rei
3107 1721 3188 1783 (ut
3234 1717 3473 1785 plerique
3527 1731 3591 1784 ge
3613 1746 3646 1760 .-

2077 1787 2233 1856 tiuttt)
2267 1788 2332 1841 ab
2364 1795 2556 1841 evrntu
2579 1785 2808 1848 steterit,
2837 1786 2992 1856 longe
3025 1786 3180 1839 aliter
3208 1785 3273 1840 de
3305 1787 3405 1840 hoc
3437 1788 3644 1842 excidio

2074 1857 2413 1923 cogitandum
2456 1864 2554 1920 cst,
2587 1871 2747 1924 quam
2798 1855 2872 1907 illi
2907 1856 3210 1908 tradidere:
3245 1855 3518 1923 Deumque
3564 1857 3645 1915 in-

2073 1941 2188 1979 sum
2217 1926 2353 1980 hanc
2375 1927 2712 1979 exhorruisse
2742 1924 3128 1980 crudelitatem.
3162 1924 3290 1977 Nam
3313 1941 3433 1978 cum
3458 1927 3645 1980 vindex

2075 1995 2165 2048 irae
2195 1996 2469 2062 Augustini
2515 2009 2606 2048 rex
2647 1993 3200 2057 Northmnbrensium,
3225 1993 3526 2057 Edill‘rielus,
3568 1995 3649 2048 in-

2075 2081 2275 2119 nocuos
2299 2067 2426 2120 istos
2456 2065 2857 2117 Bancboren-es
2885 2063 3177 2116 monachos
3209 2071 3352 2116 tanta
3383 2073 3558 2130 strage
3581 2065 3646 2117 ad

2074 2131 2462 2202 Legecestriam
2490 2149 2552 2188 su
2585 2135 2811 2197 tulisset,
2842 2141 2898 2187 et
2938 2133 3182 2187 exultans
3231 2133 3348 2187 te'is
3388 2131 3644 2186 festinan-

2075 2204 2179 2256 tius
2217 2213 2464 2274 pergeret
2512 2204 2593 2274 ad,
2635 2204 2911 2274 reliquias.
2941 2218 3127 2256 eorum
3173 2218 3292 2255 cum
3340 2202 3507 2274 nobili
3548 2218 3644 2274 suo

2073 2271 2400 2326 monasterio
2457 2273 2904 2336 exscindendum;
2961 2281 3247 2326 occurrunt
3303 2272 3350 2324 ei
3409 2273 3500 2325 ira:
3554 2271 3647 2324 Dei

2075 2343 2327 2405 vindices,
2352 2342 2728 2396 Britannorum
2766 2341 2928 2394 duces
2963 2349 3090 2403 tres,
3127 2341 3217 2410 qui
3259 2339 3648 2394 Northumbrize

2073 2425 2273 2478 regem,
2305 2427 2424 2466 cum
2457 2420 2570 2464 toto
2617 2426 2716 2465 suo
2763 2413 3001 2464 exercitu
3045 2410 3410 2465 innocentium
3454 2425 3647 2464 cruore

2073 2481 2449 2546 madefactum,
2479 2488 2742 2541 sternunt,
2765 2481 2950 2534 decem
2988 2479 3150 2533 millia
3177 2490 3230 2533 et
3257 2479 3531 2547 sexaginta
3569 2485 3648 2538 iu-

2072 2551 2280 2618 gulant,
2319 2555 2761 2618 vulneratumque
2791 2563 2989 2616 regem,
3049 2565 3169 2603 cum
3198 2551 3482 2618 perpaucis
3510 2549 3648 2613 aliis,

2073 2620 2126 2672 in
2150 2619 2324 2687 fugam
2358 2621 2577 2687 adigunt
2609 2637 2622 2672 :
2653 2620 2730 2672 sic
2753 2626 2804 2671 ut
2834 2618 2973 2672 Deus
2997 2619 3109 2687 ipse
3149 2634 3243 2688 pro
3279 2619 3517 2673 innocuis
3546 2618 3648 2671 illis

2072 2687 2535 2743 Banchorensibus
2562 2696 2747 2743 contra
2778 2687 3194 2754 Augustinianos
3232 2689 3364 2742 istos
3399 2689 3450 2740 in
3480 2689 3648 2740 acirm

2071 2759 2407 2812 descendisse
2433 2759 2695 2818 videatur,
2729 2765 2782 2810 et
2816 2759 3102 2810 vindictam
3149 2757 3419 2825 sanguinis
3459 2772 3642 2810 eorum

2073 2828 2391 2898 suscepisse.
2433 2827 2584 2881 Faxit
2611 2827 2780 2881 bonus
2807 2827 2896 2881 ille
2934 2825 3096 2893 Deus,
3140 2837 3198 2881 ut
3226 2835 3417 2896 praeter
3459 2826 3650 2881 verita-

2076 2907 2188 2967 tem
2219 2911 2322 2964 ego
2358 2897 2487 2950 nihil
2511 2911 2814 2967 suggeram.

2143 2966 2312 3020 Meam
2355 2967 2515 3031 igitur
2556 2965 2632 3020 ut'
2661 2965 2814 3018 Iidem
2866 2965 3106 3032 liberem,
3137 2965 3276 3033 sine,
3315 2965 3562 3032 obsecro,
3591 2972 3650 3020 ut

2112 3037 2216 3089 uod
2249 3037 2299 3089 in
2325 3036 2441 3090 Vita
2474 3035 2775 3104 Augustini,
2806 3037 2904 3089 sub
2935 3033 3036 3090 line
3076 3036 3192 3089 libri
3225 3035 3290 3088 de
3319 3035 3650 3104 Antiquitate

2127 3107 2397 3160 ritannicm
2428 3103 2674 3159 Ecclesia:
2706 3103 2926 3160 Londini
2959 3106 3222 3174 impressi,
3271 3119 3412 3160 anno
3441 3103 3650 3158 Domini

399 3192 511 3248 rem
541 3174 828 3248 disserere.
861 3183 1200 3235 occurrentia
1236 3188 1443 3233 tantum
1475 3180 1581 3233 libo
1607 3187 1970 3247 etgprmtereo,
2006 3190 2046 3248 (ζ
2081 3174 2238 3236 1572.
2293 3186 2347 3228 et
2376 3174 2503 3227 mihi
2547 3174 2900 3248 obvenientis,
2939 3177 3066 3228 dum
3098 3176 3150 3228 in
3186 3179 3307 3248 hoc
3347 3177 3651 3248 ipsoargtt-

395 3247 662 3316 piaculum
713 3249 933 3310 ducens,
964 3251 1108 3304 omni
1149 3264 1255 3302 non
1296 3263 1598 3316 agnoscere
1651 3249 1975 3316 grattmditie

399 3315 635 3383 insignes
662 3317 786 3372 illas
809 3318 1077 3388 bonitates
1115 3333 1245 3388 quas
1275 3333 1305 3370 a
1329 3315 1496 3388 veteri
1526 3315 1765 3388 Rimana
1796 3315 1973 3388 Eccle-

398 3388 475 3438 sia
508 3395 562 3439 et
588 3389 859 3457 episcopis
902 3387 1038 3455 ejus,
1072 3385 1305 3456 majores
1334 3386 1500 3441 nostri
1526 3387 1652 3440 olim
1683 3385 1973 3454 aliquando

401 3465 746 3523 acceperunt.

471 3522 668 3580 Praeter
689 3526 969 3581 citaritatis
983 3541 1110 3581 vero
1126 3529 1445 3580 suavitatem
1465 3533 1641 3580 actum
1657 3539 1774 3579 esse
1795 3523 1860 3578 ab
1875 3523 1974 3578 Au-

396 3595 612 3666 gustino
637 3611 756 3652 cum
788 3597 1126 3666 pauperculis
1155 3597 1236 3651 bis
1265 3596 1528 3666 Britannis
1556 3597 1804 3666 quisnon
1829 3596 1972 3666 judi-

397 3665 558 3729 cahit,
573 3665 695 3719 dum
716 3665 924 3720 veteres
944 3682 1131 3722 eorum
1149 3665 1561 3721 consuetudines
1575 3665 1750 3718 subito
1768 3665 1860 3718 toll
1895 3680 1972 3728 re,

400 3748 567 3788 novas
595 3736 772 3790 subito
797 3737 954 3791 nixus
985 3737 1055 3790 sit
1083 3736 1361 3803 ingerere?
1384 3734 1680 3787 Pnesertim
1722 3748 1842 3787 cum
1874 3737 1974 3787 hoc

398 3805 608 3860 cautius
653 3805 952 3860 faciendum
990 3807 1285 3860 monuisset
1327 3812 1542 3858 sanctus
1573 3804 1684 3872 ipse
1726 3805 1976 3872 magister

398 3888 526 3928 suus
561 3874 852 3944 Gregorius
891 3874 1131 3943 Magnus,
1164 3875 1253 3944 qui
1285 3877 1336 3930 in
1380 3873 1601 3944 diversis
1626 3871 1867 3928 ecclesiis
1897 3873 1976 3926 di-

398 3957 584 3998 versas
632 3941 851 4013 pertulit
890 3941 1322 4006 consuetudines.
1373 3958 1472 3998 nec
1517 3941 1785 4013 Romanas
1832 3945 1974 4011 ipsas

402 4013 600 4082 ubique
629 4012 796 4067 voluit
819 4015 1198 4084 itnponendas,
1228 4014 1331 4084 sed,
1350 4028 1450 4084 pro
1492 4029 1642 4084 more
1658 4012 1771 4084 loci
1791 4050 1807 4076 ,
1840 4021 1975 4066 tem-

438 4087 547 4137 oris
577 4092 631 4137 et
658 4082 987 4138 credentium
1015 4084 1224 4138 indolis.
1265 4103 1281 4134 ι
1317 4083 1430 4136 Νοιι
1461 4083 1625 4148 enim,
1654 4082 1844 4150 inquit,
1877 4096 1975 4150 pro

423 4153 536 4223 ocis
565 4169 668 4219 res,
701 4153 797 4209 sed
839 4170 936 4223 pro
966 4156 1121 4209 bonis
1162 4153 1321 4208 rebus
1360 4154 1477 4206 loca
1508 4153 1738 4223 amanda
1768 4162 1910 4223 sntit.
1950 4170 1969 4202 ι

405 4219 536 4278 Vide
565 4219 968 4292 reSpOnsio'nem
997 4224 1112 4294 ejus
1142 4226 1208 4278 ad
1253 4223 1461 4278 tertiam
1505 4221 1781 4290 Augustini
1812 4221 1995 4274 inter-'

404 4294 764 4348 rogationem.

469 4305 780 4429 ﬂigi-"i336,
805 4363 931 4418 illud
961 4379 1166 4433 quiero,
1197 4363 1287 4433 qui
1318 4361 1515 4433 factum
1545 4365 1635 4424 sit,
1677 4369 1736 4415 ut
1763 4359 1978 4415 Caerle-

404 4430 716 4498 gionenses,
734 4436 864 4488 alias
887 4430 1230 4489 Menevenses
1254 4432 1510 4501 episcopi,
1536 4444 1978 4501 successoresque

405 4502 508 4567 sui,
535 4502 627 4570 qui
666 4503 733 4557 ab
764 4519 879 4558 aevo
907 4503 1056 4558 Lucii
1085 4506 1224 4573 regis
1253 4500 1425 4571 usque
1465 4501 1530 4554 ad
1557 4501 1835 4570 Augustini
1863 4500 1977 4553 dies

2079 3254 2260 3298 mento
2317 3252 2622 3298 versaretur
2678 3246 2934 3310 prmium,
2991 3252 3081 3297 tuo
3153 3245 3340 3297 sistam
3405 3243 3650 3297 arbitrio.

2083 3330 2101 3362 σ
2136 3312 2382 3366 Nonnulli
2433 3312 2616 3378 etiam,
2659 3312 2846 3378 inquit,
2897 3313 3154 3377 seribunt,
3199 3313 3367 3380 ipsttm
3398 3311 3652 3379 Augusti-

2078 3398 2202 3436 num
2235 3383 2391 3450 hujus
2419 3381 2561 3448 quod
2589 3381 2827 3448 przedixi,
2869 3381 3009 3444 belli,
3044 3397 3147 3433 non
3175 3385 3333 3434 modo
3358 3381 3650 3444 conscium,-

2075 3455 2168 3505 sed
2213 3462 2268 3505 et
2331 3451 2677 3518 impulsorem
2745 3451 3058 3504 exstitisse:
3121 3451 3440 3518 regibusque
3478 3450 3543 3502 ad
3593 3451 3645 3503 id

2076 3523 2330 3576 accinctis
2356 3521 2570 3574 obvium
2601 3519 2773 3573 eidem
2806 3518 3177 3586 Legiocestrize
3205 3521 3524 3582 interfuisse,
3551 3521 3653 3574 etsi

2079 3592 2129 3645 id
2151 3592 2398 3644 omnibus
2421 3590 2592 3643 modis
2613 3589 2789 3643 celare
2817 3591 3031 3642 student
3061 3588 3335 3657 pontillt-ii,
3362 3590 3450 3656 qni
3476 3587 3650 3642 [ictam

2075 3670 2129 3713 et
2159 3676 2186 3712 a
2214 3676 2273 3715 se
2296 3659 2606 3713 fabricatam
2637 3658 2992 3726 parenthesim
3021 3657 3174 3712 Beda:
3193 3657 3458 3721 llistorize,
3490 3673 3518 3710 a
3543 3659 3654 3712 suis

2078 3731 2436 3799 typograpitis,
2461 3739 2644 3782 contra
2665 3730 2898 3781 omnium
2922 3730 3404 3799 manuscriptorum
3426 3727 3652 3781 Saxon-

2077 3797 2262 3854 eorum
2295 3797 2546 3852 librorum
2579 3799 2732 3850 iidem
2772 3812 2940 3864 nuper
2970 3798 3259 3865 impressae,
3303 3797 3647 3851 intexuerunt

2077 3871 2341 3938 (quamvis
2368 3869 2483 3936 ipSo
2506 3867 2801 3936 Augustino
2825 3868 2936 3934 jatn
2965 3875 3131 3938 multo
3149 3875 3277 3938 ante
3313 3877 3555 3938 tempore
3585 3867 3650 3918 ad

2081 3936 2318 3992 t'mleslia
2343 3951 2505 4004 regna
2529 3938 2760 4003 sublato)
2781 3952 2796 4000 ;
2815 3939 2898 3990 cui
2921 3937 3114 4000 errori,
3146 3936 3251 3988 imo
3271 3937 3572 3996 manifesto,
3590 3950 3654 3988 ac

2075 4018 2264 4063 cootra
2295 4008 2463 4078 ipsius
2505 4006 2676 4078 Bedze,
2729 4007 2963 4078 siquem
2993 4006 3097 4078 sibi
3124 4007 3176 4058 in
3218 4015 3364 4078 tanta
3393 4004 3654 4078 orationis

2076 4073 2673 4146 vanitate'patrocinari
2719 4076 2935 4146 vellent,
2981 4074 3342 4146 testimonium
3371 4073 3652 4146 mendat'io

2076 4141 2461 4214 redarguendo,
2513 4146 2660 4200 locus
2704 4144 2956 4212 deinceps
2986 4146 3106 4198 erit.
3139 4163 3158 4196 ι
3210 4142 3334 4197 Haec
3384 4145 3507 4214 illic.
3541 4141 3652 4214 Ego

2076 4212 2467 4272 nianuSCriDtos
2514 4215 2728 4269 codices
2766 4215 3049 4268 saxonicos
3097 4229 3203 4266 non
3247 4213 3482 4267 lustravi.
3517 4212 3652 4264 Audi

2078 4303 2205 4340 vero
2253 4296 2308 4339 ut
2347 4281 2514 4338 lrater
2561 4285 2932 4338 dominicanus
2965 4283 3214 4337 Nicolaus
3237 4281 3418 4335 Trivet
3449 4281 3655 4352 (caeno-

2077 4357 2184 4409 bita
2215 4357 2281 4410 de
2328 4354 2632 4422 cmnobitis)
2683 4355 2956 4407 historiam
3005 4355 3143 4406 hanc
3172 4351 3558 4422 continemurat
3601 4351 3652 4402 in

2077 4425 2278 4480 Gallico
2327 4442 2422 4478 sm
2458 4425 2710 4478 clirnnico
2749 4432 2872 4476 ante
2916 4423 3016 4476 500
3046 4438 3214 4476 annos
3264 4421 3648 4489 manuscripto.

2090 4496 2216 4550 Vide
2250 4495 2512 4548 Wilkinsii
2542 4492 2733 4548 Concil.
2767 4503 2886 4547 tom.
2919 4491 2967 4556 Ι,
3000 4509 3120 4562 pag.
3151 4492 3242 4544 27.

406 4619 3633 4676 WE:

1728 4750 1894 4793 ANNO
1938 4749 2158 4790 DOMINI
2205 4749 2329 4790 DCl.

634 4847 3405 5106 DYNAMIUBATRICIUS.

1094 5174 1531 5252 NOTITIA
1589 5173 2138 5252 HISTORICA
2197 5175 2303 5251 IN
2363 5172 2950 5252 DYNAiLIUM.

1545 5365 1778 5427 (Fabricii
1803 5365 1927 5415 Bibl.
1954 5365 2085 5416 med.
2112 5371 2166 5416 et
2188 5363 2273 5415 inl'.
2299 5363 2501 5424 aetatis.)

469 5521 755 5595 Dynamius
781 5519 892 5575 sive
922 5517 1217 5583 Dinamius,
1257 5515 1340 5570 vir
1377 5515 1596 5572 illustris
1618 5531 1682 5569 ac
1701 5514 1962 5569 Patricius
1999 5526 2042 5583 υ
2068 5517 2334 5587 Ejusdem'
2360 5517 2585 5572 Dinatnii
2615 5526 2671 5573 et
2717 5517 2991 5573 Eucheria:
3027 5519 3265 5588 conjugis
3307 5519 3635 5591 Epitaphium

395 5614 709 5679 Galliarum,
754 5629 842 5667 an.
891 5609 1138 5676 διδ-596,
1183 5609 1326 5680 apud
1363 5608 1678 5677 Gregorium
1715 5608 1962 5676 Magnum

399 5711 432 5765 l.
466 5725 524 5775 n,
553 5707 659 5762 ind.
686 5722 758 5770 xi,
802 5719 889 5773 ep.
917 5704 1004 5768 55,
1037 5704 1072 5756 l.
1116 5720 1166 5770 v,
1196 5717 1280 5773 ep.
1309 5699 1370 5765 6,
1395 5716 1553 5770 quem
1580 5700 1964 5756 Massiliensem

404 5806 556 5855 γοοεί
605 5795 895 5851 \‘cnantius
941 5793 1262 5849 Fortunatus
1318 5793 1410 5848 lib.
1460 5810 1528 5856 vr,
1581 5803 1816 5862 poemat.
1878 5796 1964 5849 ll.

2066 5609 2201 5680 apud
2254 5609 2519 5664 Andream
2591 5609 2870 5664 Duchesne
2925 5618 3056 5663 tom.
3101 5609 3122 5664 l
3173 5609 3371 5666 Histor.
3439 5611 3628 5668 Franc.

2066 5717 2120 5770 p.
2152 5699 2272 5753 5l9.
2306 5699 2548 5768 Scripsit,
2578 5707 2714 5754 teste
2752 5699 3031 5766 Sigeberto
3067 5716 3115 5753 ο.
3142 5701 3267 5764 444.
3308 5711 3362 5756 et
3392 5700 3634 5757 Usuardo

2065 5793 2131 5844 27
2162 5790 2418 5856 Januirii,
2451 5790 2719 5845 Dinamius
2752 5789 2919 5843 l'ilmn
2959 5791 3016 5846 S.
3045 5789 3224 5858 Marii,
3257 5791 3462 5847 abbatis
3487 5792 3630 5848 circa
