4032 6186
426 432 500 482 25
1724 426 1875 481 ἾΙΤΑ
1918 426 2018 480 SM

2084 426 2156 479 {TI
2196 425 2404 479 ΜᾹΒΙΙ.
3610 422 3676 476 26

428 561 519 598 an.
576 542 677 597 500
718 540 1041 595 Bobacensis
1087 540 1198 595 sive
1246 538 1591 593 Boalanensis.
1634 537 1785 593 Edita
1842 545 1925 591 est
1972 552 2001 589 a
2034 545 2078 593 Α
2107 535 2415 603 episcopum
2445 547 2530 585 an.
2561 530 2664 586 584
2694 531 3000 599 Rojcnsem,
3040 546 3159 601 qua:
3188 539 3364 588 exstat
3412 534 3553 603 apud
3579 534 3681 589 Su-

432 631 689 687 Bollando
713 629 1041 697 27‘Januarii
1066 638 1196 684 tom.
1228 629 1295 695 ll,
1324 644 1377 697 p.
1412 628 1531 692 ΤΗ,
1556 638 1610 682 et
1638 644 1667 682 a
1690 629 1997 682 Mabillonio
2103 626 2239 679 ritnn
2263 623 2329 677 ‘27
2350 624 2675 687 novembris,
2700 632 2752 676 et
2779 624 2829 676 in
2855 622 3115 677 Vincentii
3136 623 3369 678 Barralis
3390 624 3683 680 Chronolo-

430 738 555 777 saac.
581 737 598 775 1
621 721 739 774 Act.
773 722 956 775 Sanct.
1002 720 1329 774 Benedictin.
1355 736 1407 789 p.
1441 717 1560 773 105.
1589 720 1791 774 Deinde
1828 719 1999 772 Vitam
2074 717 2189 785 -gia
2216 716 2465 768 abbatum
2497 723 2552 768 et
2593 714 2900 768 Monasterii
2932 713 3265 779 Lerinensis,
3298 723 3353 767 et
3388 715 3684 771 illustratur

434 813 498 867 S.
533 811 771 873 Maximi,
804 810 1015 865 abbatis
1052 812 1282 878 primum
1329 810 1654 876 Lerinensis,
1688 819 1870 877 postea
1908 826 1996 862 an.
2107 824 2136 861 τι
2168 808 2383 861 Barthio
2416 823 2524 871 ιη,
2552 806 2639 872 12,
2670 806 2951 860 Adversar.
2984 806 3057 860 De
3087 807 3273 861 eodem
3298 806 3529 861 Maximo
3552 806 3687 862 Gre-

430 901 536 955 455
588 901 865 970 Regiensis
911 902 1024 956 sive
1067 900 1311 971 Rejensis
1353 901 1437 971 epi
1469 900 1608 970 copi,
1657 901 1722 953 ad
1754 899 2002 954 Urbicutn
2108 901 2287 967 gorius
2318 899 2647 953 Turonensis
2677 900 2728 952 in
2755 913 2917 967 Opere
2946 897 3010 950 de
3038 896 3219 950 Gloria
3250 897 3648 951 Confessorum.

3293 1044 3681 1061 ———

1193 1148 2023 1261 DYNAMH
2117 1152 2956 1264 PATBICII

1263 1351 2276 1559 EPISTOIijE
2366 1358 2867 1502 DU/E.

1590 1612 1889 1679 (Duchesne,
1910 1617 2091 1667 Hister.
2118 1616 2289 1667 Franc.
2316 1617 2526 1681 Script.)

962 1819 1318 1877 EPISTOL
1340 1821 1383 1874 A
1433 1819 1473 1873 Ι.
1930 1822 1941 1827 ⁷
2122 1832 2260 1871 sum.
2293 1816 2356 1871 Et
2383 1819 2507 1873 dum
2539 1832 2798 1887 generosa
2830 1823 3083 1877 natalium
3113 1824 3373 1892 dignitate
3401 1826 3467 1881 de
3502 1835 3708 1896 oratur,

1070 1928 1137 1966 an
1168 1923 1395 1965 autcum.
2123 1907 2422 1963 humilitate
2467 1911 2586 1980 plus
2634 1912 2863 1966 nobilem
2914 1921 3083 1967 totum
3135 1922 3185 1968 te
3231 1915 3418 1969 tribuit
3457 1917 3708 1973 libertati.

525 2007 788 2072 Quantum
818 2003 1048 2057 testifero
1069 2003 1197 2057 solis
1225 2001 1416 2055 ardore
1439 1998 1671 2065 defesso,
1692 1998 1776 2053 vel
1806 1996 2017 2064 longin-
2124 1998 2241 2062 Quo
2286 1997 2343 2053 tit
2373 2008 2428 2053 ut
2469 2001 2745 2059 charitatis
2774 2004 3046 2071 Splendor,
3079 2006 3166 2072 qui
3198 2006 3335 2059 intra
3378 2010 3539 2060 vestri
3580 2023 3711 2077 pec-

450 2098 545 2166 qui
598 2094 801 2149 itineris
828 2094 1076 2147 vastitate
1104 2098 1379 2161 quassato,
1408 2089 1579 2158 gelida
1617 2088 1870 2158 nympha,
1897 2086 2019 2139 dum
2059 2122 2097 2177 Β
2125 2090 2258 2144 toris
2286 2105 2480 2145 arcana
2512 2093 2754 2148 immensi
2792 2094 3008 2149 luminis
3036 2097 3279 2151 claritate
3307 2099 3609 2167 prmradiat,
3658 2107 3713 2152 et

450 2187 753 2240 ariditatem
806 2192 1086 2251 temperat,
1135 2180 1417 2248 restinguit
1460 2178 1718 2233 desideria
1750 2177 2019 2231 sitientis:
2122 2180 2233 2248 jam
2276 2181 2520 2249 corpmis
2548 2185 2892 2239 serenitatem
2938 2187 3205 2254 emendat,
3249 2195 3304 2242 et
3336 2192 3405 2241 ita
3438 2190 3508 2241 sit
3535 2187 3713 2241 cordis

450 2278 528 2331 ita
560 2275 688 2328 mihi
730 2280 1026 2327 vestrarum
1072 2270 1417 2341 epistolarutn
1464 2268 1694 2322 elocutio
1721 2282 1843 2321 cum
1876 2267 2025 2319 inco-
2125 2272 2421 2339 speculum,
2468 2274 2636 2342 gratia
2664 2290 2782 2343 qua:
2813 2277 3007 2332 renitet
3054 2278 3108 2331 in
3151 2278 3322 2332 vultu.
3358 2277 3461 2333 Pro
3500 2294 3606 2347 qua
3654 2294 3713 2333 re

452 2366 715 2420 lumitalis
738 2373 925 2418 vestra!
954 2362 1145 2415 indiCia
1171 2358 1701 2426 τειυιὶι,εθυόίοι·υηι
1723 2357 2024 2412 ἱηοΐθῐιιθη-
2127 2364 2442 2419 universitas
2487 2381 2547 2421 se
2592 2368 2838 2422 certatim
2882 2378 3062 2424 vestro
3093 2370 3367 2424 conciliari
3398 2371 3591 2424 allecto
3622 2370 3714 2424 de-

453 2466 510 2509 ta
542 2454 779 2508 nutrivit.
820 2452 954 2519 Quia
982 2451 1229 2521 quotiens
1259 2450 1447 2503 crebra
1497 2448 1873 2503 recordatione
1906 2446 2024 2500 dul-
2125 2456 2343 2527 siderat,
2392 2458 2515 2512 dum
2564 2475 2752 2517 omnes
2793 2464 3038 2519 conscius
3080 2480 3233 2519 amor
3279 2465 3488 2519 ίηνίιει,
3542 2465 3713 2530 Quam

449 2546 536 2599 cia
588 2542 884 2597 atl'eetionis
932 2548 1122 2595 vestrte
1162 2546 1286 2593 vota
1330 2552 1711 2601 commemoro,
1762 2536 2024 2591 desid-ria

2126 2547 2294 2613 magis
2324 2559 2422 2614 ego
2452 2547 2676 2603 invicem
2709 2552 2810 2605 mei
2842 2549 3128 2606 famulatus
3176 2553 3458 2606 verborum
3506 2554 3713 2620 gaudeo

453 2635 692 2706 pectoris
738 2633 1009 2703 publicare
1067 2630 1312 2700 suspiriis
1377 2644 1484 2683 non
1527 2628 1746 2683 deSiSlo-
1800 2626 1904 2680 ΡΓο
1958 2640 2025 2680 θο
2123 2634 2242 2704 jura
2273 2638 2614 2706 prtemittere,
2662 2641 2835 2696 donec
2873 2650 2928 2696 et
2956 2644 3284 2711 recuperatis
3310 2642 3509 2697 viribus
3550 2645 3714 2696 rebus

450 2725 600 2794 quod
646 2723 735 2776 ille
763 2720 1032 2791 corporali
1077 2719 1354 2774 fraudator
1393 2718 1605 2783 intuitu,
1647 2717 1738 2785 qui
1766 2716 1833 2772 de
1853 2715 2028 2771 cordis

2128 2743 2338 2783 merear
2363 2732 2712 2799 respondere.
2744 2733 2947 2788 Idcirco
2975 2732 3149 2788 fmnus
3194 2733 3490 2786 humillime
3538 2736 3712 2801 sospi—

456 2830 567 2869 non
615 2814 928 2868 absentatur
973 2825 1188 2865 arcano.
1232 2808 1438 2863 Idcirco
1478 2807 1712 2863 ofﬁcium
1756 2807 2029 2877 sospitatis
2128 2819 2251 2872 mis
2290 2819 2620 2888 impendens,
2669 2822 2932 2890 deprecor
2968 2833 3029 2877 ιη
3072 2822 3272 2891 iugiter
3311 2837 3398 2876 me
3436 2822 3488 2876 ίη
3525 2821 3717 2877 divinis

452 2905 771 2978 plenis~imo
811 2903 1085 2958 cbaritatis
1107 2902 1229 2971 jure
1257 2900 1588 2971 persolvens,
1620 2914 1778 2969 spero
1800 2907 1859 2953 ut
1890 2913 2027 2968 quo-

2127 2911 2359 2965 oraculis
2387 2926 2545 2980 quem
2572 2922 2846 2984 receptum
2878 2914 3115 2982 dignatio
3144 2914 3361 2980 retinet,
3403 2913 3715 2967 intercessio

454 2997 560 3052 ties
602 2993 800 3049 aditum
823 3000 1123 3063 temporum
1146 2989 1433 3045 difﬁcultas
1460 2989 1668 3045 diversa
1698 2987 2023 3059 praestiterit,

2127 3011 2303 3058 vestra
2347 3004 2704 3071 commendet,
2752 3014 2806 3059 et
2850 3005 3097 3062 omnibus
3125 3005 3321 3073 quibus
3351 3003 3715 3058 necessarium

452 3103 670 3157 semper
696 3087 1042 3155 exiguitatem
1070 3100 1242 3139 meam
1266 3092 1564 3138 vestrorum
1595 3083 1807 3153 apicum
1843 3082 2024 3137 cloeli-

2129 3095 2421 3164 inspicitis,
2469 3111 2565 3165 per
2609 3112 2747 3165 quos
2792 3098 2952 3151 etiam
3000 3100 3138 3167 regis
3177 3096 3398 3152 auribus
3427 3095 3717 3160 deferatur,

455 3175 854 3231 ῑὶοάεδίάθηῑδ
885 3171 1173 3235 εουτοτιεῑν
1202 3186 1480 3240 quousque
1516 3185 1639 3225 cum
1667 3170 1845 3224 άίνῖηο
1871 3168 2025 3223 ³υ²ί”
2127 3201 2301 3241 meam
2350 3189 2722 3242 necessitatem
2771 3190 3023 3256 asserite,
3078 3188 3162 3244 vel
3209 3189 3438 3243 celerem
3487 3187 3718 3242 reditum

453 3267 556 3334 lio,
587 3266 886 3321 animorum
917 3265 1200 3319 devotione
1222 3264 1486 3332 suppleta,
1528 3261 1725 3316 mutuis
1751 3261 1891 3314 inter
1928 3274 2026 3314 nos

2128 3278 2410 3332 obtinete:
2456 3287 2514 3333 ut
2559 3279 2767 3344 indulto
2816 3278 3112 3350 suﬂragetis
3164 3279 3504 3349 patrocinio,
3556 3294 3717 3346 quem

454 3360 705 3413 laetemur
726 3356 1030 3426 aspectibus
1055 3356 1146 3425 qui
1174 3369 1443 3424 nunquam
1474 3352 1711 3407 indivisis
1734 3350 2026 3406 aﬂectioni-

2128 3368 2371 3439 impenso
2420 3368 2610 3425 fovetis
2659 3372 2871 3425 atfectu.
2914 3369 2991 3425 De
3032 3370 3361 3424 transmissis
3404 3370 3598 3424 vestris
3629 3385 3720 3422 xe-

452 3452 562 3505 bus
589 3456 1007 3519 sequestramur.

2133 3460 2234 3514 niis
2263 3460 2480 3529 ancipiti
2522 3460 2865 3515 meditatione
2909 3460 3225 3531 snspendor,
3277 3468 3456 3514 utrum
3504 3474 3590 3513 me
3634 3473 3721 3512 re-

1030 3534 1356 3592 EPISTOLA
1394 3535 1458 3590 Π.
2062 3534 2103 3549 ν
2134 3549 2274 3604 ferre
2319 3558 2496 3617 grates
2537 3559 2816 3619 oporteat,
2856 3566 2923 3605 an
2961 3552 3121 3607 silere
3146 3569 3158 3605 :
3182 3552 3435 3620 quoniam
3478 3552 3568 3620 qui
3614 3566 3720 3605 non

567 3630 773 3685 DOIIINO
808 3645 1010 3685 SEIPER
1051 3645 1325 3684 PECULIARI
1363 3643 1459 3682 δυο
1492 3630 1701 3683 muco
1757 3642 1923 3682 PAPE-
2133 3641 2275 3694 valet
2318 3640 2541 3709 implere
2584 3641 2928 3710 praeconium,
2959 3642 3117 3710 digne
3143 3642 3276 3695 vitat
3302 3639 3573 3695 affectum.
3602 3639 3719 3693 Non

533 3720 732 3776 Vereor
767 3721 984 3791 quidem
1009 3762 1023 3787 ,
1066 3738 1164 3791 pro
1206 3722 1363 3788 hujus
1392 3721 1642 3775 tarditate
1681 3720 1873 3785 libelli,
1912 3735 2036 3775 reus

2134 3738 2313 3784 tamen
2343 3730 2514 3785 credit
2542 3746 2753 3785 corona:
2781 3729 2870 3802 [Id
2889 3740 2982 3795 est,
3013 3731 3324 3797 sacerdotii,
3355 3728 3717 3799 episcopatus]

451 3813 623 3867 vestri
654 3814 878 3868 esistam
910 3813 1136 3882 imperii.
1168 3811 1273 3867 Sed
1299 3813 1342 3865 Si
1373 3812 1533 3866 solito
1572 3812 1785 3880 pietatis
1814 3810 2035 3865 arbitrio
2134 3829 2329 3876 vestra:
2359 3820 2670 3888 magnitudo
2700 3821 2973 3885 sufﬁcere,
3020 3820 3163 3889 quod
3192 3820 3243 3874 in
3274 3820 3423 3874 urbe.
3451 3819 3536 3874 cui
3584 3833 3721 3893 pra}-

450 3904 700 3959 mearum
747 3897 1157 3959 amaritudinum
1187 3904 1398 3973 pondus
1426 3904 1700 3973 inspicitis,
1734 3902 2035 3958 necessitati

2135 3910 2264 3966 estis
2305 3927 2413 3967 non
2456 3911 2651 3965 desinit
2693 3911 2954 3965 universis
3002 3912 3261 3965 immensa
3308 3909 3526 3976 largitas
3564 3908 3722 3961 mini-

450 3995 702 4064 protinus
744 3995 1048 4064 indulgelis.
1077 3993 1164 4066 [Ut
1209 3994 1383 4059 valui.
1430 4004 1604 4047 tamen
1653 3993 1873 4062 implere
1920 4009 2037 4063 (Ιιιίιξ
2134 4012 2326 4069 strare,
2370 4003 2468 4057 nisi
2508 4010 2568 4056 ut
2609 4002 2728 4057 illos
2757 4001 3039 4071 stipendiis
3085 4001 3296 4056 donetis
3335 3999 3585 4073 propriis,
3625 3997 3720 4066 qui

454 4082 787 4151 praecepistis
833 4083 1059 4137 intendi.
1105 4083 1365 4149 Quoniam
1413 4098 1517 4137 non
1565 4082 1794 4148 dubitas,
1839 4083 2037 4138 beatis-

2134 4099 2397 4154 mmnibus
2424 4097 2725 4151 inhabitant
2752 4095 2959 4149 alienis.
2991 4094 3142 4150 Sicut
3171 4109 3256 4148 me
3280 4132 3295 4156 ,
3340 4107 3497 4162 quem
3527 4091 3720 4145 huma-

452 4172 596 4227 είωθ
640 4172 895 4239 Pomm“.
935 4174 1077 4241 (Ιυοά
1111 4172 1221 4241 iam
1264 4188 1352 4227 me
1390 4173 1484 4226 ιίδί
1522 4173 1748 4227 reddidit
1778 4184 2034 4243 Peri“?an
2136 4190 2275 4243 nitas
2304 4196 2479 4243 vestra
2511 4195 2690 4257 optata
2723 4186 3062 4241 infestatione
3100 4185 3480 4255 persequitur;
3534 4196 3718 4249 quam,

452 4260 743 4314 sedulitate
772 4261 1066 4328 subjectum
1098 4260 1266 4315 unicze
1294 4260 1567 4315 eharitatis
1600 4261 1899 4330 imperium.
1930 4263 2036 4317 Sed
2135 4283 2260 4338 dum
2309 4297 2415 4336 ηοη
2464 4282 2602 4333 valui
2655 4288 2876 4335 coactus
2924 4276 3195 4345 effugere,
3258 4278 3483 4329 devotus
3534 4272 3722 4325 νίάροι-

458 4350 963 4443 ¹¹¹ίη¹¹¹¹ηί¹⁰⁰λθ⁵ξθ
1011 4366 1118 4405 ¹¹⁰¹¹
1165 4365 1384 4418 censeo,
1432 4352 1557 4405 dum
1606 4360 1658 4443 ιβ
1703 4353 1753 4405 in
1800 4353 2035 4408 omnium
2137 4374 2432 4443 excepisse.
2464 4370 2619 4425 Unde
2650 4379 2847 4433 tamen,
2880 4369 3005 4423 licet
3030 4368 3249 4422 ariditas
3291 4367 3547 4421 subsistat
3574 4364 3723 4430 inge-

456 4440 766 4508 pectoribus
796 4441 872 4495 sic
900 4440 1203 4495 devinctum
1231 4457 1349 4498 esse
1377 4442 1607 4497 contido.
1638 4442 1768 4497 Nam
1814 4452 2038 4500 eatenus
2139 4466 2232 4532 mi,
2263 4440 2441 4529 [amen
2487 4471 2694 4532 potem,
2741 4458 2975 4527 suﬁragii
3005 4474 3244 4529 propago
3291 4461 3570 4531 pmtendi,
3622 4458 3721 4512 nisi

456 4545 560 4585 vos
596 4533 1026 4587 remuneratione
1066 4533 1314 4601 superba,
1362 4533 1571 4590 diversa
1601 4534 1844 4591 beneﬁcii
1874 4538 2038 4605 largi-

2138 4555 2280 4624 quod
2324 4555 2451 4607 mihi
2503 4551 2726 4621 epistola
2757 4554 3043 4605 terminum
3073 4551 3277 4615 habuit,
3308 4550 3454 4621 quod
3489 4550 3721 4620 spatium

460 4630 574 4676 tate
623 4626 970 4692 praerogativa
1016 4628 1278 4694 generalis
1325 4628 1633 4697 ampliﬁcat,
1683 4637 1740 4682 ut
1786 4630 1838 4683 in
1886 4629 2038 4683 vobis
2140 4647 2323 4701 charta
2350 4644 2578 4713 negavit,

459 4731 581 4770 esse
611 4718 863 4785 probetur
888 4719 1201 4787 ingenitum,
1232 4721 1483 4791 quidquid
1516 4722 1603 4776 ubi
1634 4722 1807 4776 radiat
1834 4723 2036 4791 pretio-

1215 4973 2038 5085 DYNAMII
2114 4973 2960 5090 PATRICIE

1084 5174 1544 5317 VlTA
1621 5175 2330 5404 SANng
2371 5179 3049 5322 MARII.

1614 5478 1704 5537 (Ex
1734 5477 2064 5541 Bolland..jan.
2092 5488 2128 5529 t.
2161 5480 2224 5542 II,
2251 5482 2308 5529 ad
2332 5483 2464 5531 diem
2488 5482 2591 5543 27.)

2059 5581 2115 5594 ’.Α

1092 5644 1317 5701 CAPUT
1358 5643 1402 5699 1,
2141 5629 2228 5685 dio
2260 5639 2454 5684 nostra:
2483 5630 2798 5695 vocationis,
2831 5627 3078 5682 humanis
3106 5624 3410 5695 pectoribus
3441 5623 3558 5679 ﬁdei
3602 5624 3718 5679 fun-

821 5740 1002 5796 Sancti
1033 5739 1187 5793 Marii
1217 5738 1400 5801 obitus,
1426 5736 1689 5789 vaticinia.
2144 5724 2392 5778 damenta
2426 5724 2661 5793 iecisset,
2690 5722 2926 5790 ejusdem
2960 5716 3081 5772 lidei
3107 5731 3260 5783 seges
3287 5717 3460 5771 sancti
3490 5715 3718 5785 Spiritus

547 5836 591 5889 Ι.
633 5834 762 5889 Cum
796 5835 1047 5889 Dominus
1088 5841 1268 5889 noster
1295 5829 1445 5886 Jesns
1474 5828 1715 5884 Christus
1746 5826 1796 5881 in
1828 5825 2052 5899 primor-
2149 5819 2473 5876 immissione
2520 5833 2615 5888 per
2659 5815 2962 5871 universum
3007 5811 3262 5870 mundum
3310 5814 3462 5884 longe
3506 5812 3717 5878 lateque
