4032 6186
281 413 349 462 9.7
1614 401 1895 458 DYNAMII
1938 397 2251 456 l’ATRlClI.
3475 396 3545 450 9.3

282 520 635 586 excrevisset;
684 517 1099 574 christianorum
1145 515 1329 584 religio
1371 523 1678 570 sanctorum
1707 519 1857 566 actus
1886 511 1934 570 Α
1968 507 2282 560 visitandum
2313 506 2524 563 assidue
2553 506 2835 573 veniebat;
2884 516 2992 561 tum
3022 508 3147 577 quia
3179 507 3416 577 ejusdem
3447 511 3544 564 viri

283 608 669 663 memorabiles
705 607 912 661 duabus
939 621 1005 661 cx
1034 605 1211 660 causis
1255 603 1457 672 scripto
1487 600 1866 656 commendare

282 700 585 767 consuevit,
615 709 674 753 ut
702 699 952 752 videlicet
977 697 1175 752 chorus
1204 695 1438 749 fidelium
1468 693 1686 747 eosdem
1719 699 1870 745 actus

285 792 339 843 in
370 788 518 843 festis
547 788 825 842 annalibus
853 786 1076 839 audiens
1106 784 1339 847 recitari,
1370 782 1615 853 gaudeat,
1640 782 1867 848 laetetur,

284 886 342 932 et
386 885 640 943 crescat;
693 885 747 928 et
798 874 975 928 minus
1024 873 1246 941 perfecti
1292 873 1604 926 eorumdem
1653 877 1867 923 actuum

286 967 544 1035 exemplis
589 965 923 1032 inflammati,
970 964 1036 1017 ad
1086 964 1221 1017 bene
1268 960 1594 1033 operandum
1622 959 1873 1015 studeant

287 1058 557 1112 insudare.

355 1144 408 1198 2.
450 1144 679 1200 Sanctus
719 1145 902 1214 itaque
942 1143 1162 1207 Marius,
1207 1142 1359 1210 cujus
1389 1139 1525 1196 facta
1572 1139 1745 1195 ﬁdelia
1775 1155 1872 1209 pro

287 1235 510 1292 modulo
568 1243 764 1291 nostra:
823 1235 1137 1305 capacitatis
1194 1232 1458 1286 narranda
1505 1231 1872 1299 ingredimur,

289 1326 546 1382 mediocri
595 1326 865 1394 parentela
899 1325 1127 1394 genitus,
1168 1323 1295 1377 civis
1324 1320 1724 1376 Aurelianensis
1754 1319 1871 1373 fuit.

290 1416 390 1471 llic
430 1416 483 1470 in
525 1415 873 1480 monasterio,
921 1413 1064 1484 quod
1101 1412 1298 1467 ibidem
1344 1420 1446 1476 est,
1481 1410 1655 1465 factus
1685 1424 1873 1464 mona-

289 1505 442 1570 chus,
483 1504 550 1557 ab
591 1504 807 1557 ineunte
846 1511 1003 1556 aetate
1031 1492 1434 1555 monacbalibus
1465 1498 1724 1554 doctrinis
1749 1514 1874 1553 eru-

290 1596 432 1650 ditus
478 1610 633 1665 puer,
684 1604 739 1647 et
788 1593 960 1648 factus
1004 1593 1217 1663 juvenis
1263 1591 1400 1646 bene
1445 1590 1719 1661 operando
1768 1590 1877 1645 Dco

290 1685 495 1741 studuit
537 1686 787 1739 militare.
821 1684 952 1739 Cum
983 1695 1160 1738 autem
1191 1684 1241 1737 in
1272 1682 1495 1752 prmfato
1525 1680 1874 1743 monasterio,

291 1778 433 1832 sicut
460 1776 626 1830 lilium
671 1776 810 1829 inter
838 1774 977 1843 ligna
1007 1774 1287 1838 silvarum,
1320 1774 1458 1826 inter
1488 1771 1680 1825 fratres
1707 1770 1878 1824 mori-

1970 596 2061 651 Dei
2088 595 2383 650 monachus
2411 602 2466 650 et
2495 596 2745 651 nutritius
2777 597 2968 660 fuerat,
2993 611 3217 665 eumque
3243 599 3406 667 patris
3429 600 3548 652 loco

1970 686 2325 741 venerabatur
2352 694 2406 741 et
2433 686 2671 751 colebat;
2710 694 2820 739 tum
2849 687 2973 757 quia
3003 687 3117 755 ejus
3144 687 3389 743 dulcibus
3416 689 3550 742 alio-

1913 825 1923 835 κ
1968 779 2108 846 quiis
2148 793 2361 846 semper
2402 777 2547 832 refici
2598 778 2903 847 appetebat.
2955 776 3069 832 Una
3116 779 3297 850 itaque
3345 780 3549 836 dierum

1969 883 2091 923 cum
2130 869 2192 922 ad
2238 867 2431 923 ostium
2462 868 2608 923 cellae
2645 868 2762 939 ejus
2809 870 3044 938 pulsaret
3072 871 3316 939 antistes,
3351 873 3553 930 audivit

1970 961 2038 1012 ab
2067 975 2132 1023 eo
2161 969 2219 1013 ut
2248 975 2371 1015 recc
2392 962 2547 1026 leret,
2590 970 2710 1029 post
2739 961 2881 1015 diem
2913 964 3125 1016 tertium
3169 963 3433 1019 rediturus
3459 982 3474 1022 :
3500 969 3580 1017 ρι’

1972 1049 2024 1104 in
2063 1051 2155 1105 illo
2190 1053 2362 1121 spatio
2402 1053 2579 1107 nullus
2619 1054 2667 1110 ei
2712 1042 2941 1120 vietum,
2972 1055 3253 1125 nullusque
3280 1072 3552 1114 accessum

1972 1144 2254 1218 prteberet.
2289 1144 2529 1201 Recessit
2580 1148 2817 1216 pontifex
2844 1165 2860 1212 ;
2883 1157 2937 1203 et
2966 1160 3086 1218 post
3114 1151 3342 1205 triduum
3374 1167 3552 1208 rever-

1976 1243 2115 1300 tens,
2147 1235 2211 1288 ad
2241 1239 2410 1290 virum
2440 1236 2532 1290 Dei
2563 1246 2645 1292 est
2687 1238 2975 1307 ingressus.
3025 1239 3121 1295 Cui
3167 1242 3248 1295 vir
3292 1242 3384 1298 Dei
3410 1260 3425 1298 :
3451 1242 3559 1299 Du~

1975 1334 2094 1380 etus
2120 1323 2193 1379 fui
2221 1326 2272 1380 iu
2301 1327 2510 1397 spiritu,
2540 1327 2753 1396 vidique
2781 1329 2947 1383 eteius
2974 1341 3190 1399 apertos
3219 1339 3275 1385 et
3304 1332 3559 1401 majesta-

1978 1426 2083 1470 tem
2124 1414 2246 1480 Dei;
2290 1415 2442 1484 cujus
2485 1416 2744 1471 claritatis
2772 1417 3109 1486 splendorem
3156 1419 3261 1473 mei
3306 1421 3561 1475 mortales

1977 1507 2118 1561 oeuli
2168 1505 2254 1560 vix
2306 1504 2554 1575 poterant
2581 1508 2874 1573 sustinere;
2903 1507 3117 1577 vidique
3141 1507 3351 1562 beatam
3381 1517 3433 1563 et
3464 1511 3565 1562 vir-

1978 1599 2153 1667 ginem
2183 1607 2238 1654 et
2264 1599 2358 1654 Dei
2384 1599 2695 1667 genitricem
2727 1598 2945 1652 Mariam
2976 1615 3096 1654 cum
3125 1600 3328 1668 angelis
3357 1601 3420 1653 ad
3450 1600 3565 1668 ejus

1977 1705 2045 1745 ve
2077 1690 2199 1758 tigia
2228 1697 2572 1759 prostratam,
2616 1704 2712 1759 pro
2740 1686 2765 1725 δ
2798 1703 2929 1758 pace
2958 1687 3123 1743 Italia:
3156 1689 3562 1758 suppleantem.

1979 1779 2085 1835 Sed
2110 1780 2288 1834 divina
2338 1779 2507 1848 pietas
2538 1780 2610 1833 ita
2658 1779 2977 1847 temperavit
3017 1793 3351 1848 responsum,
3386 1787 3443 1830 ut
3472 1793 3569 1833 nec

293 1866 414 1931 llus.
461 1866 571 1920 Vita
616 1865 970 1931 durescere”
1003 1874 1028 1901 "
1067 1862 1402 1918 Guudubuldi
1450 1861 1875 1929 Burgundiorum
1908 1876 1955 1936 Β
1981 1877 2203 1922 matrem
2250 1876 2520 1938 petentem
2568 1866 2882 1931 oli‘enderet,
2929 1866 3070 1935 quod
3101 1873 3281 1921 autem
3326 1865 3477 1919 Italia
3515 1875 3570 1920 et

296 1954 552 2024 principis
591 1968 882 2013 consensu.
914 1967 943 2006 a
976 1951 1225 2006 fratribus
1257 1950 1581 2004 Bodanensis
1621 1948 1876 2013 emnobii,

295 2043 439 2112 quod
469 2053 553 2097 est
579 2043 741 2096 situm
773 2042 825 2096 in
854 2040 1189 2095 Sistaricensi
1219 2041 1549 2109 episcopatu,
1589 2039 1640 2092 in
1673 2046 1878 2105 patrem

296 2132 722 2201 eligitur:cujus
769 2131 958 2185 electio
1004 2130 1030 2168 δ
1067 2128 1307 2195 Joannis,
1355 2129 1446 2199 qui
1493 2136 1619 2181 tunc
1661 2124 1881 2180 Sistar-

299 2223 446 2276 censi
489 2220 742 2277 Ecclesia:
786 2230 1036 2291 praeerat,
1084 2221 1402 2275 auctoritate
1439 2218 1757 2283 roboratur;
1800 2218 1886 2271 di-

303 2310 423 2364 vina
462 2310 564 2365 hoc
604 2309 919 2380 providente
971 2319 1025 2365 et
1075 2308 1285 2364 favente
1331 2309 1641 2370 clementia,
1692 2316 1749 2360 ut
1793 2308 1885 2377 qui

300 2402 438 2456 bene
481 2416 542 2455 se
586 2411 824 2469 rexerat,
864 2402 983 2456 aliis
1017 2417 1089 2471 qu
1112 2402 1210 2456 bus
1251 2401 1487 2469 regimen
1527 2399 1921 2455 necessarium-

302 2500 420 2544 erat
462 2490 843 2560 prteﬁceretur.
877 2491 1025 2558 'Quid
1070 2491 1258 2560 plura?
1298 2490 1363 2544 ad
1389 2490 1498 2558 jam
1526 2489 1724 2544 dictum
1767 2503 1886 2542 mo-

304 2579 593 2633 nasterium
638 2580 952 2634 adducitur:
977 2588 1031 2632 o-t
1059 2594 1088 2632 a
1117 2594 1218 2633 suo
1256 2577 1508 2648 pontiﬁce
1547 2577 1601 2632 in
1641 2576 1890 2631 abbatem

304 2669 577 2724 Communi
607 2668 830 2723 fratrum
859 2671 1135 2723 voluntate
1155 2677 1521 2724 censet-ratur.

372 2760 426 2813 5.
465 2756 819 2813 Consecratus
860 2766 1038 2812 autem
1083 2756 1155 2811 ita
1193 2771 1304 2811 sua:
1345 2755 1618 2826 dignitatis
1658 2752 1893 2812 oiticium

303 2847 639 2917 amplexatus
682 2855 803 2912 est,
845 2855 903 2901 ut
941 2845 1181 2916 quotidie
1216 2843 1354 2901 ﬁlios
1399 2844 1729 2915 spirituales,
1772 2843 1895 2898 vita:

304 2938 623 2995 venerabilis
652 2938 922 3008 exemplo,
966 2947 1266 3007 generaret,
1295 2948 1351 2993 et
1378 2938 1596 2993 eosdem
1640 2936 1898 2992 doctrinis

1982 1960 2163 2014 multa:
2184 1958 2298 2013 alia:
2325 1958 2611 2027 provincia:
2640 1957 2782 2012 indei
2803 1957 3068 2011 liuabilem
3094 1955 3367 2010 interitum
3399 1969 3570 2008 mere-

1989 2060 2207 2116 rentur,
2254 2049 2549 2120 respondit.
2595 2049 2719 2104 llaec
2764 2048 2891 2102 mihi
2935 2063 2965 2101 a
3015 2048 3125 2102 Deo
3170 2046 3428 2112 revelata,
3478 2045 3570 2099 tibi

1982 2142 2156 2196 Studui
2204 2141 2466 2208 revelare,
2514 2148 2568 2195 te
2612 2140 2863 2210 adjurans
2907 2154 2977 2193 ex
3017 2145 3167 2207 parte
3211 2135 3306 2191 Dei
3347 2146 3404 2191 et
3433 2150 3570 2197 mea,

1983 2240 2126 2302 quato
2150 2247 2245 2284 nus
2274 2230 2372 2285 ista
2398 2245 2517 2299 quze
2547 2230 2740 2285 audisti
2788 2243 2871 2283 me
2912 2232 3122 2283 vivente
3159 2226 3289 2281 nulli
3330 2225 3575 2280 revelare

1985 2337 2297 2394 prmsunias.
2330 2321 2621 2391 Postquam
2652 2330 2829 2375 autem
2856 2319 3096 2388 ejusdem
3126 2317 3227 2371 viri
3255 2315 3349 2369 Dei
3378 2329 3576 2381 corpus

1988 2413 2172 2484 pontif.
2195 2428 2227 2466 χ
2254 2412 2586 2466 memoratus
2613 2411 2887 2481 sepelivit;
2928 2417 2982 2464 et
3010 2424 3111 2463 nos
3138 2406 3379 2477 ejusdem
3406 2404 3575 2458 visio-

1988 2507 2071 2561 nis
2116 2505 2186 2560 cll
2219 2514 2363 2561 ctum
2410 2505 2656 2559 novimus
2683 2544 2700 2572 ,
2755 2503 2848 2572 qui
2901 2500 3214 2556 Bodanense
3266 2497 3574 2555 rmnobium

1989 2595 2301 2653 subversum
2324 2593 2488 2651 fuisse
2514 2593 2728 2648 minime
2754 2591 3082 2647 dubitamus.

2609 2720 2943 2791 carur,u.

2426 2833 2589 2889 Varia
2630 2830 2899 2887 miracula.
2931 2828 3134 2884 Obitus.

2067 2949 2121 3004 5.
2161 2947 2282 3003 Alio
2309 2961 2524 3018 quoque
2545 2953 2789 3015 tempore
2817 2944 2931 2999 viro
2959 2942 3053 2998 Dei
3079 2942 3300 3013 placuit,
3330 2950 3392 2997 ut
3406 2957 3567 2997 causa

305 3028 613 3085 cmlestibus
659 3026 900 3082 eruditos
940 3028 1254 3083 mirabiliter
1290 3027 1563 3083 educeret.
1598 3025 1726 3081 Erat
1753 3026 1893 3082 enim

1995 3039 2258 3096 orationis
2288 3037 2461 3093 sancti
2491 3035 2702 3090 Martini
2739 3033 3065 3089 Turonensis
3108 3032 3290 3088 limina
3319 3032 3576 3087 visitaret.

309 3117 579 3172 hominem
609 3117 935 3171 exteriorem
976 3117 1195 3187 jejuniis
1222 3125 1277 3172 et
1303 3117 1498 3187 vigiliis
1526 3116 1785 3187 allligens,
1818 3116 1903 3171 in-
1999 3125 2244 3196 cumque
2291 3127 2404 3195 ipsa
2436 3131 2594 3180 nocte
2639 3123 2936 3191 vigiliarum
2983 3122 3273 3176 incivitate
3318 3120 3581 3176 Turonica

308 3206 563 3261 teriorem
601 3206 937 3296 orationibus
976 3206 1204 3296 assiduis
1239 3207 1515 3296 reﬁciens;
1568 3207 1621 3261 in
1671 3215 1901 3275 utroque
1926 3236 1970 3296 ο
2001 3216 2284 3278 dormiret,
2315 3213 2601 3279 caballum,
2629 3212 2720 3281 qui
2754 3211 2822 3267 de
2846 3211 2975 3265 sella
3002 3210 3120 3280 ejus
3139 3219 3276 3276 erat,
3307 3209 3442 3264 latro
3463 3211 3582 3279 qui-

311 3302 622 3349 mansuetus
650 3303 705 3349 et
733 3294 964 3359 humilis,
1014 3295 1067 3348 in
1114 3294 1345 3364 utroque
1387 3295 1667 3350 laudabilis
1694 3304 1750 3350 et
1778 3312 1899 3366 per-

307 3385 500 3441 fectus.
530 3385 628 3441 llic
654 3385 780 3441 dum
808 3386 1038 3456 quodam
1069 3395 1308 3457 tempore
1336 3401 1433 3458 pro
1462 3386 1709 3455 gerendis
1736 3402 1902 3457 nego-

312 3477 400 3533 tiis
427 3478 509 3532 sui
540 3479 849 3533 monasterii
876 3476 943 3531 ad
974 3478 1104 3533 alias
1133 3486 1312 3548 partes
1340 3476 1638 3543 secederet,
1679 3477 1903 3545 contigit

314 3574 373 3620 ut
418 3568 470 3622 in
518 3580 646 3636 agro
698 3579 720 3606 ε
772 3567 1140 3636 Alegarnensi,
1192 3583 1221 3621 a
1269 3566 1501 3637 quodam
1548 3567 1665 3622 viro
1712 3566 1902 3622 illustri

315 3658 547 3728 agricola
578 3659 811 3728 hospitio
832 3658 1196 3729 susciperetur
1221 3675 1234 3711 :
1257 3660 1409 3727 cujus
1432 3657 1594 3711 tiliam
1613 3657 1902 3726 Sisagriam

316 3749 566 3815 nomine,
615 3765 732 3818 qua:
776 3749 890 3804 fere
936 3758 1148 3803 mortua
1193 3756 1340 3814 erat,
1390 3746 1629 3817 ejusdem
1678 3747 1906 3817 hospitis

316 3840 564 3911 precibus
597 3840 906 3910 baptizavit,
950 3847 1002 3892 et
1032 3839 1354 3907 baptizatam
1397 3837 1510 3891 suis
1551 3835 1904 3901 orationibus,

314 3931 436 3984 vitae
464 3941 518 3985 et
546 3931 780 4001 pristina:
826 3930 1039 3984 sanitati
1070 3928 1325 3983 restituit.
1357 3927 1489 3981 Cum
1518 3941 1647 3982 vero
1679 3928 1908 3996 peractis

314 4022 565 4091 negotiis,
589 4036 687 4091 pro
714 4022 905 4090 quibus
933 4027 1264 4091 perrexerat,
1296 4018 1361 4073 ad
1390 4020 1774 4094 monasterium
1820 4032 1909 4072 re-

314 4111 473 4176 diret,
501 4109 743 4180 quaedam
775 4117 1016 4163 matrona
1048 4107 1262 4173 nobiiis,
1292 4121 1413 4176 quae
1440 4105 1655 4160 Licinia'
1671 4096 1905 4161 vocaba-

230 4252 234 4255 Α
318 4210 426 4264 tur,
459 4192 669 4270 excepit
698 4200 843 4255 illum
875 4199 931 4253 in
959 4199 1176 4253 domum
1206 4214 1360 4254 suam
1388 4198 1575 4267 :cujus
1604 4195 1743 4252 fi'ius
1773 4198 1909 4253 adeo

318 4289 705 4356 infirmabatur,
738 4299 794 4345 ut
838 4299 1133 4345 memorata
1160 4290 1351 4345 mulier
1375 4300 1431 4346 et
1458 4290 1615 4345 amici
1642 4289 1712 4344 de
1740 4291 1912 4345 salute

318 4382 435 4450 ejus
477 4382 846 4453 desperarent.
891 4381 1132 4454 Rogatus
1169 4398 1198 4436 a
1229 4392 1400 4437 matre
1440 4397 1603 4437 senex
1644 4382 1911 4436 infirmum

321 4472 372 4526 vi
406 4473 522 4538 itat,
576 4489 739 4543 super
765 4489 885 4529 eum
916 4484 1055 4541 orat,
1093 4474 1213 4530 oleo
1252 4484 1440 4531 sancto
1479 4491 1600 4529 eum
1640 4475 1909 4545 perungit.

325 4561 370 4616 0
401 4564 531 4617 inira
586 4563 798 4619 virtutis
855 4564 947 4620 Dei
1003 4581 1125 4621 cum
1170 4565 1481 4621 confessore
1523 4573 1715 4620 orante
1767 4567 1910 4620 cele—

324 4655 481 4709 ritas!
515 4654 648 4708 Dum
701 4654 844 4709 enim
873 4654 1113 4710 infirmus
1168 4658 1501 4724 perungitur,
1547 4664 1729 4724 optata
1763 4656 1910 4710 sani-

325 4754 407 4799 tas
450 4759 517 4799 ex
563 4745 836 4815 insperato
865 4746 1169 4812 revertitur,
1201 4759 1257 4800 et
1283 4747 1563 4800 infirmitas
1588 4747 1794 4816 abjecta
1826 4746 1911 4800 fu-

326 4845 500 4904 gatur.
530 4834 725 4907 Sicque
755 4836 954 4892 factum
997 4844 1080 4892 est
1107 4844 1167 4890 ut
1193 4837 1485 4906 hospitem,
1515 4852 1672 4902 quam
1703 4838 1908 4892 tristem

327 4925 624 4992 invenerat,
670 4926 843 4981 laetam
887 4941 1011 4983 cum
1041 4926 1147 4982 filio
1174 4926 1242 4981 ad
1268 4926 1652 4983 monasterium
1697 4926 1910 4983 rediens

326 5019 673 5088 relinqueret.

398 5106 452 5160 4.
492 5107 626 5162 Cum
660 5117 860 5175 autem,
892 5117 951 5163 ut
975 5123 1093 5165 mos
1121 5117 1205 5167 est
1231 5109 1626 5180 religiosorum,
1677 5110 1731 5165 in
1777 5125 1911 5180 qua-

327 5196 624 5264 dragesima
659 5196 799 5251 idem
838 5198 918 5252 vir
957 5197 1053 5254 Dei
1089 5200 1143 5254 in
1185 5199 1320 5256 cella
1369 5208 1644 5266 retrosus,
1696 5201 1912 5270 parcius

329 5285 489 5341 solito
517 5285 749 5355 viveret;
799 5286 1077 5345 Lucretius
1112 5288 1320 5347 Diensis
1345 5289 1629 5360 episcopus
1673 5292 1740 5345 ad
1785 5305 1907 5346 eum

401 5444 427 5473 ι
466 5436 543 5492 De
578 5437 916 5495 Cundobaldo
962 5449 1137 5497 actum
1178 5441 1241 5494 21
1275 5442 1393 5496 Jan.
1440 5442 1504 5497 ad
1534 5442 1711 5497 Vitam
1737 5445 1907 5500 sancti

327 5503 966 5639 ﬁpjpgtazjjgiiageturque
988 5510 1057 5566 ad
1081 5510 1260 5566 Vitam
1287 5520 1482 5568 sanctae
1508 5510 1742 5569 Clotildis
1757 5515 1790 5569 ὅ
1813 5514 1909 5569 Ju-

404 5644 428 5682 δ
466 5643 810 5723 Imperfectus
832 5657 925 5723 est
948 5650 1221 5723 catalogus
1246 5648 1675 5723 Sistaricensium
1706 5654 1914 5723 episco-

331 5728 525 5797 porum
553 5716 690 5797 apud
718 5717 801 5773 Cl.
831 5716 1259 5797 Debertutti,_ubi
1288 5716 1915 5797 primusponitur'l’olp-

333 5789 566 5855 grauius,
591 5789 681 5856 qui
701 5790 930 5847 concilio
957 5789 1240 5847 Valentino
1269 5789 1325 5860 η,
1352 5806 1419 5847 an
1446 5789 1551 5848 584
1580 5794 1913 5864 subscripsit,

2002 3305 2124 3361 dam
2150 3304 2293 3360 furto
2320 3302 2603 3371 subripuit.
2634 3301 2740 3355 Sed
2784 3301 2954 3354 virtus
2979 3299 3154 3353 divina
3193 3298 3275 3353 sic
3321 3297 3582 3352 latronem

2004 3395 2210 3450 meritis
2233 3393 2342 3462 jam
2372 3392 2497 3446 dicti
2523 3391 2621 3446 viri
2648 3389 2739 3443 Dei
2767 3387 2979 3443 obsedit
3014 3397 3074 3443 ut
3110 3402 3208 3457 per
3238 3395 3404 3443 totam
3452 3402 3582 3442 noc-

2003 3494 2110 3539 tem
2140 3483 2343 3552 plateas
2389 3480 2620 3536 civitatis
2666 3476 2908 3532 rimando
2961 3484 3269 3547 qnmreret,
3301 3477 3583 3544 nullusque

2008 3579 2057 3634 ei
2096 3578 2164 3632 de
2211 3576 2428 3631 civitate
2453 3581 2663 3644 pateret
2708 3586 2985 3641 egressus:
3024 3571 3166 3626 facto
3191 3584 3349 3625 mane
3375 3569 3458 3623 vir
3487 3567 3580 3621 Dei

2005 3670 2268 3724 latronem
2295 3666 2573 3736 prtevenit,
2603 3673 2657 3720 et
2679 3663 2945 3719 caballum
2984 3662 3336 3732 recuperavit.
3372 3661 3438 3715 Et
3462 3661 3581 3714 licet

2007 3760 2144 3813 latro
2167 3764 2464 3828 praaventus
2494 3770 2707 3824 pinnam
2728 3754 3061 3827 corporalem
3083 3752 3382 3818 meruisset,
3411 3767 3475 3807 ex
3502 3751 3581 3805 ii-

2005 3847 2102 3902 sita
2135 3845 2543 3901 mansuetudine
2566 3844 2792 3898 liberum
2823 3844 2975 3898 abire
2999 3842 3264 3913 permisit.
3288 3842 3456 3897 Simili
3483 3842 3582 3895 mi-

2006 3938 2193 3993 raculo
2220 3977 2236 4002 ,
2292 3937 2344 3992 in
2375 3937 2508 3992 urbe
2540 3934 3050 4004 Lugdunensisuas
3099 3933 3431 4002 equitaturas
3470 3930 3582 3985 vice

2008 4029 2112 4083 alia
2138 4027 2499 4098 recuperavit.
3194 4088 3198 4093 ,

2078 4120 2132 4175 6.
2171 4118 2304 4173 Illud
2346 4118 2507 4172 etiam
2553 4131 2660 4171 non
2700 4122 2784 4171 est
2831 4110 3343 4184 prtetermittendum
3370 4151 3385 4176 ,
3432 4109 3578 4178 quod

2009 4210 2241 4280 quodam
2288 4218 2532 4278 tempore
2551 4208 2767 4276 quidam
2796 4204 3146 4274 Nemphidius
3181 4219 3300 4260 cum
3334 4209 3584 4260 senatore

2012 4305 2257 4374 Agricola
2285 4312 2528 4358 sanctum
2558 4300 2782 4355 Marium
2811 4299 3163 4361 comitantes,
3192 4309 3351 4350 causa
3381 4294 3584 4348 oratio-

2014 4394 2097 4448 nis
2124 4391 2356 4446 Parisios
2379 4390 2567 4453 ibant,
2609 4396 2669 4441 ut
2688 4385 2860 4441 sancti
2889 4383 3123 4455 Dionysii
3173 4381 3351 4436 limina
3401 4379 3585 4436 visita-

2014 4490 2152 4537 rent.
2179 4481 2237 4535 In
2264 4496 2369 4547 quo
2398 4478 2587 4534 itinere
2613 4474 2956 4546 Nempbidius
2979 4472 3078 4529 viri
3121 4471 3460 4527 sanctitatem
3487 4484 3580 4523 co-

1942 4603 1992 4664 D
2015 4585 2299 4641 gnoscens,
2352 4578 2408 4625 et
2451 4569 2519 4624 de
2544 4583 2606 4622 ea
2635 4574 2816 4622 mente
2871 4565 3076 4634 integra
3118 4559 3394 4617 conﬁdens
3416 4599 3432 4624 ,
3464 4574 3587 4612 eum

2015 4663 2239 4733 rogavit,
2262 4668 2324 4717 ut
2368 4659 2767 4729 ejusprecibus
2817 4656 2981 4711 filium
3026 4653 3226 4708 habere
3269 4660 3585 4707 mereretur.

2012 4754 2180 4825 Negat
2205 4760 2444 4815 sanctus,
2474 4763 2720 4804 asserens
2746 4746 3017 4801 humiliter
3039 4757 3098 4798 se
3127 4743 3261 4797 tanti
3284 4741 3461 4796 meriti
3484 4757 3589 4795 non

2010 4860 2150 4911 esse,
2195 4851 2253 4897 ut
2279 4856 2374 4913 per
2400 4855 2525 4895 eum
2562 4837 2705 4910 quod
2749 4835 2964 4906 petebat
3007 4831 3358 4901 Nemphidius
3408 4838 3608 4901 posset-

2011 4933 2274 4988 obtiuere.
3250 4932 3253 4935 ‘

2086 5020 2234 5074 Licet
2262 5026 2461 5083 autem,
2495 5024 2552 5071 ut
2573 5014 2842 5085 just'orum
2865 5026 2981 5067 mos
3021 5017 3126 5077 est,
3159 5016 3321 5063 tanta:
3343 5003 3588 5077 petitioni

2010 5127 2072 5168 se
2108 5111 2286 5167 favere
2313 5121 2650 5180 nequaquam
2672 5120 2831 5176 posse
2851 5101 3165 5173 simpliciter
3205 5094 3584 5156 affirmaverit,

2012 5212 2134 5275 post
2180 5201 2413 5258 triduum
2472 5210 2647 5253 tamen
2719 5200 3013 5250 memorato
3063 5187 3379 5256 Neuipbidio
3422 5184 3587 5237 tilium

2012 5303 2163 5350 certo
2192 5304 2444 5362 tempore
2511 5286 2839 5344 nasciturum
2895 5282 3160 5355 praedixit.
3201 5277 3356 5346 Quod
3407 5278 3634 5330 autem'

2009 5455 2064 5500 et
2114 5439 2485 5497 Matisconensi
2531 5446 2608 5506 ti,
2659 5453 2749 5493 an.
2794 5433 2917 5491 585.
2961 5431 3129 5489 Multo
3174 5427 3448 5498 antiquior
3502 5424 3589 5480 hic

2007 5515 2243 5572 Joannes
2275 5513 2391 5565 fuit.

2084 5595 2107 5623 ο
2146 5584 2228 5637 An
2258 5583 2393 5636 forte
2417 5578 2721 5634 Arvernensi
2749 5574 2999 5641 scriptum
3026 5570 3160 5641 fuit}

2081 5652 2109 5692 ἀ
2148 5636 2310 5706 Multa
2341 5652 2454 5718 ejus
2483 5658 2722 5720 tempore
2749 5645 2816 5700 ab
2844 5636 3074 5720 Herulis,
3103 5638 3309 5720 Gothis,
3343 5636 3584 5720 Burgun-

2010 5723 2258 5780 dionibus
2282 5707 2435 5788 pas'sa
2465 5725 2544 5772 est
2567 5707 2747 5784 lialia;
2778 5724 2899 5786 post
2926 5707 3085 5770 etiam
3113 5726 3143 5767 a
3176 5708 3411 5771 Francis,
3445 5707 3589 5760 Gne-

2013 5795 2106 5861 cis,
2143 5788 2519 5861 Longobardis.
