3976 6178
376 408 448 461 ες)
1571 431 1574 435 .
1660 397 1813 451 VITA
1856 395 2099 451 SANCTI
2139 394 2353 449 Manu.
3572 400 3643 453 eo

378 522 610 577 Sanctus
636 520 686 574 in
710 519 814 574 hoc
849 532 1007 572 verus
1057 514 1317 584 propheta
1353 512 1527 576 fuerit,
1556 511 1790 567 Evotlius
1833 528 1957 580 pro-
1989 516 2033 571 Λ
2065 510 2160 573 vit,
2188 519 2241 561 et
2266 510 2534 575 cognitum
2581 508 2829 562 fratribus
2859 525 2979 564 cum
3027 510 3276 579 lacrymis
3326 512 3637 581 publicavit.

381 615 483 668 mis
514 629 545 664 ο
567 620 809 678 tempore
839 606 1151 674 Nempbidio
1172 612 1328 657 natus
1357 604 1607 657 ostendit.

456 706 508 756 7.
549 701 682 756 Illud
746 700 908 752 etiam
962 697 1179 763 dignum
1235 693 1484 747 duximus
1548 689 1961 753 annectendum,

386 794 526 863 quod
557 800 845 858 antequam
872 788 937 842 de
968 787 1184 841 civitate
1213 786 1299 839 illa
1330 784 1695 852 egrederetur,
1716 798 1817 835 non
1849 782 1964 833 sine

388 900 607 940 suorum
639 882 893 935 motstitia
936 880 1157 933 multum
1200 876 1427 946 cmperit
1472 873 1743 929 infirmari.
1795 873 1964 927 Nocte

385 976 545 1035 icitur
570 973 870 1043 insequenti
902 970 1140 1025 membra
1188 969 1447 1037 languore
1502 968 1613 1021 fere
1641 976 1961 1036 praemortua

385 1070 525 1122 lecto
552 1065 858 1122 collocavit.
890 1062 995 1117 Sed
1025 1062 1077 1115 in
1105 1061 1220 1130 ipso
1245 1060 1415 1114 noctis
1448 1060 1621 1126 Spatio
1640 1100 1653 1121 ,
1680 1058 1759 1111 sic
1783 1058 1960 1111 divina

386 1159 435 1214 ei
463 1157 715 1211 subvenit
753 1153 1043 1209 clementia
1064 1194 1077 1215 ,
1103 1160 1158 1204 ut
1181 1166 1390 1205 suntme
1422 1165 1575 1203 mane
1598 1150 1752 1203 lactus
1782 1158 1838 1203 et
1882 1150 1962 1202 in-

386 1249 611 1302 columis
637 1253 900 1314 surgeret,
933 1252 989 1297 et
1016 1243 1193 1297 socios
1224 1242 1288 1295 ad
1317 1243 1691 1307 iteragcndmu
1715 1241 1960 1293 hortare-

387 1349 487 1392 tur.
521 1337 656 1390 Cum
684 1347 863 1390 autem
895 1350 1082 1388 omnes
1103 1334 1193 1402 qui
1234 1334 1461 1386 aderant
1508 1333 1575 1385 de
1623 1332 1740 1400 ejus
1786 1332 1961 1386 subita

383 1427 692 1481 valetudine
720 1426 1071 1489 mirarentur,
1099 1425 1206 1477 ait:
1233 1426 1459 1478 Sanctus
1489 1423 1768 1491 Dionysius
1799 1424 1849 1476 in
1873 1422 1961 1476 illa

384 1526 541 1572 nocte
566 1517 630 1569 ad
661 1531 747 1569 me
770 1515 933 1579 venit,
976 1529 1062 1569 me
1112 1515 1319 1582 tetigit,
1366 1522 1421 1567 et
1465 1513 1545 1568 sui
1568 1512 1849 1583 praesentia
1875 1526 1961 1566 me

383 1606 617 1675 pristina:
637 1605 850 1658 sanitati
875 1604 1129 1658 restituit.

449 1693 504 1749 8.
537 1692 671 1746 Cum
699 1692 898 1760 itaque,
918 1701 976 1745 ut
998 1693 1249 1758 diximus,
1274 1691 1441 1746 factus
1465 1691 1743 1748 incolumis
1765 1691 1830 1746 ad
1847 1707 1962 1745 mo-

382 1783 673 1836 nasterium
702 1782 919 1841 rediret,
952 1782 1166 1849 quidam
1223 1782 1602 1850 paterfamilias
1628 1796 1750 1834 eum
1775 1796 1960 1836 susce—

380 1873 455 1941 pit
484 1871 737 1939 hospitio.
760 1870 1023 1940 Tempore
1052 1879 1358 1940 opportuno
1390 1870 1470 1923 vir
1503 1871 1597 1924 Dei
1624 1872 1690 1924 ad
1721 1886 1959 1925 mensam

378 1962 628 2025 accessit,
660 1960 821 2026 sedit,
850 1961 1176 2029 allatnmque
1207 1976 1397 2030 panem
1430 1975 1579 2014 more
1619 1961 1778 2015 solito
1800 1961 1964 2015 bene-

377 2052 535 2104 dixit.
559 2051 692 2103 Cum
726 2060 906 2104 autem
937 2048 1153 2118 quidam
1177 2049 1522 2103 assidentium
1547 2048 1615 2103 de
1637 2064 1775 2119 pane
1799 2050 1963 2104 bene-

377 2141 544 2205 dicto,
575 2142 715 2204 cani,
746 2156 908 2209 quem
937 2141 1168 2205 amabat,
1197 2142 1483 2209 jactassct,
1524 2140 1705 2194 statim
1734 2149 1795 2194 ut
1818 2140 1965 2196 canis

378 2248 571 2302 panem
604 2249 762 2303 quem
790 2245 1074 2303 acceperat
1104 2234 1247 2290 visus
1275 2246 1356 2290 est
1396 2238 1447 2290 in
1472 2251 1665 2305 corpus
1695 2236 1963 2304 trajicere,

376 2322 542 2376 vitam
574 2323 773 2377 amisit.
809 2322 1083 2391 Indignum
1114 2324 1312 2393 quippe
1368 2332 1505 2391 erat,
1538 2334 1595 2379 ttt
1648 2327 1797 2380 canis
1827 2340 1965 2394 pane

378 2413 469 2467 illo
483 2424 795 2469 vesceretur
806 2430 965 2484 quem
988 2414 1180 2469 dextra
1198 2417 1492 2471 sacerdotis
1511 2416 1961 2472 sanctifieaverat.

450 2526 502 2580 9.
544 2528 665 2582 Alio
690 2542 905 2597 quoque
933 2538 1174 2597 tempore
1227 2528 1350 2582 dum
1399 2529 1467 2581 ad
1496 2529 1754 2597 quosdam
1792 2529 1966 2583 cccle-

380 2619 471 2672 sia:
504 2619 641 2673 lilios
690 2617 982 2672 visitaudos
1019 2618 1325 2686 accederet,
1356 2619 1524 2683 cauis,
1580 2634 1699 2687 quae
1755 2619 1965 2673 catulos

380 2710 653 2773 habebat,
712 2710 893 2764 subito
947 2710 1211 2776 exiliens,
1267 2710 1555 2779 capsellam
1613 2711 1729 2779 ejus
1785 2712 1959 2765 scidit.

382 2800 515 2854 Dum
554 2815 681 2855 vero
710 2799 803 2854 Dei
828 2799 1055 2854 famulus
1077 2818 1172 2870 pro
1202 2801 1302 2856 hac
1346 2817 1401 2855 re
1440 2802 1643 2857 vultum
1681 2819 1966 2873 parumper

380 2890 711 2955 inclinasset,
746 2891 853 2943 duo
883 2890 990 2958 lupi
1024 2890 1137 2958 ejus
1168 2889 1374 2957 injuria:
1405 2891 1604 2946 ultores
1659 2909 1844 2947 canem
1886 2895 1965 2963 ip—

380 2993 493 3030 sam
524 2987 833 3047 rapuerunt,
866 2990 919 3030 et
936 2987 1139 3048 raptam
1162 2981 1271 3033 suis
1294 2981 1530 3049 pastibus
1556 2981 1882 3036 destinantes
1898 2983 1964 3037 ad

378 3069 566 3122 silvam
592 3077 730 3123 teste
761 3070 959 3138 populo
982 3070 1367 3137 perduxerunt.
1396 3071 1450 3125 Si
1478 3072 1595 3140 quis
1645 3083 1825 3126 autem
1856 3090 1962 3128 non

379 3160 550 3213 credit
572 3160 715 3228 quod
745 3160 1032 3229 aliquando
1052 3161 1323 3216 si‘vestres
1353 3163 1537 3217 bestiae
1565 3163 1842 3218 ferocitate
1872 3165 1964 3219 de-

378 3254 554 3323 posita
579 3251 845 3320 just0rum
878 3252 1195 3307 utilitatibus
1238 3264 1502 3308 noverunt
1543 3253 1805 3318 famulari,
1867 3271 1963 3310 au-
1990 3224 2034 3283 C

378 3346 493 3399 diat
515 3356 538 3382 ⁸
570 3345 736 3399 Paulo
762 3346 932 3414 primo
949 3347 1183 3399 eremita:
1205 3345 1387 3400 leones
1399 3346 1726 3415 sepulturam
1754 3345 1960 3414 fecisse,

378 3448 436 3489 et
475 3446 674 3491 sancta:
700 3434 726 3473 δ
758 3436 937 3491 Maria:
968 3437 1331 3508 Egyptiauc;
1357 3441 1563 3507 audiat,
1594 3449 1649 3494 et
1696 3441 1748 3495 in
1790 3442 1964 3497 omni-

380 3530 484 3582 bus
509 3529 690 3583 laudet
716 3528 1020 3594 Dominum,
1050 3532 1274 3584 miretur
1304 3541 1359 3585 et
1381 3532 1582 3585 credat.

458 3622 543 3677 10.
575 3623 733 3677 Aliud
761 3624 920 3679 etiam
942 3626 1262 3694 supradictis
1297 3628 1380 3695 adj
1406 3629 1648 3682 ciendum
1678 3644 1794 3684 esse
1832 3645 1961 3685 cen-

380 3713 627 3767 suimus:
659 3714 802 3783 quod
832 3717 1079 3782 quotiens
1106 3732 1293 3771 servus
1319 3718 1408 3771 Dei
1436 3719 1482 3770 in
1507 3734 1631 3772 aura
1662 3720 1841 3785 dubia,
1872 3730 1965 3776 aut

381 3814 627 3871 segetum
646 3805 822 3873 spicas
846 3806 1172 3860 triturandas
1200 3809 1407 3875 stravit,
1432 3820 1525 3863 aut
1558 3810 1609 3863 in
1629 3812 1963 3880 quolibetiti-

382 3906 516 3944 nere
570 3893 635 3945 ad
662 3907 900 3947 mensam
946 3894 1046 3948 sub
1097 3905 1283 3963 aperto
1306 3912 1431 3953 avre
1479 3900 1637 3966 sedit,
1689 3917 1961 3971 nunquam

381 3979 533 4032 illum
590 3981 886 4050 pluviarum
946 3983 1225 4039 inundatio
1295 3991 1644 4058 molestavit,
1693 4008 1961 4061 nunquam

379 4069 679 4139 impedivit.
704 4070 795 4126 Sic
824 4089 1053 4144 namque
1078 4076 1215 4131 Deus
1241 4079 1539 4135 nimborum
1581 4083 1813 4152 impetus
1854 4085 1965 4138 ubi-

380 4172 614 4228 Cutnque
640 4170 858 4217 ruentes
882 4165 1088 4219 meritis
1111 4175 1165 4219 et
1196 4168 1261 4220 vit
1279 4177 1389 4223 tute
1430 4171 1604 4224 sancti
1644 4172 1964 4228 confessoris

379 4252 675 4306 relrenavit
695 4270 709 4319 ;
733 4262 790 4308 ut
810 4270 930 4309 cum
953 4256 1085 4311 alios
1116 4267 1306 4311 euntes
1328 4270 1377 4313 et
1407 4262 1693 4317 redeuntes
1712 4305 1725 4327 ,
1757 4280 1965 4319 eorum-

382 4354 491 4406 que
512 4340 722 4396 labores
744 4344 853 4398 suis
875 4346 1309 4403 inundationibus
1354 4349 1715 4406 indilferenter
1745 4353 1965 4410 humec-

385 4436 584 4494 tarent,
618 4430 790 4484 virum
820 4432 912 4487 Dei
938 4433 1160 4503 eju~que
1186 4438 1363 4492 socios
1394 4439 1604 4505 illtesos,
1636 4452 1688 4495 et
1720 4442 1959 4509 ejusdem

385 4533 540 4572 areas
568 4519 796 4575 intactas
816 4526 1216 4590 pertransirent.
1251 4526 1358 4581 Nec
1404 4529 1594 4582 mirum
1645 4531 1689 4584 si
1744 4533 1960 4586 nubium

2065 599 2291 663 Quidam
2322 611 2498 652 autem
2529 615 2591 652 ex
2642 601 2722 656 bis
2752 601 2840 667 qui
2878 600 3131 661 aderant,
3183 602 3413 669 probare
3460 603 3644 655 volens

2066 700 2239 744 utrum
2274 692 2369 743 viri
2404 691 2492 744 Dei
2524 692 2656 745 visio
2686 692 2907 744 veritate
2938 692 3214 757 niteretur,
3271 694 3415 746 misit
3461 694 3526 747 ad
3564 696 3642 748 lo-

2062 795 2208 847 cum,
2239 782 2289 834 in
2320 798 2425 849 quo
2450 782 2561 848 jam
2590 782 2764 837 dictus
2794 781 3032 835 Donatus
3060 782 3168 837 Deo
3208 784 3560 851 militaverat;
3591 796 3646 838 et

2065 869 2222 937 legati
2252 872 2658 936 assertionibus,
2691 881 2747 924 ut
2767 872 2846 924 vir
2876 871 2966 924 Dei
2997 871 3351 940 praedixerat,
3404 872 3476 925 ita
3527 888 3646 926 esse

2064 959 2283 1013 invenit.
2321 960 2442 1014 llzec
2473 975 2593 1029 quae
2631 960 2875 1023 audistis,
2900 959 3089 1014 fratres
3119 960 3433 1025 charissimi,
3461 976 3526 1014 ex
3549 963 3647 1013 tui-

2062 1047 2258 1101 raculis
2287 1063 2429 1115 Stepe
2462 1048 2719 1102 nominati
2751 1047 3076 1104 confessoris
3097 1050 3463 1117 excerpsimus
3487 1087 3502 1112 ,
3532 1052 3648 1118 plu-

2062 1138 2195 1191 rima
2212 1138 2698 1205 prmtermittcutes,
2719 1153 2786 1191 ne
2800 1154 3106 1192 sermonum
3130 1139 3409 1209 prolixitas
3430 1140 3649 1192 audien-

2061 1227 2203 1282 tibus
2234 1227 2502 1281 fastidium
2531 1237 2834 1296 generaret.
2864 1228 3155 1282 Tantarum
3185 1229 3365 1297 itaque
3392 1229 3647 1282 virtutqu

2061 1316 2227 1382 gloria
2261 1317 2552 1381 redimitus,
2570 1326 2839 1372 tantorum
2866 1318 3240 1373 miraculorem
3266 1319 3648 1387 longelateque

2062 1424 2383 1472 coruscans,
2412 1425 2460 1461 vt
2513 1408 2781 1464 Kalendas
2832 1410 3140 1474 Februarii,
3172 1411 3275 1464 hoc
3319 1419 3430 1476 est,
3459 1412 3647 1475 hodie,

2064 1498 2351 1566 prtedictus
2379 1498 2655 1553 confessor
2688 1500 2893 1554 Domini
2921 1500 3118 1555 Marius
3148 1500 3300 1555 Felix
3328 1502 3393 1555 de
3422 1517 3651 1570 corpore

2063 1589 2309 1657 migravit
2333 1589 2399 1643 ad
2427 1589 2715 1654 Christum,
2740 1592 2823 1646 eui
2852 1608 2970 1645 cum
2987 1592 3143 1646 Patre
3172 1593 3439 1661 etSpiritu
3462 1602 3650 1649 saneto

2062 1692 2285 1746 regnum
2308 1688 2362 1734 et
2392 1680 2671 1749 imperium
2698 1682 2747 1733 in
2770 1681 2961 1735 SLBCUIJ
2992 1682 3327 1737 seculorum.
3361 1683 3550 1738 Amen.

2674 1787 2900 1843 CAPUT
2944 1789 3031 1844 Ill.

2526 1898 2784 1953 Miracula
2810 1909 2925 1968 post
2957 1910 3187 1955 mortem.

2138 2009 2321 2063 Lectio
2346 2009 2518 2064 sancti
2547 2009 2817 2077 Evangelii
2848 2011 3141 2065 secundum
3174 2011 3504 2069 Matthmum.

2138 2098 2222 2152 12.
2264 2098 2320 2153 ln
2345 2098 2435 2152 illo
2463 2100 2847 2167 temporedixit
2868 2099 3022 2156 Jesus
3049 2102 3326 2170 discipulis
3351 2105 3463 2158 suis
3490 2121 3650 2174 pira-

2065 2181 2244 2236 bolam
2274 2186 2437 2240 bane:
2465 2186 2636 2241 Homo
2666 2189 2880 2255 quidam
2916 2205 3137 2257 peregre
3168 2189 3530 2259 proficiscens,
3556 2210 3650 2245 vw-

2067 2274 2408 2329 cavitservos
2433 2292 2577 2341 suos,
2610 2286 2665 2331 et
2687 2277 2901 2332 tradidit
2932 2279 3033 2333 illis
3064 2280 3201 2334 bona
3234 2297 3367 2348 sua;
3418 2291 3473 2337 et
3520 2285 3647 2337 reli-

2066 2378 2192 2431 qua.
2243 2362 2471 2419 llomilia
2500 2383 2627 2420 sane
2654 2368 2667 2420 i
2702 2368 2941 2436 Gregorii
2970 2386 3147 2439 papae:
3173 2371 3347 2426 [Ionio
3378 2373 3505 2438 iste,
3542 2375 3648 2427 fra-

2069 2464 2177 2510 tres
2208 2455 2529 2523 charissizui,
2556 2458 2650 2526 qui
2672 2473 2893 2528 peregre
2922 2461 3294 2529 proﬁciscitur,
3325 2461 3653 2531 Redemptor

2066 2555 2249 2601 noster
2278 2558 2378 2611 est,
2409 2549 2499 2615 qui
2532 2551 2597 2603 de
2627 2549 2827 2605 mundo
2854 2553 2918 2604 ad
2942 2550 3152 2606 Patrem
3185 2554 3448 2607 transiens
3484 2554 3649 2608 fidei.-

2066 2636 2165 2703 bus
2190 2639 2361 2691 Servis
2389 2641 2627 2708 quinque
2678 2641 2895 2707 talenta,
2939 2642 2988 2695 id
3017 2651 3135 2708 est,
3168 2644 3310 2698 bona
3352 2646 3651 2714 spiritualia

2066 2727 2183 2779 trad
2210 2726 2305 2781 dit.
2337 2725 2472 2792 Quia
2496 2745 2621 2783 vero
2651 2740 2867 2784 sanctus
2892 2730 3092 2785 Marius
3124 2732 3296 2787 fidelis
3335 2748 3525 2788 servus
3552 2750 3650 2787 ex-

2065 2816 2222 2883 stitit,
2247 2834 2369 2872 cutn
2402 2818 2436 2868 ti
2460 2819 2645 2874 Ielibus
2674 2820 2741 2873 ab
2772 2820 2886 2888 ipso
2918 2820 3279 2890 Redemptore
3298 2831 3651 2877 memoratum

2067 2911 2278 2979 pondus
2324 2912 2562 2965 creditur
2591 2913 2884 2980 accepisse.
2941 2912 3067 2967 lude
3097 2922 3205 2978 est,
3265 2914 3407 2981 quod
3434 2914 3501 2968 de
3530 2928 3655 2967 cor-

2067 3013 2200 3067 pore
2228 2999 2461 3067 migrans
2488 3001 2553 3052 ad
2584 3000 2746 3069 pedes
2770 3000 3011 3068 ejusdem
3056 3001 3433 3070 Redemptoris
3485 3003 3649 3072 spiri-
3682 3072 3687 3077 ι

2069 3090 2238 3143 tuales
2268 3105 2457 3144 usuras
2506 3091 2768 3158 exigentis
2797 3091 3057 3156 accessit,
3100 3093 3362 3147 rationem
3406 3095 3473 3148 de
3503 3107 3651 3147 com-

2068 3182 2241 3235 missis
2270 3190 2324 3236 et
2350 3182 2463 3252 ipse
2488 3181 2815 3245 redditurus,
2858 3190 2911 3236 et
2940 3183 3189 3250 quoniam
3228 3200 3391 3253 super
3413 3185 3653 3254 quinque

2070 3269 2266 3323 talenta
2297 3270 2532 3326 lucratus
2559 3270 2658 3325 luit
2706 3271 2809 3325 alia
2850 3273 3086 3341 quinque
3113 3314 3129 3339 ,
3182 3275 3369 3328 audire
3424 3276 3649 3329 meruit:

2066 3355 2231 3427 Euge,
2262 3358 2403 3414 bone
2425 3376 2578 3415 serve
2604 3368 2656 3415 et
2686 3360 2876 3429 fidelis,
2895 3363 3019 3431 quia
3042 3378 3203 3432 super
3221 3379 3389 3434 pauca
3414 3366 3559 3420 luisti
3593 3366 3653 3416 ti-

2068 3452 2236 3517 delis,
2268 3453 2404 3506 intra
2445 3454 2497 3506 in
2528 3453 2777 3522 gaudium
2812 3454 3022 3509 Domini
3048 3457 3142 3510 tui.

2138 3543 2226 3595 15.
2269 3542 2396 3597 Post
2423 3543 2573 3612 cujus
2603 3543 2811 3599 felicem
2845 3547 3159 3613 transitum,
3217 3562 3336 3601 cum
3386 3563 3649 3601 annorum

2065 3635 2232 3689 lustra
2263 3635 2491 3703 plurima
2541 3635 2857 3705 ﬂuxissent,
2904 3648 2957 3691 et
2990 3639 3342 3706 quarumdam
3391 3655 3650 3693 saevarum

2066 3729 2308 3794 gentium
2356 3726 2693 3796 crudelitate,
2743 3736 2853 3782 tota
2898 3728 3067 3782 Gallia
3116 3730 3225 3783 suis
3263 3729 3654 3783 habitatoribus

2064 3818 2174 3871 fere
2196 3818 2443 3871 destituta
2473 3818 2783 3888 haberetur,
2816 3829 2871 3874 et
2896 3819 3093 3874 Christi
3125 3822 3450 3875 monasteria
3496 3822 3638 3875 luctu

2066 3918 2328 3980 perpetuo
2358 3909 2533 3966 ﬂenda
2563 3912 2612 3965 in
2640 3927 2879 3967 eremqu
2914 3928 3064 3967 versa
3090 3914 3336 3979 fuissent,
3370 3930 3397 3966 a
3429 3915 3648 3982 quibus-

2068 3999 2191 4053 dam
2224 3999 2368 4064 viris,
2394 4016 2588 4069 corpus
2616 4003 2821 4071 praefati
2855 4004 2953 4057 viri
3002 4004 3094 4058 Dei
3125 4007 3191 4059 ab
3213 4006 3440 4060 ecclesia
3473 4005 3647 4060 Boda-

2065 4091 2218 4145 nensi
2264 4091 2554 4160 sublatum,
2610 4093 2674 4148 ad
2704 4094 2808 4149 hoc
2854 4095 3109 4164 Oppidum
3143 4093 3165 4130 ά
3197 4095 3648 4160 Forralcarieuse.

2066 4180 2175 4234 Deo
2206 4182 2543 4249 disponente,
2573 4182 2808 4237 delatum
2841 4194 2942 4238 est.

2135 4269 2452 4340 Requiescit
2478 4281 2658 4325 autem
2690 4273 2739 4325 in
2766 4273 2991 4327 ecclesia
3031 4273 3131 4327 sibi
3180 4271 3556 4325 famulantibus
3584 4287 3649 4325 ex

2065 4360 2254 4414 eadem
2284 4370 2596 4430 perpetuam
2629 4364 2867 4430 requiem
2896 4363 3211 4431 largiturus:
3248 4364 3297 4415 in
3344 4378 3448 4431 qua
3476 4362 3644 4417 eccle~

2064 4450 2141 4503 sia
2170 4451 2320 4504 multi
2343 4453 2509 4504 multa
2531 4452 2788 4505 miracula
2838 4468 2933 4520 per
2960 4468 3082 4506 cum
3132 4452 3412 4507 Dominum
3460 4453 3653 4507 fecisse

2065 4549 2393 4593 asseverant.
2426 4538 2499 4593 Ex
2527 4541 2717 4608 quibus
2745 4540 2807 4592 ad
2834 4541 2962 4594 tanti
2985 4540 3308 4597 confessoris
3336 4543 3650 4597 memoriam

386 4608 707 4661 inm5ionem
738 4609 920 4678 ίυεπε
949 4613 1119 4678 Ροιυίι
1143 4653 1156 4674 ο
1215 4615 1303 4682 qui
1338 4617 1585 4670 vitiorum
1622 4619 1963 4675 tenebrosam
1996 4599 2042 4656 D
2067 4628 2549 4681 commendandam
2595 4644 2759 4697 pauca
2816 4646 2991 4700 excerl
3014 4632 3208 4696 simus,
3259 4649 3379 4698 qum
3418 4633 3595 4685 veridi-
3619 4649 3649 4685 a

388 4698 665 4764 caliginem
725 4714 753 4751 a
796 4700 969 4768 primo
1023 4700 1153 4756 flore
1193 4703 1489 4771 juventutis
1530 4709 1581 4762 in
1631 4724 1689 4764 se
1761 4712 1963 4767 studuit

389 4800 665 4841 enervare.
693 4785 874 4842 Tanta:
899 4790 1156 4857 siquidem
1185 4794 1392 4849 virtutis
1421 4806 1473 4849 et
1496 4799 1794 4857 sanctitatis
1825 4810 1957 4867 erat,

391 4886 448 4929 ut
497 4892 595 4946 per
622 4893 743 4931 eum
776 4878 1030 4935 Dominus
1059 4884 1214 4936 ezccis
1246 4886 1416 4940 visum
1465 4889 1742 4957 redderet,
1786 4896 1961 4949 surdis

390 4969 621 5021 auditum
654 4978 992 5037 restauraret,
1025 4973 1260 5029 infirmos
1285 4978 1518 5045 pristina:
1553 4984 1766 5038 sanitati
1791 4986 1959 5039 refor-

394 5070 578 5114 marct.
610 5060 905 5127 Quamdam
934 5065 1092 5118 etiam
1122 5068 1335 5137 maligni
1373 5072 1590 5140 spiritus
1621 5075 1960 5133 infestationc

395 5154 672 5218 captivam,
704 5168 800 5222 per
823 5168 944 5208 eum
975 5165 1217 5211 orantem
1249 5158 1815 5221 Domi'ufs'liberai-itf
1837 5166 1883 5195 ’-

461 5241 543 5293 ll.
598 5242 731 5297 illud
784 5254 963 5299 autem
1036 5238 1821 5322 ntetnoralrile‘prmtﬁctis‘esi
1872 5259 1947 5312 in-

394 5331 695 5399 ferendum,
762 5336 905 5403 quod
977 5337 1252 5405 cujusdam
1310 5354 1331 5379 ο
1389 5341 1579 5397 Donati
1651 5349 1789 5401 servi
1862 5350 1952 5404 Dei

395 5425 692 5493 transitum,
740 5428 934 5482 absens
973 5426 1735 5508 corpore;fricséﬁsisﬁififti:
1753 5427 1948 5510 cogno-
2009 5442 2017 5457 '

1281 5524 1288 5539 ι
1356 5521 1399 5540 ι..
1512 5522 1520 5537 ο
1558 5519 1590 5540 ,ο
1620 5517 1632 5535 Ι
1690 5519 1699 5530 ”
1794 5522 1807 5539 ι

465 5564 487 5589 δ
520 5554 699 5611 Sancti
733 5555 879 5610 Pauli
913 5557 1092 5614 Vitam
1123 5525 1462 5620 dedimusdl)
1484 5525 1705 5622 Ianuar.

396 5624 725 5748 Alfriﬁanctce
776 5626 959 5683 Mariae
1010 5628 1340 5702 [Egyptiaeze
1393 5636 1567 5690 Vitam
1622 5639 1862 5697 dabimus
1920 5643 1956 5697 2

464 5711 559 5747 )l'll.

444 5711 727 5842 l~=_Col_i_tur
770 5778 989 5823 sani-tus
1030 5772 1263 5829 Donatus
1308 5774 1375 5826 19
1403 5776 1534 5842 Aug.
1583 5770 1669 5832 ubi
1701 5781 1819 5832 Ado
1851 5783 1955 5840 hoc

395 5836 554 5904 paulo
577 5836 728 5891 aliter
751 5851 961 5893 narrat:
993 5860 1220 5912 cumque
1249 5846 1359 5899 dics
1390 5836 1682 5904 vocationis
1712 5852 1824 5907 eius
1847 5836 1944 5909 ins:

2071 4716 2281 4769 testium
2312 4718 2609 4773 assertione
2639 4719 2942 4774 didicimus.

2140 4804 2224 4858 Μ.
2265 4804 2505 4871 Quodam
2536 4820 2715 4863 autem
2743 4822 2984 4880 tempore
3008 4812 3223 4879 quidam
3270 4815 3523 4883 pueru'us
3547 4814 3650 4867 lus-

2065 4894 2230 4948 civius
2254 4896 2391 4949 ultra
2416 4898 2633 4953 modum
2682 4902 2779 4953 sub
2817 4901 3152 4971 sarcophago
3193 4919 3298 4971 pne
3340 4905 3427 4957 icti
3484 4906 3649 4973 patri;

2066 4985 2203 5041 ludis
2257 4987 2494 5057 profanis
2538 5006 2601 5045 ac
2654 4992 2875 5046 saltibus
2929 4993 3227 5048 insistebat.
3285 4995 3417 5049 Cum
3469 5006 3647 5050 autem

2062 5076 2237 5131 fronte
2264 5079 2625 5135 inverecunda
2675 5083 2947 5151 przedicts
2996 5085 3048 5137 in
3082 5086 3308 5149 isteret,
3343 5087 3516 5138 divina
3570 5089 3648 5139 ul-

2015 5159 2029 5195 ⁹
2064 5159 2521 5237 ιὶὁηιδῗριξξοιςὲςιιε
2550 5173 2772 5227 cecidit:
2805 5174 2983 5227 statim
3008 5176 3169 5244 coepit
3194 5177 3444 5230 membris
3467 5176 3644 5237 defici,

2012 5250 2488 5328 i-ct-‘in‘qu'intfde
2540 5265 2787 5317 sensibus
2834 5266 3079 5333 corporis
3121 5265 3423 5320 debilitari:
3474 5269 3643 5319 (rexit

2058 5364 2237 5433 penna,
2269 5353 2436 5407 crevit
2463 5362 2517 5409 et
2536 5357 2860 5433 supplicium
2883 5378 2894 5411 :
2917 5369 2971 5413 et
3000 5368 3055 5413 ut
3076 5359 3142 5412 ab
3170 5361 3284 5428 ipso
3316 5359 3434 5413 loco
3461 5362 3645 5414 niani-

2058 5429 2160 5494 bus
2178 5432 2441 5519 inficiunt."
2460 5429 2792 5503 sustentatus
2819 5450 3060 5517 recessit,
3088 5464 3207 5504 cum
3238 5463 3395 5517 poena
3425 5458 3479 5504 et
3505 5466 3643 5520 sup-

2065 5592 2223 5645 taret,
2249 5584 2565 5640 advenirnte
2593 5596 2779 5641 sancto
2798 5588 2987 5641 abbate
3016 5588 3202 5653 Mario,
3234 5590 3319 5645 cui
3370 5592 3441 5646 ita
3468 5593 3645 5648 fuerat

2060 5654 2379 5716 revelatum,
2415 5656 2550 5709 inter
2580 5658 2738 5710 verba
2769 5657 3028 5710 orationis
3059 5660 3305 5725 migravit
3357 5663 3424 5715 ad
3465 5661 3645 5717 Chris-

2060 5726 2684 5797 tum,_sepultusque_est
2715 5726 2782 5778 ab
2825 5725 3013 5797 eodem
3044 5738 3194 5797 [atre
3224 5732 3274 5784 in
3304 5732 3421 5787 loco
3452 5750 3568 5785 suo.

2064 5871 2080 5913 ι
2130 5793 2156 5828 ά
2187 5792 2361 5916 ῗίιιιξω
2387 5806 2466 5848 est
2484 5792 2542 5847 ‘F
2546 5795 2867 5865 olcaurquicr
2920 5792 3060 5853 inter
3105 5798 3417 5857 Sistaricum
3460 5812 3513 5857 et
3540 5805 3644 5866 Ap-

2085 5879 2168 5916 am
2226 5879 2405 5915 utam.

2085 5879 2168 5916 am
2187 5879 2405 5916 Juuam.
