4032 6186
371 357 430 409 si
1677 360 1954 417 DYNAMII
1997 360 2309 416 P.\Tfthll.
3556 341 3625 397 3‘2

373 468 531 540 plicio
556 464 797 535 spiritum
828 461 1116 517 exhalavit.
1145 459 1201 514 In
1231 473 1339 530 quo
1368 457 1522 512 datur
1559 456 1781 526 intelligi
1808 472 1942 527 quo-
1975 461 2013 516 Α
2045 454 2318 511 debilitata
2340 498 2356 524 ,
2416 457 2594 527 puella
2638 457 2851 513 cecidit.
2904 456 3041 525 Quid
3070 457 3262 528 plura?
3290 455 3419 524 Qua:
3464 458 3624 527 paulo

377 559 518 612 uiam
552 556 693 609 Deus
720 554 977 608 ultionum
1006 552 1145 605 Deus
1172 557 1286 605 est:
1311 555 1366 604 et
1395 548 1519 603 licet
1556 546 1802 602 videatur
1828 559 1948 601 esse

376 656 634 711 remotus,
665 658 898 714 pr:esens
929 651 1104 696 tamen
1127 647 1436 697 sanctorum
1487 636 1708 706 injurias
1737 634 1949 691 assidue

374 737 606 793 creditur
622 736 882 803 judicare.

446 825 533 879 15.
571 824 704 878 ltlud
752 824 1156 893 praetermittere
1208 820 1369 873 etiam
1415 831 1748 887 nequaquam
1786 815 1950 870 debe-

376 922 514 983 mus,
544 915 684 985 quod
714 913 940 980 quadam
983 914 1098 967 vice
1124 912 1341 981 quidam
1372 911 1454 965 vir
1480 910 1763 978 religiosus
1806 906 1947 976 ejus.

376 1007 499 1060 dem
546 1004 642 1057 viri
686 988 774 1057 Dei
828 1003 1062 1057 basilica‘
1108 1010 1324 1067 custos,
1364 1016 1486 1056 cum
1528 1001 1671 1055 circa
1711 997 1948 1053 medium

377 1094 550 1149 noctis
575 1094 639 1147 ad
656 1093 936 1148 ecclesiam
963 1092 1200 1156 veniret,
1228 1101 1290 1146 ut
1316 1092 1493 1146 lumen
1524 1091 1753 1159 lampadi
1773 1090 1944 1153 daret,

376 1185 668 1238 extinctum
722 1185 958 1239 invenit:
991 1182 1034 1238 0
1060 1226 1076 1253 ,
1099 1184 1290 1254 inquit,
1321 1193 1474 1253 pater
1515 1187 1618 1248 mi,
1661 1183 1735 1238 .da
1773 1182 1949 1237 consi-

377 1275 503 1327 lium
547 1289 703 1329 servo
744 1283 863 1328 tuo:
921 1291 1028 1328 nox
1066 1283 1183 1327 atra
1227 1274 1406 1327 omnia
1436 1273 1705 1343 possidet:
1760 1285 1949 1326 omnes

373 1362 647 1416 dormiunt
679 1379 691 1415 :
726 1363 814 1417 ubi
848 1364 982 1431 ignis
1008 1364 1339 1431 reperiatur,
1372 1363 1583 1423 nescio:
1635 1363 1734 1417 vim
1782 1361 1945 1417 semi-

374 1459 484 1504 tam
540 1468 635 1521 pes
684 1453 911 1521 ignorat.
951 1452 1088 1518 Quid
1138 1468 1267 1522 ergo
1317 1452 1554 1507 faciam?
1600 1451 1734 1507 Cum
1788 1453 1950 1520 igitur

373 1544 550 1597 anima
580 1553 886 1599 anxlaretur
912 1545 964 1598 in
1005 1545 1095 1599 illo
1121 1553 1177 1599 et
1204 1544 1269 1599 ad
1298 1560 1456 1614 quam
1488 1552 1694 1614 partem
1745 1559 1805 1599 se
1824 1559 1947 1599 ver-

374 1640 531 1700 teret,
565 1634 867 1704 ignoraret;
896 1636 1074 1689 subito
1104 1651 1211 1689 non
1237 1636 1352 1690 sine
1380 1636 1496 1704 ejus
1533 1634 1787 1690 ineffabili
1818 1649 1948 1704 gau-

374 1720 462 1776 dio
518 1723 739 1778 candela
802 1740 961 1795 quam
1012 1725 1230 1781 tenebat
1290 1726 1345 1780 in
1411 1726 1654 1780 manibus
1717 1739 1947 1780 accensa

375 1817 648 1884 apparuit.
1512 1871 1517 1881 .

447 1905 533 1959 16.
576 1906 694 1961 Alio
721 1910 935 1977 quoque
966 1916 1208 1978 tempore
1228 1906 1443 1976 quidam
1474 1907 1704 1963 rusticus
1728 1948 1745 1974 ,
1775 1922 1948 1962 mem-

376 1997 488 2051 bris
517 1998 766 2052 omnibus
795 2007 1125 2066 contractus,
1155 1999 1226 2051 ita
1273 2009 1392 2053 erat
1417 2006 1532 2053 toto
1565 2013 1793 2068 corpore
1841 1997 1952 2052 dis-

373 2088 600 2156 solutus,
642 2090 770 2144 etin
795 2105 956 2143 unum
985 2089 1318 2145 similitudini
1351 2089 1583 2145 hominis
1621 2090 1949 2144 contrarium

374 2182 721 2250 conglobatus
742 2192 800 2237 ut
837 2198 940 2236 non
998 2185 1195 2251 homo,
1242 2182 1338 2237 sed
1388 2193 1686 2238 monSIrum
1733 2182 1950 2251 aliquod

374 2282 671 2341 putaretur.
704 2272 801 2328 llic
824 2275 890 2327 ad
919 2273 1085 2328 multa
1113 2282 1425 2329 sanctorum
1455 2273 1636 2327 limina
1689 2273 1951 2328 adductus

376 2361 585 2417 fuerat:
613 2363 709 2417 sed
736 2364 989 2432 quoniam
1018 2372 1075 2418 ut
1100 2363 1370 2420 credimus
1416 2373 1605 2420 sancto
1652 2364 1949 2420 confessori

374 2463 563 2509 nostro
592 2456 985 2519 reservabatur,
1020 2455 1165 2509 nulla
1213 2456 1297 2510 sui
1328 2456 1572 2525 corporis
1619 2455 1860 2524 prmsidia
1891 2469 1951 2510 se

377 2545 683 2615 percepisse
713 2544 1004 2601 fatebatur.
1038 2545 1119 2600 Ad
1167 2546 1411 2600 ultimum
1468 2546 1643 2599 divina
1692 2545 1742 2599 ei
1772 2543 1950 2614 opitu-

377 2633 522 2690 lante
548 2635 830 2690 clementia
857 2651 963 2690 non
993 2637 1109 2691 sine
1136 2637 1306 2691 multo
1334 2636 1519 2691 labore
1555 2636 1620 2690 ad
1654 2643 1949 2705 prmoptata

375 2724 558 2779 limina
585 2726 755 2781 sancti
779 2727 1105 2782 confessoris
1131 2728 1403 2794 defertur,
1431 2736 1483 2782 et
1512 2727 1565 2781 in
1593 2726 1832 2796 ejusdem
1861 2742 1951 2783 ec-

375 2815 537 2869 clesia
567 2816 775 2873 delatus
800 2817 1105 2886 deponitur.
1137 2818 1396 2874 Precatur
1424 2820 1585 2874 miser
1623 2834 1745 2874 cum
1776 2819 1953 2892 laery-

375 2904 481 2959 mis
509 2906 795 2962 miserandi
825 2909 1067 2977 corporis
1089 2910 1438 2976 erectionem,
1479 2918 1536 2965 et
1587 2909 1680 2979 qui
1726 2911 1953 2966 aderant

366 2995 426 3049 ei
455 2999 844 3066 compatientes
873 3000 1065 3055 eadem
1120 3000 1497 3071 deprecantur.
1547 3000 1592 3055 0
1638 3000 1736 3056 Dei
1780 3001 1952 3071 pietas

373 3090 520 3143 omni
543 3089 830 3146 devotione
857 3092 1109 3149 colenda!
1142 3092 1187 3147 0
1209 3103 1516 3149 sanctorum
1533 3094 1723 3148 merita
1748 3101 1952 3148 morta-

2049 554 2175 601 ante
2216 546 2498 602 lasciviens
2523 557 2765 617 venerat,
2797 547 2921 605 fmta
2953 548 3166 604 flebitur
3200 559 3257 605 et
3297 549 3501 605 infelix.
3544 550 3623 629 {id

2049 636 2372 692 confessoris
2400 636 2550 692 Marii
2574 638 2756 693 limina
2774 639 3028 695 excubias
3052 639 3278 694 fideliter
3292 649 3478 695 actura
3503 656 3622 711 per-

2047 725 2278 792 ducitur,
2308 726 2467 783 offert
2495 729 2747 797 seipsam,
2787 728 2945 783 offert
2992 744 3180 799 preces
3207 739 3264 786 et
3315 731 3619 803 lacrymas:

2047 816 2274 884 spondet
2300 826 2486 872 sancto
2512 818 2717 886 vigilias
2743 818 2996 888 annales,
3019 819 3063 874 si
3092 819 3231 875 facta
3254 820 3532 877 incolumis
3557 822 3624 878 ad

2049 908 2261 978 propria
2312 917 2632 965 revertatur.
2665 908 2711 965 0
2748 911 2938 966 mirum
2973 913 3167 967 divina:
3213 913 3426 983 pie:atis
3466 916 3620 970 auxi-

2049 996 2205 1052 lium!
2240 999 2371 1053 Dum
2402 1000 2580 1069 plorat
2601 1000 2813 1066 mulier,
2836 1001 2962 1056 dum
2984 1017 3044 1057 se
3077 1010 3240 1057 totam
3271 1004 3324 1057 in
3352 1018 3443 1056 ara
3474 1019 3623 1058 men-

2051 1090 2144 1156 tis,
2195 1091 2405 1147 devotis
2449 1093 2723 1162 precibus,
2768 1094 3045 1162 immolat;
3097 1095 3399 1160 exauditur,
3431 1103 3485 1151 et
3514 1103 3622 1151 tota

2048 1181 2284 1251 pristina:
2331 1182 2687 1238 incolumitati
2733 1194 3083 1239 restauratur.
3130 1184 3401 1255 Saspitate
3443 1186 3625 1256 itaque

2049 1280 2267 1341 recepta
2292 1271 2501 1327 cuidam
2531 1272 2782 1342 conjugiu
2810 1276 3124 1344 copulatur;
3156 1277 3248 1331 sed
3271 1292 3394 1332 cum
3423 1285 3624 1347 tempo-

2047 1378 2109 1419 ra
2138 1364 2466 1435 temporibus
2509 1366 2845 1420 venientibus
2876 1368 3192 1433 transirent,
3242 1377 3299 1424 et
3326 1378 3621 1424 memorata

2050 1455 2243 1510 mulier
2268 1455 2637 1525 conjugalibus
2674 1456 2884 1517 deliciis
2927 1458 3087 1514 nimis
3138 1459 3412 1531 sapienter
3440 1460 3621 1515 adhae-

2048 1561 2199 1612 rens,
2231 1554 2355 1600 vota
2380 1560 2499 1615 quas
2528 1554 2714 1601 sancto
2753 1548 3073 1616 promiserat
3118 1551 3425 1619 persolvere
3452 1552 3623 1607 distu-

2050 1640 2231 1704 iisset;
2263 1638 2380 1707 ejus
2408 1638 2608 1694 oblivio
2630 1637 2941 1695 infirmitate
2986 1640 3207 1709 pristina
3256 1643 3576 1711 praevenitur
3607 1661 3621 1699 :

2059 1743 2345 1782 nervorum
2371 1728 2582 1781 auxiliis
2612 1727 2803 1782 iterum
2827 1736 3154 1794 attenuatur,
3178 1738 3233 1784 et
3261 1730 3623 1787 membrorum

1982 1820 2028 1881 Β
2054 1817 2358 1871 valetudine
2378 1817 2597 1871 omnino
2619 1817 2880 1886 privatur.
2906 1816 3104 1872 lterum
3124 1818 3191 1872 ad
3211 1819 3430 1887 pratfala
3449 1822 3623 1876 sancti

2050 1905 2374 1961 confessoris
2414 1906 2614 1971 limina,
2657 1906 2834 1960 mariti
2862 1922 3008 1972 cura,
3041 1908 3353 1977 perducitur
3382 1927 3397 1964 :
3433 1910 3623 1966 iterum

2049 1998 2256 2052 meritis
2286 1998 2523 2067 ejusdem
2554 2006 2852 2068 peroptata:
2881 2001 3098 2054 sanitati
3137 2001 3451 2058 redonatur.
3484 2005 3625 2059 Lieta

2051 2087 2245 2141 mulier
2274 2100 2341 2140 ex
2369 2087 2637 2156 inSpeiata
2665 2087 2764 2141 sibi
2789 2087 2993 2143 reddita
3022 2090 3270 2157 sanitate,
3308 2102 3624 2162 perpetuum

2049 2191 2237 2233 sancto
2264 2185 2423 2233 vovet
2450 2178 2765 2247 obsequium
2783 2221 2799 2247 ,
2828 2178 2895 2233 ad
2940 2182 3152 2251 prapria
3184 2197 3452 2251 nunquam
3482 2185 3625 2239 redi-

2052 2278 2170 2324 tura
2195 2270 2442 2338 amplius.
2475 2268 2581 2324 Sed
2622 2285 2742 2325 cum
2783 2286 3011 2340 sponsus
3052 2271 3308 2328 adversus
3343 2278 3626 2344 conjugem

2050 2358 2118 2413 de
2144 2359 2236 2413 tali
2262 2366 2389 2413 voto
2417 2359 2576 2414 nimis
2605 2360 2986 2426 incanduisset,
3012 2362 3196 2416 territa
3221 2365 3411 2419 mulier
3430 2364 3622 2436 conju-

2050 2447 2257 2516 galibus
2283 2448 2466 2516 minis,
2490 2458 2543 2504 et
2564 2448 2837 2505 blanditiis
2864 2452 3123 2516 emollita,
3148 2468 3269 2506 cum
3301 2467 3368 2508 eo
3402 2455 3469 2508 ad
3496 2470 3621 2524 pro-

2051 2540 2168 2610 pria
2208 2542 2516 2596 revertitur.
2568 2541 2802 2597 Reversa
2849 2542 3030 2597 statim
3067 2542 3368 2598 miseranda
3410 2544 3625 2609 mulier,

2050 2643 2203 2707 peste
2239 2635 2349 2705 jam
2389 2633 2531 2690 dicta
2559 2634 2751 2688 iterum
2782 2636 3075 2705 premitur;
3122 2635 3316 2689 iterum
3347 2635 3414 2689 ad
3443 2636 3627 2692 limina

2051 2725 2225 2781 sancti
2255 2724 2599 2794 perducitur;
2625 2725 2817 2779 iterum
2839 2724 2996 2779 saluti
3026 2732 3335 2795 prmoptata:
3363 2733 3629 2781 restaura-

2052 2823 2159 2869 tur.
2182 2814 2227 2868 Ο
2248 2814 2432 2869 infelix
2455 2823 2651 2869 nostra:
2679 2813 3028 2868 humanitatis
3053 2814 3324 2869 conditio!
3354 2830 3386 2871 ο
3403 2815 3628 2871 nefanda

2053 2904 2106 2959 in
2136 2904 2502 2976 persolvendis
2528 2904 2669 2960 votis
2691 2904 2920 2959 oblivio!
2970 2920 3155 2961 rursus
3196 2920 3388 2976 nempe
3414 2915 3630 2962 sanctus

2052 2997 2425 3053 obliviscitur:
2452 3011 2636 3051 rursus
2676 2995 2945 3065 impudica
2976 2997 3168 3051 mulier
3205 2995 3514 3052 infirmitate
3542 3012 3629 3051 so-

2050 3090 2145 3145 lita
2176 3099 2463 3146 enervatur
2487 3108 2503 3157 ;
2529 3105 2713 3145 rursus
2742 3089 2808 3144 ad
2836 3105 2979 3160 smpe
3005 3090 3146 3146 dicta
3177 3090 3361 3145 limina
3388 3087 3626 3146 conﬂuit.

377 3177 518 3233 libus
540 3180 760 3234 omnino
780 3182 1108 3236 veneranda!
1133 3182 1276 3237 Inter
1303 3184 1570 3254 lacrymas
1611 3197 1844 3252 namque
1871 3183 1952 3236 in-
1980 3187 2026 3248 C
2058 3182 2254 3237 lterato
2298 3190 2428 3238 voto
2466 3191 2683 3238 sanctus
2723 3183 2918 3236 iterum
2969 3183 3289 3251 honoratur,
3340 3190 3396 3239 et
3438 3183 3632 3239 mulier

375 3266 542 3322 felicis
578 3269 829 3333 hominis,
857 3279 912 3326 et
937 3272 1097 3326 verba
1135 3273 1425 3327 multorum
1456 3272 1755 3339 orantium,
1786 3273 1950 3327 miser

376 3357 632 3425 erigitur:
665 3358 844 3428 fragor
870 3361 1071 3417 ossium
1097 3371 1152 3415 et
1172 3376 1455 3417 nervorum
1486 3361 1728 3418 extensio
1759 3377 1790 3416 a
1812 3362 1948 3416 mul-

378 3445 444 3500 tis
468 3447 716 3503 auditur:
744 3451 979 3506 occurrit
1008 3467 1135 3506 mox
1162 3454 1418 3507 comitum
1440 3453 1608 3519 curia,
1639 3454 1946 3508 mirantium

376 3538 608 3594 tumultu
631 3540 829 3595 citata:
855 3553 1145 3597 occurrunt
1173 3559 1458 3614 proceres:
1483 3548 1718 3601 occurrit
1747 3546 1947 3602 utrius-

373 3639 481 3695 que
506 3629 647 3700 vulgi
667 3647 853 3687 sexus:
879 3633 1111 3689 clamant
1151 3651 1357 3702 onmes,
1390 3637 1477 3691 alii
1518 3637 1653 3692 alios
1699 3637 1948 3692 clamori-

372 3719 473 3774 bus
503 3724 907 3791 praevenientes,
936 3742 1043 3781 non
1066 3729 1239 3794 nobis,
1272 3729 1538 3798 inquiunt,
1567 3729 1808 3793 Domine,
1841 3746 1947 3785 non

375 3810 550 3876 nobis,
572 3813 666 3868 sed
695 3815 900 3869 nomini
934 3824 1026 3870 tuo
1043 3817 1109 3871 da
1133 3818 1382 3886 gloriam.
1429 3818 1519 3872 Sic
1546 3818 1711 3873 miser
1734 3820 1825 3889 qui
1852 3834 1947 3875 ve-

377 3908 529 3954 nerat
555 3942 571 3967 ,
607 3904 810 3958 meritis
829 3905 939 3973 jam
970 3906 1097 3961 dicti
1141 3906 1238 3962 viri
1282 3908 1377 3963 Dei
1421 3907 1593 3964 factus
1623 3910 1905 3965 incolumis
1927 3948 1943 3977 ,

376 3987 513 4042 lictis
539 3991 807 4058 gressibus
833 3994 898 4046 ad
930 3997 1144 4065 propria
1173 3998 1422 4053 recessit.

450 4078 536 4133 l7.
562 4078 837 4138 Praedictis
863 4083 1025 4138 etiam
1053 4085 1250 4141 addere
1268 4087 1621 4155 decrevimus,
1649 4090 1787 4157 quod
1808 4106 1944 4161 qua-

375 4168 495 4222 dam
513 4170 598 4226 die
612 4174 849 4241 qumdam
868 4175 1086 4246 innupta
1104 4177 1300 4247 puella,
1320 4182 1514 4235 mentis
1534 4180 1751 4236 levitate
1765 4181 1943 4248 ducta,

378 4261 607 4330 lapidem
637 4264 870 4334 dirigens
898 4281 1046 4321 aram
1077 4270 1247 4324 sancti
1278 4270 1601 4326 confessoris
1642 4272 1903 4341 percussit
1930 4290 1942 4325 :

378 4352 604 4406 necdum
635 4355 868 4413 directus
915 4358 1049 4427 lapis
1078 4360 1129 4415 in
1164 4361 1471 4430 pavimento
1503 4362 1792 4427 ceciderat,
1823 4377 1945 4417 cum

379 4454 662 4499 nervorum
691 4449 892 4504 viribus
920 4451 1225 4518 exhaustis,
1266 4461 1321 4508 et
1362 4456 1720 4509 membrorum
1748 4455 1949 4511 virtute

2058 3271 2297 3340 quaesita:
2360 3270 2580 3325 sanitati
2644 3271 2839 3324 iterum
2891 3280 3228 3326 restauratur
3271 3288 3286 3326 :
3333 3280 3630 3327 restaurata

2058 3362 2294 3430 gaudens
2332 3370 2387 3416 et
2413 3361 2718 3427 incolumis,
2749 3362 3006 3431 repatriat
3045 3364 3252 3419 meritis
3276 3365 3453 3419 sancti
3497 3381 3631 3421 con-

2058 3450 2279 3508 fessoris
2306 3452 2482 3507 causis
2508 3451 2770 3507 similibus
2795 3468 2901 3508 non
2929 3454 3159 3523 amplius
3186 3470 3491 3513 reversura.
3519 3461 3629 3512 Au-

2032 3545 2205 3600 adiant
2230 3545 2304 3599 illi
2326 3545 2416 3614 qui
2446 3544 2498 3599 in
2520 3545 2621 3599 hac
2640 3544 2867 3599 ecclesia
2889 3543 2999 3600 Deo
3027 3554 3082 3599 et
3105 3553 3293 3601 sancto
3312 3544 3482 3602 Mario
3511 3563 3629 3602 nlo-

2057 3653 2172 3693 rum
2201 3635 2488 3692 stabilitate
2516 3635 2906 3705 promiserunt,
2955 3634 3174 3689 audiant
3199 3643 3255 3689 et
3296 3635 3626 3691 mentis......

2046 3728 2282 3796 diligenti
2311 3742 2439 3782 cura
2464 3734 2829 3792 revereantur,
2862 3726 2905 3779 si
2937 3725 3119 3780 omnia
3148 3735 3300 3780 recta
3326 3734 3453 3781 sunt
3494 3741 3621 3795 erga

2048 3826 2267 3883 votum;
2293 3818 2337 3872 si
2359 3824 2507 3872 recta
2528 3816 2705 3872 omnia
2730 3817 2867 3872 bene
2889 3815 2988 3870 sibi
3014 3815 3323 3884 contigisse,
3349 3815 3624 3882 laetentur;

2047 3911 2090 3965 si
2116 3920 2291 3965 autem
2326 3911 2483 3965 aliter
2507 3918 2609 3976 est,
2639 3910 2814 3965 sciant
2838 3911 3089 3980 quoniam
3121 3912 3224 3967 hoc
3245 3911 3299 3966 in
3326 3912 3503 3967 anima
3533 3927 3628 3982 pa-

2046 4001 2273 4066 tiuntur,
2286 4006 2433 4070 quod
2456 3998 2673 4070 praefata
2697 4000 2889 4056 mulier
2914 4001 2967 4054 in
2994 4016 3224 4070 corpore
3253 4001 3444 4070 legitur
3464 4017 3622 4072 passa

2055 4092 2233 4147 fuisse.
2268 4092 2419 4147 Votis
2464 4093 2645 4161 itaque
2674 4091 2856 4148 fractis
2887 4108 2982 4162 per
3009 4095 3380 4164 pmnitentiam
3425 4111 3624 4152 consu-

2054 4182 2187 4247 lant,
2210 4182 2274 4236 ad
2300 4183 2491 4252 pedem
2518 4183 2689 4237 sancti
2718 4182 3040 4240 confessoris
3068 4185 3345 4253 accedant,
3368 4185 3630 4257 lacrymas

2054 4281 2109 4329 et
2137 4289 2322 4343 preres
2350 4272 2439 4327 off.
2457 4283 2601 4341 rant,
2629 4284 2686 4328 ut
2713 4275 2962 4343 salutem,
2989 4291 3149 4346 quam
3177 4278 3477 4333 exercendo
3501 4293 3627 4348 per-

2054 4364 2315 4431 dilerant,
2342 4379 2552 4418 morum
2588 4365 2878 4420 stabilitate
2908 4367 3292 4437 redintegrata,
3324 4384 3505 4424 rursus
3534 4384 3630 4439 per

2056 4456 2148 4510 Dei
2179 4454 2597 4510 misericordiam
2621 4455 2819 4510 habere
2844 4466 3172 4512 mercantur.
3207 4458 3394 4512 Amen.

397 4585 3622 4621 ..___.________._____________________________

1217 4677 1883 4793 SANCTI
1947 4682 2774 4807 DYNAMII

1533 4848 1665 4898 VIBI
1707 4848 2033 4898 lLLL’S'I'lllS
2072 4849 2152 4899 ΕΤ
2201 4849 2475 4901 PATRICII
3076 4871 3085 4879 ’

1556 5125 1940 5216 σέδτείέιέδνεθξι·
1966 5126 2441 5215 carceres”):
2469 5136 2485 5185 ε
2513 5136 2637 5212 ar:

1730 5227 2175 5257 -β--μ-Δ--μν-

1244 5256 1837 5482 eam
1865 5257 1909 5449 Σὲ

1700 5450 1718 5463 Ε
1932 5452 1948 5465 δ

1920 5422 1936 5432 ν

449 5501 670 5556 Domino
698 5503 1008 5557 beatissimo
1050 5499 1221 5566 Pull‘l,
1250 5478 1952 5572 Urbiedpapbmcpﬁiﬁahﬁus
1976 5489 1997 5532 ἶ

379 5592 639 5647 l’atritzius
667 5595 914 5649 salutent.

445 5684 577 5738 Cum
605 5686 910 5753 apostolica:
942 5686 1100 5741 Pater
1123 5684 1241 5741 fidei
1269 5684 1462 5740 ardore
1488 5698 1801 5750 succensus,
1825 5686 1947 5741 uni-

326 5769 329 5772 ’
381 5790 532 5830 νει-εει
556 5776 623 5831 de
646 5777 927 5832 virtutibus
948 5777 1118 5834 sancti
1146 5775 1383 5842 Maximi,
1409 5790 1525 5847 qua:
1554 5772 1725 5831 fidelis
1753 5774 1947 5831 relatio

1905 5259 1985 5276 ινδ.

1975 5422 1987 5433 ι

2237 5230 2327 5250 ιιι
2424 5228 2595 5248 »διν
2651 5210 2689 5249 ιζ

2008 5258 2085 5277 ..ιι
2152 5258 2243 5278 »θαι
2322 5260 2529 5278 siccet-1'.
2576 5264 2589 5275 ι
2676 5266 2685 5277 ι

2161 5286 2390 5351 2-..;
2423 5287 2580 5351 -“2

2004 5334 2719 5435 summatm.

2038 5426 2053 5463 ἰ
2168 5440 2185 5454 ι
2219 5440 2235 5453 ι,
2297 5438 2313 5451 ι
2370 5438 2383 5450 ι
2410 5426 2495 5466 57:;
2534 5440 2547 5453 ι.
2582 5436 2595 5450 L
2655 5438 2667 5451 Α.
2706 5438 2715 5449 L
2818 5442 2827 5449 ι

2204 5469 2223 5487 ι
2297 5466 2723 5487 θυι-κο.μο

2010 5492 2328 5573 egestd'rud’t
2354 5479 2678 5570 manifestat,
2702 5492 2937 5560 ‘soilicita
2968 5504 3308 5574 indagatioue
3337 5504 3626 5575 perquiris,

2052 5597 2370 5666 imperitiam
2392 5606 2566 5653 meam
2590 5596 2803 5665 pulsate
2824 5612 2931 5650 non
2953 5596 3179 5662 desinis;
3209 5596 3447 5666 paternis
3463 5597 3625 5651 etiam

2050 5686 2268 5740 monitis
2294 5684 2954 5755 prmdicandiauctoritate
2972 5686 3312 5746 confirmans,
3344 5685 3487 5754 quod
3516 5700 3623 5740 non

2048 5791 2236 5847 parum
2267 5776 2432 5846 ipsius
2455 5776 2636 5834 delicti
2662 5793 2802 5834 noxa
2834 5791 2956 5833 rcus
2979 5775 3205 5846 efficiar,
3230 5777 3329 5832 nisi
3361 5777 3538 5832 oniuia
3572 5776 3623 5831 in
