4032 6186
337 218 405 270 .35
1589 210 1737 266 \‘ITA
1783 211 2022 267 SANCTI
2067 211 2331 265 MAXIMI.
3533 211 3596 265 35

336 336 454 389 Vita
477 332 610 401 ejus,
643 348 802 405 quam
826 341 1052 387 meante
1068 331 1271 399 aliquot
1294 344 1462 382 annos
1491 329 1653 382 rurali
1677 342 1924 382 sermone
1958 328 1997 384 Α
2030 327 2376 395 propaginem
2437 325 2596 379 lecliO
2646 324 2993 390 multiplicata
3049 327 3406 396 subsequitur.
3473 327 3603 396 Quae

336 424 731 492 conscripsisse
759 422 1033 483 constitit,
1083 420 1323 475 studeam
1356 418 1551 473 addere
1592 433 1921 486 qumcunque

331 532 432 569 vos
463 515 527 569 de
557 515 698 568 illius
726 513 1056 567 mirabilibus
1084 511 1323 582 protinus
1352 509 1698 563 manifestum
1731 518 1811 563 est
1842 509 1922 561 in-

332 604 576 669 venisse,
605 605 747 657 unde
775 617 876 670 ego
896 603 1110 670 gemino
1140 600 1347 669 pudore
1368 598 1682 661 confundor,
1709 598 1792 651 cui
1824 612 1923 651 nec

339 693 595 759 loquendi
644 692 872 747 facultas
923 692 1255 754 conceditur,
1291 705 1389 743 nec
1434 690 1621 743 silendi
1662 690 1924 741 securitas

338 785 661 851 indulgetur.
685 782 741 836 Si
765 784 973 851 loquar,
997 797 1210 835 sensum
1228 788 1490 835 monstrat
1521 779 1730 832 detecta
1762 779 1923 831 rusti-

339 876 479 931 citas
524 874 851 943 imperitum.
884 873 1014 927 Nam
1046 873 1088 927 si
1125 872 1395 935 licuisset,
1447 870 1525 924 vel
1564 870 1630 923 de
1659 870 1924 925 succincta

349 979 591 1033 porer.:m
622 964 857 1017 dictione
885 963 1118 1032 placere,
1152 962 1236 1014 cui
1270 977 1375 1014 non
1415 967 1636 1029 possunt
1665 959 1927 1028 dogmatis

346 1064 631 1122 augmenta
655 1068 988 1109 succurrere.
1007 1052 1149 1105 Inter
1164 1060 1443 1118 utramque
1460 1065 1587 1117 ergo
1608 1049 1929 1102 constitutus

346 1146 643 1213 angustiam
668 1188 682 1211 ,
710 1144 992 1213 prmceptis
1023 1143 1212 1196 vestris
1241 1157 1428 1211 parere
1456 1141 1719 1210 disposui,
1762 1141 1928 1209 placi—

347 1247 501 1289 turus
546 1234 879 1299 obedientia,
923 1249 1028 1287 non
1076 1233 1338 1286 doctrina.
1383 1231 1576 1285 Vetera
1622 1247 1716 1286 vos
1772 1230 1933 1298 igitur

346 1326 653 1379 chartarum
679 1325 919 1379 indicasti
950 1324 1241 1378 revolvisse
1269 1323 1561 1385 volumina,
1587 1322 1638 1375 in
1663 1337 1781 1391 quae
1803 1321 1929 1390 quid

344 1430 415 1469 ex
445 1414 560 1482 ejus
603 1415 857 1483 operibus
900 1413 1192 1467 beatissimi
1236 1412 1414 1465 Fausti
1447 1412 1699 1466 antistitis
1730 1411 1934 1479 prtede-

349 1507 581 1561 cessmis
611 1516 788 1560 vestra
808 1506 1024 1559 solertia
1048 1505 1240 1560 devota
1265 1505 1574 1573 collegerat,
1597 1504 1739 1557 unde
1761 1518 1931 1572 pauca

348 1610 510 1650 sensu
542 1596 740 1665 potius,
772 1610 931 1663 quam
971 1595 1178 1659 obtutu,
1216 1596 1296 1648 vix
1323 1595 1629 1649 discernere
1660 1594 1927 1661 potuistis.

2025 418 2235 484 quoties
2280 416 2615 470 audientibus
2654 416 2841 470 iecerit
2883 417 3079 472 dudum
3132 419 3267 474 lecta
3301 422 3605 487 fastidiunt,

2027 508 2091 561 ad
2124 518 2358 562 vestrum
2392 509 2590 577 poterit
2633 510 2903 576 pertinere
2938 510 3228 564 delictum:
3254 513 3296 565 si
3342 513 3607 568 mercedis

2029 598 2301 665 prtemium
2350 597 2668 663 contulerit,
2709 598 2839 650 nihil
2881 600 3076 652 exinde
3124 601 3188 652 ad
3236 616 3321 654 me
3361 602 3609 655 similiter

2029 687 2339 757 pertinebit,
2367 688 2455 756 qui
2482 686 2788 755 compulsus
2816 689 3003 740 vesti-is
3034 689 3287 758 imperiis,
3320 692 3607 759 prolixiora

2027 781 2343 849 conscripsi,
2376 796 2535 848 quam
2566 780 2725 843 volui,
2756 789 2808 833 et
2830 780 3089 848 relugiuni
3121 782 3401 837 brevitatis
3430 785 3606 839 omisi.

2030 872 2112 925 Me
2143 886 2299 939 ergo,
2337 888 2493 941 quem
2540 873 2731 927 silente
2772 873 2929 942 peplo
2976 874 3384 942 prudentissime
3428 886 3612 944 pastor

2030 963 2316 1031 exspolias,
2350 973 2403 1014 et
2432 963 2664 1029 tegmine
2696 964 3074 1016 taciturnitatis
3104 963 3328 1027 enudas,
3370 966 3612 1034 supplico

2030 1057 2087 1101 ut
2115 1065 2234 1103 eum
2274 1051 2523 1103 universo
2568 1052 2761 1119 populo
2793 1052 2983 1105 tlili'uso
3016 1056 3226 1106 munias
3260 1054 3604 1108 intercessio—

2033 1140 2114 1192 nis
2143 1140 2411 1209 praesidio.
2461 1142 2684 1205 Quoties
2730 1142 2974 1197 lectionis
3022 1145 3279 1211 redigitur
3320 1145 3613 1213 longitudo,

2034 1245 2133 1283 nec
2160 1230 2325 1283 dictio
2355 1230 2595 1298 impolita
2626 1231 2933 1299 displiceat,
2971 1249 3128 1301 quam
3160 1242 3312 1288 tenor
3340 1236 3614 1292 relationis

2034 1328 2236 1373 sancta!
2292 1320 2654 1373 commendat.
2704 1320 2836 1373 Nam
2889 1321 3109 1375 dubium
3164 1338 3269 1377 non
3310 1332 3425 1387 est,
3469 1328 3612 1393 quod

2034 1418 2289 1476 quantum
2320 1410 2523 1477 integra
2553 1410 2841 1464 devotione
2878 1411 3079 1476 cordis,
3114 1412 3278 1480 ipsius
3306 1415 3476 1467 sancti
3507 1430 3607 1468 an-

2038 1500 2219 1553 tistitis
2267 1508 2418 1567 gesta
2462 1499 2700 1568 praefers,
2754 1510 2955 1555 tantum
3007 1518 3170 1571 opera
3218 1504 3521 1571 mediteris,
3556 1516 3615 1560 ut

2036 1589 2150 1656 ejus
2178 1589 2380 1655 integra
2412 1588 2663 1642 aviditate
2702 1590 2895 1643 mentis
2924 1591 3132 1643 coneris
3181 1592 3329 1661 sequi
3372 1595 3609 1662 vestigia,

351 1686 484 1739 Nam
524 1687 748 1755 plurima
789 1686 991 1739 aemula:
1037 1686 1319 1739 vetustatis
1367 1686 1600 1738 edacitas
1648 1699 1933 1752 consump-
1968 1693 2009 1750 Β
2037 1677 2190 1746 cujus
2219 1678 2491 1730 actionum
2522 1677 2693 1743 diligis
2722 1692 3032 1731 ornamenta
3069 1697 3082 1732 :
3116 1680 3404 1735 dummodo
3434 1682 3616 1737 divino

349 1786 514 1838 serat,
546 1792 663 1845 quzc
697 1776 951 1830 latebant.
980 1776 1133 1842 Quod
1172 1777 1271 1829 nisi
1320 1777 1639 1843 scriptorum
1685 1790 1928 1829 meorum

352 1868 717 1921 sericaeternte
743 1867 1015 1920 memori-ce
1037 1867 1375 1921 traderentur
1389 1882 1557 1935 pauca
1580 1866 1645 1919 de
1668 1866 1925 1935 pluribus,

349 1956 482 2007 satis
510 1972 624 2009 esse
654 1957 875 2024 impium
902 1956 1203 2009 censuistis.
1235 1955 1385 2009 Unde
1410 1971 1495 2007 me
1522 1970 1587 2008 ex
1613 1964 1762 2024 parte
1786 1956 1927 2009 votis

351 2048 547 2102 vesuis
586 2047 911 2102 satisfecisse
953 2061 1183 2111 censeo,
1234 2049 1376 2117 quod
1417 2046 1471 2099 in
1519 2046 1733 2115 longam
1772 2046 1930 2101 ducta

2040 1770 2322 1833 beneficio,
2348 1780 2403 1825 et
2427 1771 2591 1840 ipsius
2618 1772 2917 1840 patrocinio
2938 1773 3029 1825 tibi
3058 1774 3381 1828 enni-edatur
3408 1784 3616 1844 tempo-

2038 1863 2165 1916 ralis
2194 1863 2317 1916 vitm
2349 1862 2556 1930 prolixa
2598 1862 2972 1929 tranquillitas,
3005 1870 3059 1915 et
3096 1864 3265 1917 sancti
3294 1866 3471 1933 operis
3517 1881 3615 1919 ex-

2035 1954 2201 2022 petita
2251 1952 2496 2016 facu'tas,
2546 1952 2760 2007 domine
2790 1966 2915 2007 vere
2957 1963 3163 2020 sancte,
3211 1964 3265 2009 et
3311 1955 3617 2012 beatissime

2040 2058 2195 2111 papa.

1618 2188 1999 2266 INCIPIT
2056 2194 2332 2272 VITA.

422 2343 477 2396 1.
518 2342 816 2397 Beatissimi
864 2341 1075 2395 Maximi
1127 2338 1440 2409 Rheg'ensis
1484 2340 1628 2395 urbis
1673 2340 1925 2395 antistitis

351 2435 510 2491 hodie
536 2435 648 2488 dies
684 2443 881 2487 sancta:
909 2433 1265 2487 solemnitatis
1292 2432 1503 2495 colitur,
1528 2433 1617 2501 qui
1644 2432 1929 2500 quotannis

348 2528 599 2583 redivivis
628 2536 926 2595 temporum
976 2526 1254 2579 curriculis
1292 2532 1609 2578 renovatur:
1641 2523 1792 2592 cujus
1833 2538 1931 2576 nos

347 2632 437 2671 res
461 2626 639 2684 gestas
687 2616 920 2685 pondere
967 2616 1051 2685 pia
1079 2616 1244 2670 animi
1294 2614 1510 2669 devotio
1561 2614 1847 2678 admonet,
1877 2620 1931 2667 et

348 2708 524 2777 prisca
563 2707 893 2761 consuetudo
924 2706 1214 2781 compellit.
1248 2706 1354 2760 Nisi
1393 2706 1534 2761 enim
1563 2721 1625 2759 ea
1654 2720 1770 2773 qua:
1810 2720 1929 2774 per—

348 2800 534 2868 spicua
584 2809 636 2852 et
678 2799 895 2853 minime
923 2798 1082 2852 dubia
1124 2798 1349 2852 aliorum
1398 2797 1607 2851 ratione
1648 2804 1927 2864 comperta

349 2902 478 2945 sunt
497 2933 511 2955 ,
543 2892 841 2945 litterarum
870 2893 1229 2946 monumentis
1258 2893 1656 2961 consignentur,
1691 2907 1807 2961 quae
1836 2908 1932 2945 an-

354 2982 576 3049 tiquitus
604 2992 751 3050 gesta
781 2994 903 3037 sunt
935 2983 1246 3051 plerumque
1275 2984 1471 3037 anovis
1499 2984 1805 3036 auctoribus
1834 2997 1930 3033 va-
1963 3021 2007 3082 Ε

349 3072 429 3124 rie
455 3071 777 3124 referuntur.
804 3071 933 3124 Nam
962 3081 1019 3124 ut
1048 3072 1287 3142 mystica:
1317 3072 1539 3125 aetionis
1564 3071 1680 3138 ejus
1710 3071 1931 3138 insignia

351 3160 487 3214 nihil
542 3160 773 3215 habeant
818 3162 1122 3227 ambiguum
1155 3203 1169 3223 ,
1204 3162 1439 3229 nihilque
1478 3176 1543 3215 ex
1592 3161 1654 3215 iis
1705 3162 1934 3229 vulgaris

359 3254 576 3309 affectio
606 3254 899 3311 fabulosum
923 3258 1133 3321 efliciat,
1153 3264 1243 3312 aut
1268 3258 1334 3313 de
1357 3257 1587 3313 vanitate
1606 3265 1933 3325 suspectum,

348 3358 475 3417 qua:
502 3348 565 3402 ab
598 3349 688 3403 illo
714 3350 848 3404 facta
880 3360 1004 3403 sunt
1033 3358 1087 3403 et
1114 3352 1458 3420 comprobata
1486 3392 1500 3417 ,
1542 3349 1778 3406 veridico
1807 3364 1934 3403 ser-

352 3454 516 3492 mone
545 3440 804 3493 narranda
833 3450 974 3495 sunt.
1018 3440 1096 3494 Ex
1124 3445 1313 3511 q'tilius
1342 3443 1468 3509 ipsis
1504 3452 1706 3507 tamen,
1742 3459 1807 3496 ne
1835 3458 1931 3495 au-

351 3529 515 3581 ditori
557 3530 715 3583 nimia
749 3530 1022 3596 prolixitas
1068 3530 1282 3585 alierret
1332 3530 1635 3599 fastidium,
1666 3535 1932 3602 permulta

351 3620 664 3673 reticuimus
693 3656 709 3681 ,
742 3621 1113 3674 annotavimus
1143 3637 1330 3691 pauca.

426 3706 481 3760 2.
525 3706 717 3761 Beatus
764 3708 1023 3763 Maximus
1068 3710 1119 3762 in
1168 3710 1287 3763 vico
1335 3710 1585 3780 proprio,
1618 3710 1705 3764 cui
1767 3710 1935 3764 Deco-

352 3812 510 3852 meco
537 3800 851 3853 vocabulum
882 3808 983 3859 est.
1006 3803 1128 3855 vita:
1154 3804 1379 3869 sumpsit
1404 3802 1683 3856 exordium
1716 3843 1730 3867 ,
1772 3802 1932 3857 Chri—

352 3894 547 3949 stianis
575 3895 881 3963 parentibus
910 3896 1104 3963 editus,
1132 3908 1186 3951 et
1217 3898 1383 3952 lactus
1412 3899 1554 3951 illico
1580 3897 1932 3952 Christianus.

355 3984 438 4037 Ab
479 3984 607 4051 ipsis
658 4000 785 4039 vero
824 3985 1057 4039 infantitc
1111 3987 1425 4041 rudimentis
1470 3986 1680 4040 sublimi
1724 4001 1936 4054 semper

352 4072 654 4126 huntiltate
682 4088 927 4128 crescens
949 4115 962 4137 ,
998 4074 1069 4127 ita
1093 4085 1303 4129 teneros
1331 4076 1501 4129 mtatis
1530 4090 1698 4129 annos
1727 4092 1931 4129 morum

352 4163 662 4215 maturitate
704 4163 1021 4229 castigavit,
1054 4173 1111 4217 ut
1154 4165 1531 4232 proprietatem
1576 4166 1807 4219 nominis
1849 4167 1934 4220 sui

350 4251 526 4317 gratia
574 4252 873 4305 sanctitatis
919 4252 1019 4307 sibi
1070 4254 1380 4308 vindicaret.
1415 4254 1701 4324 Postquam
1751 4265 1929 4310 autem

354 4341 591 4394 excessit
628 4357 695 4394 ex
739 4342 963 4411 ephebis
1056 4343 1279 4397 luxuriat
1323 4345 1604 4401 illecebras
1632 4354 1687 4399 et
1724 4348 1926 4402 blandi-

359 4439 535 4481 menta
584 4431 746 4484 animi
804 4433 1106 4499 magisterio
1161 4442 1215 4487 et
1262 4448 1485 4487 censura
1531 4435 1931 4504 edomahat,ut

359 4520 607 4588 pollicita:
630 4522 975 4590 virginitatis,
1008 4524 1237 4593 palmam
1266 4525 1584 4594 incorruptre
1614 4527 1933 4595 integritatis

358 4612 663 4681 obtineret,
692 4622 746 4666 et
768 4615 820 4668 in
850 4615 1023 4683 regnis
1052 4615 1355 4670 cmlestihus
1382 4631 1413 4669 e
1434 4631 1594 4669 carne
1624 4618 1722 4671 sub
1747 4617 1931 4685 jugum

361 4702 521 4755 missa
569 4704 939 4773 triumpharet.
977 4705 1093 4758 Fuit
1121 4705 1367 4758 nimirum
1406 4706 1667 4759 bonorum
1694 4708 1930 4761 omnium

359 4795 685 4846 ornamentis
735 4795 988 4861 praeditus
1013 4835 1029 4860 ,
1059 4804 1245 4863 estque
1290 4796 1480 4849 merito
1517 4794 1671 4849 laude
1711 4811 1773 4849 ac
1804 4812 1935 4864 pra:-

357 4881 624 4935 dicatione
647 4882 946 4937 ellerendus
972 4901 985 4935 :
1012 4884 1208 4952 quippe
1233 4883 1379 4936 vultu
1410 4883 1754 4945 venerabilis,
1782 4884 1932 4938 blan-

360 4968 458 5023 dus
478 4980 696 5040 aspectu
728 5010 743 5032 ,
774 4987 867 5025 ore
896 4971 1135 5040 placidus
1155 5013 1170 5038 ,
1197 4973 1375 5027 animo
1402 4987 1652 5035 serenus,
1676 4974 1933 5042 patientia

362 5061 510 5115 fortis
541 5100 559 5126 ,
604 5063 1043 5128 magnanimitate
1090 5064 1411 5133 conspicuus
1447 5104 1463 5129 ,
1511 5064 1656 5133 pacis
1709 5079 1929 5129 amans,

361 5152 540 5219 largus
588 5167 712 5220 erga
752 5154 935 5208 hostes
962 5193 980 5219 ,
1012 5154 1245 5209 labentia
1294 5154 1603 5221 fastidiens,
1635 5156 1931 5211 emicatium

362 5242 553 5295 ardens
580 5244 843 5297 desiderio
867 5286 884 5309 ,
916 5246 1295 5314 temporalibus
1329 5254 1529 5299 (eterna
1575 5262 1893 5316 comparans
1917 5289 1932 5314 ,

361 5334 670 5400 temporalia
720 5349 819 5403 pro
864 5336 1076 5389 teternis
1114 5335 1444 5404 vilipendens
1488 5344 1648 5403 atque
1688 5346 1931 5390 contem-

363 5438 513 5476 nens.
544 5423 607 5476 Et
638 5434 694 5477 ut
723 5426 943 5479 interius
971 5425 1163 5479 divinae
1194 5426 1321 5493 legis
1350 5435 1610 5494 praecepta
1637 5441 1930 5495 cognosce-

361 5520 443 5565 ret
469 5556 483 5579 ,
515 5516 739 5567 naturali
773 5516 965 5581 ingenii
997 5516 1239 5570 acumine
1268 5525 1468 5570 tantum
1500 5518 1551 5570 in
1582 5517 1773 5571 litteris
1802 5534 1928 5586 pro-

360 5602 511 5669 fecit,
545 5617 599 5659 ut
631 5607 833 5675 legendi
878 5608 1127 5663 aviditate
1176 5618 1382 5679 pastum
1430 5620 1689 5679 qumreret
1739 5612 1926 5666 animo:

2026 2359 2138 2398 sua:
2166 2385 2180 2407 ,
2215 2354 2267 2397 et
2295 2344 2463 2399 instar
2492 2360 2649 2415 apum
2672 2354 2883 2400 aeterna:
2909 2348 3190 2401 suavitatis
3220 2356 3403 2403 nectar
3432 2349 3617 2403 hauri-

2028 2443 2130 2489 ret.
2176 2434 2429 2501 Quamvis
2475 2450 2653 2490 autem
2693 2439 2871 2491 omnia
2919 2439 3167 2493 vitiorum
3210 2440 3502 2492 carnalium
3532 2440 3615 2493 fo-

2032 2537 2209 2580 menta
2243 2538 2543 2597 protererct
2566 2570 2579 2595 ,
2612 2538 2668 2585 et
2714 2531 2859 2585 omni
2906 2547 2968 2585 ex
3000 2540 3152 2602 parte
3194 2534 3449 2601 pneclara
3486 2550 3617 2587 cen-

2036 2618 2343 2672 versatione
2397 2620 2661 2688 fulgeret,
2690 2629 2745 2674 at
2797 2622 3141 2677 nihilominus
3185 2625 3329 2679 vires
3377 2626 3620 2695 corporis

2036 2708 2368 2764 abstinentiae
2398 2711 2707 2767 assiduitate
2735 2712 3044 2782 frangebat,
3076 2716 3253 2769 carnis
3299 2716 3423 2770 vitia
3467 2725 3619 2771 ante-

2040 2814 2200 2867 quam
2234 2808 2355 2853 nata
2386 2810 2591 2867 essent,
2623 2817 2950 2872 persequens
2982 2814 3036 2858 et
3060 2821 3317 2861 coercens
3340 2846 3355 2871 ,
3386 2807 3456 2860 ita
3486 2815 3545 2860 Lt
3568 2807 3618 2862 ei

2037 2889 2103 2941 ad
2134 2891 2442 2960 martyrium
2487 2907 2593 2945 non
2641 2893 2738 2947 nisi
2782 2909 3065 2963 percussor
3093 2895 3323 2950 doluisse
3351 2896 3615 2950 videatur.

2037 2976 2166 3030 Nam
2198 2979 2310 3046 ipse
2334 2980 2519 3046 procul
2548 2980 2708 3036 dubio
2737 2991 3025 3053 martyrem
3053 2998 3112 3038 se
3138 2985 3263 3039 fecit
3293 2994 3347 3039 et
3375 2985 3618 3039 cruciatu

2038 3080 2091 3126 et
2122 3074 2333 3126 merito.

2106 3163 2159 3215 3.
2202 3160 2367 3217 Porro
2395 3164 2552 3217 etiam
2584 3180 2795 3220 omnem
2829 3164 3139 3220 facultatum
3164 3181 3380 3219 suarum
3404 3168 3616 3236 copiam

2037 3252 2287 3307 deserens
2315 3296 2329 3320 ,
2361 3253 2637 3309 Lirinense
2668 3257 3047 3311 monasterium
3080 3258 3269 3326 petiit,
3299 3258 3387 3311 ubi
3415 3260 3609 3328 sempi-

2037 3348 2217 3395 ternas
2265 3340 2473 3395 divitias
2506 3342 2682 3410 justus
2723 3344 3024 3399 inveniret:
3056 3347 3361 3413 evangelica
3405 3358 3620 3402 secutus

2038 3438 2305 3501 praecepta
2339 3474 2353 3499 ,
2382 3430 2556 3485 sciens
2585 3447 2643 3485 se
2673 3431 2962 3500 perfectum
2995 3434 3106 3488 ﬁeri
3150 3452 3255 3489 non
3288 3451 3445 3504 posse
3469 3479 3483 3503 ,
3517 3436 3618 3490 nisi

2039 3522 2295 3576 venderet
2320 3520 2497 3574 omnia
2524 3534 2618 3575 sua
2642 3562 2657 3587 ,
2689 3531 2743 3576 et
2769 3539 2798 3577 a
2844 3526 3047 3579 cunctis
3076 3525 3267 3593 opibus
3296 3528 3527 3580 alienum
3559 3542 3618 3581 se

2035 3610 2254 3665 faceret.
2288 3610 2342 3664 lu
2374 3627 2436 3665 ea
2466 3620 2643 3666 autem
2672 3616 3084 3681 congregatione
3113 3632 3232 3669 cum
3266 3632 3452 3671 omnes
3490 3633 3615 3685 per-

2038 3700 2175 3755 lecta
2223 3702 2485 3756 charitate
2536 3702 2815 3770 diligeret,
2864 3705 2975 3773 ipse
3026 3705 3206 3757 itidem
3254 3706 3321 3760 ab
3371 3709 3618 3762 omnibus

2037 3794 2331 3847 amabatur.
2368 3794 2570 3849 Tantus
2606 3810 2732 3849 vero
2758 3796 2808 3849 in
2838 3811 2903 3849 eo
2928 3795 3105 3850 fervor
3131 3798 3355 3862 exstitit,
3381 3806 3438 3851 ut
3465 3807 3616 3853 ante-

2036 3900 2194 3954 quam
2228 3885 2574 3939 monasticam
2611 3887 2825 3941 vivendi
2866 3887 3102 3955 regulam
3134 3890 3447 3957 complexus
3475 3900 3617 3946 essict

2037 3979 2120 4032 vel
2168 3981 2388 4049 mystica
2418 3981 2821 4050 inSiitnta,jam
2866 3984 3276 4038 conversatione
3320 3985 3618 4054 praecipuus

2040 4069 2323 4136 videretur,
2356 4088 2418 4126 ac
2445 4072 2635 4127 deinde
2665 4082 2851 4128 sancto
2880 4073 3157 4129 Ilonorato
3186 4076 3455 4132 decessori
3481 4093 3579 4132 suo
3601 4116 3616 4140 ,

2036 4161 2256 4215 summis
2302 4162 2583 4221 virtutibus
2620 4165 2991 4229 ornatissimo,
3023 4167 3114 4234 qui
3158 4167 3264 4221 illic
3306 4168 3469 4222 abbas
3501 4169 3617 4222 fue-

2039 4259 2155 4317 rat,
2185 4260 2238 4304 et
2279 4252 2481 4307 honore
2534 4256 2882 4323 succederet,
2929 4264 2983 4310 et
3038 4257 3238 4310 meritis
3290 4268 3613 4327 mquaretur.

2038 4339 2153 4405 Qua
2184 4341 2235 4394 in
2285 4342 2559 4398 iunctione
2588 4360 2704 4398 cum
2746 4358 2961 4413 gregem
2991 4347 3330 4402 commissum
3360 4348 3615 4415 pastorali

2034 4430 2252 4484 solertia
2281 4434 2572 4486 custodiret
2600 4474 2615 4499 ,
2640 4441 2694 4487 et
2719 4434 2938 4501 singulis
2966 4435 3211 4489 noctibus
3234 4474 3250 4499 ,
3278 4437 3394 4490 aliis
3422 4452 3614 4491 somno

2030 4519 2345 4587 occupatis,
2396 4519 2777 4576 monasterium
2826 4524 3120 4589 lustraret,
3169 4534 3360 4594 prater
3406 4542 3613 4582 morem

2030 4609 2218 4663 accidit
2248 4619 2305 4663 ut
2332 4612 2623 4666 monachus
2651 4613 2865 4682 quidam
2896 4615 3070 4670 adhuc
3102 4632 3249 4685 puer,
3271 4625 3448 4671 motus
3474 4634 3613 4688 qua-

2030 4697 2150 4751 dam
2199 4699 2509 4755 curiositate
2538 4702 2620 4756 vel
2667 4704 3028 4759 sollicitudine
3052 4748 3066 4769 ,
3099 4721 3221 4760 cum
3270 4718 3609 4777 sequeretur.

2033 4787 2173 4843 Ecce
2201 4798 2382 4844 autem
2426 4791 2719 4847 beatissimi
2748 4794 2845 4847 viri
2876 4799 3184 4865 conspectui
3208 4798 3450 4855 diabolus
3481 4801 3611 4855 insi-

2036 4880 2211 4933 diator
2259 4882 2428 4935 forma
2478 4883 2675 4951 ingenti
2705 4892 2864 4952 atque
2893 4887 3113 4940 terribili
3157 4903 3273 4943 sese
3301 4888 3475 4945 oﬂert.
3502 4891 3608 4946 Sed

2035 4986 2156 5025 cum
2204 4972 2351 5026 illum
2390 4974 2752 5043 spiritualibus
2802 4977 3046 5031 indutum
3080 4982 3242 5033 armis
3273 4989 3472 5035 terrere
3501 4997 3608 5035 non

2035 5074 2252 5134 posset,
2286 5082 2385 5121 nec
2431 5069 2738 5137 opinantem
2768 5071 3091 5125 monachum
3123 5080 3271 5125 tanto
3295 5072 3471 5126 affecit
3502 5081 3609 5126 ter-

2034 5171 2192 5221 rore,
2231 5165 2288 5210 ut
2314 5158 2520 5226 trepido
2547 5160 2711 5225 gradu
2738 5159 2803 5213 ad
2848 5161 3037 5214 celiam
3082 5162 3223 5215 illico
3251 5169 3609 5216 revertentem

2034 5248 2402 5303 ardentissima
2434 5250 2595 5304 febris
2618 5266 2741 5304 mox
2771 5252 3113 5321 corripuerit.

2104 5337 2156 5391 4.
2199 5338 2403 5393 Rursus
2435 5341 2678 5408 pertinax
2706 5342 2794 5396 ille
2816 5344 3093 5412 impostor,
3125 5359 3345 5413 sperans
3372 5360 3431 5399 se
3457 5359 3613 5401 sane-

2034 5439 2145 5482 tum
2172 5432 2342 5485 virum
2388 5431 2472 5485 vel
2522 5432 2695 5501 aliqua
2724 5434 2934 5490 ratione
2963 5436 3392 5505 perturbaturum
3419 5478 3435 5504 ,
3465 5437 3606 5507 ignei

2031 5518 2278 5575 draconis
2306 5522 2485 5590 specie
2512 5538 2571 5577 se
2606 5523 2678 5577 illi
2708 5526 2959 5579 ostendit.
2993 5526 3094 5577 Sed
3122 5523 3403 5579 confestim
3434 5531 3609 5583 crucis

2032 5613 2183 5680 signo
2226 5613 2479 5677 territus,
2521 5614 2755 5671 evanuit.
2805 5613 2918 5668 Jam
2960 5615 3098 5668 enim
3140 5613 3366 5671 invictus
3408 5617 3607 5673 athleta
