4032 6186
356 195 426 248 5::
1632 169 1909 229 DYNMlll
1953 164 2266 222 PATRlClI.
2973 211 2988 226 ,
3523 151 3591 204 36

356 315 564 366 hostem
593 305 783 376 smpius
809 304 1113 371 superatum
1143 292 1359 347 minime
1394 285 1727 342 formidabat.
1763 281 1915 334 Pust-
1951 285 1991 337 Α
2021 287 2168 332 stans
2189 317 2202 339 ,
2231 275 2432 343 justitia
2462 273 2742 343 singulari:
2766 312 2781 337 ,
2812 269 3111 325 humilitate
3133 265 3406 376 sublimis,
3430 280 3592 376 opum

354 418 514 474 quam
545 373 723 453 autem
754 394 916 448 totius
943 386 1128 442 insul-.e
1162 379 1452 437 Lirinensis
1481 373 1781 473 peragravit
1808 385 1929 422 am-

354 463 522 548 bitum
544 530 559 555 ,
587 489 735 542 ocius
765 480 991 537 accessit
1018 476 1083 532 ad
1112 473 1366 529 lectulum
1411 463 1705 535 agrotantis
1735 473 1924 513 mona-

2024 375 2379 433 coutemptor,
2410 365 2665 432 dignitate
2686 362 2933 431 copiosus
2959 367 3012 412 et
3040 357 3262 412 afll'iens
3293 355 3410 409 fuit.
3436 353 3590 410 Tem-

2024 459 2166 527 plum
2192 458 2242 511 in
2272 456 2554 524 Rhegicnsi
2583 454 2803 510 castello
2835 455 2889 507 in
2916 452 3055 506 beati
3087 449 3260 504 Albini
3293 449 3552 502 honorem
3578 487 3594 511 ,

353 538 630 651 clii,qtiem
652 577 882 630 diximus
906 573 957 626 in
987 569 1190 624 febrem
1214 563 1491 618 incidisse:
1517 557 1760 623 clamque
1786 549 1928 621 apud
2024 557 2224 619 quanta
2253 549 2415 602 animi
2446 547 2619 616 potuit
2657 546 2972 608 devotione,
2998 540 3236 596 condidit
3261 538 3464 651 ,.cujus
3498 553 3598 592 co-

357 644 504 727 illuni
530 672 669 724 intra
698 678 894 720 arcana
925 657 1162 731 pectoris
1189 654 1270 710 sui
1292 665 1479 721 preces
1510 649 1622 701 Deo
1660 644 1886 698 fundens
1909 680 1924 704 ,

358 763 407 816 id
437 760 636 823 effecit,
663 765 722 810 ut
744 769 869 809 mox
895 752 1173 804 restitutus
1197 744 1267 799 sit
1289 737 1640 796 incolumitati
1673 733 1924 804 pristiuzn,

356 863 411 907 ct
438 851 611 921 praeda
639 861 736 902 sua
765 844 1044 897 frustratus
1068 832 1138 892 Sit.
1165 835 1333 890 hostis
1353 833 1550 886 elusus.
1580 827 1764 894 Itaque
1785 824 1928 878 obti-

357 915 475 998 nuit
512 939 722 1007 gemina
767 936 936 989 virtus
967 929 1218 984 invictam
1258 922 1582 983 victoriam,
1621 915 1836 984 quando
1875 920 1930 966 et

356 1035 496 1087 vires
518 1003 746 1095 'mgroto
799 1021 1067 1084 reddidit,
1092 1026 1144 1071 et
1189 1011 1552 1068 adversarium
1605 1003 1926 1075 imperavit:

356 1122 665 1190 deplorante
694 1113 909 1168 inimico
935 1110 1197 1178 jacturam
1244 1117 1405 1172 quam
1439 1100 1683 1163 fecerat,
1715 1095 1931 1148 laetante

357 1210 622 1267 monacho
651 1207 824 1260 salute
848 1216 1011 1270 quam
1037 1194 1404 1265 recuperavit.

431 1319 480 1373 5.
521 1319 609 1373 Sic
623 1324 796 1370 autem
819 1310 1039 1378 singulis
1061 1304 1306 1360 noctibus
1329 1307 1511 1370 pastor
1531 1295 1773 1363 egregius
1794 1291 1933 1347 Ovile

358 1412 682 1468 dominicum
729 1401 1197 1460 circumlustrans,
1231 1406 1298 1446 ne
1325 1389 1450 1459 quid
1479 1385 1686 1441 adversi
1718 1382 1929 1438 accide-

359 1510 463 1570 ret,
477 1500 542 1554 ad
568 1500 714 1552 littus
735 1491 982 1561 :equoris,
998 1485 1142 1556 quod
1166 1491 1386 1538 vocatur
1405 1478 1593 1541 moles,
1609 1474 1933 1544 quandoque

361 1593 588 1649 accessit
609 1631 623 1654 ,
657 1599 883 1654 moxque
911 1587 1181 1636 veterator
1211 1577 1300 1630 ille
1328 1571 1610 1644 prrestigiis
1637 1570 1746 1623 suis
1773 1582 1932 1622 ausus

361 1691 446 1737 est
473 1690 722 1748 tanquam
754 1687 941 1729 navem
972 1675 1218 1725 onustam
1249 1663 1419 1718 oculis
1457 1662 1606 1716 ocius
1636 1673 1932 1728 reprmsen-

365 1783 500 1836 tare,
519 1776 810 1835 nautasque
823 1777 919 1817 suo
946 1773 1094 1813 more
1117 1755 1378 1811 ferventes
1407 1753 1459 1806 in
1482 1748 1935 1820 opere,navisqne

363 1868 711 1922 instrumenta
764 1857 1101 1923 colligentes:
1135 1849 1270 1904 duos
1297 1862 1426 1902 vero
1455 1840 1658 1899 ex'illis
1685 1841 1752 1894 ad
1790 1839 1934 1894 beati

364 1957 462 2010 viri
495 1957 658 2007 latera
691 1949 1002 2005 accedentes
1024 1983 1040 2008 ,
1070 1943 1412 2009 dicentesque
1449 1952 1508 1992 se
1548 1951 1614 1990 eo
1656 1933 1936 1988 advenisse

367 2041 681 2111 uegociandi
704 2036 1042 2104 causa,quo-J
1068 2048 1173 2085 non
1203 2031 1316 2084 sine
1336 2027 1533 2096 ingenti
1570 2027 1719 2078 lucro
1745 2023 1796 2076 id
1822 2022 1936 2076 fore

365 2136 445 2191 rei
473 2139 694 2188 eventus
737 2127 1079 2182 declarasset.
1111 2121 1181 2176 Se
1231 2133 1389 2173 nosse
1426 2115 1573 2170 illum
1603 2113 1888 2168 Maximum
1918 2150 1932 2173 ,

370 2243 476 2281 non
523 2224 698 2277 minus
745 2218 1066 2284 sanctitate,
1107 2229 1270 2283 quam
1314 2210 1557 2266 nomine:
1603 2222 1830 2276 cumque
1881 2206 1934 2259 in

370 2318 500 2372 locis
529 2310 892 2368 transmarinis
933 2315 1212 2376 tantopere
1241 2302 1533 2358 desiderari
1556 2301 1622 2356 ab
1651 2299 1898 2355 omnibus
1916 2337 1932 2364 ,

373 2417 428 2462 ut
454 2407 498 2460 si
527 2420 648 2458 eum
679 2401 922 2457 obtinere
948 2399 1154 2469 possint
1178 2436 1193 2461 ,
1224 2395 1355 2449 nihil
1380 2393 1486 2448 sint
1512 2391 1702 2460 majori
1730 2392 1782 2445 in
1808 2405 1934 2460 pre-

368 2499 444 2552 tio
473 2493 721 2549 habituri.
765 2490 978 2545 Nullum
1023 2501 1084 2543 se
1129 2480 1488 2556 igitur'majus
1531 2482 1764 2537 facturos
1791 2496 1938 2536 com-

369 2585 657 2654 pendium,
686 2594 846 2649 quam
891 2578 936 2632 si
984 2577 1156 2646 ipsum
1206 2575 1328 2629 navi
1380 2573 1690 2644 impositum
1737 2572 1940 2643 possint

369 2675 632 2728 abducere
656 2668 1096 2738 Hierosolymam,
1121 2673 1313 2734 printer
1333 2664 1642 2733 opinionem
1685 2677 1938 2718 successu

372 2780 629 2840 prospero
656 2759 1022 2833 repertum.“
1052 2774 1181 2813 vero
1208 2756 1396 2827 procul
1425 2755 1586 2810 dubio
1617 2768 1810 2823 magno
1839 2754 1939 2826 ipsi

373 2856 565 2912 honori
587 2862 641 2908 et
689 2850 930 2921 dignitati
959 2847 1074 2903 fore
1105 2887 1120 2912 ,
1146 2849 1188 2902 si
1219 2845 1357 2902 felici
1386 2860 1544 2900 cursu
1573 2859 1638 2899 eo
1681 2843 1944 2899 adductus

370 2945 470 3010 Sit,
493 2945 580 3000 ubi
608 2943 661 2997 in
691 2950 893 2995 tantum
916 2938 1054 2994 votis
1076 2937 1313 2993 omnium
1342 2943 1700 3006 exspectetur.
1729 2934 1832 2989 Sed
1865 2934 1944 2988 vir

373 3039 469 3093 Dei
515 3035 732 3090 insidias
753 3074 768 3100 ,
799 3041 853 3086 et
897 3031 1093 3085 malum
1122 3029 1301 3082 dolum
1349 3027 1546 3100 inimici
1573 3040 1902 3094 cognoscens
1923 3067 1939 3090 ,

372 3138 572 3185 sancta:
595 3123 767 3180 crucis
789 3123 942 3190 signo
971 3134 1031 3175 se
1056 3095 1666 3183 commttriit,'ctelestem
1698 3115 1945 3185 implorat

375 3234 532 3288 opem
557 3259 574 3283 ,
605 3229 668 3269 ac
695 3211 887 3266 deinde
914 3207 1139 3279 spiritali
1168 3207 1486 3262 auctoritate
1515 3207 1592 3260 sic
1623 3206 1940 3279 respondet:

379 3311 585 3365 Fallere
615 3321 719 3360 non
751 3311 926 3374 potest
968 3301 1163 3355 milites
1209 3300 1406 3355 Christi
1445 3300 1676 3368 nequitia
1722 3300 1861 3368 plani
1891 3308 1947 3353 et

377 3398 716 3470 impostoris,
743 3410 842 3450 nec
883 3392 990 3449 suis
1035 3390 1307 3446 fraudibus
1349 3390 1453 3444 illis
1480 3395 1677 3460 'potest
1724 3389 1946 3444 illudere

381 3493 641 3560 malignus
669 3531 682 3554 ,
713 3485 906 3556 quibus
933 3483 1074 3538 Deus
1102 3481 1152 3537 id
1182 3491 1396 3553 przestat
1421 3523 1438 3547 ,
1462 3489 1520 3536 ut
1550 3482 1769 3537 adversa
1805 3498 1944 3551 pne-

381 3583 562 3637 videre
589 3585 809 3648 queant.
840 3574 990 3628 Ihnc
1018 3588 1147 3628 vero
1192 3573 1417 3628 insulam
1451 3587 1618 3642 usque
1661 3572 1797 3626 adeo
1828 3573 1948 3626 bea-

381 3670 567 3727 tissimi
599 3666 855 3723 Honorati
886 3664 1315 3719 communierunt
1355 3679 1576 3733 preces,
1605 3664 1824 3733 expulso
1853 3680 1950 3734 per

381 3777 501 3817 eum
551 3759 783 3814 dracone
832 3754 948 3823 ejus
992 3753 1338 3816 habitatore,
1370 3761 1428 3807 ut
1476 3753 1652 3806 nullus
1697 3753 1949 3823 deinceps

381 3842 607 3910 no‘cendi
635 3849 811 3904 aditus
839 3848 894 3902 in
926 3861 1045 3900 eam
1062 3853 1246 3915 pateat
1272 3844 1507 3899 diabolo.
1527 3843 1639 3897 Sub
1668 3845 1752 3899 his
1773 3845 1950 3900 verbis

384 3945 452 3998 ab
474 3940 642 3996 oculis
658 3937 862 3994 orantis
883 3935 1101 3990 evanuit
1127 3934 1275 3988 navis
1299 3933 1688 3999 commentitia,
1719 3949 1950 4003 moxque

387 4033 480 4087 ille
508 4043 755 4084 reversus
784 4027 848 4080 ad
898 4025 1189 4080 oratorium
1222 4062 1238 4088 ,
1265 4023 1508 4077 hortatus
1537 4030 1620 4077 est
1664 4021 1872 4090 fratres,
1894 4033 1953 4078 ut

386 4122 452 4175 ad
489 4118 693 4187 vigilias
739 4122 1059 4184 surgerent,
1088 4128 1299 4182 unaque
1325 4128 1446 4166 cum
1486 4121 1667 4168 sancta
1699 4114 1784 4167 illa
1825 4130 1952 4170 con-

384 4209 692 4278 gregatione
721 4207 834 4276 ipse
859 4205 1237 4260 celeberrimas
1268 4205 1454 4258 laudes
1482 4205 1742 4273 persolvit
1772 4207 1821 4261 ei
1857 4221 1954 4276 per

386 4318 543 4373 quem
575 4302 640 4356 ab
670 4301 825 4354 hoste
851 4297 1129 4352 victoriam
1160 4304 1488 4365 reportarat.

461 4409 515 4464 6.
554 4408 687 4464 Cum
726 4415 904 4462 autem
956 4405 1096 4460 fama
1124 4404 1406 4474 insignium
1438 4403 1689 4459 virtutum
1719 4405 1834 4473 ejus
1860 4419 1957 4474 per

391 4501 576 4555 orbem
625 4498 930 4553 universum
979 4498 1272 4562 volitaret,
1325 4497 1392 4551 ad
1451 4495 1764 4564 lihegiensis
1810 4493 1958 4551 urbis

390 4589 752 4658 episcopatum
783 4602 889 4641 non
928 4586 1088 4640 modo
1112 4587 1306 4641 civium
1335 4627 1350 4653 ,
1380 4586 1475 4642 sed
1506 4587 1666 4641 etiam
1712 4587 1961 4642 sacerdo-

391 4686 504 4732 tum
536 4679 646 4731 sive
671 4676 953 4746 pnesulum
975 4677 1211 4729 omnium
1233 4677 1408 4731 studio
1434 4693 1541 4731 non
1570 4679 1748 4732 minus
1774 4686 1960 4747 raptus

393 4782 552 4837 quam
581 4767 814 4830 electus,
844 4773 899 4820 et
923 4765 1162 4834 quamvis
1185 4766 1380 4820 invitus
1399 4805 1414 4832 ,
1446 4766 1588 4820 illico
1619 4776 1961 4822 consecratus

395 4868 495 4914 est.
543 4856 656 4911 Etsi
681 4864 857 4910 autem
883 4854 994 4924 jam
1025 4863 1080 4909 et
1115 4870 1178 4908 re
1206 4862 1262 4908 et
1307 4855 1522 4909 nomine
1547 4855 1808 4910 Maximus
1830 4899 1844 4924 ,
1868 4858 1955 4910 vix

393 4949 594 5002 habere
620 4945 907 5010 videretur,
932 4945 982 4998 iu
1013 4959 1118 5012 quo
1149 4944 1373 5014 amplius
1400 4953 1706 5010 cresceret,
1737 4927 1803 5000 ne
1832 4947 1956 5016 quid

395 5048 575 5093 tamen
621 5035 818 5092 nomini
863 5035 1144 5090 decederet
1169 5075 1184 5100 ,
1216 5035 1354 5089 sicut
1381 5049 1544 5104 opere
1571 5043 1626 5088 et
1655 5033 1809 5089 factis
1835 5051 1959 5103 per-

398 5130 588 5186 mansit
633 5126 894 5180 Maximus
923 5167 938 5192 ,
971 5125 1043 5179 ita
1069 5134 1124 5180 et
1169 5125 1222 5179 in
1270 5126 1477 5181 honore
1523 5125 1792 5180 excelluit.
1819 5123 1964 5180 Inter

396 5231 586 5275 caetera
615 5217 773 5286 igitur
792 5224 938 5271 recte
959 5215 1241 5286 factorum,
1265 5229 1382 5284 qum
1411 5215 1464 5270 in
1495 5214 1587 5270 illo
1606 5214 1958 5284 refulgebant,

396 5316 710 5366 ornamenta
735 5349 751 5374 ,
781 5307 1036 5378 patientia
1083 5305 1232 5361 fortis
1253 5344 1269 5371 ,
1301 5305 1671 5361 benevolentia
1719 5305 1922 5375 patiens
1945 5343 1960 5366 ,

396 5403 643 5458 libertate
673 5399 868 5456 alacris
888 5437 904 5461 ,
931 5397 1246 5453 liberalitate
1274 5396 1552 5453 abundans
1568 5435 1583 5461 ,
1607 5394 1960 5465 magnanimi-

395 5499 505 5546 tate
532 5490 822 5556 beueficus,
848 5489 1179 5544 humanitate
1205 5477 1368 5554 mitis,
1397 5486 1679 5542 sedulitate
1702 5485 1926 5554 diligens
1943 5525 1958 5551 ,

396 5580 654 5637 cbaritate
679 5581 858 5638 suavis
875 5621 892 5650 ,
924 5581 1167 5649 largitate
1195 5579 1494 5658 communis
1516 5617 1531 5644 ,
1556 5577 1794 5634 doctrina
1823 5593 1957 5646 pra:-

2027 642 2254 705 lumnas,
2275 654 2407 707 quas
2431 637 2693 704 hodieque
2725 636 2830 689 illic
2853 648 3072 688 «eruere
3097 633 3224 686 licet
3246 671 3260 697 ,
3281 629 3409 698 juga
3435 629 3597 683 boum

2027 748 2093 787 eo
2123 738 2523 799 pertraxerunt,
2551 731 2644 783 sed
2676 732 2744 782 ita
2776 736 2949 782 tamen
2975 765 2992 792 ,
3025 734 3082 779 ut
3109 723 3308 790 nullam
3337 721 3602 776 sentirent

2029 823 2161 877 tanti
2207 822 2458 892 ponderis
2499 821 2840 883 molestiam,
2889 817 3003 886 ejus
3051 815 3334 870 sanctitate
3380 813 3431 866 id
3478 811 3600 867 elfi-

2028 915 2202 969 ciente
2225 952 2240 976 ,
2272 913 2507 983 quandiu
2543 912 2629 965 ille
2656 912 2722 964 ad
2756 909 2936 978 templi
2976 915 3296 963 structuram
3327 905 3602 974 operarius

2030 1002 2327 1058 indefessus
2356 1002 2559 1055 aderat.
2611 999 2762 1067 Quod
2807 999 2851 1054 si
2879 1013 3008 1053 vero
3034 997 3220 1051 abesse
3245 1011 3366 1049 eum
3395 995 3602 1049 contin-

2029 1101 2199 1162 geret,
2214 1091 2520 1160 nequissimi
2545 1090 2801 1144 daemonis
2823 1088 3027 1143 occu'ta
3053 1084 3442 1140 machinatione
3462 1083 3598 1138 adeo

2031 1198 2217 1237 eorum
2243 1183 2478 1250 pondere
2499 1183 2879 1250 premebantur
2907 1180 3069 1232 boves
3090 1177 3344 1238 unEversi,
3365 1183 3422 1228 ut
3445 1174 3603 1228 nullis

2030 1274 2256 1330 stimulis
2277 1273 2415 1342 adigi
2446 1281 2663 1342 possent
2692 1271 2756 1324 ad
2786 1268 3251 1339 progrediendum.
3286 1267 3396 1321 Etsi
3425 1266 3604 1336 plures

2033 1364 2120 1418 alii
2151 1363 2384 1431 adjuncti
2412 1370 2623 1428 essent,
2653 1361 2938 1414 manebant
2967 1359 3172 1412 immoti
3204 1372 3410 1421 omnes,
3437 1371 3605 1424 quan-

2035 1454 2227 1508 tumvis
2275 1453 2530 1506 atrociter
2576 1452 2905 1506 mederentur
2932 1458 3092 1518 atque
3131 1449 3514 1502 sauciarentur.
3546 1446 3604 1500 1d

2034 1542 2124 1597 ubi
2171 1542 2315 1596 celer
2351 1541 2567 1596 nuntius
2615 1539 2922 1594 beatissimo
2980 1538 3201 1592 antitisti
3247 1535 3604 1604 significavit,

1967 1633 2010 1692 Β
2039 1633 2126 1687 ille
2149 1634 2519 1688 incunctanter
2559 1639 2718 1701 atque
2757 1629 2979 1684 fidenter
3021 1629 3268 1684 veniebat
3291 1629 3358 1682 ad
3385 1629 3561 1682 locum
3588 1669 3602 1690 ,

2039 1739 2138 1779 nec
2166 1732 2370 1778 terrore
2400 1721 2634 1791 trepidus
2659 1763 2676 1789 ,
2707 1736 2806 1774 nec
2832 1734 3062 1774 mmrore
3089 1720 3444 1787 perturbatus.
3471 1715 3604 1770 Tum

2036 1829 2165 1868 vero
2213 1813 2382 1868 hostis
2468 1810 2823 1882 nequissimus
2875 1809 2990 1877 ejus
3029 1808 3212 1862 oculos
3259 1807 3447 1862 fal’cre
3497 1821 3604 1860 non

2035 1908 2247 1976 potuit,
2273 1921 2370 1961 nec
2394 1920 2453 1960 se
2480 1905 2544 1958 ab
2573 1903 2688 1972 ejus
2716 1910 3006 1972 conspectu
3035 1901 3332 1954 subducere
3354 1939 3368 1962 ,
3401 1899 3489 1968 qui
3518 1909 3603 1952 to-

2036 1997 2140 2050 tius
2182 1995 2361 2066 populi
2407 1996 2576 2050 oculis
2605 1993 2843 2062 ceuspici
2895 2007 3000 2045 non
3051 2000 3278 2059 poterat.
3311 1989 3400 2042 Ait
3427 1998 3603 2042 autem

2036 2086 2118 2140 vir
2143 2093 2359 2140 sanctus
2387 2085 2451 2138 ad
2475 2084 2620 2138 illos:
2649 2083 2862 2137 Frustra
2884 2082 3092 2136 vexatis
3115 2079 3356 2148 jumenta
3387 2081 3607 2134 rationis

2036 2177 2308 2246 expertia,
2339 2175 2466 2231 dum
2493 2175 2689 2228 inimici
2718 2173 3094 2240 impedimenta
3122 2186 3343 2225 cernere
3376 2186 3479 2224 non
3514 2187 3609 2240 po-

2039 2272 2208 2324 testis.
2237 2268 2346 2338 Ego
2367 2284 2494 2323 vero
2519 2283 2736 2336 parvum
2758 2265 3066 2336 Ethiopem
3084 2265 3264 2332 video,
3285 2264 3457 2318 bobus
3485 2278 3606 2318 sese

2037 2363 2394 2430 objicieutem.
2413 2343 2539 2414 inde
2559 2357 2709 2412 ﬂexis
2730 2358 2951 2426 genibus
2974 2395 2988 2418 ,
3019 2362 3138 2410 orat
3161 2355 3385 2424 supplex
3417 2355 3606 2418 Deum,

2038 2461 2099 2506 ut
2128 2453 2295 2508 hostis
2340 2451 2557 2505 insidias
2598 2456 2825 2504 avertat.
2866 2447 2992 2517 Ejus
3023 2462 3209 2517 preces
3239 2447 3496 2514 malignas
3523 2445 3611 2500 ille

2037 2542 2176 2599 ferre
2204 2558 2309 2597 non
2339 2540 2602 2596 sustinens
2629 2581 2644 2607 ,
2678 2540 2827 2594 ocius
2855 2539 3103 2593 nonssine
3134 2537 3408 2591 teterrimo
3437 2536 3610 2590 fetore

2037 2633 2260 2690 recedit.
2289 2632 2408 2687 Mox
2439 2632 2631 2685 amotis
2652 2630 2820 2684 bobus
2845 2671 2860 2697 ,
2888 2629 2980 2697 qui
3011 2629 3127 2682 aliis
3155 2627 3391 2696 adjuncti
3423 2638 3608 2692 erant,

2039 2727 2301 2804 colurnum
2344 2725 2461 2779 sine
2501 2724 2814 2778 dillicultate
2843 2723 2946 2776 ulla
2977 2721 3044 2776 ad
3088 2722 3263 2776 locum
3291 2720 3611 2776 destinatum

2042 2819 2442 2890 pertrahuntur.

2117 2930 2168 2984 7.
2202 2931 2382 2998 Neque
2411 2929 2537 2983 i‘lud
2567 2929 2636 2984 ob
2663 2925 3056 2983 confirmandos
3082 2926 3460 2996 Rhegiensiutn
3491 2925 3608 2979 ani-

2044 3036 2164 3077 mos
2192 3020 2546 3076 omittendum
2590 3019 2914 3091 putavimus,
2959 3018 3101 3088 quod
3131 3032 3250 3073 cum
3279 3014 3614 3071 beatissimus

2045 3113 2267 3167 antistrs
2296 3111 2359 3163 ad
2386 3111 2658 3165 basilicam
2705 3109 2771 3164 ab
2799 3109 2914 3179 ipso
2940 3116 3300 3164 constructam
3329 3123 3507 3162 sacras
3531 3123 3617 3162 rc-

2046 3205 2236 3272 liquias
2256 3218 2464 3256 summo
2493 3217 2613 3256 cum
2644 3203 2848 3256 honore
2885 3201 3160 3272 psallendo
3189 3201 3496 3265 adduceret,
3529 3202 3616 3256 ubi

2045 3295 2110 3348 ad
2137 3295 2282 3348 urbis
2307 3301 2517 3362 portam
2538 3301 2756 3348 ventum
2779 3301 2881 3358 est,
2910 3293 2976 3346 ab
3007 3291 3293 3361 improviso
3321 3308 3510 3348 versus
3533 3293 3618 3347 ille

2047 3381 2232 3436 ordine
2248 3380 2483 3435 occurrit
2508 3398 2520 3433 :
2548 3379 2676 3434 Hice
2697 3389 2846 3449 porta
2873 3379 3098 3446 Domini,
3122 3381 3250 3450 justi
3272 3381 3536 3435 intrabunt
3563 3383 3615 3436 in

2046 3488 2179 3525 eam.
2208 3469 2359 3525 Unde
2385 3471 2572 3539 procul
2597 3470 2759 3524 dubio
2790 3470 2963 3540 colligi
2992 3477 3187 3538 potest,
3214 3468 3328 3538 ejus
3371 3473 3619 3540 precibus

2047 3563 2231 3616 urbem
2281 3561 2424 3614 illam
2453 3560 2587 3616 adeo
2618 3575 2736 3615 esse
2766 3561 3044 3624 munitam,
3087 3569 3146 3614 ut
3172 3560 3308 3614 sicut
3337 3561 3614 3627 hactenus,

2048 3653 2260 3708 Christo
2287 3653 2517 3722 propitio
2545 3651 2716 3706 nullos
2743 3650 2976 3704 hostium
3008 3651 3249 3705 incursus
3291 3650 3450 3718 longo
3480 3659 3615 3705 tem-

2047 3759 2238 3814 porum
2270 3743 2547 3796 intervallo
2593 3742 2830 3811 pertulit,
2879 3741 2948 3796 ita
2986 3741 3236 3812 deinceps
3266 3757 3479 3812 quoque
3509 3743 3626 3802 Deo.

2051 3832 2259 3888 favente
2286 3833 2504 3887 minime
2534 3847 2852 3902 perpessura
2882 3832 2970 3886 sit.
3004 3830 3186 3886 Facile
3217 3833 3358 3886 enim
3389 3832 3617 3886 eximius

2050 3925 2140 3980 ille
2184 3935 2400 3995 pastor,
2434 3940 2590 3996 quem
2621 3924 2800 3979 vivere
2842 3931 3106 3978 testantur
3133 3923 3270 3977 facta
3313 3923 3449 3992 ejus,
3501 3933 3620 3993 post

2052 4015 2329 4071 decessum
2358 4030 2512 4070 suum
2558 4014 2695 4084 apud
2722 4014 2888 4068 Deum
2917 4013 3162 4067 obtinere
3189 4013 3378 4082 potuit,
3409 4020 3470 4066 ut
3496 4012 3620 4065 urbs

2055 4106 2140 4160 illa
2171 4107 2220 4160 in
2250 4121 2352 4176 qua
2375 4105 2486 4175 ipse
2515 4103 2698 4159 fuisset
2725 4105 2965 4168 antistes,
2990 4103 3258 4173 przeclaris
3279 4103 3481 4156 meritis
3509 4104 3620 4156 suis

2054 4201 2324 4271 perpetuis
2353 4199 2678 4268 temporibus
2709 4198 2908 4252 munita
2938 4197 3008 4251 sit
3035 4196 3230 4250 virtute
3271 4195 3511 4264 corporis
3539 4196 3619 4248 sui

2057 4291 2110 4345 in
2140 4298 2260 4356 terni
2285 4291 2336 4343 lo
2381 4289 2759 4350 sacratissimo,
2806 4287 2947 4356 quod
3003 4286 3259 4348 condidit,
3305 4296 3622 4341 coruscante

1985 4369 2032 4428 D
2059 4379 2236 4434 multis
2263 4377 2548 4442 beneﬁciis,
2581 4391 2696 4447 qua:
2721 4376 2830 4430 illic
2852 4376 3095 4430 omnibus
3115 4382 3456 4445 prmstantur.

2129 4491 2181 4545 8.
2212 4490 2343 4544 Cum
2383 4488 2667 4558 aliquando
2697 4486 2750 4542 in
2797 4486 2984 4542 eadem
3024 4485 3241 4540 basilica
3287 4483 3369 4537 vir
3408 4488 3622 4536 sanctus

2061 4580 2310 4634 instantia
2342 4577 2592 4648 pastorali
2623 4577 2828 4646 vigilias
2864 4576 3177 4642 celebraret,
3209 4573 3403 4627 Ansani
3428 4572 3618 4626 Diaco-

2061 4673 2114 4728 ni
2144 4671 2454 4738 Rhegiensis
2482 4684 2671 4737 nepos,
2711 4668 2766 4722 id
2812 4676 2895 4724 est
2931 4667 3106 4721 fratris
3133 4666 3246 4734 ejus
3275 4665 3430 4729 filius,
3465 4680 3620 4734 queui

2063 4763 2338 4832 parvulum
2379 4769 2628 4830 parentes
2665 4776 2696 4814 e
2735 4759 2840 4812 vita
2891 4759 3148 4812 abeuntes
3191 4757 3534 4826 reliquerant,
3570 4766 3624 4806 et

2057 4855 2170 4922 ipse
2199 4851 2535 4906 nutriendum
2563 4857 2891 4920 susceperat,
2933 4849 3202 4919 magisque
3237 4862 3396 4916 quam
3425 4847 3468 4899 si
3496 4861 3624 4900 suus

2058 4953 2200 5000 esset
2228 4944 2383 5008 filius,
2431 4944 2713 5012 diligebat,
2745 4957 2864 4997 cum
2897 4943 2947 4995 in
2990 4958 3143 4995 muro
3165 4942 3308 4994 urbis
3337 4939 3474 4992 illius
3502 4953 3623 4992 cum

2059 5033 2240 5102 pueris
2262 5031 2487 5096 luderet,
2513 5047 2543 5086 e
2577 5047 2730 5086 muro
2760 5031 3057 5100 prolapsus,
3092 5029 3388 5086 cervicibus
3419 5028 3624 5095 fractis,

2061 5125 2369 5195 exspiravit.
2398 5123 2524 5193 Ejus
2549 5124 2623 5177 rei
2655 5124 2838 5177 nuntio
2869 5123 3022 5177 valde
3049 5130 3423 5178 consternatus
3452 5119 3627 5176 Ansa-

2065 5230 2187 5281 nus,
2237 5216 2468 5269 accurrit
2514 5212 2782 5280 celeriter,
2831 5220 3146 5282 raptumque
3199 5211 3346 5280 pueri
3399 5210 3629 5266 cadaver

2064 5306 2276 5377 operuit
2291 5304 2642 5372 vestimentis,
2663 5310 2718 5358 et
2739 5303 2804 5358 ad
2829 5303 3041 5359 beatum
3054 5303 3355 5357 Antistitem
3375 5301 3511 5355 clam
3535 5299 3629 5353 de-

2062 5396 2317 5466 portavit,
2374 5395 2584 5448 interim
2638 5409 2818 5447 secum
2877 5401 3128 5458 tractans,
3177 5390 3624 5462 quemadmodum

2065 5487 2210 5541 illum
2237 5485 2444 5556 publice
2483 5483 2548 5537 ad
2585 5483 2748 5553 pedes
2776 5482 2892 5551 ejus
2937 5482 3250 5552 deponeret,
3280 5489 3335 5536 et
3379 5487 3435 5534 ut
3464 5479 3623 5531 vitam

2066 5578 2113 5633 ei
2147 5577 2468 5639 restitueret,
2501 5574 2723 5644 supplex
2770 5574 3094 5629 obsecraret.
3128 5573 3233 5628 Sed
3264 5573 3383 5643 quia
3414 5574 3634 5624 noverat
