1988 3089
606 36 618 46 ρ

206 86 236 112 57

833 79 913 107 VITA
929 80 1055 109 SANCTI
1073 82 1206 110 MAXIMI.

1808 90 1842 118 58

202 139 423 175 probatissimum
435 136 532 165 Christi
546 136 657 164 militem
670 135 781 164 omnino
792 135 883 170 fugere
898 136 1003 170 jactan-
1018 138 1041 167 Α
1060 140 1133 164 tante
1156 137 1257 172 populo
1268 138 1369 166 excitat
1392 139 1555 168 defunctum.
1580 141 1683 170 Adsum
1706 150 1840 178 parentes,

203 187 281 217 tiam,
297 183 390 211 maluit
403 190 465 209 eum
488 181 607 216 perferre
620 181 655 208 ad
669 180 822 208 cubiculum
845 180 913 218 ejus,
928 185 956 209 et
971 181 1000 209 in

201 230 303 259 lectulo
311 228 370 263 ejus
383 228 531 263 repositum
540 227 716 262 operimentis
727 226 797 254 illius
807 231 906 261 tegere,
922 234 1001 262 pror-

198 283 250 303 sus
260 275 331 303 conti
342 275 409 306 lens,
423 273 495 308 quod
506 273 624 300 excitare
636 279 698 300 eum
708 276 799 307 posset
808 272 932 307 precibus
944 273 1001 301 suis

205 320 326 347 medicus
339 317 496 353 spiritualis,
509 318 607 352 quippe
622 316 666 352 qui
677 317 755 351 εει-ῖς
768 317 953 345 consuevisset
963 317 1001 344 at.

203 368 275 393 terre
289 365 415 392 salutem.
431 363 494 391 Inde
505 370 569 391 vero
585 370 638 393 non
650 363 708 390 sine
718 363 803 391 multo
817 363 925 398 quidem
940 363 1001 391 ani-

206 411 241 437 mi
266 417 392 443 moerore,
410 408 456 436 sed
477 413 565 436 tamen
590 408 685 436 fiducia
708 408 823 443 plenus;
846 409 1001 444 episcopum

203 466 217 480 .I
233 456 270 482 liit
287 456 312 481 in
338 454 437 488 templo
454 454 605 487 vigilantem
630 458 657 480 et
670 458 787 481 stantem
813 453 839 480 in
863 453 924 481 loco
939 462 1000 482 suo.

207 501 242 525 tio
254 500 321 531 viso,
336 499 561 526 clementissimus
575 498 679 532 pnesttl,
695 503 722 524 ut
734 505 765 525 ea
780 505 840 532 qua:
855 503 930 532 gesta
945 498 1001 526 fue-

205 550 266 571 iztttt
282 545 440 579 explicaret,
464 544 599 570 silentium
615 543 791 577 psallentibus
806 544 921 571 indixit:
937 551 1001 579 pre-

207 591 333 624 cibusque
347 590 425 617 solita
444 589 587 616 devotione
603 590 752 623 completis,
767 589 910 617 diaconum
926 590 1000 617 illum

207 636 341 662 Ausonum
357 640 466 669 propter
481 642 511 661 ea
528 642 587 668 quze
605 634 704 661 fecerat
726 635 823 662 acriter
838 635 998 670 objurgavit.

209 682 258 707 5.-ιί
274 682 317 708 ille
333 689 386 707 non
412 682 498 707 solum
516 681 664 707 terroribus
680 681 749 715 abigi
764 689 816 708 non
832 682 929 716 potuit,
954 682 1000 710 sed

208 728 291 760 magis
316 727 396 753 etiam
423 726 512 753 animo
536 730 721 760 compunctus,
748 727 781 754 ad
797 727 878 761 pedes
901 728 959 762 ejus
972 735 1001 755 se

208 773 311 805 stravit,
338 773 551 806 exclamavitque
567 781 594 799 se
621 773 679 799 illos
708 774 816 800 minime
837 774 1000 807 laxaturum,

1052 183 1146 217 pugnis
1169 190 1218 210 sua
1244 185 1387 212 verberant
1409 190 1530 220 pectora,
1555 195 1601 214 ora
1621 188 1843 227 lacrymislusque

1052 226 1120 254 adeo
1134 228 1222 262 rigant
1235 236 1316 263 super
1340 230 1406 263 lilio,
1420 234 1448 257 ut
1462 238 1477 257 e
1499 235 1567 258 terra
1582 239 1691 266 surgere
1703 226 1755 262 non
1770 237 1843 263 valc-

1052 275 1103 304 ret,
1118 271 1180 300 licet
1194 273 1273 299 etiam
1288 273 1432 301 redivivus.
1449 274 1556 302 Interim
1571 284 1679 304 manum
1694 287 1772 307 unam
1794 289 1843 315 pa-

1053 316 1096 348 tri,
1121 316 1234 344 alteram
1250 318 1328 345 matri
1353 319 1503 353 porrigens,
1519 323 1637 348 nntantia
1654 324 1772 352 membra
1793 326 1844 353 illis

1053 361 1216 395 erigentibus
1229 363 1356 390 sustollit.
1371 364 1508 391 Acclamat
1520 367 1633 400 populus
1649 367 1705 395 Deo
1727 371 1843 403 gratias:

1061 407 1105 435 ille
1117 408 1178 434 vitae
1194 408 1324 442 reddizus,
1344 410 1377 436 ad
1391 416 1470 436 suum
1482 410 1549 437 redit
1565 412 1718 447 hospitium,
1735 415 1776 441 cui
1787 415 1844 448 jam

1053 453 1204 487 sepulcrum
1225 453 1382 488 parabatur,
1406 459 1533 489 parentes
1548 456 1696 484 incredibili
1711 459 1846 488 exsultant

1052 498 1164 532 gaudio:
1182 497 1270 525 vivere
1281 499 1428 532 hominem,
1440 500 1486 534 qui
1501 505 1624 528 mortuus
1638 502 1735 536 luerat,
1747 505 1789 531 vix
1805 505 1846 540 ip-

1053 542 1090 570 sis
1104 544 1188 571 oculis
1202 544 1258 570 suis
1273 544 1395 571 credunt.
1410 544 1481 573 Ecce
1496 550 1586 573 autem
1614 547 1688 574 canis
1702 547 1747 576 ille
1761 550 1804 583 qui
1819 554 1846 577 et

1053 590 1125 617 bttuc
1138 590 1337 618 adolescentem
1358 596 1385 618 et
1399 591 1498 618 multos
1517 592 1584 620 alios
1598 593 1702 621 infestis
1716 596 1847 623 morsibus

1054 636 1176 668 laniarat,
1194 637 1219 663 in
1244 637 1363 671 episcopi
1376 642 1550 672 conspectum
1573 639 1666 672 venit;
1695 646 1846 669 commotus

1053 682 1205 716 ερίηεοριις,
1225 681 1345 715 jrojeeto
1366 682 1471 716 baculo,
1492 684 1589 711 erectis
1603 692 1707 712 sursum
1723 688 1847 715 manibus

1053 731 1112 754 orat
1124 726 1277 759 Dominum,
1294 735 1356 754 mox
1371 726 1444 755 eﬂlat
1458 729 1485 756 in
1500 736 1605 762 canem,
1626 731 1702 765 isque
1717 732 1771 759 vita
1782 732 1845 760 des-

1054 773 1170 799 tituitur.
1184 772 1243 799 Non
1256 780 1320 800 sane
1335 773 1521 801 admirandum
1541 775 1645 802 videtur
1655 776 1764 803 beatum
1776 778 1848 812 epis-

209 818 256 844 ωμὶ
271 822 406 844 mortuum
421 818 561 849 excitaret,
579 818 671 844 dicens
685 826 745 844 cum
762 818 786 845 id
803 826 883 853 posse
906 819 1001 847 facilli-
1018 826 1040 855 Β
1053 825 1159 852 copum,
1172 819 1234 845 dum
1242 819 1291 846 sibi
1306 821 1478 848 commissum
1493 822 1566 856 cupit
1579 823 1646 850 tueri
1657 830 1776 858 gregem,
1789 825 1847 859 ejus

208 872 260 896 me,
275 863 494 897 quandoquidem
513 864 585 890 nullo
600 864 660 889 indi
672 868 733 890 ante
745 864 799 897 jam
816 865 998 899 cognovisset,

207 916 264 942 quae
279 908 313 935 de
337 916 422 942 puero
445 908 513 936 facta
529 914 627 935 essent.
652 909 774 937 llac.ille
799 910 1007 948 importunitate,

208 954 371 987 cntnpulsus,
385 958 411 979 et
425 954 528 980 ratione
540 955 709 986 constrictus,
724 963 783 983 cum
796 957 904 983 Ansano
917 957 1001 984 voluit

208 1001 238 1024 al
264 999 392 1025 lectulum
408 1007 485 1025 suum
510 1004 614 1025 secreto
638 1007 668 1026 se
689 1000 832 1027 conferre:
848 1001 894 1027 sed
910 1001 1001 1036 populi

209 1044 383 1077 frequentiam
399 1045 483 1071 vitare
496 1053 547 1071 non
564 1045 658 1078 potuit,
673 1046 787 1072 volentis
802 1049 884 1073 tanta:
900 1046 936 1073 rei
951 1048 1002 1073 mi-

204 1089 295 1115 raculo
311 1089 452 1116 interesse.
474 1089 616 1123 Postquam
633 1090 711 1123 igitur
735 1092 806 1117 venit
825 1091 858 1118 ad
874 1091 999 1119 exanime

206 1135 279 1168 pueri
293 1135 491 1169 corpusculum,
517 1135 634 1162 divinam
649 1137 731 1170 erepit
752 1141 808 1164 toto
821 1144 937 1171 corpore
949 1137 1000 1164 im-

206 1180 314 1214 plorare
341 1188 431 1214 opem,
459 1181 680 1215 apprehensoque
708 1189 769 1208 tum
798 1184 881 1209 mn!ta
905 1181 1001 1210 ﬁducia

206 1225 282 1260 pueri
298 1233 389 1257 manu,
403 1226 521 1259 pristinae
537 1234 595 1252 cuin
609 1227 685 1253 saluti
702 1228 828 1255 restituit.
837 1227 1002 1255 Exclamavit

206 1276 297 1298 autem
323 1271 439 1306 populus
463 1272 624 1299 universus:
650 1273 740 1300 Gloria
766 1273 812 1300 tibi
839 1273 931 1307 Dens;
952 1282 1003 1302 nec

203 1317 349 1352 quisquam
365 1324 458 1344 eorum
470 1316 531 1343 inde
545 1318 677 1344 removeri
688 1326 717 1344 se
730 1325 823 1352 passus
833 1323 883 1351 est,
898 1319 949 1347 nisi
962 1320 1003 1347 vi-

204 1363 284 1390 deret
298 1366 449 1389 moventem
465 1370 494 1389 se
518 1370 641 1396 puerum,
665 1370 691 1390 et
708 1363 862 1398 loquentem
886 1364 1001 1393 audiret.

208 1407 246 1434 Ex
259 1415 314 1442 quo
325 1408 415 1442 populi
430 1409 544 1435 tumultu
558 1409 600 1435 vix
618 1417 699 1443 opera
714 1410 874 1438 clericorum
888 1419 1001 1438 suorum

205 1453 239 1479 ad
255 1453 359 1487 vigilias
373 1454 463 1481 reduci
486 1454 583 1488 potuit.
607 1454 633 1480 lu
653 1454 703 1481 hoc
719 1455 850 1483 miraculo
864 1459 891 1483 et
904 1462 999 1490 magna

205 1496 313 1525 diaconi
330 1497 404 1530 fides,
417 1502 444 1525 et
459 1499 568 1525 illustris
581 1500 699 1533 episcopi
716 1500 798 1527 virtus
810 1500 917 1527 enituit.

241 1543 269 1570 9.
287 1543 370 1571 Porro
381 1545 463 1571 etiam
477 1544 616 1578 cujusdam
628 1545 714 1571 viduae
726 1545 829 1573 unicam
841 1545 922 1573 filiam
936 1546 1001 1575 ado-

206 1588 351 1616 lescentem
367 1590 465 1616 accidit
480 1597 495 1616 e
509 1590 562 1616 vita
577 1590 708 1617 decedere
722 1600 728 1623 ;
745 1597 824 1625 quam
839 1599 900 1619 eum
915 1596 1002 1620 mater

207 1635 367 1662 miserabilis
391 1636 416 1662 in
432 1636 531 1663 feretro
556 1644 604 1670 pro
626 1644 700 1663 more
715 1636 878 1664 eil'erendam
891 1645 1003 1673 compo-

206 1681 317 1713 suisset,
347 1682 379 1708 ad
403 1682 511 1709 beatum
534 1682 680 1709 antistitem
706 1682 808 1718 trcpida
835 1684 1000 1718 properavit,

207 1734 372 1761 causamque
386 1727 488 1754 doloris
512 1728 553 1754 sui
570 1728 692 1762 lacrymis
717 1728 805 1761 potius
819 1736 899 1763 quam
915 1729 1002 1756 verbis

208 1773 233 1799 ci
250 1772 386 1805 indicavit,
401 1781 482 1800 orans
497 1777 525 1799 ut
539 1773 571 1799 ad
586 1780 684 1807 corpus
698 1774 820 1800 exanime
835 1781 927 1808 preces
943 1774 1003 1801 fun-

209 1818 294 1845 deret.
323 1818 350 1844 ld
366 1826 429 1845 vero
452 1824 561 1845 sanctus
585 1819 693 1853 praesul,
720 1819 819 1853 pietate
842 1823 941 1852 motus,
954 1827 1003 1848 nec

210 1871 317 1898 negare,
334 1872 384 1891 nec
395 1864 500 1891 differre
509 1865 595 1899 potuit
608 1874 614 1897 ;
629 1864 675 1891 sed
687 1865 719 1891 ad
734 1865 847 1893 cadaver
861 1865 1001 1899 accedens,

210 1909 322 1935 sublatis
338 1909 362 1935 in
375 1909 470 1936 emittm
488 1909 609 1936 manibus
623 1929 630 1940 ,
648 1909 730 1936 Dcum
746 1917 848 1943 pronus
866 1910 1001 1945 implorat,

211 1958 238 1980 et
250 1954 311 1980 vita:
327 1954 447 1981 redditur
466 1954 609 1981 exstincta.
624 1954 770 1981 Confestim
786 1955 857 1982 enim
872 1955 928 1990 illa,
944 1959 1004 1983 tan-

210 2008 290 2034 quam
313 2000 386 2034 gravi
413 2000 499 2027 soluta
527 2008 639 2031 somno,
668 2002 883 2035 exspergiscitur,
910 2002 1004 2030 oculos

211 2045 298 2079 aperit
311 2050 500 2079 prmgravatos.
518 2046 651 2080 appellata
666 2047 761 2079 surgit,
777 2051 864 2074 mater
878 2046 936 2081 ejus
951 2047 1003 2075 im-

212 2096 306 2116 menso
322 2089 435 2116 aflicitur
456 2090 562 2123 gaudio,
579 2091 694 2125 populus
708 2091 794 2119 omnis
816 2092 1000 2127 obstupescit:

212 2135 364 2169 episcopus,
380 2136 424 2169 qui
439 2135 566 2161 virtutmn
582 2136 684 2162 meritis
700 2137 793 2164 mortis
805 2136 867 2171 jura
881 2138 1002 2166 resolve~

211 2185 262 2212 rat,
276 2181 380 2215 fugiens
390 2181 559 2215 jactantiam,
575 2182 646 2208 illico
659 2190 688 2209 se
703 2183 824 2210 subducit
838 2192 845 2209 :
859 2183 905 2210 sed
916 2191 1002 2219 popu-

213 2226 253 2252 lus
273 2227 377 2260 magnis
392 2227 502 2254 vocibus
513 2227 622 2254 laudans
636 2228 735 2260 Deum,
760 2229 902 2256 maximam
920 2230 1002 2257 vesti-

211 2273 293 2299 menti
309 2273 366 2306 ejus
380 2278 494 2308 partem,
512 2274 683 2307 reliquiarum
706 2274 765 2301 loco
779 2282 838 2301 eam
866 2274 1002 2309 habitura,

213 2318 280 2345 civili
308 2318 422 2352 quatiant
438 2319 563 2345 violentia
588 2319 680 2353 diripit
699 2325 725 2346 et
750 2320 897 2355 discerpit:
924 2321 959 2347 ita
975 2325 1004 2348 ut

213 2367 321 2397 propter
342 2362 400 2396 ejus
415 2363 590 2389 declarandas
613 2363 734 2396 virtutes,
758 2363 783 2390 id
799 2364 871 2398 quod
885 2372 955 2399 agre
969 2365 1002 2392 ad

214 2409 336 2435 humeros
352 2408 409 2442 ejus
431 2409 554 2435 relictum
569 2408 628 2440 fuit,
643 2409 771 2436 hodierna
786 2409 904 2436 lidelium
919 2410 1003 2437 devo-

215 2452 284 2479 tione
298 2457 461 2480 asservetur.

248 2497 289 2523 lO.
320 2498 542 2525 Adulescentulus
569 2499 676 2533 quidam
704 2500 788 2526 rabidi
816 2500 890 2527 canis
913 2509 1002 2528 morsu

216 2542 371 2577 przefocatus
385 2543 473 2577 periit.
488 2543 561 2570 Vidit
581 2544 606 2570 id
627 2545 750 2579 populus,
762 2544 836 2572 vadit
851 2545 883 2571 ad
898 2546 1003 2580 episco-

216 2597 287 2624 pnm,
308 2594 368 2616 orat
384 2594 412 2616 ut
424 2590 455 2615 ad
468 2590 632 2616 exstinctum
643 2591 779 2617 hominem
794 2591 895 2618 veniat.
910 2592 944 2617 At
958 2592 1002 2619 ille

216 2635 321 2669 ancipiti
338 2635 493 2668 cogitationi
519 2643 674 2669 suspensus,
689 2635 753 2661 dum
769 2635 830 2662 hinc
846 2644 898 2662 non
913 2640 1003 2671 potest

213 2681 384 2706 contemnere
406 2679 536 2715 lacrymas
550 2681 769 2713 supplicantium,
792 2680 852 2708 inde
865 2682 899 2708 ab
913 2686 1003 2709 osten-

215 2725 313 2751 tatione
335 2725 383 2751 sibi
409 2725 513 2756 metuit,
541 2725 645 2751 tandem
662 2726 762 2759 p'etate
783 2725 917 2761 vincitur;
940 2726 1003 2753 facit

213 2769 284 2806 quod
300 2770 453 2804 rogabatur,
481 2770 554 2797 venit
572 2770 606 2797 ad
620 2775 756 2798 mortuum
772 2771 917 2804 hominem,
934 2772 1002 2799 tollit

216 2823 307 2843 manus
322 2816 348 2843 in
359 2816 466 2850 cmlum,
483 2816 636 2852 pariterque
645 2816 777 2845 stillantes
788 2818 892 2852 oculos,
907 2826 1001 2853 aspec-

1014 1511 1037 1542 C

1052 864 1157 891 hostem
1174 864 1228 892 ictu
1252 866 1374 893 lethifero
1389 867 1557 901 perdidisse:
1583 876 1670 904 neque
1697 870 1722 896 id
1746 871 1844 905 gladio,

1057 914 1102 936 aut
1117 914 1219 937 armata
1233 919 1322 943 manu,
1344 912 1391 939 sed
1406 912 1469 939 ﬂatu
1483 914 1537 941 oris
1551 914 1602 941 sui.
1626 914 1710 943 Porro
1725 916 1846 950 vulnera,

1052 961 1111 987 qua:
1128 962 1148 981 c.
1160 956 1201 989 nis
1213 955 1258 982 ille
1273 955 1398 983 dentibus
1412 956 1467 984 suis
1478 957 1611 984 inﬂixerat
1625 960 1714 985 multis
1727 968 1742 987 e
1756 960 1845 994 plebe,

1053 1000 1177 1034 precibus
1191 1005 1216 1025 rt
1232 1002 1319 1029 crucis
1332 1001 1409 1035 signo
1432 1002 1500 1029 adeo
1513 1003 1617 1029 curavit
1631 1003 1730 1031 beatus
1744 1006 1847 1040 episco-

1052 1051 1113 1078 pus,
1131 1048 1159 1070 ut
1174 1045 1244 1071 nulla
1257 1053 1350 1072 eorum
1365 1046 1475 1080 vestigia
1487 1053 1661 1082 apparerent.

1090 1089 1133 1117 11.
1148 1090 1199 1117 Bos
1214 1091 1335 1125 petulans
1346 1100 1430 1119 cornu
1442 1092 1578 1120 hominem
1593 1095 1691 1122 misere
1702 1095 1846 1131 lacerarat,

1052 1134 1111 1169 ejus
1130 1135 1373 1164 etfuis‘intestinis.
1383 1137 1445 1165 Mox
1460 1137 1535 1165 illum
1549 1139 1684 1167 adducunt
1696 1141 1802 1175 quidam
1814 1141 1848 1168 ad

1053 1181 1220 1216 episcopum.
1242 1182 1266 1209 is
1286 1183 1391 1209 tametsi
1406 1183 1433 1210 in
1456 1185 1559 1212 cunctis
1581 1186 1716 1214 miraculis
1737 1188 1848 1215 timebat

1053 1225 1103 1252 sibi
1119 1233 1152 1253 ne
1167 1226 1249 1253 animi
1261 1226 1379 1255 elatione
1393 1228 1554 1262 pulsarelur,
1569 1234 1688 1257 attamen
1703 1235 1757 1258 tam
1777 1233 1847 1260 male

1052 1271 1171 1297 saucium
1185 1271 1320 1299 hominem
1333 1272 1480 1301 clementer
1493 1275 1602 1309 excipit,
1615 1275 1707 1304 calidis
1719 1277 1846 1306 fomentis

1053 1321 1115 1343 exta
1135 1317 1192 1350 ejus
1207 1318 1329 1345 manibus
1341 1318 1395 1346 suis
1409 1323 1574 1353 pertractata
1589 1321 1725 1355 confovet,
1742 1325 1848 1358 reponit

1053 1362 1079 1388 in
1096 1362 1184 1389 locum
1209 1371 1285 1390 suum
1308 1371 1357 1398 per
1370 1364 1468 1392 vulnus
1487 1373 1502 1392 a
1518 1366 1588 1393 bove
1603 1366 1743 1401 inﬂictum,
1760 1368 1846 1403 ipsum

1052 1407 1148 1434 vulnus
1162 1408 1279 1435 adhibita
1293 1409 1405 1443 spongia
1425 1410 1522 1437 leniter
1532 1411 1641 1446 obligat,
1665 1414 1736 1440 serio
1752 1414 1845 1441 horta-

1055 1456 1109 1484 tur,
1126 1460 1160 1480 ne
1173 1453 1233 1488 quis
1247 1458 1345 1487 prteter
1375 1455 1473 1489 ipsum,
1493 1455 1555 1483 illud
1578 1458 1684 1484 solvere
1698 1466 1778 1485 ausus
1802 1459 1847 1486 sit.

1053 1496 1117 1524 lude
1130 1498 1246 1531 septitno
1259 1497 1313 1530 die,
1335 1498 1460 1531 ligamina
1475 1499 1610 1533 auferens,
1628 1507 1681 1528 tam
1694 1509 1788 1529 sanum
1801 1510 1846 1530 τευ

1053 1542 1123 1576 perit
1138 1542 1284 1574 hominem,
1302 1546 1331 1568 ut
1347 1543 1392 1569 vix
1407 1543 1490 1570 ullum
1505 1544 1622 1572 vulneris
1645 1546 1751 1579 signum
1766 1547 1847 1574 relic-

1053 1593 1109 1617 tum
1123 1588 1267 1617 videretur.

1088 1634 1131 1662 12.
1156 1635 1277 1663 Teucros
1298 1636 1421 1671 corporis
1443 1637 1485 1665 sui
1510 1643 1585 1665 artus
1607 1638 1646 1666 vir
1660 1640 1846 1669 sanctissimus

1052 1685 1182 1716 perpetua
1194 1681 1273 1709 cilicii
1288 1683 1431 1717 asperitate
1444 1683 1580 1717 domabat,
1606 1693 1661 1719 quo
1675 1693 1722 1720 pro
1737 1685 1848 1715 interio-

1053 1725 1076 1752 ri
1092 1726 1180 1753 Iunica
1197 1726 1332 1761 utebatur,
1351 1735 1401 1755 nec
1417 1728 1442 1754 id
1456 1728 1544 1756 crucis
1565 1731 1653 1757 studio
1669 1739 1785 1765 unquam
1797 1731 1846 1759 de-

1053 1772 1151 1805 posuit,
1167 1772 1214 1799 sed
1230 1772 1256 1799 in
1282 1772 1328 1800 illo
1344 1774 1424 1800 etiam
1440 1782 1468 1801 se
1485 1774 1565 1808 jussit
1580 1776 1698 1810 sepeliri.
1719 1777 1845 1805 Lavacris

1054 1817 1092 1856 uti
1107 1824 1243 1851 nunquatn
1258 1818 1352 1850 voluit,
1368 1826 1401 1845 ne
1415 1819 1495 1846 animi
1507 1822 1669 1854 constantia,
1685 1829 1737 1856 qua
1753 1822 1844 1849 calca-

1053 1863 1087 1890 tis
1102 1863 1190 1889 carnis
1206 1863 1409 1891 oblectamentis
1423 1869 1450 1891 et
1471 1864 1604 1893 illecebris
1619 1867 1774 1902 martyrium
1790 1875 1846 1895 sus-

1054 1907 1164 1941 tinebat,
1181 1909 1379 1937 emollcsceret.
1403 1909 1496 1938 Cturus
1513 1910 1620 1945 quidam
1636 1912 1713 1939 annis
1731 1913 1845 1948 quinde-

1054 1953 1105 1980 cim
1121 1958 1249 1988 perpetua
1262 1953 1405 1982 damnatus
1417 1955 1541 1989 caligine,
1555 1955 1638 1982 virum
1650 1957 1846 1984 sanctissimum

1055 1999 1226 2026 continenter
1248 1999 1452 2033 deprecabatur,
1475 2005 1502 2027 ut
1531 2001 1586 2028 suis
1611 2001 1735 2036 precibus
1757 2002 1846 2030 lumen

1054 2043 1104 2078 ipsi
1124 2043 1293 2071 reformaret.
1309 2045 1361 2071 Sed
1384 2053 1407 2078 ei
1420 2045 1511 2079 iscopo
1527 2047 1578 2073 hoc
1601 2047 1635 2073 ob
1650 2047 1783 2074 vitandam
1800 2055 1846 2074 os-

1054 2088 1230 2115 tentationem
1254 2088 1402 2121 dill'erente,
1420 2089 1559 2117 Rusticum
1580 2091 1783 2123 subdiaconum,
1799 2093 1845 2127 qui

1055 2132 1080 2159 ei
1094 2132 1195 2159 servire
1208 2138 1396 2166 consueverat,
1411 2141 1498 2161 cmcus
1512 2135 1626 2167 rogavit,
1640 2139 1668 2161 ut
1680 2139 1760 2162 noctu
1776 2139 1846 2171 epis-

1056 2185 1125 2212 copo
1140 2178 1270 2206 ecclesias
1285 2179 1416 2209 visitaute,
1434 2181 1519 2213 ipsum
1535 2179 1641 2213 perduc.
1653 2181 1736 2207 retad
1752 2182 1844 2216 templi

1055 2223 1227 2256 vestibulum,
1247 2223 1318 2249 unde
1332 2223 1377 2250 ille
1391 2228 1462 2250 esset
1477 2230 1641 2257 egressurus.
1654 2224 1729 2251 Fecit
1741 2224 1846 2253 id'sub-

1055 2268 1192 2300 diaconus,
1210 2272 1237 2295 et
1250 2269 1291 2295 vir
1305 2269 1399 2296 beatus
1412 2268 1473 2295 dum
1488 2269 1545 2296 vult
1556 2269 1689 2297 excedere
1701 2277 1717 2297 e
1731 2271 1845 2306 templo,

1055 2314 1082 2341 in
1097 2321 1197 2341 ctecum
1215 2314 1325 2349 pedibus
1341 2314 1459 2342 molliter
1470 2314 1611 2349 impingit:
1627 2323 1713 2343 execus
1728 2317 1786 2351 ejus
1799 2325 1844 2344 ve-

1056 2361 1173 2388 neranda
1190 2361 1301 2395 vestigia
1315 2361 1428 2396 supplex
1443 2361 1623 2395 amplectitur,
1637 2367 1696 2389 orat
1709 2363 1795 2390 visum
1810 2364 1846 2390 si-

1055 2406 1080 2433 bi
1094 2410 1122 2433 ut
1131 2406 1262 2434 restituat.
1274 2406 1367 2440 Itaque
1378 2407 1520 2441 episcopus
1532 2407 1644 2434 fidenter
1655 2408 1779 2435 obsecrat
1794 2409 1845 2435 Do-

1055 2453 1165 2484 minum,
1181 2453 1269 2480 crucis
1287 2453 1391 2487 signum
1415 2453 1543 2487 imprimit
1557 2453 1643 2480 oculis
1667 2454 1733 2488 ejus,
1756 2458 1784 2481 et
1797 2454 1843 2481 diu

1055 2500 1187 2526 exstincta
1202 2499 1302 2525 lumina
1327 2506 1389 2526 mox
1414 2503 1583 2533 reparantur.
1598 2498 1740 2526 Osculatur
1758 2499 1844 2525 homi-

1055 2553 1116 2572 nem
1141 2545 1294 2579 episcopus,
1310 2544 1459 2571 obtestatur
1481 2548 1513 2571 ut
1527 2551 1581 2571 rem
1597 2545 1666 2579 apud
1691 2552 1720 2572 se
1735 2545 1841 2572 tacitam

1055 2591 1161 2623 habeat,
1177 2590 1248 2624 quod
1264 2594 1353 2617 tamen
1375 2590 1421 2617 illo
1436 2597 1491 2624 pra:
1505 2590 1634 2617 immensa
1656 2590 1737 2617 animi
1752 2590 1845 2617 exsul-

1056 2637 1158 2664 tatione
1173 2640 1299 2671 prmstare
1314 2643 1366 2662 nun
1382 2635 1469 2670 potuit.
1482 2643 1489 2667 ;
1513 2642 1667 2669 quanquam
1682 2634 1787 2662 etiamsi
1801 2643 1848 2662 co-

1056 2681 1112 2709 lare
1127 2681 1170 2708 ille
1184 2681 1313 2708 voluissrt
1325 2680 1396 2714 quod
1411 2685 1515 2707 secreto
1531 2679 1628 2708 factum
1643 2684 1713 2712 erat,
1727 2687 1781 2707 non
1796 2688 1842 2715 po-

1056 2726 1107 2753 tuit
1127 2731 1215 2752 tamen
1239 2733 1347 2753 manere
1361 2725 1503 2757 occultum,
1528 2724 1598 2759 quod
1621 2724 1708 2758 palam
1723 2724 1841 2751 omnium

1055 2771 1138 2799 oculis
1152 2770 1319 2798 cernebatur.
1702 2795 1706 2800 _

1093 2817 1288 2846 13.1nnutnera
1308 2821 1369 2844 sunt
1391 2814 1534 2844 beatissimi
1555 2815 1681 2844 antistitis
1704 2814 1840 2848 miracula,
