  <div class='ocr_page' id='page_1' title='image "/cluster/home/n/w/nwhite01/storage/ocr_20150623/80/hvd.32044054758842/025.png"; bbox 0 0 2016 3093; ppageno 0'>
   <div class='ocr_carea' id='block_1_1' title="bbox 156 47 1787 90">
    <p class='ocr_par' dir='ltr' id='par_1_1' title="bbox 156 47 1787 90">
     <span class='ocr_line' id='line_1_1' title="bbox 156 47 1787 90; baseline 0 -12"><span class='ocrx_word' id='word_1_1' title='bbox 156 62 190 90; x_wconf 68' lang='grc' dir='ltr'><strong>δς)</strong></span> <span class='ocrx_word' id='word_1_2' title='bbox 669 49 807 78; x_wconf 71' lang='lat' dir='ltr'><strong>ui&#39;muu</strong></span> <span class='ocrx_word' id='word_1_3' title='bbox 830 48 977 77; x_wconf 84' lang='lat' dir='ltr'><strong>PATRICII</strong></span> <span class='ocrx_word' id='word_1_4' title='bbox 1001 49 1077 76; x_wconf 75' lang='lat' dir='ltr'><strong>vrra</strong></span> <span class='ocrx_word' id='word_1_5' title='bbox 1098 49 1125 77; x_wconf 89' lang='lat' dir='ltr'><strong>s.</strong></span> <span class='ocrx_word' id='word_1_6' title='bbox 1145 47 1279 78; x_wconf 65' lang='lat' dir='ltr'><strong>Maxuu.</strong></span> <span class='ocrx_word' id='word_1_7' title='bbox 1755 62 1787 88; x_wconf 52' lang='grc' dir='ltr'><strong>ιο</strong></span> 
     </span>
    </p>
   </div>
   <div class='ocr_carea' id='block_1_2' title="bbox 160 111 1789 148">
    <p class='ocr_par' dir='ltr' id='par_1_2' title="bbox 160 111 1789 148">
     <span class='ocr_line' id='line_1_2' title="bbox 160 111 1789 148; baseline 0 -7"><span class='ocrx_word' id='word_1_8' title='bbox 160 122 210 142; x_wconf 89' lang='lat' dir='ltr'><strong>nec</strong></span> <span class='ocrx_word' id='word_1_9' title='bbox 223 117 333 148; x_wconf 90' lang='lat' dir='ltr'><strong>possunt</strong></span> <span class='ocrx_word' id='word_1_10' title='bbox 347 112 435 141; x_wconf 84' lang='lat' dir='ltr'><strong>omnia</strong></span> <span class='ocrx_word' id='word_1_11' title='bbox 459 111 677 144; x_wconf 85' lang='lat' dir='ltr'><strong>commemorari,</strong></span> <span class='ocrx_word' id='word_1_12' title='bbox 698 112 869 146; x_wconf 74' lang='lat' dir='ltr'><strong>quantumvis</strong></span> <span class='ocrx_word' id='word_1_13' title='bbox 883 118 943 146; x_wconf 88' lang='lat' dir='ltr'><strong>pro-</strong></span> <span class='ocrx_word' id='word_1_14' title='bbox 959 112 982 142; x_wconf 76' lang='grc' dir='ltr'>Α</span> <span class='ocrx_word' id='word_1_15' title='bbox 996 119 1056 139; x_wconf 92' lang='lat' dir='ltr'><strong>cum</strong></span> <span class='ocrx_word' id='word_1_16' title='bbox 1071 111 1096 138; x_wconf 94' lang='lat' dir='ltr'><strong>in</strong></span> <span class='ocrx_word' id='word_1_17' title='bbox 1110 112 1194 139; x_wconf 86' lang='lat' dir='ltr'><strong>sancti</strong></span> <span class='ocrx_word' id='word_1_18' title='bbox 1209 112 1258 139; x_wconf 86' lang='lat' dir='ltr'><strong>viri</strong></span> <span class='ocrx_word' id='word_1_19' title='bbox 1273 113 1530 141; x_wconf 86' lang='lat' dir='ltr'><strong>commemorat‘one</strong></span> <span class='ocrx_word' id='word_1_20' title='bbox 1546 113 1628 140; x_wconf 87' lang='lat' dir='ltr'><strong>multa</strong></span> <span class='ocrx_word' id='word_1_21' title='bbox 1638 113 1789 142; x_wconf 86' lang='lat' dir='ltr'><strong>referentur</strong></span> 
     </span>
    </p>
   </div>
   <div class='ocr_carea' id='block_1_3' title="bbox 162 157 949 187">
    <p class='ocr_par' dir='ltr' id='par_1_3' title="bbox 162 157 949 187">
     <span class='ocr_line' id='line_1_3' title="bbox 162 157 949 187; baseline -0.005 0"><span class='ocrx_word' id='word_1_22' title='bbox 162 161 218 187; x_wconf 76' lang='lat' dir='ltr'><strong>lixa</strong></span> <span class='ocrx_word' id='word_1_23' title='bbox 234 164 340 186; x_wconf 83' lang='lat' dir='ltr'><strong>texatur</strong></span> <span class='ocrx_word' id='word_1_24' title='bbox 358 158 455 186; x_wconf 86' lang='lat' dir='ltr'><strong>oratio.</strong></span> <span class='ocrx_word' id='word_1_25' title='bbox 478 157 646 185; x_wconf 77' lang='lat' dir='ltr'><strong>Facillimum</strong></span> <span class='ocrx_word' id='word_1_26' title='bbox 668 158 693 184; x_wconf 93' lang='lat' dir='ltr'><strong>ei</strong></span> <span class='ocrx_word' id='word_1_27' title='bbox 717 162 776 184; x_wconf 89' lang='lat' dir='ltr'><strong>erat</strong></span> <span class='ocrx_word' id='word_1_28' title='bbox 797 157 949 184; x_wconf 83' lang='lat' dir='ltr'><strong>illuminare</strong></span> 
     </span>
    </p>
   </div>
   <div class='ocr_carea' id='block_1_4' title="bbox 160 201 948 236">
    <p class='ocr_par' dir='ltr' id='par_1_4' title="bbox 160 201 948 236">
     <span class='ocr_line' id='line_1_4' title="bbox 160 201 948 236; baseline -0.005 -5"><span class='ocrx_word' id='word_1_29' title='bbox 160 212 256 236; x_wconf 64' lang='lat' dir='ltr'><strong>caseos,</strong></span> <span class='ocrx_word' id='word_1_30' title='bbox 271 211 366 230; x_wconf 87' lang='lat' dir='ltr'><strong>sanare</strong></span> <span class='ocrx_word' id='word_1_31' title='bbox 381 202 503 234; x_wconf 88' lang='lat' dir='ltr'><strong>claudos,</strong></span> <span class='ocrx_word' id='word_1_32' title='bbox 519 203 573 228; x_wconf 87' lang='lat' dir='ltr'><strong>vita</strong></span> <span class='ocrx_word' id='word_1_33' title='bbox 589 202 693 229; x_wconf 87' lang='lat' dir='ltr'><strong>functos</strong></span> <span class='ocrx_word' id='word_1_34' title='bbox 711 202 842 229; x_wconf 86' lang='lat' dir='ltr'><strong>excitare.</strong></span> <span class='ocrx_word' id='word_1_35' title='bbox 872 201 948 228; x_wconf 89' lang='lat' dir='ltr'><strong>Deni-</strong></span> 
     </span>
    </p>
   </div>
   <div class='ocr_carea' id='block_1_5' title="bbox 158 246 949 284">
    <p class='ocr_par' dir='ltr' id='par_1_5' title="bbox 158 246 949 284">
     <span class='ocr_line' id='line_1_5' title="bbox 158 246 949 284; baseline -0.004 -8"><span class='ocrx_word' id='word_1_36' title='bbox 158 256 212 284; x_wconf 86' lang='lat' dir='ltr'><strong>que</strong></span> <span class='ocrx_word' id='word_1_37' title='bbox 226 249 289 275; x_wconf 88' lang='lat' dir='ltr'><strong>nihil</strong></span> <span class='ocrx_word' id='word_1_38' title='bbox 303 255 355 274; x_wconf 88' lang='lat' dir='ltr'><strong>non</strong></span> <span class='ocrx_word' id='word_1_39' title='bbox 371 247 476 274; x_wconf 82' lang='lat' dir='ltr'><strong>efficere</strong></span> <span class='ocrx_word' id='word_1_40' title='bbox 489 252 604 282; x_wconf 83' lang='lat' dir='ltr'><strong>poterat,</strong></span> <span class='ocrx_word' id='word_1_41' title='bbox 618 247 662 280; x_wconf 92' lang='lat' dir='ltr'><strong>qui</strong></span> <span class='ocrx_word' id='word_1_42' title='bbox 679 246 745 273; x_wconf 83' lang='lat' dir='ltr'><strong>intra</strong></span> <span class='ocrx_word' id='word_1_43' title='bbox 757 254 786 273; x_wconf 86' lang='lat' dir='ltr'><strong>se</strong></span> <span class='ocrx_word' id='word_1_44' title='bbox 797 251 949 273; x_wconf 89' lang='lat' dir='ltr'><strong>manentem</strong></span> 
     </span>
    </p>
   </div>
   <div class='ocr_carea' id='block_1_6' title="bbox 160 291 950 327">
    <p class='ocr_par' dir='ltr' id='par_1_6' title="bbox 160 291 950 327">
     <span class='ocr_line' id='line_1_6' title="bbox 160 291 950 327; baseline -0.003 -7"><span class='ocrx_word' id='word_1_45' title='bbox 160 294 274 320; x_wconf 68' lang='lat' dir='ltr'><strong>habebat</strong></span> <span class='ocrx_word' id='word_1_46' title='bbox 289 292 416 327; x_wconf 77' lang='lat' dir='ltr'><strong>Spiritum</strong></span> <span class='ocrx_word' id='word_1_47' title='bbox 431 297 561 319; x_wconf 87' lang='lat' dir='ltr'><strong>sanctum.</strong></span> <span class='ocrx_word' id='word_1_48' title='bbox 579 291 683 318; x_wconf 86' lang='lat' dir='ltr'><strong>Interea</strong></span> <span class='ocrx_word' id='word_1_49' title='bbox 696 296 801 324; x_wconf 87' lang='lat' dir='ltr'><strong>autem,</strong></span> <span class='ocrx_word' id='word_1_50' title='bbox 823 292 886 319; x_wconf 88' lang='lat' dir='ltr'><strong>dum‘</strong></span> <span class='ocrx_word' id='word_1_51' title='bbox 910 296 950 319; x_wconf 93' lang='lat' dir='ltr'><strong>tot</strong></span> 
     </span>
    </p>
   </div>
   <div class='ocr_carea' id='block_1_7' title="bbox 160 336 950 371">
    <p class='ocr_par' dir='ltr' id='par_1_7' title="bbox 160 336 950 371">
     <span class='ocr_line' id='line_1_7' title="bbox 160 336 950 371; baseline 0 -7"><span class='ocrx_word' id='word_1_52' title='bbox 160 339 244 365; x_wconf 88' lang='lat' dir='ltr'><strong>claret</strong></span> <span class='ocrx_word' id='word_1_53' title='bbox 259 337 393 364; x_wconf 86' lang='lat' dir='ltr'><strong>miraculis</strong></span> <span class='ocrx_word' id='word_1_54' title='bbox 416 341 443 363; x_wconf 91' lang='lat' dir='ltr'><strong>et</strong></span> <span class='ocrx_word' id='word_1_55' title='bbox 463 336 599 363; x_wconf 82' lang='lat' dir='ltr'><strong>immensis</strong></span> <span class='ocrx_word' id='word_1_56' title='bbox 613 337 762 371; x_wconf 80' lang='lat' dir='ltr'><strong>mysteriis,</strong></span> <span class='ocrx_word' id='word_1_57' title='bbox 777 336 847 364; x_wconf 78' lang='lat' dir='ltr'><strong>diem</strong></span> <span class='ocrx_word' id='word_1_58' title='bbox 862 337 950 364; x_wconf 83' lang='lat' dir='ltr'><strong>obitus</strong></span> 
     </span>
    </p>
   </div>
   <div class='ocr_carea' id='block_1_8' title="bbox 160 380 950 415">
    <p class='ocr_par' dir='ltr' id='par_1_8' title="bbox 160 380 950 415">
     <span class='ocr_line' id='line_1_8' title="bbox 160 380 950 415; baseline 0 -7"><span class='ocrx_word' id='word_1_59' title='bbox 160 382 199 408; x_wconf 86' lang='lat' dir='ltr'><strong>sui</strong></span> <span class='ocrx_word' id='word_1_60' title='bbox 215 381 303 408; x_wconf 90' lang='lat' dir='ltr'><strong>divina</strong></span> <span class='ocrx_word' id='word_1_61' title='bbox 323 381 487 407; x_wconf 79' lang='lat' dir='ltr'><strong>revelatione</strong></span> <span class='ocrx_word' id='word_1_62' title='bbox 508 380 654 414; x_wconf 76' lang='lat' dir='ltr'><strong>cognoscit.</strong></span> <span class='ocrx_word' id='word_1_63' title='bbox 671 380 739 407; x_wconf 88' lang='lat' dir='ltr'><strong>Tum</strong></span> <span class='ocrx_word' id='word_1_64' title='bbox 762 388 826 408; x_wconf 91' lang='lat' dir='ltr'><strong>vero</strong></span> <span class='ocrx_word' id='word_1_65' title='bbox 846 381 950 415; x_wconf 80' lang='lat' dir='ltr'><strong>publice</strong></span> 
     </span>
    </p>
   </div>
   <div class='ocr_carea' id='block_1_9' title="bbox 160 425 950 460">
    <p class='ocr_par' dir='ltr' id='par_1_9' title="bbox 160 425 950 460">
     <span class='ocr_line' id='line_1_9' title="bbox 160 425 950 460; baseline -0.001 -7"><span class='ocrx_word' id='word_1_66' title='bbox 160 434 262 453; x_wconf 85' lang='lat' dir='ltr'><strong>smurua</strong></span> <span class='ocrx_word' id='word_1_67' title='bbox 277 425 381 452; x_wconf 91' lang='lat' dir='ltr'><strong>humilit</strong></span> <span class='ocrx_word' id='word_1_68' title='bbox 400 430 425 452; x_wconf 91' lang='lat' dir='ltr'><strong>te</strong></span> <span class='ocrx_word' id='word_1_69' title='bbox 440 426 473 452; x_wconf 92' lang='lat' dir='ltr'><strong>ab</strong></span> <span class='ocrx_word' id='word_1_70' title='bbox 484 426 607 453; x_wconf 82' lang='lat' dir='ltr'><strong>omnibus</strong></span> <span class='ocrx_word' id='word_1_71' title='bbox 621 426 768 458; x_wconf 76' lang='lat' dir='ltr'><strong>contendit,</strong></span> <span class='ocrx_word' id='word_1_72' title='bbox 784 430 812 452; x_wconf 92' lang='lat' dir='ltr'><strong>ut</strong></span> <span class='ocrx_word' id='word_1_73' title='bbox 823 426 870 460; x_wconf 88' lang='lat' dir='ltr'><strong>ipsi</strong></span> <span class='ocrx_word' id='word_1_74' title='bbox 887 433 950 459; x_wconf 89' lang='lat' dir='ltr'><strong>per-</strong></span> 
     </span>
    </p>
   </div>
   <div class='ocr_carea' id='block_1_10' title="bbox 160 470 951 505">
    <p class='ocr_par' dir='ltr' id='par_1_10' title="bbox 160 470 951 505">
     <span class='ocr_line' id='line_1_10' title="bbox 160 470 951 505; baseline 0 -8"><span class='ocrx_word' id='word_1_75' title='bbox 160 471 297 497; x_wconf 87' lang='lat' dir='ltr'><strong>mitterent</strong></span> <span class='ocrx_word' id='word_1_76' title='bbox 321 470 392 504; x_wconf 89' lang='lat' dir='ltr'><strong>prius</strong></span> <span class='ocrx_word' id='word_1_77' title='bbox 407 471 496 497; x_wconf 85' lang='lat' dir='ltr'><strong>natale</strong></span> <span class='ocrx_word' id='word_1_78' title='bbox 513 471 598 497; x_wconf 86' lang='lat' dir='ltr'><strong>solum</strong></span> <span class='ocrx_word' id='word_1_79' title='bbox 616 475 639 498; x_wconf 95' lang='lat' dir='ltr'><strong>el</strong></span> <span class='ocrx_word' id='word_1_80' title='bbox 657 471 820 505; x_wconf 88' lang='lat' dir='ltr'><strong>propinquos</strong></span> <span class='ocrx_word' id='word_1_81' title='bbox 837 471 951 497; x_wconf 87' lang='lat' dir='ltr'><strong>invise.e</strong></span> 
     </span>
    </p>
   </div>
   <div class='ocr_carea' id='block_1_11' title="bbox 160 515 948 550">
    <p class='ocr_par' dir='ltr' id='par_1_11' title="bbox 160 515 948 550">
     <span class='ocr_line' id='line_1_11' title="bbox 160 515 948 550; baseline 0 -7"><span class='ocrx_word' id='word_1_82' title='bbox 160 524 233 543; x_wconf 87' lang='lat' dir='ltr'><strong>suos.</strong></span> <span class='ocrx_word' id='word_1_83' title='bbox 249 515 323 548; x_wconf 84' lang='lat' dir='ltr'><strong>Quod</strong></span> <span class='ocrx_word' id='word_1_84' title='bbox 336 515 385 542; x_wconf 89' lang='lat' dir='ltr'><strong>etsi</strong></span> <span class='ocrx_word' id='word_1_85' title='bbox 401 515 452 542; x_wconf 90' lang='lat' dir='ltr'><strong>illis</strong></span> <span class='ocrx_word' id='word_1_86' title='bbox 467 523 592 550; x_wconf 84' lang='lat' dir='ltr'><strong>maguum</strong></span> <span class='ocrx_word' id='word_1_87' title='bbox 608 516 715 544; x_wconf 68' lang='lat' dir='ltr'><strong>afferret</strong></span> <span class='ocrx_word' id='word_1_88' title='bbox 728 517 808 543; x_wconf 90' lang='lat' dir='ltr'><strong>animi</strong></span> <span class='ocrx_word' id='word_1_89' title='bbox 820 517 948 550; x_wconf 85' lang='lat' dir='ltr'><strong>dolorem,</strong></span> 
     </span>
    </p>
   </div>
   <div class='ocr_carea' id='block_1_12' title="bbox 159 562 950 597">
    <p class='ocr_par' dir='ltr' id='par_1_12' title="bbox 159 562 950 597">
     <span class='ocr_line' id='line_1_12' title="bbox 159 562 950 597; baseline 0 -8"><span class='ocrx_word' id='word_1_90' title='bbox 159 567 278 590; x_wconf 91' lang='lat' dir='ltr'><strong>attamen</strong></span> <span class='ocrx_word' id='word_1_91' title='bbox 294 562 358 590; x_wconf 87' lang='lat' dir='ltr'><strong>abiit</strong></span> <span class='ocrx_word' id='word_1_92' title='bbox 370 563 414 589; x_wconf 90' lang='lat' dir='ltr'><strong>ille</strong></span> <span class='ocrx_word' id='word_1_93' title='bbox 430 562 463 588; x_wconf 91' lang='lat' dir='ltr'><strong>ad</strong></span> <span class='ocrx_word' id='word_1_94' title='bbox 477 570 549 595; x_wconf 87' lang='lat' dir='ltr'><strong>suos,</strong></span> <span class='ocrx_word' id='word_1_95' title='bbox 565 562 720 596; x_wconf 88' lang='lat' dir='ltr'><strong>obitumque</strong></span> <span class='ocrx_word' id='word_1_96' title='bbox 734 570 811 589; x_wconf 90' lang='lat' dir='ltr'><strong>suum</strong></span> <span class='ocrx_word' id='word_1_97' title='bbox 830 563 884 597; x_wconf 93' lang='lat' dir='ltr'><strong>jam</strong></span> <span class='ocrx_word' id='word_1_98' title='bbox 892 563 950 589; x_wconf 89' lang='lat' dir='ltr'><strong>.im-</strong></span> 
     </span>
    </p>
   </div>
   <div class='ocr_carea' id='block_1_13' title="bbox 161 608 950 643">
    <p class='ocr_par' dir='ltr' id='par_1_13' title="bbox 161 608 950 643">
     <span class='ocr_line' id='line_1_13' title="bbox 161 608 950 643; baseline 0 -7"><span class='ocrx_word' id='word_1_99' title='bbox 161 611 264 637; x_wconf 88' lang='lat' dir='ltr'><strong>minere</strong></span> <span class='ocrx_word' id='word_1_100' title='bbox 278 610 328 636; x_wconf 91' lang='lat' dir='ltr'><strong>illis</strong></span> <span class='ocrx_word' id='word_1_101' title='bbox 343 609 473 643; x_wconf 67' lang='lat' dir='ltr'><strong>pra-dixit.</strong></span> <span class='ocrx_word' id='word_1_102' title='bbox 490 608 582 642; x_wconf 78' lang='lat' dir='ltr'><strong>Itaque</strong></span> <span class='ocrx_word' id='word_1_103' title='bbox 594 608 709 636; x_wconf 87' lang='lat' dir='ltr'><strong>adventu</strong></span> <span class='ocrx_word' id='word_1_104' title='bbox 723 617 771 636; x_wconf 90' lang='lat' dir='ltr'><strong>suo</strong></span> <span class='ocrx_word' id='word_1_105' title='bbox 792 616 839 637; x_wconf 89' lang='lat' dir='ltr'><strong>eos</strong></span> <span class='ocrx_word' id='word_1_106' title='bbox 854 610 950 636; x_wconf 89' lang='lat' dir='ltr'><strong>mirum</strong></span> 
     </span>
    </p>
   </div>
   <div class='ocr_carea' id='block_1_14' title="bbox 161 654 950 686">
    <p class='ocr_par' dir='ltr' id='par_1_14' title="bbox 161 654 950 686">
     <span class='ocr_line' id='line_1_14' title="bbox 161 654 950 686; baseline -0.001 -3"><span class='ocrx_word' id='word_1_107' title='bbox 161 657 187 683; x_wconf 91' lang='lat' dir='ltr'><strong>in</strong></span> <span class='ocrx_word' id='word_1_108' title='bbox 215 655 325 682; x_wconf 93' lang='lat' dir='ltr'><strong>modum</strong></span> <span class='ocrx_word' id='word_1_109' title='bbox 343 655 521 686; x_wconf 78' lang='lat' dir='ltr'><strong>exhilaratos,</strong></span> <span class='ocrx_word' id='word_1_110' title='bbox 549 654 601 681; x_wconf 91' lang='lat' dir='ltr'><strong>hoc</strong></span> <span class='ocrx_word' id='word_1_111' title='bbox 615 654 767 681; x_wconf 89' lang='lat' dir='ltr'><strong>tristissimo</strong></span> <span class='ocrx_word' id='word_1_112' title='bbox 787 655 882 682; x_wconf 91' lang='lat' dir='ltr'><strong>nuntio</strong></span> <span class='ocrx_word' id='word_1_113' title='bbox 897 663 950 682; x_wconf 90' lang='lat' dir='ltr'><strong>non</strong></span> 
     </span>
    </p>
   </div>
   <div class='ocr_carea' id='block_1_15' title="bbox 161 699 950 735">
    <p class='ocr_par' dir='ltr' id='par_1_15' title="bbox 161 699 950 735">
     <span class='ocr_line' id='line_1_15' title="bbox 161 699 950 735; baseline 0 -8"><span class='ocrx_word' id='word_1_114' title='bbox 161 700 331 727; x_wconf 84' lang='lat' dir='ltr'><strong>mediocriter</strong></span> <span class='ocrx_word' id='word_1_115' title='bbox 344 699 518 733; x_wconf 82' lang='lat' dir='ltr'><strong>perturbavit.</strong></span> <span class='ocrx_word' id='word_1_116' title='bbox 535 699 567 725; x_wconf 86' lang='lat' dir='ltr'><strong>Et</strong></span> <span class='ocrx_word' id='word_1_117' title='bbox 580 707 644 727; x_wconf 86' lang='lat' dir='ltr'><strong>ecce</strong></span> <span class='ocrx_word' id='word_1_118' title='bbox 655 700 717 727; x_wconf 89' lang='lat' dir='ltr'><strong>dum</strong></span> <span class='ocrx_word' id='word_1_119' title='bbox 732 700 776 727; x_wconf 93' lang='lat' dir='ltr'><strong>ille</strong></span> <span class='ocrx_word' id='word_1_120' title='bbox 786 707 815 727; x_wconf 90' lang='lat' dir='ltr'><strong>se</strong></span> <span class='ocrx_word' id='word_1_121' title='bbox 826 704 950 735; x_wconf 85' lang='lat' dir='ltr'><strong>tanquam</strong></span> 
     </span>
    </p>
   </div>
   <div class='ocr_carea' id='block_1_16' title="bbox 160 745 952 780">
    <p class='ocr_par' dir='ltr' id='par_1_16' title="bbox 160 745 952 780">
     <span class='ocr_line' id='line_1_16' title="bbox 160 745 952 780; baseline 0.001 -9"><span class='ocrx_word' id='word_1_122' title='bbox 160 753 283 772; x_wconf 82' lang='lat' dir='ltr'><strong>somnum</strong></span> <span class='ocrx_word' id='word_1_123' title='bbox 299 749 424 779; x_wconf 88' lang='lat' dir='ltr'><strong>capturus</strong></span> <span class='ocrx_word' id='word_1_124' title='bbox 450 746 476 771; x_wconf 92' lang='lat' dir='ltr'><strong>in</strong></span> <span class='ocrx_word' id='word_1_125' title='bbox 500 745 598 772; x_wconf 83' lang='lat' dir='ltr'><strong>lectulo</strong></span> <span class='ocrx_word' id='word_1_126' title='bbox 613 745 733 778; x_wconf 84' lang='lat' dir='ltr'><strong>reponit,</strong></span> <span class='ocrx_word' id='word_1_127' title='bbox 750 745 820 772; x_wconf 89' lang='lat' dir='ltr'><strong>inter</strong></span> <span class='ocrx_word' id='word_1_128' title='bbox 837 746 952 780; x_wconf 78' lang='lat' dir='ltr'><strong>psallen-</strong></span> 
     </span>
    </p>
   </div>
   <div class='ocr_carea' id='block_1_17' title="bbox 999 157 1788 194">
    <p class='ocr_par' dir='ltr' id='par_1_17' title="bbox 999 157 1788 194">
     <span class='ocr_line' id='line_1_17' title="bbox 999 157 1788 194; baseline 0.003 -8"><span class='ocrx_word' id='word_1_129' title='bbox 999 165 1014 186; x_wconf 86' lang='lat' dir='ltr'><strong>a</strong></span> <span class='ocrx_word' id='word_1_130' title='bbox 1029 157 1133 190; x_wconf 88' lang='lat' dir='ltr'><strong>multis,</strong></span> <span class='ocrx_word' id='word_1_131' title='bbox 1160 157 1279 186; x_wconf 89' lang='lat' dir='ltr'><strong>Cariatto</strong></span> <span class='ocrx_word' id='word_1_132' title='bbox 1303 159 1495 191; x_wconf 84' lang='lat' dir='ltr'><strong>subdiaconus.</strong></span> <span class='ocrx_word' id='word_1_133' title='bbox 1517 160 1572 187; x_wconf 79' lang='lat' dir='ltr'><strong>vita</strong></span> <span class='ocrx_word' id='word_1_134' title='bbox 1593 161 1788 194; x_wconf 69' lang='lat' dir='ltr'><strong>sanctissimus,</strong></span> 
     </span>
    </p>
   </div>
   <div class='ocr_carea' id='block_1_18' title="bbox 999 202 1788 238">
    <p class='ocr_par' dir='ltr' id='par_1_18' title="bbox 999 202 1788 238">
     <span class='ocr_line' id='line_1_18' title="bbox 999 202 1788 238; baseline 0.005 -10"><span class='ocrx_word' id='word_1_135' title='bbox 999 202 1104 236; x_wconf 89' lang='lat' dir='ltr'><strong>publice</strong></span> <span class='ocrx_word' id='word_1_136' title='bbox 1125 203 1181 230; x_wconf 64' lang='lat' dir='ltr'><strong>haec</strong></span> <span class='ocrx_word' id='word_1_137' title='bbox 1195 207 1307 231; x_wconf 90' lang='lat' dir='ltr'><strong>testatus</strong></span> <span class='ocrx_word' id='word_1_138' title='bbox 1330 208 1370 231; x_wconf 90' lang='lat' dir='ltr'><strong>est</strong></span> <span class='ocrx_word' id='word_1_139' title='bbox 1392 213 1399 231; x_wconf 72' lang='grc' dir='ltr'>ε</span> <span class='ocrx_word' id='word_1_140' title='bbox 1425 204 1508 231; x_wconf 84' lang='lat' dir='ltr'><strong>Nemo</strong></span> <span class='ocrx_word' id='word_1_141' title='bbox 1532 209 1653 232; x_wconf 89' lang='lat' dir='ltr'><strong>nostrum</strong></span> <span class='ocrx_word' id='word_1_142' title='bbox 1676 204 1788 238; x_wconf 80' lang='lat' dir='ltr'><strong>dubitet,</strong></span> 
     </span>
    </p>
   </div>
   <div class='ocr_carea' id='block_1_19' title="bbox 999 246 1790 283">
    <p class='ocr_par' dir='ltr' id='par_1_19' title="bbox 999 246 1790 283">
     <span class='ocr_line' id='line_1_19' title="bbox 999 246 1790 283; baseline 0.004 -11"><span class='ocrx_word' id='word_1_143' title='bbox 999 246 1099 281; x_wconf 84' lang='lat' dir='ltr'><strong>inquit,</strong></span> <span class='ocrx_word' id='word_1_144' title='bbox 1115 247 1296 274; x_wconf 87' lang='lat' dir='ltr'><strong>beatissimum</strong></span> <span class='ocrx_word' id='word_1_145' title='bbox 1318 247 1461 275; x_wconf 85' lang='lat' dir='ltr'><strong>Maximum</strong></span> <span class='ocrx_word' id='word_1_146' title='bbox 1474 268 1480 280; x_wconf 94' lang='lat'><strong>,</strong></span> <span class='ocrx_word' id='word_1_147' title='bbox 1502 249 1536 275; x_wconf 92' lang='lat' dir='ltr'><strong>de</strong></span> <span class='ocrx_word' id='word_1_148' title='bbox 1551 248 1627 283; x_wconf 89' lang='lat' dir='ltr'><strong>cujus</strong></span> <span class='ocrx_word' id='word_1_149' title='bbox 1649 249 1790 276; x_wconf 82' lang='lat' dir='ltr'><strong>virtutibus</strong></span> 
     </span>
    </p>
   </div>
   <div class='ocr_carea' id='block_1_20' title="bbox 1001 292 1790 326">
    <p class='ocr_par' dir='ltr' id='par_1_20' title="bbox 1001 292 1790 326">
     <span class='ocr_line' id='line_1_20' title="bbox 1001 292 1790 326; baseline 0.004 -9"><span class='ocrx_word' id='word_1_150' title='bbox 1001 294 1054 317; x_wconf 82' lang='lat' dir='ltr'><strong>tam</strong></span> <span class='ocrx_word' id='word_1_151' title='bbox 1068 292 1169 324; x_wconf 89' lang='lat' dir='ltr'><strong>multa,</strong></span> <span class='ocrx_word' id='word_1_152' title='bbox 1183 296 1344 326; x_wconf 71' lang='lat' dir='ltr'><strong>suggerente</strong></span> <span class='ocrx_word' id='word_1_153' title='bbox 1363 293 1490 325; x_wconf 82' lang='lat' dir='ltr'><strong>veritate,</strong></span> <span class='ocrx_word' id='word_1_154' title='bbox 1517 293 1653 325; x_wconf 87' lang='lat' dir='ltr'><strong>feruntur,</strong></span> <span class='ocrx_word' id='word_1_155' title='bbox 1677 301 1738 320; x_wconf 92' lang='lat' dir='ltr'><strong>cum</strong></span> <span class='ocrx_word' id='word_1_156' title='bbox 1763 294 1790 320; x_wconf 90' lang='lat' dir='ltr'><strong>in</strong></span> 
     </span>
    </p>
   </div>
   <div class='ocr_carea' id='block_1_21' title="bbox 999 337 1791 373">
    <p class='ocr_par' dir='ltr' id='par_1_21' title="bbox 999 337 1791 373">
     <span class='ocr_line' id='line_1_21' title="bbox 999 337 1791 373; baseline 0.003 -10"><span class='ocrx_word' id='word_1_157' title='bbox 999 338 1107 364; x_wconf 89' lang='lat' dir='ltr'><strong>mortali</strong></span> <span class='ocrx_word' id='word_1_158' title='bbox 1131 337 1241 372; x_wconf 87' lang='lat' dir='ltr'><strong>degeret</strong></span> <span class='ocrx_word' id='word_1_159' title='bbox 1266 345 1398 372; x_wconf 88' lang='lat' dir='ltr'><strong>corpore,</strong></span> <span class='ocrx_word' id='word_1_160' title='bbox 1423 346 1476 365; x_wconf 93' lang='lat' dir='ltr'><strong>non</strong></span> <span class='ocrx_word' id='word_1_161' title='bbox 1501 339 1588 366; x_wconf 88' lang='lat' dir='ltr'><strong>minus</strong></span> <span class='ocrx_word' id='word_1_162' title='bbox 1610 346 1671 366; x_wconf 92' lang='lat' dir='ltr'><strong>cum</strong></span> <span class='ocrx_word' id='word_1_163' title='bbox 1689 338 1791 373; x_wconf 82' lang='lat' dir='ltr'><strong>angelis</strong></span> 
     </span>
    </p>
   </div>
   <div class='ocr_carea' id='block_1_22' title="bbox 1000 382 1790 417">
    <p class='ocr_par' dir='ltr' id='par_1_22' title="bbox 1000 382 1790 417">
     <span class='ocr_line' id='line_1_22' title="bbox 1000 382 1790 417; baseline 0.003 -9"><span class='ocrx_word' id='word_1_164' title='bbox 1000 389 1079 416; x_wconf 88' lang='lat' dir='ltr'><strong>quam</strong></span> <span class='ocrx_word' id='word_1_165' title='bbox 1108 390 1168 409; x_wconf 91' lang='lat' dir='ltr'><strong>cum</strong></span> <span class='ocrx_word' id='word_1_166' title='bbox 1194 382 1349 410; x_wconf 90' lang='lat' dir='ltr'><strong>hominibus</strong></span> <span class='ocrx_word' id='word_1_167' title='bbox 1366 387 1500 411; x_wconf 86' lang='lat' dir='ltr'><strong>versatum</strong></span> <span class='ocrx_word' id='word_1_168' title='bbox 1521 391 1587 411; x_wconf 90' lang='lat' dir='ltr'><strong>esse.</strong></span> <span class='ocrx_word' id='word_1_169' title='bbox 1612 384 1695 417; x_wconf 84' lang='lat' dir='ltr'><strong>Quem</strong></span> <span class='ocrx_word' id='word_1_170' title='bbox 1719 384 1790 411; x_wconf 87' lang='lat' dir='ltr'><strong>enim</strong></span> 
     </span>
    </p>
   </div>
   <div class='ocr_carea' id='block_1_23' title="bbox 999 426 1791 464">
    <p class='ocr_par' dir='ltr' id='par_1_23' title="bbox 999 426 1791 464">
     <span class='ocr_line' id='line_1_23' title="bbox 999 426 1791 464; baseline 0.004 -11"><span class='ocrx_word' id='word_1_171' title='bbox 999 426 1139 454; x_wconf 86' lang='lat' dir='ltr'><strong>nobiscqu</strong></span> <span class='ocrx_word' id='word_1_172' title='bbox 1154 427 1262 454; x_wconf 59' lang='lat' dir='ltr'><strong>teni-bat</strong></span> <span class='ocrx_word' id='word_1_173' title='bbox 1284 428 1399 454; x_wconf 88' lang='lat' dir='ltr'><strong>humana</strong></span> <span class='ocrx_word' id='word_1_174' title='bbox 1414 428 1546 460; x_wconf 87' lang='lat' dir='ltr'><strong>conditio,</strong></span> <span class='ocrx_word' id='word_1_175' title='bbox 1562 436 1623 455; x_wconf 90' lang='lat' dir='ltr'><strong>eum</strong></span> <span class='ocrx_word' id='word_1_176' title='bbox 1637 429 1722 456; x_wconf 87' lang='lat' dir='ltr'><strong>beatis</strong></span> <span class='ocrx_word' id='word_1_177' title='bbox 1735 429 1791 464; x_wconf 90' lang='lat' dir='ltr'><strong>spi-</strong></span> 
     </span>
    </p>
   </div>
   <div class='ocr_carea' id='block_1_24' title="bbox 1000 472 1789 508">
    <p class='ocr_par' dir='ltr' id='par_1_24' title="bbox 1000 472 1789 508">
     <span class='ocr_line' id='line_1_24' title="bbox 1000 472 1789 508; baseline 0.005 -10"><span class='ocrx_word' id='word_1_178' title='bbox 1000 472 1094 499; x_wconf 82' lang='lat' dir='ltr'><strong>ritibus</strong></span> <span class='ocrx_word' id='word_1_179' title='bbox 1127 473 1263 500; x_wconf 85' lang='lat' dir='ltr'><strong>assiduum</strong></span> <span class='ocrx_word' id='word_1_180' title='bbox 1297 474 1442 501; x_wconf 85' lang='lat' dir='ltr'><strong>exhibebat</strong></span> <span class='ocrx_word' id='word_1_181' title='bbox 1477 474 1592 508; x_wconf 82' lang='lat' dir='ltr'><strong>dignitas</strong></span> <span class='ocrx_word' id='word_1_182' title='bbox 1623 476 1789 502; x_wconf 89' lang='lat' dir='ltr'><strong>meritorum.</strong></span> 
     </span>
    </p>
   </div>
   <div class='ocr_carea' id='block_1_25' title="bbox 1000 517 1791 550">
    <p class='ocr_par' dir='ltr' id='par_1_25' title="bbox 1000 517 1791 550">
     <span class='ocr_line' id='line_1_25' title="bbox 1000 517 1791 550; baseline 0.006 -7"><span class='ocrx_word' id='word_1_183' title='bbox 1000 517 1120 550; x_wconf 89' lang='lat' dir='ltr'><strong>Quadam</strong></span> <span class='ocrx_word' id='word_1_184' title='bbox 1134 522 1220 550; x_wconf 88' lang='lat' dir='ltr'><strong>nocte,</strong></span> <span class='ocrx_word' id='word_1_185' title='bbox 1236 519 1391 546; x_wconf 87' lang='lat' dir='ltr'><strong>imminente</strong></span> <span class='ocrx_word' id='word_1_186' title='bbox 1406 520 1579 547; x_wconf 87' lang='lat' dir='ltr'><strong>celeberrima</strong></span> <span class='ocrx_word' id='word_1_187' title='bbox 1592 521 1662 548; x_wconf 89' lang='lat' dir='ltr'><strong>beati</strong></span> <span class='ocrx_word' id='word_1_188' title='bbox 1678 521 1791 548; x_wconf 72' lang='lat' dir='ltr'><strong>Andrea:</strong></span> 
     </span>
    </p>
   </div>
   <div class='ocr_carea' id='block_1_26' title="bbox 1000 565 1791 602">
    <p class='ocr_par' dir='ltr' id='par_1_26' title="bbox 1000 565 1791 602">
     <span class='ocr_line' id='line_1_26' title="bbox 1000 565 1791 602; baseline 0.006 -12"><span class='ocrx_word' id='word_1_189' title='bbox 1000 565 1171 593; x_wconf 86' lang='lat' dir='ltr'><strong>solemnitate</strong></span> <span class='ocrx_word' id='word_1_190' title='bbox 1181 587 1189 599; x_wconf 93' lang='lat'><strong>,</strong></span> <span class='ocrx_word' id='word_1_191' title='bbox 1204 574 1264 593; x_wconf 93' lang='lat' dir='ltr'><strong>cum</strong></span> <span class='ocrx_word' id='word_1_192' title='bbox 1280 567 1421 601; x_wconf 87' lang='lat' dir='ltr'><strong>deputatus</strong></span> <span class='ocrx_word' id='word_1_193' title='bbox 1441 575 1490 601; x_wconf 91' lang='lat' dir='ltr'><strong>ego</strong></span> <span class='ocrx_word' id='word_1_194' title='bbox 1503 575 1588 595; x_wconf 89' lang='lat' dir='ltr'><strong>essem</strong></span> <span class='ocrx_word' id='word_1_195' title='bbox 1598 588 1605 600; x_wconf 93' lang='lat'><strong>,</strong></span> <span class='ocrx_word' id='word_1_196' title='bbox 1621 568 1666 602; x_wconf 92' lang='lat' dir='ltr'><strong>qui</strong></span> <span class='ocrx_word' id='word_1_197' title='bbox 1680 567 1712 595; x_wconf 93' lang='lat' dir='ltr'><strong>ad</strong></span> <span class='ocrx_word' id='word_1_198' title='bbox 1724 568 1791 602; x_wconf 81' lang='lat' dir='ltr'><strong>vigi-</strong></span> 
     </span>
    </p>
   </div>
   <div class='ocr_carea' id='block_1_27' title="bbox 1001 608 1792 646">
    <p class='ocr_par' dir='ltr' id='par_1_27' title="bbox 1001 608 1792 646">
     <span class='ocr_line' id='line_1_27' title="bbox 1001 608 1792 646; baseline 0.005 -11"><span class='ocrx_word' id='word_1_199' title='bbox 1001 608 1049 635; x_wconf 88' lang='lat' dir='ltr'><strong>lias</strong></span> <span class='ocrx_word' id='word_1_200' title='bbox 1067 610 1223 641; x_wconf 84' lang='lat' dir='ltr'><strong>excitarem,</strong></span> <span class='ocrx_word' id='word_1_201' title='bbox 1239 615 1265 637; x_wconf 90' lang='lat' dir='ltr'><strong>et</strong></span> <span class='ocrx_word' id='word_1_202' title='bbox 1284 611 1370 644; x_wconf 92' lang='lat' dir='ltr'><strong>primo</strong></span> <span class='ocrx_word' id='word_1_203' title='bbox 1386 611 1471 638; x_wconf 89' lang='lat' dir='ltr'><strong>noctis</strong></span> <span class='ocrx_word' id='word_1_204' title='bbox 1486 617 1605 646; x_wconf 88' lang='lat' dir='ltr'><strong>tempore</strong></span> <span class='ocrx_word' id='word_1_205' title='bbox 1625 612 1736 639; x_wconf 91' lang='lat' dir='ltr'><strong>blandus</strong></span> <span class='ocrx_word' id='word_1_206' title='bbox 1749 620 1792 639; x_wconf 88' lang='lat' dir='ltr'><strong>me</strong></span> 
     </span>
    </p>
   </div>
   <div class='ocr_carea' id='block_1_28' title="bbox 1000 652 1792 691">
    <p class='ocr_par' dir='ltr' id='par_1_28' title="bbox 1000 652 1792 691">
     <span class='ocr_line' id='line_1_28' title="bbox 1000 652 1792 691; baseline 0.005 -12"><span class='ocrx_word' id='word_1_207' title='bbox 1000 652 1143 680; x_wconf 90' lang='lat' dir='ltr'><strong>sollicitum</strong></span> <span class='ocrx_word' id='word_1_208' title='bbox 1165 655 1341 689; x_wconf 82' lang='lat' dir='ltr'><strong>oppressisset</strong></span> <span class='ocrx_word' id='word_1_209' title='bbox 1371 663 1497 687; x_wconf 90' lang='lat' dir='ltr'><strong>somnus,</strong></span> <span class='ocrx_word' id='word_1_210' title='bbox 1523 656 1613 684; x_wconf 89' lang='lat' dir='ltr'><strong>dulces</strong></span> <span class='ocrx_word' id='word_1_211' title='bbox 1623 657 1792 691; x_wconf 87' lang='lat' dir='ltr'><strong>psallentium</strong></span> 
     </span>
    </p>
   </div>
   <div class='ocr_carea' id='block_1_29' title="bbox 1003 698 1792 737">
    <p class='ocr_par' dir='ltr' id='par_1_29' title="bbox 1003 698 1792 737">
     <span class='ocr_line' id='line_1_29' title="bbox 1003 698 1792 737; baseline 0.005 -12"><span class='ocrx_word' id='word_1_212' title='bbox 1003 698 1092 725; x_wconf 86' lang='lat' dir='ltr'><strong>audivi</strong></span> <span class='ocrx_word' id='word_1_213' title='bbox 1113 699 1260 732; x_wconf 84' lang='lat' dir='ltr'><strong>melodias;</strong></span> <span class='ocrx_word' id='word_1_214' title='bbox 1284 708 1402 735; x_wconf 82' lang='lat' dir='ltr'><strong>moxque</strong></span> <span class='ocrx_word' id='word_1_215' title='bbox 1422 702 1569 735; x_wconf 90' lang='lat' dir='ltr'><strong>excitatus,</strong></span> <span class='ocrx_word' id='word_1_216' title='bbox 1592 709 1644 729; x_wconf 93' lang='lat' dir='ltr'><strong>non</strong></span> <span class='ocrx_word' id='word_1_217' title='bbox 1659 702 1716 729; x_wconf 90' lang='lat' dir='ltr'><strong>sine</strong></span> <span class='ocrx_word' id='word_1_218' title='bbox 1729 710 1792 737; x_wconf 89' lang='lat' dir='ltr'><strong>per-</strong></span> 
     </span>
    </p>
   </div>
   <div class='ocr_carea' id='block_1_30' title="bbox 1003 744 1793 782">
    <p class='ocr_par' dir='ltr' id='par_1_30' title="bbox 1003 744 1793 782">
     <span class='ocr_line' id='line_1_30' title="bbox 1003 744 1793 782; baseline 0.006 -12"><span class='ocrx_word' id='word_1_219' title='bbox 1003 744 1154 772; x_wconf 84' lang='lat' dir='ltr'><strong>turbatione</strong></span> <span class='ocrx_word' id='word_1_220' title='bbox 1168 745 1250 772; x_wconf 87' lang='lat' dir='ltr'><strong>multa</strong></span> <span class='ocrx_word' id='word_1_221' title='bbox 1262 753 1277 773; x_wconf 88' lang='lat' dir='ltr'><strong>e</strong></span> <span class='ocrx_word' id='word_1_222' title='bbox 1292 745 1363 772; x_wconf 89' lang='lat' dir='ltr'><strong>lecto</strong></span> <span class='ocrx_word' id='word_1_223' title='bbox 1378 753 1421 773; x_wconf 92' lang='lat' dir='ltr'><strong>me</strong></span> <span class='ocrx_word' id='word_1_224' title='bbox 1434 746 1570 781; x_wconf 89' lang='lat' dir='ltr'><strong>proripui,</strong></span> <span class='ocrx_word' id='word_1_225' title='bbox 1586 746 1657 781; x_wconf 91' lang='lat' dir='ltr'><strong>quod</strong></span> <span class='ocrx_word' id='word_1_226' title='bbox 1670 751 1793 782; x_wconf 81' lang='lat' dir='ltr'><strong>putarem</strong></span> 
     </span>
    </p>
   </div>
   <div class='ocr_carea' id='block_1_31' title="bbox 160 790 1793 826">
    <p class='ocr_par' dir='ltr' id='par_1_31' title="bbox 160 790 1793 826">
     <span class='ocr_line' id='line_1_31' title="bbox 160 790 1793 826; baseline 0.001 -9"><span class='ocrx_word' id='word_1_227' title='bbox 160 794 223 818; x_wconf 82' lang='lat' dir='ltr'><strong>dum</strong></span> <span class='ocrx_word' id='word_1_228' title='bbox 246 791 296 818; x_wconf 86' lang='lat' dir='ltr'><strong>sub</strong></span> <span class='ocrx_word' id='word_1_229' title='bbox 321 791 410 818; x_wconf 89' lang='lat' dir='ltr'><strong>officio</strong></span> <span class='ocrx_word' id='word_1_230' title='bbox 433 790 538 822; x_wconf 89' lang='lat' dir='ltr'><strong>divino,</strong></span> <span class='ocrx_word' id='word_1_231' title='bbox 560 794 709 817; x_wconf 80' lang='lat' dir='ltr'><strong>extremum</strong></span> <span class='ocrx_word' id='word_1_232' title='bbox 730 790 841 817; x_wconf 87' lang='lat' dir='ltr'><strong>halitum</strong></span> <span class='ocrx_word' id='word_1_233' title='bbox 867 790 949 824; x_wconf 83' lang='lat' dir='ltr'><strong>afﬂat,</strong></span> <span class='ocrx_word' id='word_1_234' title='bbox 968 793 1046 822; x_wconf 80' lang='lat' dir='ltr'><strong>Bme</strong></span> <span class='ocrx_word' id='word_1_235' title='bbox 1058 794 1237 824; x_wconf 63' lang='lat' dir='ltr'><strong>opportunam</strong></span> <span class='ocrx_word' id='word_1_236' title='bbox 1260 791 1395 818; x_wconf 78' lang='lat' dir='ltr'><strong>excitandi</strong></span> <span class='ocrx_word' id='word_1_237' title='bbox 1416 795 1521 825; x_wconf 84' lang='lat' dir='ltr'><strong>tempus</strong></span> <span class='ocrx_word' id='word_1_238' title='bbox 1544 791 1703 826; x_wconf 78' lang='lat' dir='ltr'><strong>neglexisse.</strong></span> <span class='ocrx_word' id='word_1_239' title='bbox 1725 791 1793 819; x_wconf 92' lang='lat' dir='ltr'><strong>Tum</strong></span> 
     </span>
    </p>
   </div>
   <div class='ocr_carea' id='block_1_32' title="bbox 161 835 953 871">
    <p class='ocr_par' dir='ltr' id='par_1_32' title="bbox 161 835 953 871">
     <span class='ocr_line' id='line_1_32' title="bbox 161 835 953 871; baseline -0.001 -8"><span class='ocrx_word' id='word_1_240' title='bbox 161 837 327 871; x_wconf 83' lang='lat' dir='ltr'><strong>feliciterque</strong></span> <span class='ocrx_word' id='word_1_241' title='bbox 356 836 515 869; x_wconf 78' lang='lat' dir='ltr'><strong>commigrat</strong></span> <span class='ocrx_word' id='word_1_242' title='bbox 539 835 566 862; x_wconf 91' lang='lat' dir='ltr'><strong>in</strong></span> <span class='ocrx_word' id='word_1_243' title='bbox 591 835 675 863; x_wconf 56' lang='lat' dir='ltr'><strong>caelos</strong></span> <span class='ocrx_word' id='word_1_244' title='bbox 698 836 792 870; x_wconf 93' lang='lat' dir='ltr'><strong>quinto</strong></span> <span class='ocrx_word' id='word_1_245' title='bbox 820 835 953 862; x_wconf 81' lang='lat' dir='ltr'><strong>Kalendas</strong></span> 
     </span>
    </p>
   </div>
   <div class='ocr_carea' id='block_1_33' title="bbox 162 881 953 916">
    <p class='ocr_par' dir='ltr' id='par_1_33' title="bbox 162 881 953 916">
     <span class='ocr_line' id='line_1_33' title="bbox 162 881 953 916; baseline -0.004 -6"><span class='ocrx_word' id='word_1_246' title='bbox 162 883 330 916; x_wconf 82' lang='lat' dir='ltr'><strong>Decembris,</strong></span> <span class='ocrx_word' id='word_1_247' title='bbox 356 886 428 909; x_wconf 88' lang='lat' dir='ltr'><strong>tanta</strong></span> <span class='ocrx_word' id='word_1_248' title='bbox 452 885 541 908; x_wconf 86' lang='lat' dir='ltr'><strong>autem</strong></span> <span class='ocrx_word' id='word_1_249' title='bbox 556 881 606 908; x_wconf 92' lang='lat' dir='ltr'><strong>illis</strong></span> <span class='ocrx_word' id='word_1_250' title='bbox 622 885 677 907; x_wconf 88' lang='lat' dir='ltr'><strong>tum</strong></span> <span class='ocrx_word' id='word_1_251' title='bbox 698 881 848 908; x_wconf 83' lang='lat' dir='ltr'><strong>suavissimi</strong></span> <span class='ocrx_word' id='word_1_252' title='bbox 864 881 953 907; x_wconf 91' lang='lat' dir='ltr'><strong>odoris</strong></span> 
     </span>
    </p>
   </div>
   <div class='ocr_carea' id='block_1_34' title="bbox 161 925 953 962">
    <p class='ocr_par' dir='ltr' id='par_1_34' title="bbox 161 925 953 962">
     <span class='ocr_line' id='line_1_34' title="bbox 161 925 953 962; baseline -0.001 -8"><span class='ocrx_word' id='word_1_253' title='bbox 161 928 238 962; x_wconf 90' lang='lat' dir='ltr'><strong>copia</strong></span> <span class='ocrx_word' id='word_1_254' title='bbox 263 927 379 960; x_wconf 83' lang='lat' dir='ltr'><strong>exstitit,</strong></span> <span class='ocrx_word' id='word_1_255' title='bbox 394 935 426 954; x_wconf 90' lang='lat' dir='ltr'><strong>ac</strong></span> <span class='ocrx_word' id='word_1_256' title='bbox 449 927 471 954; x_wconf 89' lang='lat' dir='ltr'><strong>si</strong></span> <span class='ocrx_word' id='word_1_257' title='bbox 486 926 602 953; x_wconf 84' lang='lat' dir='ltr'><strong>universi</strong></span> <span class='ocrx_word' id='word_1_258' title='bbox 626 925 705 953; x_wconf 87' lang='lat' dir='ltr'><strong>ﬂores</strong></span> <span class='ocrx_word' id='word_1_259' title='bbox 728 926 801 953; x_wconf 92' lang='lat' dir='ltr'><strong>verni</strong></span> <span class='ocrx_word' id='word_1_260' title='bbox 825 926 953 960; x_wconf 83' lang='lat' dir='ltr'><strong>temporis</strong></span> 
     </span>
    </p>
   </div>
   <div class='ocr_carea' id='block_1_35' title="bbox 162 970 953 1006">
    <p class='ocr_par' dir='ltr' id='par_1_35' title="bbox 162 970 953 1006">
     <span class='ocr_line' id='line_1_35' title="bbox 162 970 953 1006; baseline -0.004 -6"><span class='ocrx_word' id='word_1_261' title='bbox 162 981 223 1000; x_wconf 90' lang='lat' dir='ltr'><strong>eum</strong></span> <span class='ocrx_word' id='word_1_262' title='bbox 239 973 264 999; x_wconf 90' lang='lat' dir='ltr'><strong>in</strong></span> <span class='ocrx_word' id='word_1_263' title='bbox 281 973 369 1000; x_wconf 90' lang='lat' dir='ltr'><strong>locum</strong></span> <span class='ocrx_word' id='word_1_264' title='bbox 382 971 542 1006; x_wconf 88' lang='lat' dir='ltr'><strong>comportati</strong></span> <span class='ocrx_word' id='word_1_265' title='bbox 562 976 661 998; x_wconf 84' lang='lat' dir='ltr'><strong>essent.</strong></span> <span class='ocrx_word' id='word_1_266' title='bbox 687 970 781 998; x_wconf 84' lang='lat' dir='ltr'><strong>Obitus</strong></span> <span class='ocrx_word' id='word_1_267' title='bbox 803 971 860 1005; x_wconf 87' lang='lat' dir='ltr'><strong>ejus</strong></span> <span class='ocrx_word' id='word_1_268' title='bbox 884 970 953 998; x_wconf 88' lang='lat' dir='ltr'><strong>fama</strong></span> 
     </span>
    </p>
   </div>
   <div class='ocr_carea' id='block_1_36' title="bbox 162 1015 953 1050">
    <p class='ocr_par' dir='ltr' id='par_1_36' title="bbox 162 1015 953 1050">
     <span class='ocr_line' id='line_1_36' title="bbox 162 1015 953 1050; baseline -0.003 -6"><span class='ocrx_word' id='word_1_269' title='bbox 162 1018 240 1045; x_wconf 87' lang='lat' dir='ltr'><strong>velox</strong></span> <span class='ocrx_word' id='word_1_270' title='bbox 255 1025 308 1044; x_wconf 94' lang='lat' dir='ltr'><strong>non</strong></span> <span class='ocrx_word' id='word_1_271' title='bbox 322 1017 401 1044; x_wconf 90' lang='lat' dir='ltr'><strong>modo</strong></span> <span class='ocrx_word' id='word_1_272' title='bbox 416 1017 509 1044; x_wconf 90' lang='lat' dir='ltr'><strong>urbem</strong></span> <span class='ocrx_word' id='word_1_273' title='bbox 520 1036 526 1048; x_wconf 90' lang='lat'><strong>,</strong></span> <span class='ocrx_word' id='word_1_274' title='bbox 549 1015 596 1043; x_wconf 87' lang='lat' dir='ltr'><strong>sed</strong></span> <span class='ocrx_word' id='word_1_275' title='bbox 612 1015 704 1043; x_wconf 90' lang='lat' dir='ltr'><strong>orbem</strong></span> <span class='ocrx_word' id='word_1_276' title='bbox 727 1016 871 1050; x_wconf 86' lang='lat' dir='ltr'><strong>complevit</strong></span> <span class='ocrx_word' id='word_1_277' title='bbox 892 1015 953 1045; x_wconf 80' lang='lat' dir='ltr'><strong>uni.-</strong></span> 
     </span>
    </p>
   </div>
   <div class='ocr_carea' id='block_1_37' title="bbox 162 1061 953 1097">
    <p class='ocr_par' dir='ltr' id='par_1_37' title="bbox 162 1061 953 1097">
     <span class='ocr_line' id='line_1_37' title="bbox 162 1061 953 1097; baseline -0.001 -7"><span class='ocrx_word' id='word_1_278' title='bbox 162 1071 278 1090; x_wconf 88' lang='lat' dir='ltr'><strong>versum.</strong></span> <span class='ocrx_word' id='word_1_279' title='bbox 310 1062 490 1090; x_wconf 84' lang='lat' dir='ltr'><strong>Occurrerunt</strong></span> <span class='ocrx_word' id='word_1_280' title='bbox 518 1062 636 1096; x_wconf 91' lang='lat' dir='ltr'><strong>undique</strong></span> <span class='ocrx_word' id='word_1_281' title='bbox 669 1061 760 1089; x_wconf 84' lang='lat' dir='ltr'><strong>fideles</strong></span> <span class='ocrx_word' id='word_1_282' title='bbox 793 1062 953 1097; x_wconf 92' lang='lat' dir='ltr'><strong>populorum</strong></span> 
     </span>
    </p>
   </div>
   <div class='ocr_carea' id='block_1_38' title="bbox 162 1105 954 1140">
    <p class='ocr_par' dir='ltr' id='par_1_38' title="bbox 162 1105 954 1140">
     <span class='ocr_line' id='line_1_38' title="bbox 162 1105 954 1140; baseline 0 -7"><span class='ocrx_word' id='word_1_283' title='bbox 162 1111 290 1140; x_wconf 66' lang='lat' dir='ltr'><strong>catervaa,</strong></span> <span class='ocrx_word' id='word_1_284' title='bbox 305 1106 426 1133; x_wconf 85' lang='lat' dir='ltr'><strong>certatim</strong></span> <span class='ocrx_word' id='word_1_285' title='bbox 452 1106 591 1140; x_wconf 89' lang='lat' dir='ltr'><strong>cupientes</strong></span> <span class='ocrx_word' id='word_1_286' title='bbox 611 1105 653 1132; x_wconf 91' lang='lat' dir='ltr'><strong>vel</strong></span> <span class='ocrx_word' id='word_1_287' title='bbox 671 1106 865 1140; x_wconf 88' lang='lat' dir='ltr'><strong>operimentum</strong></span> <span class='ocrx_word' id='word_1_288' title='bbox 879 1106 954 1134; x_wconf 85' lang='lat' dir='ltr'><strong>vehi-</strong></span> 
     </span>
    </p>
   </div>
   <div class='ocr_carea' id='block_1_39' title="bbox 163 1150 954 1185">
    <p class='ocr_par' dir='ltr' id='par_1_39' title="bbox 163 1150 954 1185">
     <span class='ocr_line' id='line_1_39' title="bbox 163 1150 954 1185; baseline 0 -7"><span class='ocrx_word' id='word_1_289' title='bbox 163 1151 216 1178; x_wconf 91' lang='lat' dir='ltr'><strong>culi</strong></span> <span class='ocrx_word' id='word_1_290' title='bbox 232 1151 290 1185; x_wconf 86' lang='lat' dir='ltr'><strong>ejus</strong></span> <span class='ocrx_word' id='word_1_291' title='bbox 312 1151 486 1184; x_wconf 84' lang='lat' dir='ltr'><strong>contingere,</strong></span> <span class='ocrx_word' id='word_1_292' title='bbox 505 1150 637 1184; x_wconf 87' lang='lat' dir='ltr'><strong>ejusmodi</strong></span> <span class='ocrx_word' id='word_1_293' title='bbox 654 1155 808 1178; x_wconf 86' lang='lat' dir='ltr'><strong>contactum</strong></span> <span class='ocrx_word' id='word_1_294' title='bbox 830 1151 954 1178; x_wconf 85' lang='lat' dir='ltr'><strong>salutaris</strong></span> 
     </span>
    </p>
   </div>
   <div class='ocr_carea' id='block_1_40' title="bbox 162 1195 512 1230">
    <p class='ocr_par' dir='ltr' id='par_1_40' title="bbox 162 1195 512 1230">
     <span class='ocr_line' id='line_1_40' title="bbox 162 1195 512 1230; baseline 0.003 -9"><span class='ocrx_word' id='word_1_295' title='bbox 162 1195 277 1230; x_wconf 77' lang='lat' dir='ltr'><strong>przesidii</strong></span> <span class='ocrx_word' id='word_1_296' title='bbox 298 1195 358 1222; x_wconf 91' lang='lat' dir='ltr'><strong>loco</strong></span> <span class='ocrx_word' id='word_1_297' title='bbox 373 1195 512 1222; x_wconf 73' lang='lat' dir='ltr'><strong>habitune.</strong></span> 
     </span>
    </p>
   </div>
   <div class='ocr_carea' id='block_1_41' title="bbox 198 1239 953 1274">
    <p class='ocr_par' dir='ltr' id='par_1_41' title="bbox 198 1239 953 1274">
     <span class='ocr_line' id='line_1_41' title="bbox 198 1239 953 1274; baseline 0.004 -8"><span class='ocrx_word' id='word_1_298' title='bbox 198 1239 240 1266; x_wconf 82' lang='grc'><strong>14.</strong></span> <span class='ocrx_word' id='word_1_299' title='bbox 258 1240 462 1267; x_wconf 82' lang='lat' dir='ltr'><strong>Adolescentula</strong></span> <span class='ocrx_word' id='word_1_300' title='bbox 479 1240 599 1274; x_wconf 70' lang='lat' dir='ltr'><strong>qutedam</strong></span> <span class='ocrx_word' id='word_1_301' title='bbox 612 1248 628 1268; x_wconf 93' lang='lat' dir='ltr'><strong>e</strong></span> <span class='ocrx_word' id='word_1_302' title='bbox 640 1241 698 1268; x_wconf 78' lang='lat' dir='ltr'><strong>viro</strong></span> <span class='ocrx_word' id='word_1_303' title='bbox 716 1240 758 1268; x_wconf 91' lang='lat' dir='ltr'><strong>cui</strong></span> <span class='ocrx_word' id='word_1_304' title='bbox 773 1240 887 1268; x_wconf 67' lang='lat' dir='ltr'><strong>Decima:</strong></span> <span class='ocrx_word' id='word_1_305' title='bbox 906 1249 953 1269; x_wconf 87' lang='lat' dir='ltr'><strong>vo-</strong></span> 
     </span>
    </p>
   </div>
   <div class='ocr_carea' id='block_1_42' title="bbox 161 1285 952 1321">
    <p class='ocr_par' dir='ltr' id='par_1_42' title="bbox 161 1285 952 1321">
     <span class='ocr_line' id='line_1_42' title="bbox 161 1285 952 1321; baseline 0.004 -10"><span class='ocrx_word' id='word_1_306' title='bbox 161 1285 287 1312; x_wconf 87' lang='lat' dir='ltr'><strong>cabulum</strong></span> <span class='ocrx_word' id='word_1_307' title='bbox 309 1289 364 1316; x_wconf 86' lang='lat' dir='ltr'><strong>est,</strong></span> <span class='ocrx_word' id='word_1_308' title='bbox 385 1289 491 1312; x_wconf 87' lang='lat' dir='ltr'><strong>mortua</strong></span> <span class='ocrx_word' id='word_1_309' title='bbox 514 1286 546 1312; x_wconf 86' lang='lat' dir='ltr'><strong>ad</strong></span> <span class='ocrx_word' id='word_1_310' title='bbox 570 1286 723 1320; x_wconf 86' lang='lat' dir='ltr'><strong>sepulcrum</strong></span> <span class='ocrx_word' id='word_1_311' title='bbox 749 1286 952 1321; x_wconf 89' lang='lat' dir='ltr'><strong>deportabatur,</strong></span> 
     </span>
    </p>
   </div>
   <div class='ocr_carea' id='block_1_43' title="bbox 164 1329 954 1365">
    <p class='ocr_par' dir='ltr' id='par_1_43' title="bbox 164 1329 954 1365">
     <span class='ocr_line' id='line_1_43' title="bbox 164 1329 954 1365; baseline 0.005 -9"><span class='ocrx_word' id='word_1_312' title='bbox 164 1330 295 1357; x_wconf 87' lang='lat' dir='ltr'><strong>cadavere</strong></span> <span class='ocrx_word' id='word_1_313' title='bbox 307 1329 361 1364; x_wconf 90' lang='lat' dir='ltr'><strong>jam</strong></span> <span class='ocrx_word' id='word_1_314' title='bbox 386 1330 413 1357; x_wconf 92' lang='lat' dir='ltr'><strong>in</strong></span> <span class='ocrx_word' id='word_1_315' title='bbox 436 1337 516 1364; x_wconf 89' lang='lat' dir='ltr'><strong>capsa</strong></span> <span class='ocrx_word' id='word_1_316' title='bbox 532 1330 617 1364; x_wconf 85' lang='lat' dir='ltr'><strong>lignea</strong></span> <span class='ocrx_word' id='word_1_317' title='bbox 639 1331 808 1365; x_wconf 90' lang='lat' dir='ltr'><strong>composito,</strong></span> <span class='ocrx_word' id='word_1_318' title='bbox 830 1332 878 1359; x_wconf 91' lang='lat' dir='ltr'><strong>sed</strong></span> <span class='ocrx_word' id='word_1_319' title='bbox 892 1339 954 1360; x_wconf 90' lang='lat' dir='ltr'><strong>arca</strong></span> 
     </span>
    </p>
   </div>
   <div class='ocr_carea' id='block_1_44' title="bbox 167 1374 954 1412">
    <p class='ocr_par' dir='ltr' id='par_1_44' title="bbox 167 1374 954 1412">
     <span class='ocr_line' id='line_1_44' title="bbox 167 1374 954 1412; baseline 0.004 -10"><span class='ocrx_word' id='word_1_320' title='bbox 167 1375 226 1408; x_wconf 86' lang='lat' dir='ltr'><strong>ipsa</strong></span> <span class='ocrx_word' id='word_1_321' title='bbox 241 1374 354 1401; x_wconf 61' lang='lat' dir='ltr'><strong>necdum</strong></span> <span class='ocrx_word' id='word_1_322' title='bbox 367 1379 505 1409; x_wconf 90' lang='lat' dir='ltr'><strong>cooperta.</strong></span> <span class='ocrx_word' id='word_1_323' title='bbox 522 1374 556 1403; x_wconf 93' lang='lat' dir='ltr'><strong>Ut</strong></span> <span class='ocrx_word' id='word_1_324' title='bbox 577 1379 666 1403; x_wconf 90' lang='lat' dir='ltr'><strong>autem</strong></span> <span class='ocrx_word' id='word_1_325' title='bbox 682 1376 824 1404; x_wconf 88' lang='lat' dir='ltr'><strong>audierunt</strong></span> <span class='ocrx_word' id='word_1_326' title='bbox 846 1377 884 1404; x_wconf 91' lang='lat' dir='ltr'><strong>illi</strong></span> <span class='ocrx_word' id='word_1_327' title='bbox 908 1378 954 1412; x_wconf 90' lang='lat' dir='ltr'><strong>qui</strong></span> 
     </span>
    </p>
   </div>
   <div class='ocr_carea' id='block_1_45' title="bbox 163 1420 954 1458">
    <p class='ocr_par' dir='ltr' id='par_1_45' title="bbox 163 1420 954 1458">
     <span class='ocr_line' id='line_1_45' title="bbox 163 1420 954 1458; baseline 0.004 -10"><span class='ocrx_word' id='word_1_328' title='bbox 163 1428 221 1448; x_wconf 89' lang='lat' dir='ltr'><strong>eam</strong></span> <span class='ocrx_word' id='word_1_329' title='bbox 237 1420 384 1448; x_wconf 81' lang='lat' dir='ltr'><strong>efTerebant</strong></span> <span class='ocrx_word' id='word_1_330' title='bbox 397 1428 477 1448; x_wconf 87' lang='lat' dir='ltr'><strong>voces</strong></span> <span class='ocrx_word' id='word_1_331' title='bbox 498 1421 666 1456; x_wconf 86' lang='lat' dir='ltr'><strong>psallentium</strong></span> <span class='ocrx_word' id='word_1_332' title='bbox 682 1427 709 1450; x_wconf 91' lang='lat' dir='ltr'><strong>et</strong></span> <span class='ocrx_word' id='word_1_333' title='bbox 731 1430 838 1450; x_wconf 86' lang='lat' dir='ltr'><strong>sacrum</strong></span> <span class='ocrx_word' id='word_1_334' title='bbox 857 1431 954 1458; x_wconf 88' lang='lat' dir='ltr'><strong>corpus</strong></span> 
     </span>
    </p>
   </div>
   <div class='ocr_carea' id='block_1_46' title="bbox 1002 837 1794 873">
    <p class='ocr_par' dir='ltr' id='par_1_46' title="bbox 1002 837 1794 873">
     <span class='ocr_line' id='line_1_46' title="bbox 1002 837 1794 873; baseline 0.004 -10"><span class='ocrx_word' id='word_1_335' title='bbox 1002 844 1067 864; x_wconf 89' lang='lat' dir='ltr'><strong>vero</strong></span> <span class='ocrx_word' id='word_1_336' title='bbox 1083 837 1160 870; x_wconf 83' lang='lat' dir='ltr'><strong>longe</strong></span> <span class='ocrx_word' id='word_1_337' title='bbox 1175 837 1253 864; x_wconf 88' lang='lat' dir='ltr'><strong>etiam</strong></span> <span class='ocrx_word' id='word_1_338' title='bbox 1279 837 1412 865; x_wconf 87' lang='lat' dir='ltr'><strong>dulciores</strong></span> <span class='ocrx_word' id='word_1_339' title='bbox 1424 858 1431 870; x_wconf 95' lang='lat'><strong>,</strong></span> <span class='ocrx_word' id='word_1_340' title='bbox 1454 845 1533 872; x_wconf 91' lang='lat' dir='ltr'><strong>quam</strong></span> <span class='ocrx_word' id='word_1_341' title='bbox 1554 838 1677 866; x_wconf 87' lang='lat' dir='ltr'><strong>humanis</strong></span> <span class='ocrx_word' id='word_1_342' title='bbox 1693 839 1794 873; x_wconf 86' lang='lat' dir='ltr'><strong>possint</strong></span> 
     </span>
    </p>
   </div>
   <div class='ocr_carea' id='block_1_47' title="bbox 1003 882 1793 918">
    <p class='ocr_par' dir='ltr' id='par_1_47' title="bbox 1003 882 1793 918">
     <span class='ocr_line' id='line_1_47' title="bbox 1003 882 1793 918; baseline 0.005 -10"><span class='ocrx_word' id='word_1_343' title='bbox 1003 882 1098 909; x_wconf 87' lang='lat' dir='ltr'><strong>studiis</strong></span> <span class='ocrx_word' id='word_1_344' title='bbox 1112 882 1197 914; x_wconf 81' lang='lat' dir='ltr'><strong>effici,</strong></span> <span class='ocrx_word' id='word_1_345' title='bbox 1214 883 1371 918; x_wconf 80' lang='lat' dir='ltr'><strong>spiritalium</strong></span> <span class='ocrx_word' id='word_1_346' title='bbox 1396 884 1549 911; x_wconf 87' lang='lat' dir='ltr'><strong>cantionum</strong></span> <span class='ocrx_word' id='word_1_347' title='bbox 1564 885 1693 912; x_wconf 89' lang='lat' dir='ltr'><strong>melodias</strong></span> <span class='ocrx_word' id='word_1_348' title='bbox 1716 885 1793 912; x_wconf 90' lang='lat' dir='ltr'><strong>hausi</strong></span> 
     </span>
    </p>
   </div>
   <div class='ocr_carea' id='block_1_48' title="bbox 1003 928 1794 965">
    <p class='ocr_par' dir='ltr' id='par_1_48' title="bbox 1003 928 1794 965">
     <span class='ocr_line' id='line_1_48' title="bbox 1003 928 1794 965; baseline 0.005 -11"><span class='ocrx_word' id='word_1_349' title='bbox 1003 928 1112 956; x_wconf 85' lang='lat' dir='ltr'><strong>auribus</strong></span> <span class='ocrx_word' id='word_1_350' title='bbox 1133 930 1208 955; x_wconf 87' lang='lat' dir='ltr'><strong>meis.</strong></span> <span class='ocrx_word' id='word_1_351' title='bbox 1224 928 1358 956; x_wconf 89' lang='lat' dir='ltr'><strong>Continuo</strong></span> <span class='ocrx_word' id='word_1_352' title='bbox 1374 930 1453 963; x_wconf 79' lang='lat' dir='ltr'><strong>igitur</strong></span> <span class='ocrx_word' id='word_1_353' title='bbox 1465 931 1496 956; x_wconf 60' lang='lat' dir='ltr'><strong>arl</strong></span> <span class='ocrx_word' id='word_1_354' title='bbox 1521 930 1604 965; x_wconf 72' lang='lat' dir='ltr'><strong>ipsius</strong></span> <span class='ocrx_word' id='word_1_355' title='bbox 1626 932 1695 958; x_wconf 90' lang='lat' dir='ltr'><strong>arcis</strong></span> <span class='ocrx_word' id='word_1_356' title='bbox 1712 931 1794 958; x_wconf 83' lang='lat' dir='ltr'><strong>vesri-</strong></span> 
     </span>
    </p>
   </div>
   <div class='ocr_carea' id='block_1_49' title="bbox 1003 974 1793 1010">
    <p class='ocr_par' dir='ltr' id='par_1_49' title="bbox 1003 974 1793 1010">
     <span class='ocr_line' id='line_1_49' title="bbox 1003 974 1793 1010; baseline 0.004 -9"><span class='ocrx_word' id='word_1_357' title='bbox 1003 974 1094 1001; x_wconf 88' lang='lat' dir='ltr'><strong>bulum</strong></span> <span class='ocrx_word' id='word_1_358' title='bbox 1109 982 1238 1009; x_wconf 88' lang='lat' dir='ltr'><strong>suspenso</strong></span> <span class='ocrx_word' id='word_1_359' title='bbox 1254 983 1296 1002; x_wconf 90' lang='lat' dir='ltr'><strong>me</strong></span> <span class='ocrx_word' id='word_1_360' title='bbox 1310 975 1394 1009; x_wconf 85' lang='lat' dir='ltr'><strong>gradu</strong></span> <span class='ocrx_word' id='word_1_361' title='bbox 1411 976 1523 1009; x_wconf 91' lang='lat' dir='ltr'><strong>contuli,</strong></span> <span class='ocrx_word' id='word_1_362' title='bbox 1539 980 1619 1010; x_wconf 90' lang='lat' dir='ltr'><strong>atque</strong></span> <span class='ocrx_word' id='word_1_363' title='bbox 1634 976 1685 1003; x_wconf 91' lang='lat' dir='ltr'><strong>illis</strong></span> <span class='ocrx_word' id='word_1_364' title='bbox 1695 977 1793 1004; x_wconf 89' lang='lat' dir='ltr'><strong>beatis-</strong></span> 
     </span>
    </p>
   </div>
   <div class='ocr_carea' id='block_1_50' title="bbox 1003 1020 1793 1056">
    <p class='ocr_par' dir='ltr' id='par_1_50' title="bbox 1003 1020 1793 1056">
     <span class='ocr_line' id='line_1_50' title="bbox 1003 1020 1793 1056; baseline 0.001 -9"><span class='ocrx_word' id='word_1_365' title='bbox 1003 1020 1085 1047; x_wconf 90' lang='lat' dir='ltr'><strong>simos</strong></span> <span class='ocrx_word' id='word_1_366' title='bbox 1099 1022 1234 1055; x_wconf 89' lang='lat' dir='ltr'><strong>apostolos</strong></span> <span class='ocrx_word' id='word_1_367' title='bbox 1249 1020 1355 1048; x_wconf 89' lang='lat' dir='ltr'><strong>Petrum</strong></span> <span class='ocrx_word' id='word_1_368' title='bbox 1367 1026 1393 1049; x_wconf 88' lang='lat' dir='ltr'><strong>et</strong></span> <span class='ocrx_word' id='word_1_369' title='bbox 1403 1021 1548 1054; x_wconf 79' lang='lat' dir='ltr'><strong>Andream,</strong></span> <span class='ocrx_word' id='word_1_370' title='bbox 1559 1021 1593 1049; x_wconf 85' lang='lat' dir='ltr'><strong>ad</strong></span> <span class='ocrx_word' id='word_1_371' title='bbox 1606 1021 1793 1056; x_wconf 88' lang='lat' dir='ltr'><strong>complendam</strong></span> 
     </span>
    </p>
   </div>
   <div class='ocr_carea' id='block_1_51' title="bbox 1005 1067 1793 1102">
    <p class='ocr_par' dir='ltr' id='par_1_51' title="bbox 1005 1067 1793 1102">
     <span class='ocr_line' id='line_1_51' title="bbox 1005 1067 1793 1102; baseline 0.003 -9"><span class='ocrx_word' id='word_1_372' title='bbox 1005 1074 1063 1094; x_wconf 93' lang='lat' dir='ltr'><strong>eam</strong></span> <span class='ocrx_word' id='word_1_373' title='bbox 1079 1071 1172 1094; x_wconf 85' lang='lat' dir='ltr'><strong>sancto</strong></span> <span class='ocrx_word' id='word_1_374' title='bbox 1194 1067 1309 1094; x_wconf 81' lang='lat' dir='ltr'><strong>Maximo</strong></span> <span class='ocrx_word' id='word_1_375' title='bbox 1332 1068 1482 1095; x_wconf 90' lang='lat' dir='ltr'><strong>orationem</strong></span> <span class='ocrx_word' id='word_1_376' title='bbox 1493 1090 1501 1102; x_wconf 90' lang='lat'><strong>,</strong></span> <span class='ocrx_word' id='word_1_377' title='bbox 1521 1068 1632 1095; x_wconf 90' lang='lat' dir='ltr'><strong>alternis</strong></span> <span class='ocrx_word' id='word_1_378' title='bbox 1647 1068 1793 1095; x_wconf 82' lang='lat' dir='ltr'><strong>honoribus</strong></span> 
     </span>
    </p>
   </div>
   <div class='ocr_carea' id='block_1_52' title="bbox 1004 1112 1793 1147">
    <p class='ocr_par' dir='ltr' id='par_1_52' title="bbox 1004 1112 1793 1147">
     <span class='ocr_line' id='line_1_52' title="bbox 1004 1112 1793 1147; baseline 0.003 -9"><span class='ocrx_word' id='word_1_379' title='bbox 1004 1119 1033 1138; x_wconf 87' lang='lat' dir='ltr'><strong>se</strong></span> <span class='ocrx_word' id='word_1_380' title='bbox 1048 1112 1240 1146; x_wconf 66' lang='lat' dir='ltr'><strong>praevenientes</strong></span> <span class='ocrx_word' id='word_1_381' title='bbox 1254 1119 1303 1146; x_wconf 83' lang='lat' dir='ltr'><strong>ego</strong></span> <span class='ocrx_word' id='word_1_382' title='bbox 1324 1116 1451 1147; x_wconf 84' lang='lat' dir='ltr'><strong>peccator</strong></span> <span class='ocrx_word' id='word_1_383' title='bbox 1470 1113 1572 1140; x_wconf 89' lang='lat' dir='ltr'><strong>audivi.</strong></span> <span class='ocrx_word' id='word_1_384' title='bbox 1592 1112 1712 1147; x_wconf 90' lang='lat' dir='ltr'><strong>Cumque</strong></span> <span class='ocrx_word' id='word_1_385' title='bbox 1735 1117 1793 1140; x_wconf 86' lang='lat' dir='ltr'><strong>tan-</strong></span> 
     </span>
    </p>
   </div>
   <div class='ocr_carea' id='block_1_53' title="bbox 1004 1156 1793 1193">
    <p class='ocr_par' dir='ltr' id='par_1_53' title="bbox 1004 1156 1793 1193">
     <span class='ocr_line' id='line_1_53' title="bbox 1004 1156 1793 1193; baseline 0.005 -10"><span class='ocrx_word' id='word_1_386' title='bbox 1004 1156 1065 1183; x_wconf 88' lang='lat' dir='ltr'><strong>dem</strong></span> <span class='ocrx_word' id='word_1_387' title='bbox 1076 1156 1131 1191; x_wconf 88' lang='lat' dir='ltr'><strong>jugi</strong></span> <span class='ocrx_word' id='word_1_388' title='bbox 1146 1157 1282 1185; x_wconf 87' lang='lat' dir='ltr'><strong>oblatione</strong></span> <span class='ocrx_word' id='word_1_389' title='bbox 1304 1158 1459 1193; x_wconf 88' lang='lat' dir='ltr'><strong>compulsus</strong></span> <span class='ocrx_word' id='word_1_390' title='bbox 1474 1159 1568 1186; x_wconf 87' lang='lat' dir='ltr'><strong>beatus</strong></span> <span class='ocrx_word' id='word_1_391' title='bbox 1586 1158 1733 1190; x_wconf 86' lang='lat' dir='ltr'><strong>Maximus,</strong></span> <span class='ocrx_word' id='word_1_392' title='bbox 1746 1167 1793 1187; x_wconf 91' lang='lat' dir='ltr'><strong>eos</strong></span> 
     </span>
    </p>
   </div>
   <div class='ocr_carea' id='block_1_54' title="bbox 1004 1201 1792 1239">
    <p class='ocr_par' dir='ltr' id='par_1_54' title="bbox 1004 1201 1792 1239">
     <span class='ocr_line' id='line_1_54' title="bbox 1004 1201 1792 1239; baseline 0.004 -11"><span class='ocrx_word' id='word_1_393' title='bbox 1004 1201 1104 1229; x_wconf 90' lang='lat' dir='ltr'><strong>diutius</strong></span> <span class='ocrx_word' id='word_1_394' title='bbox 1129 1202 1235 1229; x_wconf 72' lang='lat' dir='ltr'><strong>diﬂerre</strong></span> <span class='ocrx_word' id='word_1_395' title='bbox 1259 1210 1312 1230; x_wconf 91' lang='lat' dir='ltr'><strong>non</strong></span> <span class='ocrx_word' id='word_1_396' title='bbox 1332 1207 1439 1237; x_wconf 81' lang='lat' dir='ltr'><strong>posset,</strong></span> <span class='ocrx_word' id='word_1_397' title='bbox 1463 1203 1505 1231; x_wconf 91' lang='lat' dir='ltr'><strong>his</strong></span> <span class='ocrx_word' id='word_1_398' title='bbox 1535 1204 1623 1231; x_wconf 82' lang='lat' dir='ltr'><strong>verbis</strong></span> <span class='ocrx_word' id='word_1_399' title='bbox 1647 1204 1792 1239; x_wconf 86' lang='lat' dir='ltr'><strong>complevit</strong></span> 
     </span>
    </p>
   </div>
   <div class='ocr_carea' id='block_1_55' title="bbox 1004 1247 1794 1282">
    <p class='ocr_par' dir='ltr' id='par_1_55' title="bbox 1004 1247 1794 1282">
     <span class='ocr_line' id='line_1_55' title="bbox 1004 1247 1794 1282; baseline 0.003 -8"><span class='ocrx_word' id='word_1_400' title='bbox 1004 1247 1120 1275; x_wconf 88' lang='lat' dir='ltr'><strong>officium</strong></span> <span class='ocrx_word' id='word_1_401' title='bbox 1138 1247 1200 1274; x_wconf 87' lang='lat' dir='ltr'><strong>:Sit</strong></span> <span class='ocrx_word' id='word_1_402' title='bbox 1225 1247 1309 1282; x_wconf 87' lang='lat' dir='ltr'><strong>gloria</strong></span> <span class='ocrx_word' id='word_1_403' title='bbox 1331 1248 1378 1275; x_wconf 86' lang='lat' dir='ltr'><strong>Dei</strong></span> <span class='ocrx_word' id='word_1_404' title='bbox 1402 1248 1541 1275; x_wconf 87' lang='lat' dir='ltr'><strong>benedicta</strong></span> <span class='ocrx_word' id='word_1_405' title='bbox 1566 1248 1593 1275; x_wconf 90' lang='lat' dir='ltr'><strong>in</strong></span> <span class='ocrx_word' id='word_1_406' title='bbox 1615 1253 1743 1276; x_wconf 73' lang='lat' dir='ltr'><strong>teternum</strong></span> <span class='ocrx_word' id='word_1_407' title='bbox 1766 1253 1794 1276; x_wconf 91' lang='lat' dir='ltr'><strong>et</strong></span> 
     </span>
    </p>
   </div>
   <div class='ocr_carea' id='block_1_56' title="bbox 1004 1292 1791 1328">
    <p class='ocr_par' dir='ltr' id='par_1_56' title="bbox 1004 1292 1791 1328">
     <span class='ocr_line' id='line_1_56' title="bbox 1004 1292 1791 1328; baseline 0.004 -10"><span class='ocrx_word' id='word_1_408' title='bbox 1004 1292 1030 1318; x_wconf 93' lang='lat' dir='ltr'><strong>in</strong></span> <span class='ocrx_word' id='word_1_409' title='bbox 1046 1292 1140 1319; x_wconf 64' lang='lat' dir='ltr'><strong>srecula</strong></span> <span class='ocrx_word' id='word_1_410' title='bbox 1152 1292 1308 1319; x_wconf 64' lang='lat' dir='ltr'><strong>saeculorum</strong></span> <span class='ocrx_word' id='word_1_411' title='bbox 1319 1301 1327 1325; x_wconf 87' lang='lat'><strong>;</strong></span> <span class='ocrx_word' id='word_1_412' title='bbox 1338 1292 1447 1326; x_wconf 90' lang='lat' dir='ltr'><strong>reliquis</strong></span> <span class='ocrx_word' id='word_1_413' title='bbox 1457 1294 1691 1328; x_wconf 84' lang='lat' dir='ltr'><strong>respondentibus,</strong></span> <span class='ocrx_word' id='word_1_414' title='bbox 1702 1301 1791 1321; x_wconf 86' lang='lat' dir='ltr'><strong>amen.</strong></span> 
     </span>
    </p>
   </div>
   <div class='ocr_carea' id='block_1_57' title="bbox 1003 1335 1793 1371">
    <p class='ocr_par' dir='ltr' id='par_1_57' title="bbox 1003 1335 1793 1371">
     <span class='ocr_line' id='line_1_57' title="bbox 1003 1335 1793 1371; baseline 0.003 -9"><span class='ocrx_word' id='word_1_415' title='bbox 1003 1335 1060 1370; x_wconf 84' lang='lat' dir='ltr'><strong>Ego</strong></span> <span class='ocrx_word' id='word_1_416' title='bbox 1082 1343 1144 1363; x_wconf 90' lang='lat' dir='ltr'><strong>vero</strong></span> <span class='ocrx_word' id='word_1_417' title='bbox 1163 1336 1331 1370; x_wconf 87' lang='lat' dir='ltr'><strong>perquirendi</strong></span> <span class='ocrx_word' id='word_1_418' title='bbox 1352 1336 1440 1364; x_wconf 82' lang='lat' dir='ltr'><strong>studio</strong></span> <span class='ocrx_word' id='word_1_419' title='bbox 1458 1337 1567 1371; x_wconf 85' lang='lat' dir='ltr'><strong>propius</strong></span> <span class='ocrx_word' id='word_1_420' title='bbox 1585 1336 1729 1371; x_wconf 82' lang='lat' dir='ltr'><strong>accedens,</strong></span> <span class='ocrx_word' id='word_1_421' title='bbox 1747 1344 1793 1364; x_wconf 81' lang='lat' dir='ltr'><strong>ne-</strong></span> 
     </span>
    </p>
   </div>
   <div class='ocr_carea' id='block_1_58' title="bbox 1004 1380 1793 1416">
    <p class='ocr_par' dir='ltr' id='par_1_58' title="bbox 1004 1380 1793 1416">
     <span class='ocr_line' id='line_1_58' title="bbox 1004 1380 1793 1416; baseline 0.001 -9"><span class='ocrx_word' id='word_1_422' title='bbox 1004 1382 1102 1408; x_wconf 90' lang='lat' dir='ltr'><strong>minem</strong></span> <span class='ocrx_word' id='word_1_423' title='bbox 1130 1380 1184 1408; x_wconf 89' lang='lat' dir='ltr'><strong>illic</strong></span> <span class='ocrx_word' id='word_1_424' title='bbox 1210 1380 1301 1408; x_wconf 89' lang='lat' dir='ltr'><strong>videre</strong></span> <span class='ocrx_word' id='word_1_425' title='bbox 1327 1382 1421 1416; x_wconf 91' lang='lat' dir='ltr'><strong>potui,</strong></span> <span class='ocrx_word' id='word_1_426' title='bbox 1460 1386 1556 1416; x_wconf 70' lang='lat' dir='ltr'><strong>praeter</strong></span> <span class='ocrx_word' id='word_1_427' title='bbox 1584 1382 1793 1410; x_wconf 83' lang='lat' dir='ltr'><strong>sacratissimum</strong></span> 
     </span>
    </p>
   </div>
   <div class='ocr_carea' id='block_1_59' title="bbox 1004 1427 1793 1463">
    <p class='ocr_par' dir='ltr' id='par_1_59' title="bbox 1004 1427 1793 1463">
     <span class='ocr_line' id='line_1_59' title="bbox 1004 1427 1793 1463; baseline -0.001 -9"><span class='ocrx_word' id='word_1_428' title='bbox 1004 1427 1166 1460; x_wconf 76' lang='lat' dir='ltr'><strong>Maximum,</strong></span> <span class='ocrx_word' id='word_1_429' title='bbox 1181 1434 1267 1462; x_wconf 90' lang='lat' dir='ltr'><strong>prono</strong></span> <span class='ocrx_word' id='word_1_430' title='bbox 1290 1427 1364 1454; x_wconf 88' lang='lat' dir='ltr'><strong>vultu</strong></span> <span class='ocrx_word' id='word_1_431' title='bbox 1378 1430 1405 1454; x_wconf 87' lang='lat' dir='ltr'><strong>et</strong></span> <span class='ocrx_word' id='word_1_432' title='bbox 1419 1435 1533 1462; x_wconf 89' lang='lat' dir='ltr'><strong>corpore</strong></span> <span class='ocrx_word' id='word_1_433' title='bbox 1552 1428 1579 1455; x_wconf 92' lang='lat' dir='ltr'><strong>in</strong></span> <span class='ocrx_word' id='word_1_434' title='bbox 1604 1428 1697 1463; x_wconf 87' lang='lat' dir='ltr'><strong>templi</strong></span> <span class='ocrx_word' id='word_1_435' title='bbox 1721 1427 1793 1462; x_wconf 86' lang='lat' dir='ltr'><strong>pavi-</strong></span> 
     </span>
    </p>
   </div>
   <div class='ocr_carea' id='block_1_60' title="bbox 163 1466 1793 1508">
    <p class='ocr_par' dir='ltr' id='par_1_60' title="bbox 163 1466 1793 1508">
     <span class='ocr_line' id='line_1_60' title="bbox 163 1466 1793 1508; baseline 0.004 -14"><span class='ocrx_word' id='word_1_436' title='bbox 163 1466 234 1494; x_wconf 83' lang='lat' dir='ltr'><strong>beati</strong></span> <span class='ocrx_word' id='word_1_437' title='bbox 252 1466 370 1501; x_wconf 86' lang='lat' dir='ltr'><strong>episcopi</strong></span> <span class='ocrx_word' id='word_1_438' title='bbox 392 1468 626 1502; x_wconf 83' lang='lat' dir='ltr'><strong>prosequentium,</strong></span> <span class='ocrx_word' id='word_1_439' title='bbox 650 1476 710 1496; x_wconf 91' lang='lat' dir='ltr'><strong>cum</strong></span> <span class='ocrx_word' id='word_1_440' title='bbox 734 1469 857 1505; x_wconf 90' lang='lat' dir='ltr'><strong>lacrymis</strong></span> <span class='ocrx_word' id='word_1_441' title='bbox 871 1470 953 1504; x_wconf 89' lang='lat' dir='ltr'><strong>petie-</strong></span> <span class='ocrx_word' id='word_1_442' title='bbox 968 1472 990 1503; x_wconf 91' lang='lat' dir='ltr'><strong>C</strong></span> <span class='ocrx_word' id='word_1_443' title='bbox 1006 1478 1095 1500; x_wconf 85' lang='lat' dir='ltr'><strong>mento</strong></span> <span class='ocrx_word' id='word_1_444' title='bbox 1110 1476 1281 1508; x_wconf 89' lang='lat' dir='ltr'><strong>prostratum.</strong></span> <span class='ocrx_word' id='word_1_445' title='bbox 1295 1473 1342 1500; x_wconf 88' lang='lat' dir='ltr'><strong>llle</strong></span> <span class='ocrx_word' id='word_1_446' title='bbox 1357 1477 1445 1500; x_wconf 91' lang='lat' dir='ltr'><strong>autem</strong></span> <span class='ocrx_word' id='word_1_447' title='bbox 1458 1480 1578 1507; x_wconf 82' lang='lat' dir='ltr'><strong>surgens,</strong></span> <span class='ocrx_word' id='word_1_448' title='bbox 1592 1481 1678 1501; x_wconf 88' lang='lat' dir='ltr'><strong>meam</strong></span> <span class='ocrx_word' id='word_1_449' title='bbox 1694 1474 1793 1507; x_wconf 83' lang='lat' dir='ltr'><strong>indigni</strong></span> 
     </span>
    </p>
   </div>
   <div class='ocr_carea' id='block_1_61' title="bbox 163 1512 956 1549">
    <p class='ocr_par' dir='ltr' id='par_1_61' title="bbox 163 1512 956 1549">
     <span class='ocr_line' id='line_1_61' title="bbox 163 1512 956 1549; baseline 0.006 -12"><span class='ocrx_word' id='word_1_450' title='bbox 163 1515 226 1538; x_wconf 88' lang='lat' dir='ltr'><strong>runt</strong></span> <span class='ocrx_word' id='word_1_451' title='bbox 241 1516 269 1538; x_wconf 90' lang='lat' dir='ltr'><strong>ut</strong></span> <span class='ocrx_word' id='word_1_452' title='bbox 282 1512 408 1538; x_wconf 81' lang='lat' dir='ltr'><strong>feretrum</strong></span> <span class='ocrx_word' id='word_1_453' title='bbox 420 1512 491 1546; x_wconf 92' lang='lat' dir='ltr'><strong>quod</strong></span> <span class='ocrx_word' id='word_1_454' title='bbox 506 1512 663 1546; x_wconf 84' lang='lat' dir='ltr'><strong>gestabant,</strong></span> <span class='ocrx_word' id='word_1_455' title='bbox 683 1521 764 1548; x_wconf 85' lang='lat' dir='ltr'><strong>super</strong></span> <span class='ocrx_word' id='word_1_456' title='bbox 779 1514 873 1549; x_wconf 78' lang='lat' dir='ltr'><strong>puellae</strong></span> <span class='ocrx_word' id='word_1_457' title='bbox 894 1522 956 1542; x_wconf 92' lang='lat' dir='ltr'><strong>cor-</strong></span> 
     </span>
    </p>
   </div>
   <div class='ocr_carea' id='block_1_62' title="bbox 166 1555 955 1590">
    <p class='ocr_par' dir='ltr' id='par_1_62' title="bbox 166 1555 955 1590">
     <span class='ocr_line' id='line_1_62' title="bbox 166 1555 955 1590; baseline 0.006 -9"><span class='ocrx_word' id='word_1_458' title='bbox 166 1564 214 1590; x_wconf 89' lang='lat' dir='ltr'><strong>pus</strong></span> <span class='ocrx_word' id='word_1_459' title='bbox 241 1556 401 1582; x_wconf 87' lang='lat' dir='ltr'><strong>traheretur.</strong></span> <span class='ocrx_word' id='word_1_460' title='bbox 430 1555 470 1582; x_wconf 84' lang='lat' dir='ltr'><strong>llli</strong></span> <span class='ocrx_word' id='word_1_461' title='bbox 496 1563 559 1584; x_wconf 90' lang='lat' dir='ltr'><strong>vero</strong></span> <span class='ocrx_word' id='word_1_462' title='bbox 583 1557 680 1584; x_wconf 83' lang='lat' dir='ltr'><strong>ardore</strong></span> <span class='ocrx_word' id='word_1_463' title='bbox 700 1558 762 1585; x_wconf 83' lang='lat' dir='ltr'><strong>fidei</strong></span> <span class='ocrx_word' id='word_1_464' title='bbox 776 1558 889 1590; x_wconf 87' lang='lat' dir='ltr'><strong>incensi,</strong></span> <span class='ocrx_word' id='word_1_465' title='bbox 905 1566 955 1586; x_wconf 92' lang='lat' dir='ltr'><strong>nec</strong></span> 
     </span>
    </p>
   </div>
   <div class='ocr_carea' id='block_1_63' title="bbox 163 1601 955 1637">
    <p class='ocr_par' dir='ltr' id='par_1_63' title="bbox 163 1601 955 1637">
     <span class='ocr_line' id='line_1_63' title="bbox 163 1601 955 1637; baseline 0.003 -9"><span class='ocrx_word' id='word_1_466' title='bbox 163 1602 236 1629; x_wconf 90' lang='lat' dir='ltr'><strong>dubii</strong></span> <span class='ocrx_word' id='word_1_467' title='bbox 258 1601 292 1628; x_wconf 89' lang='lat' dir='ltr'><strong>de</strong></span> <span class='ocrx_word' id='word_1_468' title='bbox 314 1601 428 1635; x_wconf 75' lang='lat' dir='ltr'><strong>effectu,</strong></span> <span class='ocrx_word' id='word_1_469' title='bbox 452 1606 559 1629; x_wconf 84' lang='lat' dir='ltr'><strong>sanctas</strong></span> <span class='ocrx_word' id='word_1_470' title='bbox 569 1609 661 1630; x_wconf 90' lang='lat' dir='ltr'><strong>eorum</strong></span> <span class='ocrx_word' id='word_1_471' title='bbox 676 1611 770 1637; x_wconf 85' lang='lat' dir='ltr'><strong>preces</strong></span> <span class='ocrx_word' id='word_1_472' title='bbox 789 1604 898 1631; x_wconf 85' lang='lat' dir='ltr'><strong>minime</strong></span> <span class='ocrx_word' id='word_1_473' title='bbox 911 1612 955 1630; x_wconf 91' lang='lat' dir='ltr'><strong>rc-</strong></span> 
     </span>
    </p>
   </div>
   <div class='ocr_carea' id='block_1_64' title="bbox 153 1645 956 1684">
    <p class='ocr_par' dir='ltr' id='par_1_64' title="bbox 153 1645 956 1684">
     <span class='ocr_line' id='line_1_64' title="bbox 153 1645 956 1684; baseline 0.001 -10"><span class='ocrx_word' id='word_1_474' title='bbox 153 1646 281 1684; x_wconf 85' lang='lat' dir='ltr'><strong>jiciendas</strong></span> <span class='ocrx_word' id='word_1_475' title='bbox 292 1650 429 1680; x_wconf 84' lang='lat' dir='ltr'><strong>putarunt.</strong></span> <span class='ocrx_word' id='word_1_476' title='bbox 444 1645 565 1680; x_wconf 87' lang='lat' dir='ltr'><strong>Cumque</strong></span> <span class='ocrx_word' id='word_1_477' title='bbox 585 1647 610 1673; x_wconf 86' lang='lat' dir='ltr'><strong>id</strong></span> <span class='ocrx_word' id='word_1_478' title='bbox 634 1647 711 1675; x_wconf 83' lang='lat' dir='ltr'><strong>ﬁeret</strong></span> <span class='ocrx_word' id='word_1_479' title='bbox 733 1648 804 1682; x_wconf 92' lang='lat' dir='ltr'><strong>quod</strong></span> <span class='ocrx_word' id='word_1_480' title='bbox 820 1648 856 1675; x_wconf 91' lang='lat' dir='ltr'><strong>illi</strong></span> <span class='ocrx_word' id='word_1_481' title='bbox 872 1649 956 1683; x_wconf 87' lang='lat' dir='ltr'><strong>petie-</strong></span> 
     </span>
    </p>
   </div>
   <div class='ocr_carea' id='block_1_65' title="bbox 165 1690 956 1728">
    <p class='ocr_par' dir='ltr' id='par_1_65' title="bbox 165 1690 956 1728">
     <span class='ocr_line' id='line_1_65' title="bbox 165 1690 956 1728; baseline 0.005 -11"><span class='ocrx_word' id='word_1_482' title='bbox 165 1695 233 1722; x_wconf 87' lang='lat' dir='ltr'><strong>rant,</strong></span> <span class='ocrx_word' id='word_1_483' title='bbox 248 1690 370 1718; x_wconf 88' lang='lat' dir='ltr'><strong>homines</strong></span> <span class='ocrx_word' id='word_1_484' title='bbox 381 1691 450 1717; x_wconf 87' lang='lat' dir='ltr'><strong>iuter</strong></span> <span class='ocrx_word' id='word_1_485' title='bbox 462 1698 491 1718; x_wconf 89' lang='lat' dir='ltr'><strong>se</strong></span> <span class='ocrx_word' id='word_1_486' title='bbox 504 1691 735 1727; x_wconf 89' lang='lat' dir='ltr'><strong>colloquebantur,</strong></span> <span class='ocrx_word' id='word_1_487' title='bbox 748 1693 834 1720; x_wconf 92' lang='lat' dir='ltr'><strong>virum</strong></span> <span class='ocrx_word' id='word_1_488' title='bbox 848 1698 956 1728; x_wconf 87' lang='lat' dir='ltr'><strong>aposto-</strong></span> 
     </span>
    </p>
   </div>
   <div class='ocr_carea' id='block_1_66' title="bbox 166 1735 956 1772">
    <p class='ocr_par' dir='ltr' id='par_1_66' title="bbox 166 1735 956 1772">
     <span class='ocr_line' id='line_1_66' title="bbox 166 1735 956 1772; baseline 0.005 -10"><span class='ocrx_word' id='word_1_489' title='bbox 166 1735 245 1762; x_wconf 84' lang='lat' dir='ltr'><strong>licum</strong></span> <span class='ocrx_word' id='word_1_490' title='bbox 259 1735 367 1762; x_wconf 89' lang='lat' dir='ltr'><strong>beatum</strong></span> <span class='ocrx_word' id='word_1_491' title='bbox 382 1735 540 1769; x_wconf 83' lang='lat' dir='ltr'><strong>Maximum,</strong></span> <span class='ocrx_word' id='word_1_492' title='bbox 556 1737 598 1763; x_wconf 91' lang='lat' dir='ltr'><strong>cui</strong></span> <span class='ocrx_word' id='word_1_493' title='bbox 611 1745 746 1771; x_wconf 88' lang='lat' dir='ltr'><strong>nunquam</strong></span> <span class='ocrx_word' id='word_1_494' title='bbox 761 1738 851 1765; x_wconf 91' lang='lat' dir='ltr'><strong>divina</strong></span> <span class='ocrx_word' id='word_1_495' title='bbox 870 1739 956 1772; x_wconf 75' lang='lat' dir='ltr'><strong>gratia</strong></span> 
     </span>
    </p>
   </div>
   <div class='ocr_carea' id='block_1_67' title="bbox 165 1779 954 1817">
    <p class='ocr_par' dir='ltr' id='par_1_67' title="bbox 165 1779 954 1817">
     <span class='ocr_line' id='line_1_67' title="bbox 165 1779 954 1817; baseline 0.006 -11"><span class='ocrx_word' id='word_1_496' title='bbox 165 1779 310 1811; x_wconf 82' lang='lat' dir='ltr'><strong>defuisset.</strong></span> <span class='ocrx_word' id='word_1_497' title='bbox 325 1780 446 1814; x_wconf 77' lang='lat' dir='ltr'><strong>quamvis</strong></span> <span class='ocrx_word' id='word_1_498' title='bbox 457 1785 560 1808; x_wconf 64' lang='lat' dir='ltr'><strong>natura:</strong></span> <span class='ocrx_word' id='word_1_499' title='bbox 572 1780 627 1815; x_wconf 81' lang='lat' dir='ltr'><strong>jam</strong></span> <span class='ocrx_word' id='word_1_500' title='bbox 641 1783 812 1817; x_wconf 87' lang='lat' dir='ltr'><strong>persolvisset</strong></span> <span class='ocrx_word' id='word_1_501' title='bbox 825 1783 954 1817; x_wconf 90' lang='lat' dir='ltr'><strong>debitum,</strong></span> 
     </span>
    </p>
   </div>
   <div class='ocr_carea' id='block_1_68' title="bbox 167 1825 957 1862">
    <p class='ocr_par' dir='ltr' id='par_1_68' title="bbox 167 1825 957 1862">
     <span class='ocr_line' id='line_1_68' title="bbox 167 1825 957 1862; baseline 0.006 -11"><span class='ocrx_word' id='word_1_502' title='bbox 167 1829 255 1852; x_wconf 85' lang='lat' dir='ltr'><strong>tamen</strong></span> <span class='ocrx_word' id='word_1_503' title='bbox 281 1825 424 1852; x_wconf 88' lang='lat' dir='ltr'><strong>virtutibus</strong></span> <span class='ocrx_word' id='word_1_504' title='bbox 451 1830 478 1853; x_wconf 87' lang='lat' dir='ltr'><strong>et</strong></span> <span class='ocrx_word' id='word_1_505' title='bbox 501 1826 603 1853; x_wconf 85' lang='lat' dir='ltr'><strong>meritis</strong></span> <span class='ocrx_word' id='word_1_506' title='bbox 634 1828 734 1854; x_wconf 89' lang='lat' dir='ltr'><strong>vivere.</strong></span> <span class='ocrx_word' id='word_1_507' title='bbox 768 1828 852 1855; x_wconf 90' lang='lat' dir='ltr'><strong>Simul</strong></span> <span class='ocrx_word' id='word_1_508' title='bbox 877 1829 957 1862; x_wconf 84' lang='lat' dir='ltr'><strong>igitur</strong></span> 
     </span>
    </p>
   </div>
   <div class='ocr_carea' id='block_1_69' title="bbox 166 1869 954 1908">
    <p class='ocr_par' dir='ltr' id='par_1_69' title="bbox 166 1869 954 1908">
     <span class='ocr_line' id='line_1_69' title="bbox 166 1869 954 1908; baseline 0.006 -11"><span class='ocrx_word' id='word_1_509' title='bbox 166 1878 258 1898; x_wconf 86' lang='lat' dir='ltr'><strong>omnes</strong></span> <span class='ocrx_word' id='word_1_510' title='bbox 272 1869 397 1898; x_wconf 88' lang='lat' dir='ltr'><strong>fidissima</strong></span> <span class='ocrx_word' id='word_1_511' title='bbox 417 1871 496 1898; x_wconf 89' lang='lat' dir='ltr'><strong>animi</strong></span> <span class='ocrx_word' id='word_1_512' title='bbox 512 1872 655 1900; x_wconf 87' lang='lat' dir='ltr'><strong>devotione</strong></span> <span class='ocrx_word' id='word_1_513' title='bbox 669 1881 728 1900; x_wconf 89' lang='lat' dir='ltr'><strong>sese</strong></span> <span class='ocrx_word' id='word_1_514' title='bbox 742 1879 954 1908; x_wconf 86' lang='lat' dir='ltr'><strong>prostraverunt,</strong></span> 
     </span>
    </p>
   </div>
   <div class='ocr_carea' id='block_1_70' title="bbox 166 1917 957 1956">
    <p class='ocr_par' dir='ltr' id='par_1_70' title="bbox 166 1917 957 1956">
     <span class='ocr_line' id='line_1_70' title="bbox 166 1917 957 1956; baseline 0.01 -14"><span class='ocrx_word' id='word_1_515' title='bbox 166 1917 323 1951; x_wconf 90' lang='lat' dir='ltr'><strong>prolixeque</strong></span> <span class='ocrx_word' id='word_1_516' title='bbox 337 1921 455 1950; x_wconf 87' lang='lat' dir='ltr'><strong>orantes,</strong></span> <span class='ocrx_word' id='word_1_517' title='bbox 467 1926 498 1945; x_wconf 89' lang='lat' dir='ltr'><strong>ac</strong></span> <span class='ocrx_word' id='word_1_518' title='bbox 510 1918 608 1946; x_wconf 87' lang='lat' dir='ltr'><strong>deinde</strong></span> <span class='ocrx_word' id='word_1_519' title='bbox 622 1925 769 1955; x_wconf 80' lang='lat' dir='ltr'><strong>surgentes,</strong></span> <span class='ocrx_word' id='word_1_520' title='bbox 783 1929 842 1948; x_wconf 92' lang='lat' dir='ltr'><strong>cum</strong></span> <span class='ocrx_word' id='word_1_521' title='bbox 857 1923 957 1956; x_wconf 84' lang='lat' dir='ltr'><strong>septies</strong></span> 
     </span>
    </p>
   </div>
   <div class='ocr_carea' id='block_1_71' title="bbox 167 1960 953 1997">
    <p class='ocr_par' dir='ltr' id='par_1_71' title="bbox 167 1960 953 1997">
     <span class='ocr_line' id='line_1_71' title="bbox 167 1960 953 1997; baseline 0.01 -11"><span class='ocrx_word' id='word_1_522' title='bbox 167 1960 247 1995; x_wconf 68' lang='lat' dir='ltr'><strong>Hyrie</strong></span> <span class='ocrx_word' id='word_1_523' title='bbox 255 1961 349 1988; x_wconf 72' lang='lat' dir='ltr'><strong>eleiton</strong></span> <span class='ocrx_word' id='word_1_524' title='bbox 362 1961 530 1994; x_wconf 88' lang='lat' dir='ltr'><strong>clamassent,</strong></span> <span class='ocrx_word' id='word_1_525' title='bbox 542 1963 658 1997; x_wconf 90' lang='lat' dir='ltr'><strong>puellam</strong></span> <span class='ocrx_word' id='word_1_526' title='bbox 668 1964 791 1992; x_wconf 90' lang='lat' dir='ltr'><strong>viderunt</strong></span> <span class='ocrx_word' id='word_1_527' title='bbox 798 1966 953 1994; x_wconf 81' lang='lat' dir='ltr'><strong>redivivam.</strong></span> 
     </span>
    </p>
   </div>
   <div class='ocr_carea' id='block_1_72' title="bbox 168 2007 956 2046">
    <p class='ocr_par' dir='ltr' id='par_1_72' title="bbox 168 2007 956 2046">
     <span class='ocr_line' id='line_1_72' title="bbox 168 2007 956 2046; baseline 0.009 -14"><span class='ocrx_word' id='word_1_528' title='bbox 168 2007 347 2040; x_wconf 89' lang='lat' dir='ltr'><strong>Quamobrem</strong></span> <span class='ocrx_word' id='word_1_529' title='bbox 355 2007 448 2041; x_wconf 91' lang='lat' dir='ltr'><strong>ingens</strong></span> <span class='ocrx_word' id='word_1_530' title='bbox 462 2015 509 2035; x_wconf 89' lang='lat' dir='ltr'><strong>eos</strong></span> <span class='ocrx_word' id='word_1_531' title='bbox 520 2013 606 2036; x_wconf 91' lang='lat' dir='ltr'><strong>terror</strong></span> <span class='ocrx_word' id='word_1_532' title='bbox 616 2010 721 2044; x_wconf 78' lang='lat' dir='ltr'><strong>invasit,</strong></span> <span class='ocrx_word' id='word_1_533' title='bbox 732 2012 956 2046; x_wconf 87' lang='lat' dir='ltr'><strong>commixtemque</strong></span> 
     </span>
    </p>
   </div>
   <div class='ocr_carea' id='block_1_73' title="bbox 166 2053 956 2088">
    <p class='ocr_par' dir='ltr' id='par_1_73' title="bbox 166 2053 956 2088">
     <span class='ocr_line' id='line_1_73' title="bbox 166 2053 956 2088; baseline 0.008 -10"><span class='ocrx_word' id='word_1_534' title='bbox 166 2056 278 2087; x_wconf 87' lang='lat' dir='ltr'><strong>stupore</strong></span> <span class='ocrx_word' id='word_1_535' title='bbox 302 2056 329 2079; x_wconf 85' lang='lat' dir='ltr'><strong>et</strong></span> <span class='ocrx_word' id='word_1_536' title='bbox 354 2053 451 2086; x_wconf 88' lang='lat' dir='ltr'><strong>gaudio</strong></span> <span class='ocrx_word' id='word_1_537' title='bbox 473 2053 683 2088; x_wconf 88' lang='lat' dir='ltr'><strong>complebantur.</strong></span> <span class='ocrx_word' id='word_1_538' title='bbox 706 2054 816 2088; x_wconf 88' lang='lat' dir='ltr'><strong>Puella,</strong></span> <span class='ocrx_word' id='word_1_539' title='bbox 837 2057 956 2084; x_wconf 88' lang='lat' dir='ltr'><strong>vestibus</strong></span> 
     </span>
    </p>
   </div>
   <div class='ocr_carea' id='block_1_74' title="bbox 167 2097 955 2137">
    <p class='ocr_par' dir='ltr' id='par_1_74' title="bbox 167 2097 955 2137">
     <span class='ocr_line' id='line_1_74' title="bbox 167 2097 955 2137; baseline 0.008 -13"><span class='ocrx_word' id='word_1_540' title='bbox 167 2098 267 2125; x_wconf 90' lang='lat' dir='ltr'><strong>relictis</strong></span> <span class='ocrx_word' id='word_1_541' title='bbox 282 2097 446 2131; x_wconf 90' lang='lat' dir='ltr'><strong>funebribus,</strong></span> <span class='ocrx_word' id='word_1_542' title='bbox 462 2104 489 2126; x_wconf 91' lang='lat' dir='ltr'><strong>et</strong></span> <span class='ocrx_word' id='word_1_543' title='bbox 502 2100 560 2128; x_wconf 90' lang='lat' dir='ltr'><strong>aliis</strong></span> <span class='ocrx_word' id='word_1_544' title='bbox 583 2101 684 2133; x_wconf 90' lang='lat' dir='ltr'><strong>induta,</strong></span> <span class='ocrx_word' id='word_1_545' title='bbox 705 2102 796 2137; x_wconf 88' lang='lat' dir='ltr'><strong>populi</strong></span> <span class='ocrx_word' id='word_1_546' title='bbox 809 2102 955 2137; x_wconf 88' lang='lat' dir='ltr'><strong>frequentis</strong></span> 
     </span>
    </p>
   </div>
   <div class='ocr_carea' id='block_1_75' title="bbox 167 2141 952 2178">
    <p class='ocr_par' dir='ltr' id='par_1_75' title="bbox 167 2141 952 2178">
     <span class='ocr_line' id='line_1_75' title="bbox 167 2141 952 2178; baseline 0.01 -11"><span class='ocrx_word' id='word_1_547' title='bbox 167 2141 290 2175; x_wconf 87' lang='lat' dir='ltr'><strong>adjuncta</strong></span> <span class='ocrx_word' id='word_1_548' title='bbox 303 2143 411 2175; x_wconf 85' lang='lat' dir='ltr'><strong>turmis,</strong></span> <span class='ocrx_word' id='word_1_549' title='bbox 434 2144 538 2178; x_wconf 90' lang='lat' dir='ltr'><strong>publica</strong></span> <span class='ocrx_word' id='word_1_550' title='bbox 557 2153 624 2173; x_wconf 90' lang='lat' dir='ltr'><strong>voce</strong></span> <span class='ocrx_word' id='word_1_551' title='bbox 642 2145 736 2173; x_wconf 88' lang='lat' dir='ltr'><strong>salutis</strong></span> <span class='ocrx_word' id='word_1_552' title='bbox 756 2154 811 2174; x_wconf 60' lang='lat' dir='ltr'><strong>suae</strong></span> <span class='ocrx_word' id='word_1_553' title='bbox 831 2148 952 2175; x_wconf 88' lang='lat' dir='ltr'><strong>testimo-</strong></span> 
     </span>
    </p>
   </div>
   <div class='ocr_carea' id='block_1_76' title="bbox 169 2187 953 2225">
    <p class='ocr_par' dir='ltr' id='par_1_76' title="bbox 169 2187 953 2225">
     <span class='ocr_line' id='line_1_76' title="bbox 169 2187 953 2225; baseline 0.01 -13"><span class='ocrx_word' id='word_1_554' title='bbox 169 2188 240 2213; x_wconf 91' lang='lat' dir='ltr'><strong>nium</strong></span> <span class='ocrx_word' id='word_1_555' title='bbox 260 2187 286 2214; x_wconf 89' lang='lat' dir='ltr'><strong>in</strong></span> <span class='ocrx_word' id='word_1_556' title='bbox 306 2189 392 2215; x_wconf 88' lang='lat' dir='ltr'><strong>sancti</strong></span> <span class='ocrx_word' id='word_1_557' title='bbox 416 2190 533 2225; x_wconf 90' lang='lat' dir='ltr'><strong>episcopi</strong></span> <span class='ocrx_word' id='word_1_558' title='bbox 553 2190 656 2218; x_wconf 84' lang='lat' dir='ltr'><strong>laudem</strong></span> <span class='ocrx_word' id='word_1_559' title='bbox 668 2191 772 2219; x_wconf 90' lang='lat' dir='ltr'><strong>dicebat</strong></span> <span class='ocrx_word' id='word_1_560' title='bbox 795 2192 836 2219; x_wconf 90' lang='lat' dir='ltr'><strong>his</strong></span> <span class='ocrx_word' id='word_1_561' title='bbox 850 2193 953 2221; x_wconf 88' lang='lat' dir='ltr'><strong>verbis:</strong></span> 
     </span>
    </p>
   </div>
   <div class='ocr_carea' id='block_1_77' title="bbox 168 2231 954 2271">
    <p class='ocr_par' dir='ltr' id='par_1_77' title="bbox 168 2231 954 2271">
     <span class='ocr_line' id='line_1_77' title="bbox 168 2231 954 2271; baseline 0.011 -14"><span class='ocrx_word' id='word_1_562' title='bbox 168 2231 190 2258; x_wconf 90' lang='lat'><strong>0</strong></span> <span class='ocrx_word' id='word_1_563' title='bbox 204 2232 356 2260; x_wconf 85' lang='lat' dir='ltr'><strong>beatissima</strong></span> <span class='ocrx_word' id='word_1_564' title='bbox 379 2235 526 2263; x_wconf 84' lang='lat' dir='ltr'><strong>sacerdotis</strong></span> <span class='ocrx_word' id='word_1_565' title='bbox 549 2237 660 2263; x_wconf 90' lang='lat' dir='ltr'><strong>merita!</strong></span> <span class='ocrx_word' id='word_1_566' title='bbox 681 2237 703 2264; x_wconf 89' lang='grc' dir='ltr'><strong>Ο</strong></span> <span class='ocrx_word' id='word_1_567' title='bbox 725 2237 833 2265; x_wconf 88' lang='lat' dir='ltr'><strong>beatum</strong></span> <span class='ocrx_word' id='word_1_568' title='bbox 858 2238 954 2271; x_wconf 90' lang='lat' dir='ltr'><strong>virum,</strong></span> 
     </span>
    </p>
   </div>
   <div class='ocr_carea' id='block_1_78' title="bbox 168 2278 954 2316">
    <p class='ocr_par' dir='ltr' id='par_1_78' title="bbox 168 2278 954 2316">
     <span class='ocr_line' id='line_1_78' title="bbox 168 2278 954 2316; baseline 0.011 -12"><span class='ocrx_word' id='word_1_569' title='bbox 168 2278 303 2312; x_wconf 85' lang='lat' dir='ltr'><strong>vitamque</strong></span> <span class='ocrx_word' id='word_1_570' title='bbox 314 2278 417 2306; x_wconf 87' lang='lat' dir='ltr'><strong>beatam</strong></span> <span class='ocrx_word' id='word_1_571' title='bbox 433 2280 575 2314; x_wconf 88' lang='lat' dir='ltr'><strong>pontificis,</strong></span> <span class='ocrx_word' id='word_1_572' title='bbox 589 2283 645 2316; x_wconf 88' lang='lat' dir='ltr'><strong>qui,</strong></span> <span class='ocrx_word' id='word_1_573' title='bbox 662 2287 690 2309; x_wconf 90' lang='lat' dir='ltr'><strong>ut</strong></span> <span class='ocrx_word' id='word_1_574' title='bbox 702 2291 733 2311; x_wconf 85' lang='lat' dir='ltr'><strong>se</strong></span> <span class='ocrx_word' id='word_1_575' title='bbox 754 2283 843 2312; x_wconf 88' lang='lat' dir='ltr'><strong>divina</strong></span> <span class='ocrx_word' id='word_1_576' title='bbox 864 2293 954 2312; x_wconf 90' lang='lat' dir='ltr'><strong>remu-</strong></span> 
     </span>
    </p>
   </div>
   <div class='ocr_carea' id='block_1_79' title="bbox 171 2322 952 2363">
    <p class='ocr_par' dir='ltr' id='par_1_79' title="bbox 171 2322 952 2363">
     <span class='ocr_line' id='line_1_79' title="bbox 171 2322 952 2363; baseline 0.012 -14"><span class='ocrx_word' id='word_1_577' title='bbox 171 2322 308 2349; x_wconf 84' lang='lat' dir='ltr'><strong>neratione</strong></span> <span class='ocrx_word' id='word_1_578' title='bbox 320 2327 448 2351; x_wconf 67' lang='lat' dir='ltr'><strong>mtcrnum</strong></span> <span class='ocrx_word' id='word_1_579' title='bbox 463 2325 553 2353; x_wconf 86' lang='lat' dir='ltr'><strong>vivere</strong></span> <span class='ocrx_word' id='word_1_580' title='bbox 569 2326 731 2361; x_wconf 87' lang='lat' dir='ltr'><strong>declararet,</strong></span> <span class='ocrx_word' id='word_1_581' title='bbox 747 2333 808 2363; x_wconf 89' lang='lat' dir='ltr'><strong>post</strong></span> <span class='ocrx_word' id='word_1_582' title='bbox 828 2335 952 2363; x_wconf 89' lang='lat' dir='ltr'><strong>mortem,</strong></span> 
     </span>
    </p>
   </div>
   <div class='ocr_carea' id='block_1_80' title="bbox 168 2368 475 2395">
    <p class='ocr_par' dir='ltr' id='par_1_80' title="bbox 168 2368 475 2395">
     <span class='ocr_line' id='line_1_80' title="bbox 168 2368 475 2395; baseline 0.003 -2"><span class='ocrx_word' id='word_1_583' title='bbox 168 2373 300 2393; x_wconf 83' lang='lat' dir='ltr'><strong>mortuam</strong></span> <span class='ocrx_word' id='word_1_584' title='bbox 323 2368 475 2395; x_wconf 82' lang='lat' dir='ltr'><strong>suscitavit!</strong></span> 
     </span>
    </p>
   </div>
   <div class='ocr_carea' id='block_1_81' title="bbox 204 2420 954 2460">
    <p class='ocr_par' dir='ltr' id='par_1_81' title="bbox 204 2420 954 2460">
     <span class='ocr_line' id='line_1_81' title="bbox 204 2420 954 2460; baseline 0.012 -13"><span class='ocrx_word' id='word_1_585' title='bbox 204 2420 247 2447; x_wconf 76' lang='grc'><strong>15.</strong></span> <span class='ocrx_word' id='word_1_586' title='bbox 263 2420 437 2455; x_wconf 91' lang='lat' dir='ltr'><strong>lmportatum</strong></span> <span class='ocrx_word' id='word_1_587' title='bbox 449 2423 562 2459; x_wconf 88' lang='lat' dir='ltr'><strong>denique</strong></span> <span class='ocrx_word' id='word_1_588' title='bbox 576 2429 616 2452; x_wconf 85' lang='lat' dir='ltr'><strong>est</strong></span> <span class='ocrx_word' id='word_1_589' title='bbox 627 2433 724 2460; x_wconf 91' lang='lat' dir='ltr'><strong>corpus</strong></span> <span class='ocrx_word' id='word_1_590' title='bbox 739 2426 886 2455; x_wconf 86' lang='lat' dir='ltr'><strong>beatissimi</strong></span> <span class='ocrx_word' id='word_1_591' title='bbox 905 2437 954 2456; x_wconf 86' lang='lat' dir='ltr'><strong>an-</strong></span> 
     </span>
    </p>
   </div>
   <div class='ocr_carea' id='block_1_82' title="bbox 169 2467 955 2504">
    <p class='ocr_par' dir='ltr' id='par_1_82' title="bbox 169 2467 955 2504">
     <span class='ocr_line' id='line_1_82' title="bbox 169 2467 955 2504; baseline 0.009 -10"><span class='ocrx_word' id='word_1_592' title='bbox 169 2467 259 2495; x_wconf 83' lang='lat' dir='ltr'><strong>tistitis</strong></span> <span class='ocrx_word' id='word_1_593' title='bbox 271 2467 297 2494; x_wconf 92' lang='lat' dir='ltr'><strong>in</strong></span> <span class='ocrx_word' id='word_1_594' title='bbox 312 2468 436 2502; x_wconf 87' lang='lat' dir='ltr'><strong>oppidum</strong></span> <span class='ocrx_word' id='word_1_595' title='bbox 448 2468 612 2504; x_wconf 75' lang='lat' dir='ltr'><strong>Rhegiense,</strong></span> <span class='ocrx_word' id='word_1_596' title='bbox 628 2475 655 2498; x_wconf 89' lang='lat' dir='ltr'><strong>et</strong></span> <span class='ocrx_word' id='word_1_597' title='bbox 673 2479 733 2498; x_wconf 93' lang='lat' dir='ltr'><strong>cum</strong></span> <span class='ocrx_word' id='word_1_598' title='bbox 749 2473 830 2499; x_wconf 89' lang='lat' dir='ltr'><strong>multa</strong></span> <span class='ocrx_word' id='word_1_599' title='bbox 844 2473 955 2501; x_wconf 88' lang='lat' dir='ltr'><strong>celebri-</strong></span> 
     </span>
    </p>
   </div>
   <div class='ocr_carea' id='block_1_83' title="bbox 170 2514 954 2554">
    <p class='ocr_par' dir='ltr' id='par_1_83' title="bbox 170 2514 954 2554">
     <span class='ocr_line' id='line_1_83' title="bbox 170 2514 954 2554; baseline 0.009 -14"><span class='ocrx_word' id='word_1_600' title='bbox 170 2518 224 2541; x_wconf 84' lang='lat' dir='ltr'><strong>tate</strong></span> <span class='ocrx_word' id='word_1_601' title='bbox 246 2514 382 2541; x_wconf 90' lang='lat' dir='ltr'><strong>humatum</strong></span> <span class='ocrx_word' id='word_1_602' title='bbox 406 2515 433 2541; x_wconf 91' lang='lat' dir='ltr'><strong>in</strong></span> <span class='ocrx_word' id='word_1_603' title='bbox 456 2516 567 2543; x_wconf 86' lang='lat' dir='ltr'><strong>ecclesia</strong></span> <span class='ocrx_word' id='word_1_604' title='bbox 589 2517 661 2545; x_wconf 88' lang='lat' dir='ltr'><strong>beati</strong></span> <span class='ocrx_word' id='word_1_605' title='bbox 683 2517 769 2551; x_wconf 85' lang='lat' dir='ltr'><strong>Petri,</strong></span> <span class='ocrx_word' id='word_1_606' title='bbox 793 2527 872 2554; x_wconf 91' lang='lat' dir='ltr'><strong>quam</strong></span> <span class='ocrx_word' id='word_1_607' title='bbox 898 2521 954 2554; x_wconf 88' lang='lat' dir='ltr'><strong>ipse</strong></span> 
     </span>
    </p>
   </div>
   <div class='ocr_carea' id='block_1_84' title="bbox 169 2560 951 2600">
    <p class='ocr_par' dir='ltr' id='par_1_84' title="bbox 169 2560 951 2600">
     <span class='ocr_line' id='line_1_84' title="bbox 169 2560 951 2600; baseline 0.009 -14"><span class='ocrx_word' id='word_1_608' title='bbox 169 2560 324 2587; x_wconf 81' lang='lat' dir='ltr'><strong>condiderat</strong></span> <span class='ocrx_word' id='word_1_609' title='bbox 335 2579 342 2591; x_wconf 88' lang='lat'>.</span> <span class='ocrx_word' id='word_1_610' title='bbox 356 2568 416 2595; x_wconf 67' lang='lat' dir='ltr'><strong>quae</strong></span> <span class='ocrx_word' id='word_1_611' title='bbox 431 2565 521 2596; x_wconf 89' lang='lat' dir='ltr'><strong>postea</strong></span> <span class='ocrx_word' id='word_1_612' title='bbox 537 2562 619 2597; x_wconf 90' lang='lat' dir='ltr'><strong>ipsius</strong></span> <span class='ocrx_word' id='word_1_613' title='bbox 634 2564 740 2591; x_wconf 91' lang='lat' dir='ltr'><strong>nomine</strong></span> <span class='ocrx_word' id='word_1_614' title='bbox 753 2566 885 2600; x_wconf 80' lang='lat' dir='ltr'><strong>appellata</strong></span> <span class='ocrx_word' id='word_1_615' title='bbox 901 2571 951 2600; x_wconf 86' lang='lat' dir='ltr'><strong>est,</strong></span> 
     </span>
    </p>
   </div>
   <div class='ocr_carea' id='block_1_85' title="bbox 169 2605 954 2644">
    <p class='ocr_par' dir='ltr' id='par_1_85' title="bbox 169 2605 954 2644">
     <span class='ocr_line' id='line_1_85' title="bbox 169 2605 954 2644; baseline 0.01 -13"><span class='ocrx_word' id='word_1_616' title='bbox 169 2605 204 2631; x_wconf 81' lang='lat' dir='ltr'><strong>ob</strong></span> <span class='ocrx_word' id='word_1_617' title='bbox 228 2606 320 2632; x_wconf 90' lang='lat' dir='ltr'><strong>crebra</strong></span> <span class='ocrx_word' id='word_1_618' title='bbox 344 2605 400 2639; x_wconf 74' lang='lat' dir='ltr'><strong>ejus</strong></span> <span class='ocrx_word' id='word_1_619' title='bbox 429 2608 592 2641; x_wconf 89' lang='lat' dir='ltr'><strong>patrocinia;</strong></span> <span class='ocrx_word' id='word_1_620' title='bbox 621 2609 665 2636; x_wconf 92' lang='lat' dir='ltr'><strong>ubi</strong></span> <span class='ocrx_word' id='word_1_621' title='bbox 686 2610 813 2644; x_wconf 89' lang='lat' dir='ltr'><strong>quidquid</strong></span> <span class='ocrx_word' id='word_1_622' title='bbox 843 2611 954 2639; x_wconf 83' lang='lat' dir='ltr'><strong>fidenter</strong></span> 
     </span>
    </p>
   </div>
   <div class='ocr_carea' id='block_1_86' title="bbox 170 2649 955 2690">
    <p class='ocr_par' dir='ltr' id='par_1_86' title="bbox 170 2649 955 2690">
     <span class='ocr_line' id='line_1_86' title="bbox 170 2649 955 2690; baseline 0.011 -15"><span class='ocrx_word' id='word_1_623' title='bbox 170 2650 283 2683; x_wconf 76' lang='lat' dir='ltr'><strong>petitur,</strong></span> <span class='ocrx_word' id='word_1_624' title='bbox 306 2649 411 2678; x_wconf 87' lang='lat' dir='ltr'><strong>Christo</strong></span> <span class='ocrx_word' id='word_1_625' title='bbox 422 2651 565 2680; x_wconf 86' lang='lat' dir='ltr'><strong>auxiliante</strong></span> <span class='ocrx_word' id='word_1_626' title='bbox 587 2653 732 2682; x_wconf 88' lang='lat' dir='ltr'><strong>obtinetur.</strong></span> <span class='ocrx_word' id='word_1_627' title='bbox 748 2655 805 2682; x_wconf 85' lang='lat' dir='ltr'><strong>Non</strong></span> <span class='ocrx_word' id='word_1_628' title='bbox 828 2656 862 2683; x_wconf 92' lang='lat' dir='ltr'><strong>sit</strong></span> <span class='ocrx_word' id='word_1_629' title='bbox 877 2657 955 2690; x_wconf 82' lang='lat' dir='ltr'><strong>igitur</strong></span> 
     </span>
    </p>
   </div>
   <div class='ocr_carea' id='block_1_87' title="bbox 167 2694 954 2737">
    <p class='ocr_par' dir='ltr' id='par_1_87' title="bbox 167 2694 954 2737">
     <span class='ocr_line' id='line_1_87' title="bbox 167 2694 954 2737; baseline 0.011 -16"><span class='ocrx_word' id='word_1_630' title='bbox 167 2694 236 2721; x_wconf 73' lang='lat' dir='ltr'><strong>ﬁdes</strong></span> <span class='ocrx_word' id='word_1_631' title='bbox 250 2695 344 2730; x_wconf 88' lang='lat' dir='ltr'><strong>dubia,</strong></span> <span class='ocrx_word' id='word_1_632' title='bbox 362 2704 422 2725; x_wconf 91' lang='lat' dir='ltr'><strong>cum</strong></span> <span class='ocrx_word' id='word_1_633' title='bbox 442 2698 475 2725; x_wconf 87' lang='lat' dir='ltr'><strong>sit</strong></span> <span class='ocrx_word' id='word_1_634' title='bbox 493 2698 576 2726; x_wconf 86' lang='lat' dir='ltr'><strong>virtus</strong></span> <span class='ocrx_word' id='word_1_635' title='bbox 603 2699 714 2727; x_wconf 89' lang='lat' dir='ltr'><strong>infinita.</strong></span> <span class='ocrx_word' id='word_1_636' title='bbox 740 2701 797 2728; x_wconf 89' lang='lat' dir='ltr'><strong>Non</strong></span> <span class='ocrx_word' id='word_1_637' title='bbox 821 2702 865 2729; x_wconf 89' lang='lat' dir='ltr'><strong>diu</strong></span> <span class='ocrx_word' id='word_1_638' title='bbox 885 2708 954 2737; x_wconf 85' lang='lat' dir='ltr'><strong>post,</strong></span> 
     </span>
    </p>
   </div>
   <div class='ocr_carea' id='block_1_88' title="bbox 1006 1512 1794 1554">
    <p class='ocr_par' dir='ltr' id='par_1_88' title="bbox 1006 1512 1794 1554">
     <span class='ocr_line' id='line_1_88' title="bbox 1006 1512 1794 1554; baseline 0.005 -11"><span class='ocrx_word' id='word_1_639' title='bbox 1006 1512 1156 1554; x_wconf 50' lang='lat' dir='ltr'><strong>pﬁccatoris</strong></span> <span class='ocrx_word' id='word_1_640' title='bbox 1175 1519 1355 1546; x_wconf 89' lang='lat' dir='ltr'><strong>curiositatem</strong></span> <span class='ocrx_word' id='word_1_641' title='bbox 1379 1518 1420 1547; x_wconf 88' lang='lat' dir='ltr'><strong>his</strong></span> <span class='ocrx_word' id='word_1_642' title='bbox 1433 1520 1522 1547; x_wconf 87' lang='lat' dir='ltr'><strong>verbis</strong></span> <span class='ocrx_word' id='word_1_643' title='bbox 1537 1521 1706 1554; x_wconf 87' lang='lat' dir='ltr'><strong>reprehendit</strong></span> <span class='ocrx_word' id='word_1_644' title='bbox 1725 1530 1731 1547; x_wconf 91' lang='lat'><strong>:</strong></span> <span class='ocrx_word' id='word_1_645' title='bbox 1745 1521 1794 1548; x_wconf 77' lang='grc' dir='ltr'><strong>ΑΓ-</strong></span> 
     </span>
    </p>
   </div>
   <div class='ocr_carea' id='block_1_89' title="bbox 1005 1565 1793 1599">
    <p class='ocr_par' dir='ltr' id='par_1_89' title="bbox 1005 1565 1793 1599">
     <span class='ocr_line' id='line_1_89' title="bbox 1005 1565 1793 1599; baseline 0.003 -8"><span class='ocrx_word' id='word_1_646' title='bbox 1005 1565 1086 1591; x_wconf 91' lang='lat' dir='ltr'><strong>duum</strong></span> <span class='ocrx_word' id='word_1_647' title='bbox 1119 1569 1160 1592; x_wconf 90' lang='lat' dir='ltr'><strong>est</strong></span> <span class='ocrx_word' id='word_1_648' title='bbox 1191 1565 1313 1592; x_wconf 60' lang='lat' dir='ltr'><strong>humana}</strong></span> <span class='ocrx_word' id='word_1_649' title='bbox 1344 1566 1479 1599; x_wconf 81' lang='lat' dir='ltr'><strong>fragilitati</strong></span> <span class='ocrx_word' id='word_1_650' title='bbox 1505 1570 1659 1593; x_wconf 89' lang='lat' dir='ltr'><strong>sanctorum</strong></span> <span class='ocrx_word' id='word_1_651' title='bbox 1688 1571 1793 1593; x_wconf 67' lang='lat' dir='ltr'><strong>secreta</strong></span> 
     </span>
    </p>
   </div>
   <div class='ocr_carea' id='block_1_90' title="bbox 1005 1611 1793 1646">
    <p class='ocr_par' dir='ltr' id='par_1_90' title="bbox 1005 1611 1793 1646">
     <span class='ocr_line' id='line_1_90' title="bbox 1005 1611 1793 1646; baseline 0.001 -9"><span class='ocrx_word' id='word_1_652' title='bbox 1005 1617 1184 1644; x_wconf 66' lang='lat' dir='ltr'><strong>cognoscrre,</strong></span> <span class='ocrx_word' id='word_1_653' title='bbox 1210 1615 1238 1637; x_wconf 91' lang='lat' dir='ltr'><strong>et</strong></span> <span class='ocrx_word' id='word_1_654' title='bbox 1260 1611 1429 1638; x_wconf 88' lang='lat' dir='ltr'><strong>temerarium</strong></span> <span class='ocrx_word' id='word_1_655' title='bbox 1441 1611 1508 1637; x_wconf 90' lang='lat' dir='ltr'><strong>velle</strong></span> <span class='ocrx_word' id='word_1_656' title='bbox 1528 1611 1632 1643; x_wconf 91' lang='lat' dir='ltr'><strong>rimari;</strong></span> <span class='ocrx_word' id='word_1_657' title='bbox 1648 1611 1710 1638; x_wconf 89' lang='lat' dir='ltr'><strong>audi</strong></span> <span class='ocrx_word' id='word_1_658' title='bbox 1729 1619 1793 1646; x_wconf 89' lang='lat' dir='ltr'><strong>ergo</strong></span> 
     </span>
    </p>
   </div>
   <div class='ocr_carea' id='block_1_91' title="bbox 1005 1655 1793 1691">
    <p class='ocr_par' dir='ltr' id='par_1_91' title="bbox 1005 1655 1793 1691">
     <span class='ocr_line' id='line_1_91' title="bbox 1005 1655 1793 1691; baseline 0.003 -9"><span class='ocrx_word' id='word_1_659' title='bbox 1005 1662 1064 1689; x_wconf 73' lang='lat' dir='ltr'><strong>qua:</strong></span> <span class='ocrx_word' id='word_1_660' title='bbox 1088 1655 1134 1682; x_wconf 92' lang='lat' dir='ltr'><strong>tibi</strong></span> <span class='ocrx_word' id='word_1_661' title='bbox 1156 1656 1281 1690; x_wconf 61' lang='lat' dir='ltr'><strong>praescius</strong></span> <span class='ocrx_word' id='word_1_662' title='bbox 1304 1662 1354 1689; x_wconf 83' lang='lat' dir='ltr'><strong>ego</strong></span> <span class='ocrx_word' id='word_1_663' title='bbox 1370 1655 1425 1689; x_wconf 88' lang='lat' dir='ltr'><strong>jam</strong></span> <span class='ocrx_word' id='word_1_664' title='bbox 1441 1655 1560 1682; x_wconf 88' lang='lat' dir='ltr'><strong>dicturus</strong></span> <span class='ocrx_word' id='word_1_665' title='bbox 1581 1663 1663 1682; x_wconf 81' lang='lat' dir='ltr'><strong>sum:</strong></span> <span class='ocrx_word' id='word_1_666' title='bbox 1680 1663 1712 1683; x_wconf 90' lang='lat' dir='ltr'><strong>ea</strong></span> <span class='ocrx_word' id='word_1_667' title='bbox 1733 1664 1793 1691; x_wconf 85' lang='lat' dir='ltr'><strong>quae</strong></span> 
     </span>
    </p>
   </div>
   <div class='ocr_carea' id='block_1_92' title="bbox 1005 1700 1793 1734">
    <p class='ocr_par' dir='ltr' id='par_1_92' title="bbox 1005 1700 1793 1734">
     <span class='ocr_line' id='line_1_92' title="bbox 1005 1700 1793 1734; baseline 0.003 -8"><span class='ocrx_word' id='word_1_668' title='bbox 1005 1700 1093 1727; x_wconf 85' lang='lat' dir='ltr'><strong>vidisti</strong></span> <span class='ocrx_word' id='word_1_669' title='bbox 1107 1703 1135 1727; x_wconf 87' lang='lat' dir='ltr'><strong>et</strong></span> <span class='ocrx_word' id='word_1_670' title='bbox 1148 1700 1243 1727; x_wconf 86' lang='lat' dir='ltr'><strong>audisti</strong></span> <span class='ocrx_word' id='word_1_671' title='bbox 1258 1707 1323 1727; x_wconf 90' lang='lat' dir='ltr'><strong>cave</strong></span> <span class='ocrx_word' id='word_1_672' title='bbox 1345 1708 1378 1727; x_wconf 91' lang='lat' dir='ltr'><strong>ne</strong></span> <span class='ocrx_word' id='word_1_673' title='bbox 1393 1700 1509 1734; x_wconf 86' lang='lat' dir='ltr'><strong>evulges.</strong></span> <span class='ocrx_word' id='word_1_674' title='bbox 1537 1700 1702 1734; x_wconf 83' lang='lat' dir='ltr'><strong>Quocunque</strong></span> <span class='ocrx_word' id='word_1_675' title='bbox 1722 1701 1793 1728; x_wconf 90' lang='lat' dir='ltr'><strong>enim</strong></span> 
     </span>
    </p>
   </div>
   <div class='ocr_carea' id='block_1_93' title="bbox 1005 1745 1793 1781">
    <p class='ocr_par' dir='ltr' id='par_1_93' title="bbox 1005 1745 1793 1781">
     <span class='ocr_line' id='line_1_93' title="bbox 1005 1745 1793 1781; baseline 0.001 -8"><span class='ocrx_word' id='word_1_676' title='bbox 1005 1745 1049 1773; x_wconf 90' lang='lat' dir='ltr'><strong>die</strong></span> <span class='ocrx_word' id='word_1_677' title='bbox 1073 1745 1098 1773; x_wconf 90' lang='lat' dir='ltr'><strong>id</strong></span> <span class='ocrx_word' id='word_1_678' title='bbox 1123 1746 1232 1778; x_wconf 87' lang='lat' dir='ltr'><strong>feceris,</strong></span> <span class='ocrx_word' id='word_1_679' title='bbox 1249 1754 1281 1773; x_wconf 81' lang='lat' dir='ltr'><strong>ex</strong></span> <span class='ocrx_word' id='word_1_680' title='bbox 1297 1746 1349 1772; x_wconf 89' lang='lat' dir='ltr'><strong>hac</strong></span> <span class='ocrx_word' id='word_1_681' title='bbox 1370 1746 1429 1773; x_wconf 88' lang='lat' dir='ltr'><strong>luce</strong></span> <span class='ocrx_word' id='word_1_682' title='bbox 1443 1747 1577 1779; x_wconf 79' lang='lat' dir='ltr'><strong>migrabis.</strong></span> <span class='ocrx_word' id='word_1_683' title='bbox 1594 1746 1621 1774; x_wconf 86' lang='lat' dir='ltr'><strong>Id</strong></span> <span class='ocrx_word' id='word_1_684' title='bbox 1635 1752 1724 1774; x_wconf 92' lang='lat' dir='ltr'><strong>utrum</strong></span> <span class='ocrx_word' id='word_1_685' title='bbox 1738 1747 1793 1781; x_wconf 92' lang='lat' dir='ltr'><strong>jam</strong></span> 
     </span>
    </p>
   </div>
   <div class='ocr_carea' id='block_1_94' title="bbox 1006 1790 1792 1827">
    <p class='ocr_par' dir='ltr' id='par_1_94' title="bbox 1006 1790 1792 1827">
     <span class='ocr_line' id='line_1_94' title="bbox 1006 1790 1792 1827; baseline 0.001 -9"><span class='ocrx_word' id='word_1_686' title='bbox 1006 1795 1163 1818; x_wconf 88' lang='lat' dir='ltr'><strong>eventurum</strong></span> <span class='ocrx_word' id='word_1_687' title='bbox 1179 1790 1223 1821; x_wconf 82' lang='lat' dir='ltr'><strong>sit.</strong></span> <span class='ocrx_word' id='word_1_688' title='bbox 1238 1798 1270 1818; x_wconf 89' lang='lat' dir='ltr'><strong>ex</strong></span> <span class='ocrx_word' id='word_1_689' title='bbox 1286 1791 1331 1817; x_wconf 87' lang='lat' dir='ltr'><strong>Dei</strong></span> <span class='ocrx_word' id='word_1_690' title='bbox 1354 1792 1452 1825; x_wconf 87' lang='lat' dir='ltr'><strong>pendet</strong></span> <span class='ocrx_word' id='word_1_691' title='bbox 1471 1792 1591 1819; x_wconf 80' lang='lat' dir='ltr'><strong>arbitrio.</strong></span> <span class='ocrx_word' id='word_1_692' title='bbox 1615 1791 1671 1826; x_wconf 86' lang='lat' dir='ltr'><strong>Ego</strong></span> <span class='ocrx_word' id='word_1_693' title='bbox 1685 1793 1792 1827; x_wconf 87' lang='lat' dir='ltr'><strong>quidem</strong></span> 
     </span>
    </p>
   </div>
   <div class='ocr_carea' id='block_1_95' title="bbox 1006 1838 1792 1873">
    <p class='ocr_par' dir='ltr' id='par_1_95' title="bbox 1006 1838 1792 1873">
     <span class='ocr_line' id='line_1_95' title="bbox 1006 1838 1792 1873; baseline 0.004 -9"><span class='ocrx_word' id='word_1_694' title='bbox 1006 1838 1160 1866; x_wconf 79' lang='lat' dir='ltr'><strong>exce&#39;lentis</strong></span> <span class='ocrx_word' id='word_1_695' title='bbox 1180 1839 1237 1873; x_wconf 83' lang='lat' dir='ltr'><strong>ejus</strong></span> <span class='ocrx_word' id='word_1_696' title='bbox 1261 1840 1365 1867; x_wconf 90' lang='lat' dir='ltr'><strong>virtutis</strong></span> <span class='ocrx_word' id='word_1_697' title='bbox 1389 1840 1542 1867; x_wconf 87' lang='lat' dir='ltr'><strong>memoriam</strong></span> <span class='ocrx_word' id='word_1_698' title='bbox 1564 1844 1590 1867; x_wconf 92' lang='lat' dir='ltr'><strong>et</strong></span> <span class='ocrx_word' id='word_1_699' title='bbox 1612 1841 1792 1868; x_wconf 79' lang='lat' dir='ltr'><strong>testimonium</strong></span> 
     </span>
    </p>
   </div>
   <div class='ocr_carea' id='block_1_96' title="bbox 1006 1884 1794 1919">
    <p class='ocr_par' dir='ltr' id='par_1_96' title="bbox 1006 1884 1794 1919">
     <span class='ocr_line' id='line_1_96' title="bbox 1006 1884 1794 1919; baseline 0.003 -9"><span class='ocrx_word' id='word_1_700' title='bbox 1006 1884 1154 1918; x_wconf 83' lang='lat' dir='ltr'><strong>posteritati</strong></span> <span class='ocrx_word' id='word_1_701' title='bbox 1170 1885 1307 1919; x_wconf 89' lang='lat' dir='ltr'><strong>relinquo,</strong></span> <span class='ocrx_word' id='word_1_702' title='bbox 1331 1891 1360 1912; x_wconf 91' lang='lat' dir='ltr'><strong>ut</strong></span> <span class='ocrx_word' id='word_1_703' title='bbox 1384 1894 1416 1912; x_wconf 91' lang='lat' dir='ltr'><strong>ne</strong></span> <span class='ocrx_word' id='word_1_704' title='bbox 1441 1886 1499 1919; x_wconf 90' lang='lat' dir='ltr'><strong>quis</strong></span> <span class='ocrx_word' id='word_1_705' title='bbox 1523 1886 1673 1912; x_wconf 81' lang='lat' dir='ltr'><strong>mortalium</strong></span> <span class='ocrx_word' id='word_1_706' title='bbox 1689 1886 1794 1919; x_wconf 82' lang='lat' dir='ltr'><strong>ignoret</strong></span> 
     </span>
    </p>
   </div>
   <div class='ocr_carea' id='block_1_97' title="bbox 1006 1931 1792 1967">
    <p class='ocr_par' dir='ltr' id='par_1_97' title="bbox 1006 1931 1792 1967">
     <span class='ocr_line' id='line_1_97' title="bbox 1006 1931 1792 1967; baseline 0.003 -11"><span class='ocrx_word' id='word_1_707' title='bbox 1006 1931 1227 1964; x_wconf 83' lang='lat' dir='ltr'><strong>quemadmodum</strong></span> <span class='ocrx_word' id='word_1_708' title='bbox 1241 1932 1303 1965; x_wconf 86' lang='lat' dir='ltr'><strong>justi</strong></span> <span class='ocrx_word' id='word_1_709' title='bbox 1319 1932 1439 1959; x_wconf 88' lang='lat' dir='ltr'><strong>homines</strong></span> <span class='ocrx_word' id='word_1_710' title='bbox 1449 1936 1601 1959; x_wconf 89' lang='lat' dir='ltr'><strong>sanctorum</strong></span> <span class='ocrx_word' id='word_1_711' title='bbox 1617 1933 1717 1967; x_wconf 90' lang='lat' dir='ltr'><strong>possint</strong></span> <span class='ocrx_word' id='word_1_712' title='bbox 1742 1931 1792 1959; x_wconf 92' lang='lat' dir='ltr'><strong>frui</strong></span> 
     </span>
    </p>
   </div>
   <div class='ocr_carea' id='block_1_98' title="bbox 1006 1978 1791 2006">
    <p class='ocr_par' dir='ltr' id='par_1_98' title="bbox 1006 1978 1791 2006">
     <span class='ocr_line' id='line_1_98' title="bbox 1006 1978 1791 2006; baseline 0.004 -3"><span class='ocrx_word' id='word_1_713' title='bbox 1006 1978 1167 2004; x_wconf 85' lang='lat' dir='ltr'><strong>commercio</strong></span> <span class='ocrx_word' id='word_1_714' title='bbox 1181 1982 1208 2005; x_wconf 91' lang='lat' dir='ltr'><strong>et</strong></span> <span class='ocrx_word' id='word_1_715' title='bbox 1228 1979 1429 2006; x_wconf 89' lang='lat' dir='ltr'><strong>consuetudine.</strong></span> <span class='ocrx_word' id='word_1_716' title='bbox 1446 1979 1513 2006; x_wconf 87' lang='lat' dir='ltr'><strong>Huic</strong></span> <span class='ocrx_word' id='word_1_717' title='bbox 1534 1983 1622 2006; x_wconf 80' lang='lat' dir='ltr'><strong>autem</strong></span> <span class='ocrx_word' id='word_1_718' title='bbox 1645 1979 1791 2006; x_wconf 89' lang='lat' dir='ltr'><strong>narrationi</strong></span> 
     </span>
    </p>
   </div>
   <div class='ocr_carea' id='block_1_99' title="bbox 1006 2023 1793 2059">
    <p class='ocr_par' dir='ltr' id='par_1_99' title="bbox 1006 2023 1793 2059">
     <span class='ocr_line' id='line_1_99' title="bbox 1006 2023 1793 2059; baseline 0.005 -11"><span class='ocrx_word' id='word_1_719' title='bbox 1006 2023 1111 2050; x_wconf 89' lang='lat' dir='ltr'><strong>abunde</strong></span> <span class='ocrx_word' id='word_1_720' title='bbox 1136 2023 1245 2050; x_wconf 79' lang='lat' dir='ltr'><strong>multam</strong></span> <span class='ocrx_word' id='word_1_721' title='bbox 1269 2025 1420 2052; x_wconf 83' lang='lat' dir='ltr'><strong>conciliavit</strong></span> <span class='ocrx_word' id='word_1_722' title='bbox 1441 2025 1518 2052; x_wconf 85' lang='lat' dir='ltr'><strong>tidem</strong></span> <span class='ocrx_word' id='word_1_723' title='bbox 1544 2024 1616 2059; x_wconf 90' lang='lat' dir='ltr'><strong>quod</strong></span> <span class='ocrx_word' id='word_1_724' title='bbox 1638 2024 1732 2052; x_wconf 91' lang='lat' dir='ltr'><strong>eodem</strong></span> <span class='ocrx_word' id='word_1_725' title='bbox 1749 2024 1793 2052; x_wconf 87' lang='lat' dir='ltr'><strong>die</strong></span> 
     </span>
    </p>
   </div>
   <div class='ocr_carea' id='block_1_100' title="bbox 1005 2067 1791 2103">
    <p class='ocr_par' dir='ltr' id='par_1_100' title="bbox 1005 2067 1791 2103">
     <span class='ocr_line' id='line_1_100' title="bbox 1005 2067 1791 2103; baseline 0.004 -10"><span class='ocrx_word' id='word_1_726' title='bbox 1005 2067 1182 2095; x_wconf 87' lang='lat' dir='ltr'><strong>subdiaconus</strong></span> <span class='ocrx_word' id='word_1_727' title='bbox 1194 2068 1249 2102; x_wconf 88' lang='lat' dir='ltr'><strong>ille,</strong></span> <span class='ocrx_word' id='word_1_728' title='bbox 1263 2069 1331 2096; x_wconf 87' lang='lat' dir='ltr'><strong>sicut</strong></span> <span class='ocrx_word' id='word_1_729' title='bbox 1341 2069 1364 2096; x_wconf 88' lang='lat' dir='ltr'><strong>ei</strong></span> <span class='ocrx_word' id='word_1_730' title='bbox 1375 2077 1390 2096; x_wconf 94' lang='lat' dir='ltr'><strong>a</strong></span> <span class='ocrx_word' id='word_1_731' title='bbox 1404 2069 1483 2096; x_wconf 90' lang='lat' dir='ltr'><strong>beato</strong></span> <span class='ocrx_word' id='word_1_732' title='bbox 1495 2069 1609 2096; x_wconf 83' lang='lat' dir='ltr'><strong>Maximo</strong></span> <span class='ocrx_word' id='word_1_733' title='bbox 1621 2069 1791 2103; x_wconf 64' lang='lat' dir='ltr'><strong>praedicatum</strong></span> 
     </span>
    </p>
   </div>
   <div class='ocr_carea' id='block_1_101' title="bbox 1007 2113 1793 2149">
    <p class='ocr_par' dir='ltr' id='par_1_101' title="bbox 1007 2113 1793 2149">
     <span class='ocr_line' id='line_1_101' title="bbox 1007 2113 1793 2149; baseline 0.003 -10"><span class='ocrx_word' id='word_1_734' title='bbox 1007 2117 1078 2146; x_wconf 89' lang='lat' dir='ltr'><strong>erat,</strong></span> <span class='ocrx_word' id='word_1_735' title='bbox 1103 2113 1180 2140; x_wconf 90' lang='lat' dir='ltr'><strong>desiit</strong></span> <span class='ocrx_word' id='word_1_736' title='bbox 1205 2121 1265 2141; x_wconf 87' lang='lat' dir='ltr'><strong>esse</strong></span> <span class='ocrx_word' id='word_1_737' title='bbox 1286 2115 1312 2141; x_wconf 89' lang='lat' dir='ltr'><strong>in</strong></span> <span class='ocrx_word' id='word_1_738' title='bbox 1334 2115 1477 2148; x_wconf 88' lang='lat' dir='ltr'><strong>humauis&#39;;</strong></span> <span class='ocrx_word' id='word_1_739' title='bbox 1497 2119 1525 2142; x_wconf 85' lang='lat' dir='ltr'><strong>et</strong></span> <span class='ocrx_word' id='word_1_740' title='bbox 1543 2115 1606 2149; x_wconf 89' lang='lat' dir='ltr'><strong>quia</strong></span> <span class='ocrx_word' id='word_1_741' title='bbox 1630 2122 1683 2141; x_wconf 83' lang='lat' dir='ltr'><strong>non</strong></span> <span class='ocrx_word' id='word_1_742' title='bbox 1707 2114 1793 2148; x_wconf 92' lang='lat' dir='ltr'><strong>potuit</strong></span> 
     </span>
    </p>
   </div>
   <div class='ocr_carea' id='block_1_102' title="bbox 970 2152 1791 2195">
    <p class='ocr_par' dir='ltr' id='par_1_102' title="bbox 970 2152 1791 2195">
     <span class='ocr_line' id='line_1_102' title="bbox 970 2152 1791 2195; baseline 0.004 -12"><span class='ocrx_word' id='word_1_743' title='bbox 970 2152 992 2180; x_wconf 88' lang='lat' dir='ltr'><strong>D</strong></span> <span class='ocrx_word' id='word_1_744' title='bbox 1006 2157 1109 2184; x_wconf 86' lang='lat' dir='ltr'><strong>vivcndi</strong></span> <span class='ocrx_word' id='word_1_745' title='bbox 1124 2159 1272 2193; x_wconf 86' lang='lat' dir='ltr'><strong>producere</strong></span> <span class='ocrx_word' id='word_1_746' title='bbox 1292 2160 1432 2186; x_wconf 90' lang='lat' dir='ltr'><strong>terminum</strong></span> <span class='ocrx_word' id='word_1_747' title='bbox 1443 2179 1451 2192; x_wconf 90' lang='lat'><strong>,</strong></span> <span class='ocrx_word' id='word_1_748' title='bbox 1474 2167 1524 2187; x_wconf 90' lang='lat' dir='ltr'><strong>nec</strong></span> <span class='ocrx_word' id='word_1_749' title='bbox 1539 2160 1691 2195; x_wconf 83' lang='lat' dir='ltr'><strong>mysterium</strong></span> <span class='ocrx_word' id='word_1_750' title='bbox 1703 2160 1791 2186; x_wconf 89' lang='lat' dir='ltr'><strong>celare</strong></span> 
     </span>
    </p>
   </div>
   <div class='ocr_carea' id='block_1_103' title="bbox 1005 2203 1097 2229">
    <p class='ocr_par' dir='ltr' id='par_1_103' title="bbox 1005 2203 1097 2229">
     <span class='ocr_line' id='line_1_103' title="bbox 1005 2203 1097 2229; baseline -0.011 0"><span class='ocrx_word' id='word_1_751' title='bbox 1005 2203 1097 2229; x_wconf 80' lang='lat' dir='ltr'><strong>voluit.</strong></span> 
     </span>
    </p>
   </div>
   <div class='ocr_carea' id='block_1_104' title="bbox 1039 2257 1791 2294">
    <p class='ocr_par' dir='ltr' id='par_1_104' title="bbox 1039 2257 1791 2294">
     <span class='ocr_line' id='line_1_104' title="bbox 1039 2257 1791 2294; baseline 0.005 -10"><span class='ocrx_word' id='word_1_752' title='bbox 1039 2258 1081 2284; x_wconf 81' lang='grc'><strong>16.</strong></span> <span class='ocrx_word' id='word_1_753' title='bbox 1102 2257 1155 2285; x_wconf 86' lang='lat' dir='ltr'><strong>Nos</strong></span> <span class='ocrx_word' id='word_1_754' title='bbox 1175 2258 1254 2291; x_wconf 87' lang='lat' dir='ltr'><strong>igitur</strong></span> <span class='ocrx_word' id='word_1_755' title='bbox 1280 2263 1334 2286; x_wconf 84' lang='lat' dir='ltr'><strong>tota</strong></span> <span class='ocrx_word' id='word_1_756' title='bbox 1362 2259 1504 2287; x_wconf 84' lang='lat' dir='ltr'><strong>devotione</strong></span> <span class='ocrx_word' id='word_1_757' title='bbox 1530 2267 1687 2294; x_wconf 80' lang='lat' dir='ltr'><strong>summoque</strong></span> <span class='ocrx_word' id='word_1_758' title='bbox 1711 2260 1791 2288; x_wconf 85' lang='lat' dir='ltr'><strong>animi</strong></span> 
     </span>
    </p>
   </div>
   <div class='ocr_carea' id='block_1_105' title="bbox 1002 2306 1792 2342">
    <p class='ocr_par' dir='ltr' id='par_1_105' title="bbox 1002 2306 1792 2342">
     <span class='ocr_line' id='line_1_105' title="bbox 1002 2306 1792 2342; baseline 0 -8"><span class='ocrx_word' id='word_1_759' title='bbox 1002 2306 1090 2334; x_wconf 90' lang='lat' dir='ltr'><strong>studio</strong></span> <span class='ocrx_word' id='word_1_760' title='bbox 1102 2312 1226 2339; x_wconf 86' lang='lat' dir='ltr'><strong>rogemus</strong></span> <span class='ocrx_word' id='word_1_761' title='bbox 1246 2307 1455 2342; x_wconf 87' lang='lat' dir='ltr'><strong>omnipotentem</strong></span> <span class='ocrx_word' id='word_1_762' title='bbox 1483 2307 1577 2339; x_wconf 85' lang='lat' dir='ltr'><strong>Deum,</strong></span> <span class='ocrx_word' id='word_1_763' title='bbox 1592 2311 1623 2334; x_wconf 90' lang='lat' dir='ltr'><strong>ut</strong></span> <span class='ocrx_word' id='word_1_764' title='bbox 1646 2307 1792 2335; x_wconf 88' lang='lat' dir='ltr'><strong>beatissimi</strong></span> 
     </span>
    </p>
   </div>
   <div class='ocr_carea' id='block_1_106' title="bbox 1003 2352 1792 2386">
    <p class='ocr_par' dir='ltr' id='par_1_106' title="bbox 1003 2352 1792 2386">
     <span class='ocr_line' id='line_1_106' title="bbox 1003 2352 1792 2386; baseline 0.003 -9"><span class='ocrx_word' id='word_1_765' title='bbox 1003 2352 1122 2386; x_wconf 69' lang='lat' dir='ltr'><strong>prmsulis</strong></span> <span class='ocrx_word' id='word_1_766' title='bbox 1148 2352 1226 2385; x_wconf 85' lang='lat' dir='ltr'><strong>hujus</strong></span> <span class='ocrx_word' id='word_1_767' title='bbox 1240 2353 1388 2386; x_wconf 89' lang='lat' dir='ltr'><strong>patrocinio</strong></span> <span class='ocrx_word' id='word_1_768' title='bbox 1415 2352 1488 2379; x_wconf 84' lang='lat' dir='ltr'><strong>fretis</strong></span> <span class='ocrx_word' id='word_1_769' title='bbox 1516 2352 1592 2379; x_wconf 86' lang='lat' dir='ltr'><strong>nobis</strong></span> <span class='ocrx_word' id='word_1_770' title='bbox 1617 2352 1663 2379; x_wconf 90' lang='lat' dir='ltr'><strong>det</strong></span> <span class='ocrx_word' id='word_1_771' title='bbox 1688 2352 1792 2379; x_wconf 89' lang='lat' dir='ltr'><strong>veniam</strong></span> 
     </span>
    </p>
   </div>
   <div class='ocr_carea' id='block_1_107' title="bbox 1006 2399 1794 2433">
    <p class='ocr_par' dir='ltr' id='par_1_107' title="bbox 1006 2399 1794 2433">
     <span class='ocr_line' id='line_1_107' title="bbox 1006 2399 1794 2433; baseline 0 -9"><span class='ocrx_word' id='word_1_772' title='bbox 1006 2402 1188 2432; x_wconf 86' lang='lat' dir='ltr'><strong>peccatorum,</strong></span> <span class='ocrx_word' id='word_1_773' title='bbox 1214 2399 1385 2433; x_wconf 91' lang='lat' dir='ltr'><strong>animumque</strong></span> <span class='ocrx_word' id='word_1_774' title='bbox 1410 2403 1529 2426; x_wconf 90' lang='lat' dir='ltr'><strong>nostrum</strong></span> <span class='ocrx_word' id='word_1_775' title='bbox 1546 2407 1560 2426; x_wconf 92' lang='lat' dir='ltr'><strong>a</strong></span> <span class='ocrx_word' id='word_1_776' title='bbox 1586 2399 1730 2426; x_wconf 87' lang='lat' dir='ltr'><strong>lethalibus</strong></span> <span class='ocrx_word' id='word_1_777' title='bbox 1755 2400 1794 2425; x_wconf 92' lang='lat' dir='ltr'><strong>vi-</strong></span> 
     </span>
    </p>
   </div>
   <div class='ocr_carea' id='block_1_108' title="bbox 1007 2443 1792 2479">
    <p class='ocr_par' dir='ltr' id='par_1_108' title="bbox 1007 2443 1792 2479">
     <span class='ocr_line' id='line_1_108' title="bbox 1007 2443 1792 2479; baseline 0 -9"><span class='ocrx_word' id='word_1_778' title='bbox 1007 2444 1051 2471; x_wconf 91' lang='lat' dir='ltr'><strong>tiis</strong></span> <span class='ocrx_word' id='word_1_779' title='bbox 1065 2452 1160 2478; x_wconf 91' lang='lat' dir='ltr'><strong>purum</strong></span> <span class='ocrx_word' id='word_1_780' title='bbox 1175 2452 1282 2479; x_wconf 87' lang='lat' dir='ltr'><strong>semper</strong></span> <span class='ocrx_word' id='word_1_781' title='bbox 1292 2449 1434 2472; x_wconf 87' lang='lat' dir='ltr'><strong>conservet</strong></span> <span class='ocrx_word' id='word_1_782' title='bbox 1449 2446 1470 2471; x_wconf 93' lang='lat' dir='ltr'><strong>is</strong></span> <span class='ocrx_word' id='word_1_783' title='bbox 1485 2445 1527 2472; x_wconf 91' lang='lat' dir='ltr'><strong>cui</strong></span> <span class='ocrx_word' id='word_1_784' title='bbox 1543 2452 1658 2479; x_wconf 72' lang='lat' dir='ltr'><strong>prmseus</strong></span> <span class='ocrx_word' id='word_1_785' title='bbox 1673 2443 1792 2471; x_wconf 75' lang='lat' dir='ltr'><strong>celebra-</strong></span> 
     </span>
    </p>
   </div>
   <div class='ocr_carea' id='block_1_109' title="bbox 1006 2488 1794 2524">
    <p class='ocr_par' dir='ltr' id='par_1_109' title="bbox 1006 2488 1794 2524">
     <span class='ocr_line' id='line_1_109' title="bbox 1006 2488 1794 2524; baseline -0.003 -9"><span class='ocrx_word' id='word_1_786' title='bbox 1006 2496 1064 2516; x_wconf 90' lang='lat' dir='ltr'><strong>mus</strong></span> <span class='ocrx_word' id='word_1_787' title='bbox 1073 2488 1203 2516; x_wconf 87' lang='lat' dir='ltr'><strong>officium:</strong></span> <span class='ocrx_word' id='word_1_788' title='bbox 1216 2490 1241 2516; x_wconf 94' lang='lat' dir='ltr'><strong>in</strong></span> <span class='ocrx_word' id='word_1_789' title='bbox 1254 2497 1307 2524; x_wconf 92' lang='lat' dir='ltr'><strong>quo</strong></span> <span class='ocrx_word' id='word_1_790' title='bbox 1319 2489 1466 2524; x_wconf 71' lang='lat' dir='ltr'><strong>praestando</strong></span> <span class='ocrx_word' id='word_1_791' title='bbox 1479 2489 1545 2516; x_wconf 91' lang='lat' dir='ltr'><strong>tales</strong></span> <span class='ocrx_word' id='word_1_792' title='bbox 1559 2496 1608 2515; x_wconf 90' lang='lat' dir='ltr'><strong>nos</strong></span> <span class='ocrx_word' id='word_1_793' title='bbox 1622 2488 1794 2515; x_wconf 84' lang='lat' dir='ltr'><strong>exhiheamus</strong></span> 
     </span>
    </p>
   </div>
   <div class='ocr_carea' id='block_1_110' title="bbox 1006 2532 1794 2569">
    <p class='ocr_par' dir='ltr' id='par_1_110' title="bbox 1006 2532 1794 2569">
     <span class='ocr_line' id='line_1_110' title="bbox 1006 2532 1794 2569; baseline -0.004 -9"><span class='ocrx_word' id='word_1_794' title='bbox 1006 2535 1145 2568; x_wconf 71' lang='lat' dir='ltr'><strong>pmsentia</strong></span> <span class='ocrx_word' id='word_1_795' title='bbox 1156 2542 1309 2569; x_wconf 88' lang='lat' dir='ltr'><strong>corporum,</strong></span> <span class='ocrx_word' id='word_1_796' title='bbox 1329 2539 1359 2561; x_wconf 92' lang='lat' dir='ltr'><strong>ut</strong></span> <span class='ocrx_word' id='word_1_797' title='bbox 1372 2538 1474 2561; x_wconf 88' lang='lat' dir='ltr'><strong>mentes</strong></span> <span class='ocrx_word' id='word_1_798' title='bbox 1488 2533 1605 2568; x_wconf 83' lang='lat' dir='ltr'><strong>fulgeant</strong></span> <span class='ocrx_word' id='word_1_799' title='bbox 1618 2533 1718 2560; x_wconf 90' lang='lat' dir='ltr'><strong>lumine</strong></span> <span class='ocrx_word' id='word_1_800' title='bbox 1729 2532 1794 2558; x_wconf 91' lang='lat' dir='ltr'><strong>cha-</strong></span> 
     </span>
    </p>
   </div>
   <div class='ocr_carea' id='block_1_111' title="bbox 1004 2577 1793 2615">
    <p class='ocr_par' dir='ltr' id='par_1_111' title="bbox 1004 2577 1793 2615">
     <span class='ocr_line' id='line_1_111' title="bbox 1004 2577 1793 2615; baseline -0.005 -9"><span class='ocrx_word' id='word_1_801' title='bbox 1004 2580 1100 2612; x_wconf 88' lang='lat' dir='ltr'><strong>ritatis,</strong></span> <span class='ocrx_word' id='word_1_802' title='bbox 1124 2585 1264 2615; x_wconf 66' lang='lat' dir='ltr'><strong>praestante</strong></span> <span class='ocrx_word' id='word_1_803' title='bbox 1278 2581 1391 2608; x_wconf 90' lang='lat' dir='ltr'><strong>Domino</strong></span> <span class='ocrx_word' id='word_1_804' title='bbox 1417 2585 1508 2608; x_wconf 91' lang='lat' dir='ltr'><strong>nostro</strong></span> <span class='ocrx_word' id='word_1_805' title='bbox 1535 2579 1597 2607; x_wconf 79' lang='lat' dir='ltr'><strong>Jesu</strong></span> <span class='ocrx_word' id='word_1_806' title='bbox 1615 2578 1732 2608; x_wconf 77' lang='lat' dir='ltr'><strong>Christo,</strong></span> <span class='ocrx_word' id='word_1_807' title='bbox 1748 2577 1793 2610; x_wconf 91' lang='lat' dir='ltr'><strong>qui</strong></span> 
     </span>
    </p>
   </div>
   <div class='ocr_carea' id='block_1_112' title="bbox 1004 2624 1793 2659">
    <p class='ocr_par' dir='ltr' id='par_1_112' title="bbox 1004 2624 1793 2659">
     <span class='ocr_line' id='line_1_112' title="bbox 1004 2624 1793 2659; baseline -0.004 -8"><span class='ocrx_word' id='word_1_808' title='bbox 1004 2632 1063 2651; x_wconf 91' lang='lat' dir='ltr'><strong>cum</strong></span> <span class='ocrx_word' id='word_1_809' title='bbox 1076 2629 1209 2653; x_wconf 67' lang='lat' dir='ltr'><strong>comterno</strong></span> <span class='ocrx_word' id='word_1_810' title='bbox 1225 2624 1303 2652; x_wconf 85' lang='lat' dir='ltr'><strong>Patre</strong></span> <span class='ocrx_word' id='word_1_811' title='bbox 1315 2630 1341 2652; x_wconf 89' lang='lat' dir='ltr'><strong>et</strong></span> <span class='ocrx_word' id='word_1_812' title='bbox 1355 2624 1455 2659; x_wconf 84' lang='lat' dir='ltr'><strong>Spiritu</strong></span> <span class='ocrx_word' id='word_1_813' title='bbox 1475 2629 1568 2653; x_wconf 88' lang='lat' dir='ltr'><strong>sancto</strong></span> <span class='ocrx_word' id='word_1_814' title='bbox 1583 2624 1647 2651; x_wconf 90' lang='lat' dir='ltr'><strong>vivit</strong></span> <span class='ocrx_word' id='word_1_815' title='bbox 1657 2627 1687 2650; x_wconf 90' lang='lat' dir='ltr'><strong>.et</strong></span> <span class='ocrx_word' id='word_1_816' title='bbox 1701 2627 1793 2657; x_wconf 79' lang='lat' dir='ltr'><strong>regnat</strong></span> 
     </span>
    </p>
   </div>
   <div class='ocr_carea' id='block_1_113' title="bbox 1006 2671 1434 2699">
    <p class='ocr_par' dir='ltr' id='par_1_113' title="bbox 1006 2671 1434 2699">
     <span class='ocr_line' id='line_1_113' title="bbox 1006 2671 1434 2699; baseline 0.002 -2"><span class='ocrx_word' id='word_1_817' title='bbox 1006 2671 1032 2697; x_wconf 93' lang='lat' dir='ltr'><strong>in</strong></span> <span class='ocrx_word' id='word_1_818' title='bbox 1048 2671 1143 2699; x_wconf 67' lang='lat' dir='ltr'><strong>saecula</strong></span> <span class='ocrx_word' id='word_1_819' title='bbox 1158 2672 1325 2699; x_wconf 68' lang='lat' dir='ltr'><strong>smcu-lorum.</strong></span> <span class='ocrx_word' id='word_1_820' title='bbox 1339 2671 1434 2698; x_wconf 82' lang='lat' dir='ltr'><strong>Amen.</strong></span> 
     </span>
    </p>
   </div>
  </div>
