4032 6186
372 363 440 416 43
1181 361 1492 416 δλΝιὶΤυδ
1531 361 1934 417 Λυϐὺδῒιᾶυξ

2038 360 2376 416 .NCLonuu
2416 337 2836 420 Αιιυδτοιζυε.
3561 367 3630 418 ιι

366 482 543 536 omnia
572 499 698 562 ossa.
718 483 918 604 nitijgrn
951 480 1109 549 ipsius
1161 479 1325 534 sancti
1353 488 1400 533 et
1425 488 1577 550 caput
1620 481 1673 534 in
1697 480 1922 551 quadam
1969 497 2128 536 saxea
2156 484 2350 546 tumba,
2384 483 2520 550 ferro
2568 488 2616 534 et
2644 482 2850 550 plumbo
2891 484 3172 552 peroptime
3200 483 3447 554 sigillum,
3482 488 3629 557 mjns

368 561 732 604 suuerscrmtto
774 563 824 604 tu
851 569 894 604 ts
917 563 1029 604 erat
1059 568 1078 604 :

368 561 732 622 superscriptto
774 561 894 604 tults
917 563 1029 604 erat
1059 568 1078 604 :

730 639 957 712 inclytus
987 641 1270 710 Anglorum
1297 643 1508 712 prtesut,
1539 643 1654 712 pius
1680 649 1730 694 et
1767 639 1917 694 decus
1955 640 2140 708 altum,

729 709 830 764 Hic
848 709 1164 781 Augustinus
1191 709 1456 783 requiescit
1485 709 1702 782 corpore
1719 719 1954 765 sanctus.

445 803 622 871 Pergit
670 802 866 855 deinde
892 816 1134 866 narrare,
1161 802 1435 871 quomodo
1462 812 1610 858 metu
1633 800 2009 866 barbarorum,
2040 813 2184 870 saepe
2206 800 2258 854 in
2281 809 2460 868 partes
2477 797 2693 856 Cantia
2711 800 3142 871 irrumpentinm.
3185 803 3324 857 idem
3357 801 3524 857 abbas
3547 819 3632 858 se-

372 870 560 943 qttenti
583 882 741 926 nocte
765 873 1019 943 pleraque
1049 887 1168 926 ossa
1183 870 1333 928 sacri
1360 874 1621 943 corporis,
1650 872 1848 943 tumba:
1876 880 2145 939 exempta,
2181 871 2233 925 in
2263 871 2439 924 vicino
2469 871 2588 943 loco
2635 870 2935 943 abdiderit:
2962 887 3082 940 quae
3132 874 3325 926 ibidem
3361 875 3628 929 latuerunt

370 939 538 1012 nsque
563 943 630 995 ad
654 939 848 1014 annum
880 939 1031 1014 l22l.
1061 958 1168 1010 quo
1193 958 1402 1014 rursum
1425 939 1638 1014 inventa
1667 941 2029 1010 translataque
2045 949 2190 1001 sunt.
2210 955 2322 1014 pro
2352 950 2409 1014 ut
2435 939 2644 1008 plenius
2673 941 2905 1014 explicat
2928 939 3048 1014 cap.
3073 958 3126 999 ιι.
3157 943 3185 1014 §
3210 943 3264 996 2.
3289 943 3419 1014 Quae
3448 948 3627 999 omnia

373 1014 660 1065 tiocclinns
690 1012 881 1080 partim
934 1013 967 1071 i,
987 1013 1278 1082 noravcrit,
1307 1014 1431 1082 quia
1459 1013 1795 1082 habebantur
1816 1026 2059 1082 arcana;
2085 1011 2277 1082 partim
2298 1011 2445 1082 scire
2475 1025 2580 1064 non
2610 1011 2870 1082 potnetjt,
2915 1013 3036 1080 quia
3065 1011 3289 1066 necdum
3320 1013 3452 1066 facta
3485 1032 3498 1077 ;
3533 1032 3629 1080 po-

371 1098 567 1136 ncntur
594 1079 772 1135 autem
799 1081 930 1134 infra
955 1097 1051 1150 per
1074 1081 1288 1134 modum
1313 1079 1698 1150 appendickad
1722 1081 1920 1150 calcem
1949 1081 2063 1134 libri
2095 1096 2139 1141 τι,
2160 1081 2270 1133 imi.
2297 1079 2393 1133 llic
2415 1096 2479 1132 ex
2498 1096 2615 1132 cat.
2636 1096 2708 1142 is,
2735 1079 2761 1148 ᾗ
2788 1079 2841 1144 5,
2867 1079 3119 1150 tanquam
3148 1082 3214 1136 ad
3237 1081 3429 1136 lesttnn
3456 1079 3629 1136 trans-

373 1153 586 1204 lationis
615 1152 906 1221 pertinens.
943 1149 1091 1210 noto,
1126 1152 1271 1217 quod
1297 1149 1389 1206 rex
1420 1150 1737 1207 Wilhelmus
1767 1149 1808 1205 ll
1834 1166 1976 1202 attito
2001 1150 2139 1203 l093
2178 1152 2426 1221 concessit
2447 1151 2757 1203 monasterio
2785 1149 3186 1221 liabere’ferinm
3212 1154 3266 1204 in
3291 1153 3629 1206 translatione

371 1224 532 1292 sancti
554 1219 842 1291 Augustini,
874 1224 947 1274 ita
975 1222 1110 1292 quod
1138 1224 1345 1275 duraret
1365 1237 1455 1292 per
1481 1223 1700 1291 quinque
1722 1221 1850 1281 dies,
1883 1221 2076 1273 scilicet
2104 1237 2191 1288 per
2213 1219 2340 1292 duos
2361 1221 2470 1272 dies
2496 1230 2615 1272 ante
2638 1223 2844 1292 festum,
2881 1229 2929 1272 et
2952 1219 3079 1273 duos
3102 1222 3210 1274 dies
3237 1232 3384 1292 post:
3424 1233 3474 1274 et
3495 1226 3629 1292 quod

371 1291 602 1345 Ecclesia
627 1287 791 1344 suncti
818 1287 1093 1361 Augustini
1122 1292 1304 1345 habeat
1336 1287 1502 1346 medio
1532 1287 1754 1361 tempore
1781 1307 1955 1344 omnes
1980 1287 2390 1361 consuetudines,
2415 1307 2540 1360 quas
2567 1287 2658 1361 rea:
2687 1290 2835 1342 habet
2866 1307 2955 1359 per
2983 1287 3247 1345 civitatem
3279 1287 3625 1345 Gaulum-ien—

368 1377 494 1414 sem.
529 1361 690 1414 Istum
723 1358 914 1427 feriunt
935 1364 1173 1415 monac/ii
1198 1358 1646 1433 tenuerunt‘usque
1669 1363 1994 1433 adtempora
2025 1359 2273 1433 Edwardi
2300 1362 2397 1428 ﬁlii
2426 1358 2561 1430 regis
2581 1358 2824 1433 _Ilenrici,
2868 1358 2968 1430 quo
2999 1372 3220 1433 tempore
3249 1361 3390 1433 illum
3441 1363 3627 1433 feriam

367 1433 575 1486 omnino
606 1433 924 1497 dimiserunt,
955 1442 1164 1502 propter
1185 1432 1432 1502 jurgiaet
1462 1430 1574 1502 lites
1609 1440 1656 1484 et
1683 1432 1846 1502 etiam
1870 1445 2089 1502 pugnas,
2116 1444 2231 1500 qua:
2258 1431 2841 1502 iu_ctem_e_t_erioeonmt
2855 1434 3143 1502 frequenter
3170 1431 3381 1498 ﬁebant.

439 1503 492 1555 5.
536 1502 777 1571 Amplius
805 1510 904 1562 est.
949 1497 1089 1569 tum
1125 1497 1430 1554 amasse
1461 1501 1803 1556 Innocentius
1835 1497 1976 1568 Papa
2006 1500 2069 1552 Vl
2095 1497 2236 1571 sicut
2284 1500 2420 1552 idem
2452 1499 2772 1571 ἫιΙΙιθΙιιιιιξ
2800 1497 2980 1571 Τιιοιίι)
3028 1497 3234 1571 scribit,
3263 1503 3401 1571 inter
3427 1509 3624 1556 cetera

371 1567 653 1639 privilegia
677 1567 1003 1626 monasterio
1056 1587 1331 1636 concessa,
1364 1571 1630 1639 art-hiepis
1663 1586 1768 1639 0po
1807 1571 1898 1639 (ut
1918 1567 2050 1622 reor
2081 1569 2491 1638 Cantuariensi)
2527 1568 2823 1634 mandavit,
2860 1577 2918 1622 ut
2950 1567 2976 1620 l'-
3001 1570 3291 1624 sivitatem
3314 1569 3372 1624 S.
3414 1572 3622 1638 Augus-

368 1641 462 1694 tini
505 1641 775 1710 dupliciter
813 1643 1058 1695 celebrari
1076 1643 1303 1765 faceret,
1350 1640 1657 1705 huiusmodi
1711 1641 1916 1694 verbis:
1966 1639 2162 1694 Decens
2187 1653 2236 1694 et
2266 1655 2554 1708 congruum
2598 1648 2915 1707 reputantns,
2945 1648 2999 1692 ut
3047 1641 3305 1711 gloriosus
3357 1643 3626 1711 confessor

368 1711 544 1764 beatus
567 1711 896 1765 Auaustinus.
930 1713 1014 1765 aui
1043 1729 1071 1764 ο
1095 1713 1165 1764 im
1187 1713 1369 1765 missus
1399 1728 1487 1765 ver
1520 1711 1692 1765 sedent
1712 1710 2047 1765 apostolicam
2095 1711 2164 1762 ad
2189 1721 2365 1765 aentes
2405 1711 2706 1765 Analorum.
2738 1725 2840 1762 non
2862 1715 2966 1760 lum
2990 1721 3105 1762 tunc
3135 1709 3457 1765 baptismatis
3484 1714 3626 1764 unita

368 1711 544 1764 beatus
567 1709 896 1781 Augustinus.
930 1713 1014 1780 qui
1043 1709 1165 1765 olim
1187 1713 1369 1765 missus
1399 1728 1487 1778 per
1520 1711 1692 1765 sedem
1712 1710 2047 1779 apostolicam
2076 1711 2164 1781 ad
2187 1721 2365 1780 gentes
2405 1711 2706 1781 Anglorum,
2738 1725 2840 1762 non
2862 1715 2966 1760 lum
2990 1709 3105 1762 tunc
3135 1709 3468 1778 baptismatis
3484 1714 3627 1764 und-t

367 1791 596 1843 renatus,
621 1780 707 1834 eas
730 1781 792 1834 de
819 1782 1138 1850 inﬁdelitatis
1163 1781 1382 1836 tenebris
1409 1781 1476 1833 ad
1524 1782 1683 1835 lucem
1714 1781 1982 1835 catholica:
2007 1780 2129 1850 fidei
2169 1797 2262 1848 per
2287 1780 2676 1847 praedicationis
2731 1781 3030 1850 mysterium
3059 1781 3305 1846 evocavit,
3333 1781 3627 1850 primusque

366 1852 418 1903 in
450 1853 638 1919 Anglia
692 1852 856 1904 erexit
877 1848 1171 1913 ecclesiam,
1217 1852 1510 1916 specialiter
1534 1853 1588 1904 in
1619 1852 1723 1904 illis
1750 1852 1983 1918 partibus
2009 1848 2333 1904 ltonoretur:
2361 1865 2427 1903 ea:
2457 1853 2552 1903 hoc
2584 1865 2804 1918 namque
2849 1848 3034 1901 ibidem
3077 1848 3381 1919 populorum
3434 1848 3628 1904 crescet

366 1917 600 1983 devotio;
651 1937 712 1974 ac
737 1922 826 1974 ille
854 1922 942 1990 qui
969 1922 1292 1991 glorificatur
1333 1923 1386 1974 in
1434 1928 1730 1991 sanctorum
1752 1917 1996 1982 concilio.
2040 1919 2288 1991 benignus
2314 1935 2488 1988 preces
2533 1917 2768 1991 respiciet
2807 1917 3151 1991 devotorunn
3173 1917 3240 1972 Ut
3275 1919 3439 1991 igitur
3465 1921 3628 1988 ipsius

365 1992 674 2072 confessoris
703 1988 952 2072 festivitas
971 1988 1034 2072 in
1076 1988 1226 2044 dictis
1257 1992 1509 2060 partibus,
1541 1989 1742 2072 quibus,
1773 1992 1904 2071 sicut
1943 1988 2253 2072 accepimus.
2288 1991 2370 2042 vix
2395 1999 2483 2070 aut
2505 1991 2678 2072 minus
2706 1989 2763 2072 in
2782 2006 2939 2070 regno
2981 1989 3183 2072 tingtite
3207 1988 3471 2069 celebriter
3500 1992 3626 2042 coli-

365 2070 466 2116 tur.
501 2057 776 2114 solemnius
797 2071 844 2114 et
871 2062 1098 2115 devotius
1141 2057 1432 2122 veneretur;
1492 2057 1807 2131 fraternitati
1860 2057 2072 2121 vestrm,
2095 2060 2157 2131 de
2199 2077 2298 2130 qua
2325 2059 2595 2128 specialem
2625 2060 2679 2131 in
2721 2057 2939 2131 Domino
2987 2059 3145 2131 [ἴαιιεὶ
3165 2075 3232 2111 rm
3261 2059 3504 2131 gerimus.
3536 2077 3627 2128 per

365 2077 466 2116 tur.
501 2077 776 2114 satentmus
797 2077 844 2114 et
871 2077 1098 2115 aevonus
1141 2077 1432 2122 veneretur;
1492 2077 1807 2131 ft'att’rttttlttt
1860 2077 2058 2121 vestrar,
2095 2077 2157 2111 ae
2199 2077 2298 2130 qua
2325 2077 2595 2128 specialem
2625 2077 2679 2110 m
2721 2077 2939 2112 uommo
2987 2077 3144 2127 [lauet
3165 2077 3232 2111 tm
3260 2077 3504 2180 gerimus,
3536 2077 3626 2128 per

363 2133 648 2198 apostolica
691 2133 884 2200 scripta
925 2133 1289 2185 committimus
1311 2141 1360 2184 et
1405 2131 1728 2192 mandamus,
1761 2139 2010 2200 quatenus
2037 2130 2358 2199 festivitatem
2399 2129 2716 2200 confessoris
2755 2128 3089 2200 ejusdemsin
3114 2131 3252 2181 omni
3292 2145 3350 2181 us
3374 2126 3626 2200 VEcclo-stis

364 2201 488 2271 dicti
528 2202 672 2270 regni
700 2197 966 2265 ecemptis,
1010 2203 1180 2271 facias
1203 2203 1507 2255 auctoritate
1547 2211 1746 2271 nostra,
1773 2197 2246 2271 perpetuis‘futuris
2291 2197 2601 2271 temporibus
2637 2197 2728 2252 sub
2751 2197 3144 2271 duplicia/ficio
3165 2199 3462 2271 solemniter
3491 2201 3622 2271 cele—

363 2269 504 2322 bruri
520 2288 537 2333 ;
561 2267 606 2324 ei
634 2272 966 2324 nihilominus
992 2267 1043 2324 in
1071 2273 1207 2341 dicta
1231 2273 1508 2341 festivitate
1555 2270 1749 2324 cessari
1774 2267 1808 2322 α
1838 2267 2146 2341 inec/tunicis
2192 2279 2241 2322 et
2268 2269 2388 2322 aliis
2414 2267 2675 2337 operibus,
2702 2268 2990 2323 iuterdictis
3038 2269 3089 2321 in
3120 2269 3265 2338 festis
3311 2268 3625 2338 duplicibus,

363 2342 424 2393 de
450 2357 611 2407 more,
635 2343 1000 2395 consuetudine
1027 2357 1113 2395 seu
1144 2339 1469 2398 observantia
1495 2341 1827 2394 ecclesiarum
1851 2339 2165 2392 earumdem.

375 2504 1934 2520 *ῥ’-Μ

2038 2502 3626 2520 ΜΨ

501 2507 769 2520 ——

1315 2630 1624 2738 VITA
1706 2632 1817 2737 s.
1901 2627 2698 2767 AUGUSTINI,

1491 2820 1786 2895 ᾼΙΣΕΤΟΒΕ
1821 2819 2135 2872 GOCELINO
2180 2818 2503 2872 IIONACHU.

1427 2948 1521 3008 (Ex
1553 2948 1775 2998 Elitione
1800 2947 2012 2998 Parisina
2037 2948 2236 2998 Joannis
2273 2947 2592 3004 Μέιιήηοιιίε.)

965 3199 1342 3254 PROLOGUS.
1968 3205 2015 3263 Α
2042 3211 2240 3254 sancta:
2267 3210 2520 3257 novuatis
2546 3217 2610 3258 ac
2638 3204 2880 3259 veritatis
2915 3207 3148 3272 inimici,
3187 3211 3391 3264 malunt
3416 3225 3625 3281 perma-

433 3299 671 3354 Dominis
715 3297 1040 3352 cbarissimis
1081 3303 1136 3348 et
1189 3307 1420 3364 pateinac
1468 3294 1768 3350 dilectionis
1825 3293 1944 3347 ti'iis

362 3397 612 3454 Ecclesiae
656 3393 827 3448 sancti
856 3393 1171 3460 Augustini,
1219 3407 1340 3446 cum
1368 3407 1468 3447 suo
1497 3391 1791 3446 reverenda
1820 3406 1938 3445 mo-

361 3484 765 3549 nasteiiarcha,
831 3481 919 3536 ille
973 3481 1364 3550 abjectissimus
1424 3496 1525 3536 nec
1587 3480 1938 3544 recolendus,

361 3590 538 3632 tamen
570 3591 656 3630 om
668 3573 812 3628 nium
837 3571 1041 3626 amicus
1069 3573 1336 3637 sincerus,
1363 3571 1414 3624 in
1438 3570 1662 3626 Domino
1687 3571 1938 3625 salutem.

362 3672 712 3725 Decreveram
745 3666 886 3719 hanc
931 3665 1244 3731 historiam,
1289 3664 1437 3719 velut
1479 3664 1614 3719 diva:
1651 3678 1859 3732 sponsa:
1886 3669 1942 3718 et

361 3769 618 3815 maternae
674 3755 928 3810 Ecclesia:
971 3755 1131 3810 tiliam
1172 3756 1547 3826 perpulchram
1573 3795 1590 3822 ,
1637 3771 1743 3810 non
1793 3756 1942 3825 prius

359 3851 428 3904 de
477 3848 712 3903 thalamo
749 3861 849 3901 suo
897 3851 1193 3916 producere
1235 3846 1366 3918 [ΑΛ.
1397 3845 1752 3919 procedere].
1780 3861 1940 3917 quam

360 3940 472 3994 suis
499 3936 850 4002 ornamentis,
875 3934 1199 3990 redimiculis
1220 3951 1284 3990 ac
1315 3934 1599 3991 monilibus
1620 3937 1938 4006 composita,

363 4029 480 4083 sine
522 4036 649 4084 nota
679 4033 861 4096 posset
905 4025 1219 4095 procedere.
1253 4025 1452 4080 Verum
1480 4034 1658 4082 vestra
1706 4027 1930 4096 impera-

367 4118 498 4174 trice
522 4117 812 4172 dilectione
847 4129 1013 4171 morte
1066 4115 1378 4186 impatiente
1420 4124 1474 4170 et
1523 4117 1698 4171 acrius
1747 4118 1939 4185 impel-

362 4209 503 4264 lente
524 4250 540 4274 ,
581 4205 797 4262 tandem
835 4211 1143 4274 exoptatam
1167 4203 1422 4260 exhibere
1455 4205 1635 4275 specie
1664 4205 1941 4275 compelli-

362 4313 482 4351 mur
505 4295 791 4366 pudorosa,
815 4293 944 4348 dum
966 4293 1099 4347 adeo
1126 4307 1451 4362 nequeamus
1473 4291 1735 4354 formosa;
1762 4293 1941 4347 multa:

363 4387 504 4440 enim
545 4399 724 4440 rerum
762 4383 932 4439 turba:
972 4383 1302 4454 propositam
1343 4383 1499 4438 nobis
1537 4383 1856 4450 elegantiam
1886 4391 1940 4437 ει

357 4474 631 4529 volucrem
665 4487 937 4527 accessum
966 4471 1252 4527 suStnlcrc.
1285 4469 1454 4538 Quam
1487 4486 1612 4526 vero
1641 4486 1764 4525 vera
1814 4485 1934 4542 qua:

2048 3307 2176 3346 nere
2206 3292 2256 3346 in
2287 3293 2518 3348 tenebris
2543 3295 2828 3350 vetustatis
2854 3305 2909 3350 et
2932 3299 3135 3352 erroris
3171 3300 3255 3353 sui
3275 3338 3289 3362 ,
3325 3317 3484 3370 quam
3514 3304 3626 3358 lm-e

2046 3400 2197 3439 nova:
2249 3385 2435 3453 gratia:
2477 3383 2752 3439 illustrari.
2801 3386 2912 3441 lloc
2952 3387 3114 3441 etiam
3156 3389 3256 3445 sub
3301 3392 3414 3461 ipsa
3455 3397 3624 3462 gratia

2043 3475 2292 3529 videntur
2319 3475 2549 3542 imitari,
2595 3476 2688 3544 qui
2729 3491 2954 3533 rancore
2981 3487 3175 3533 vetusti
3204 3497 3329 3537 usus
3357 3491 3624 3553 aggravati

2044 3567 2313 3634 refugiunt
2356 3567 2506 3621 novis
2553 3566 2644 3620 Del
2693 3569 2964 3623 miraculis
3011 3569 3064 3624 in
3113 3573 3304 3626 melius
3354 3579 3622 3630 renovari.

2044 3654 2290 3724 Plerique
2319 3655 2480 3711 etiam
2506 3655 2780 3710 hominum
2804 3696 2821 3722 ,
2868 3657 3012 3726 quod
3051 3671 3314 3730 spernunt
3335 3704 3350 3728 ,
3402 3664 3624 3720 credere

2042 3756 2304 3812 renuunt;
2350 3745 2493 3816 quod
2541 3756 2763 3815 amant,
2816 3749 2956 3803 ultro
3001 3751 3284 3805 credentes
3330 3765 3623 3823 appetunt,

2042 3853 2202 3892 nemo
2226 3845 2402 3892 autem
2425 3837 2855 3908 qualemcunque
2881 3839 2964 3892 vel
2994 3841 3270 3894 minimum
3310 3852 3620 3897 contemnat

2041 3927 2282 3982 veritatis
2329 3941 2631 3997 prteconem
2661 3945 2674 3980 :
2706 3942 2827 3982 nam
2874 3929 3015 3983 sicut
3064 3930 3395 3986 mendacium
3432 3935 3624 3988 nullius

2042 4019 2364 4073 auctoritate
2392 4027 2567 4088 potest
2592 4033 2710 4073 esse
2739 4033 2945 4084 verum,
2983 4020 3057 4073 ita
3081 4018 3280 4076 veritas
3326 4036 3478 4076 suam
3529 4040 3624 4094 per

2041 4122 2101 4161 se
2141 4107 2246 4161 hab
2282 4118 2303 4162 t
2349 4110 2401 4162 in
2444 4108 2683 4177 quolibet
2727 4110 3125 4164 auctoritatem.
3159 4112 3288 4178 Qum
3316 4122 3496 4166 autent
3531 4097 3623 4183 per

2041 4203 2210 4256 visum
2251 4201 2331 4255 vel
2365 4201 2415 4254 in
2468 4203 2670 4259 somnis
2718 4205 2963 4258 mandata
2990 4245 3004 4269 ,
3051 4218 3178 4258 vera
3236 4207 3530 4274 probantur
3556 4223 3621 4264 ex

2041 4307 2220 4348 rerum
2283 4295 2665 4363 consequentia
2711 4312 2724 4347 :
2767 4304 2955 4364 utpote
3014 4295 3240 4363 legimus
3304 4311 3477 4366 mgros
3527 4315 3621 4368 per

2038 4397 2285 4436 somnum
2333 4383 2400 4437 ad
2447 4392 2754 4438 sanctorum
2803 4387 2956 4440 busta
3003 4387 3190 4442 salutis
3229 4388 3397 4455 gratia
3440 4389 3620 4456 jussus

2038 4471 2256 4540 venire,
2306 4481 2359 4526 et
2399 4473 2712 4530 obed'cntes
2739 4475 3052 4545 sospitatem
3080 4476 3151 4531 ibi
3191 4478 3482 4548 recepisse.
3516 4478 3617 4546 Qui

357 4565 666 4634 scripsimus
689 4563 1134 4632 comprobantur,
1166 4570 1432 4635 tempora,
1463 4563 1578 4620 loca
1599 4603 1614 4631 ,
1652 4579 1895 4635 personae
1917 4603 1932 4629 ,
1970 4593 2011 4652 Β
2041 4563 2179 4617 hanc
2207 4563 2317 4618 vei
2344 4563 2665 4620 evidentiam
2697 4568 2900 4620 mavult
2930 4567 3073 4621 velut
3114 4567 3321 4622 somnia
3363 4583 3495 4622 vana
3521 4569 3612 4623 de-

356 4654 606 4725 quando,
633 4653 752 4720 ubi,
791 4653 926 4708 etin
969 4654 1162 4722 quibus
1189 4653 1328 4709 facta
1358 4663 1686 4722 noscuntur;
1717 4655 1935 4724 antiqua

357 4744 516 4799 etiam
557 4751 612 4798 et
648 4742 906 4797 moderna
949 4742 1149 4813 scripta
1177 4752 1384 4808 vestra,
1432 4745 1771 4813 praesentium
1796 4759 1934 4814 quo-

356 4848 462 4902 que
490 4831 666 4899 oculi,
701 4829 1059 4887 inliciabiliter
1105 4839 1389 4886 testantur.
1433 4831 1588 4898 Quod
1635 4841 1815 4887 autem
1865 4833 1934 4888 de

355 4923 626 4979 veteribus
676 4937 816 4977 nova
858 4920 1108 4986 fecimus,
1155 4920 1242 4976 vel
1291 4921 1700 4977 recenterlacta
1730 4925 1930 4978 recenti

355 5016 496 5085 stylo
520 5027 904 5085 propagamus,
933 5027 1093 5067 nemo
1121 5011 1399 5066 vetustatis
1419 5013 1600 5068 accola
1630 5011 1932 5081 indignetur

357 5105 612 5172 novitati,
640 5118 707 5158 ne
735 5103 874 5158 forte
902 5100 1013 5156 Deo
1039 5116 1252 5171 semper
1279 5118 1411 5157 nova
1441 5101 1644 5156 creanti
1688 5102 1932 5156 Videatur

356 5197 618 5265 indignari
643 5213 657 5249 :
689 5197 814 5266 quia
841 5194 984 5249 Deus
1007 5193 1274 5249 Abraham
1294 5234 1308 5259 ,
1354 5195 1494 5250 Deus
1514 5203 1596 5249 est
1616 5193 1928 5263 Augustini;

353 5297 412 5340 et
455 5289 796 5356 antiquorum
841 5285 1113 5354 signorum
1143 5295 1394 5356 operator
1438 5285 1626 5339 eadem
1671 5284 1830 5339 hodie
1876 5285 1928 5338 in

359 5377 630 5432 modernis
658 5385 712 5431 et
741 5375 1012 5430 bodiernis
1037 5377 1234 5429 sanctis
1260 5377 1370 5430 suis
1408 5387 1679 5445 operatur,
1708 5376 1793 5430 cui
1821 5375 1930 5430 cla-

358 5477 470 5521 mat
525 5468 786 5539 prOpbeta
820 5484 834 5521 :
864 5467 1062 5522 lnnova
1102 5467 1253 5537 signa
1297 5475 1350 5521 et
1395 5468 1613 5522 immuta
1667 5467 1929 5522 mirabilia

357 5557 542 5624 (Eccl.
575 5575 736 5614 xxxvi
759 5599 773 5623 ,
800 5561 904 5628 6);
945 5570 1091 5614 creat
1141 5575 1308 5614 novos
1349 5557 1544 5623 ccelos,
1576 5567 1632 5612 et
1657 5559 1848 5615 sedens
1879 5559 1930 5614 in

351 5656 548 5710 throno
577 5670 716 5711 nova
748 5651 870 5706 facit
896 5651 1094 5704 ntunia.
1137 5649 1192 5704 Si
1232 5649 1432 5714 antiqui
1466 5647 1651 5704 Patres
1679 5664 1785 5702 non
1811 5663 1930 5704 sus-

354 5747 623 5816 cepissent
662 5760 777 5813 qua:
825 5756 950 5799 tunc
980 5741 1312 5794 habt-bantur
1369 5756 1536 5805 nova,
1589 5741 1730 5794 nulla
1778 5740 1930 5794 nobis

352 5835 517 5894 modo
545 5845 721 5890 essent
750 5842 974 5888 vetusta.
1018 5835 1123 5892 Sed
1148 5830 1314 5888 λιιι]ιυί
1343 5841 1395 5886 ct
1439 5833 1616 5887 ceteri
1644 5831 1927 5900 increduli,

2039 4657 2246 4720 ridere,
2277 4671 2436 4724 quam
2463 4657 2772 4723 attendere,
2807 4658 3006 4728 poterit
3033 4668 3088 4713 et
3112 4657 3311 4728 Josepb
3341 4669 3396 4714 et
3423 4659 3615 4715 Danie-

2038 4747 2142 4801 iem
2168 4745 2408 4816 aliosque
2435 4747 2726 4816 pr0phetas
2753 4784 2770 4812 ,
2803 4747 3081 4815 ipsumque
3109 4746 3304 4818 Joseph
3335 4749 3388 4803 in
3434 4747 3582 4803 Evan
3600 4781 3613 4794 ι

2035 4838 2174 4908 gelio
2221 4847 2277 4892 et
2330 4837 2683 4907 alienigenam
2736 4837 3253 4904 Nabuchodonosor,
3294 4840 3386 4910 qui
3432 4840 3614 4894 divina

2034 4931 2288 5002 mysteria
2338 4945 2707 5000 conspexere,
2756 4930 2902 4984 velut
2947 4929 3306 4987 somniatores
3352 4931 3613 4988 abnuere.

2032 5018 2169 5074 Sunt
2195 5027 2355 5071 etaam
2398 5021 2491 5087 qui
2539 5019 2720 5087 inepte
2766 5017 3110 5086 indignantur
3154 5031 3277 5073 cum
3322 5017 3376 5073 in
3419 5019 3614 5074 vilibus

2033 5109 2276 5179 personis
2305 5107 2440 5162 facta
2468 5114 2777 5162 sanctorum
2809 5107 3062 5162 miracula
3103 5107 3418 5172 recitantur,
3462 5107 3612 5178 quasi

2033 5200 2288 5269 probrosa
2310 5199 2418 5253 sint
2447 5198 2629 5252 talium
2658 5197 2874 5252 nomina
2914 5198 2998 5252 vel
3041 5197 3298 5252 memoria
3329 5197 3609 5270 [memoria

2035 5291 2117 5346 vel
2160 5289 2398 5362 nomina]
2424 5308 2437 5344 :
2467 5305 2588 5345 cum
2617 5289 2820 5344 nullum
2849 5289 3068 5345 verbum
3117 5288 3204 5344 liat
3235 5298 3456 5359 propter
3483 5305 3610 5355 eos;

2033 5382 2125 5437 sed
2159 5391 2378 5452 prepter
2421 5383 2657 5453 ipsorum
2710 5381 2762 5436 in
2811 5380 2921 5437 Deo
2958 5381 3214 5450 gloriam,
3245 5383 3336 5452 qui
3378 5383 3511 5437 mira
3559 5382 3612 5437 in

2038 5473 2270 5527 minimis
2298 5472 2454 5541 facit,
2501 5473 2678 5528 omnia
2707 5481 3046 5529 enarrentur.
3078 5472 3210 5527 Nam
3237 5477 3476 5535 onmium
3509 5474 3610 5530 Do-

2037 5565 2212 5619 minus
2235 5563 2493 5619 Lazarum
2525 5565 2828 5620 mendicum
2861 5579 2926 5620 ex
2957 5564 3176 5620 nomine
3221 5565 3462 5634 proferre
3503 5580 3608 5619 non

2035 5653 2385 5721 ded'gnatur;
2415 5655 2645 5723 denique
2675 5669 2773 5708 nec
2799 5654 3042 5710 Herodes
3060 5695 3076 5719 ,
3128 5669 3229 5710 nec
3256 5655 3498 5724 proditor
3516 5653 3594 5708 Ju-

2035 5739 2163 5804 das,
2191 5756 2289 5795 nec
2315 5740 2560 5811 Caypbas
2607 5741 2656 5795 in
2702 5740 2988 5809 Evangrlio
3035 5743 3466 5808 nominarentur,
3509 5743 3606 5797 nisi

2037 5841 2255 5902 proutcr
2285 5832 2563 5888 Dominum
2589 5833 2669 5889 vel
2690 5850 2816 5892 suos
2841 5835 3031 5906 quibus
3056 5834 3454 5892 insidiabantur.
3481 5833 3605 5890 llzec
