3976 6178
326 374 402 428 85

1539 371 1698 440 VtTA
1738 379 1977 441 satum
2017 380 2402 443 AUGUSTINI.
2632 442 2637 445 _
3498 374 3586 453 ts

323 506 430 545 nos
456 499 675 562 propter
702 489 1036 547 diversorum
1077 498 1497 553 cuntroversiam
1541 501 1782 571 proferre
1808 519 1908 557 no-
1938 512 1981 568 Α
2013 504 2267 572 prtemia,
2327 503 2639 557 consolante.
2682 518 2773 559 eos
2829 504 2989 559 etiam
3046 506 3311 564 miraculis
3356 524 3588 582 superna

320 583 508 636 verint
535 583 637 636 ben
675 584 810 637 vola:
839 585 1054 653 animm,
1086 602 1153 640 ne
1176 602 1295 641 cum
1324 590 1737 659 Obloquentibus
1770 594 1904 649 inci-

320 674 480 742 piant
509 676 651 742 quod
680 676 906 743 diligunt
931 676 1200 741 fastidire,
1250 688 1306 733 et
1330 680 1471 749 quod
1500 684 1679 737 verius
1704 699 1905 754 cogno-

320 774 520 816 \‘t'rttnt
551 764 810 819 in'irmias
855 766 1074 821 credere
1101 785 1112 819 :
1144 779 1494 840 corrumpunt
1525 772 1665 826 enim
1716 789 1909 830 sensus

320 853 499 907 bonos
547 854 810 923 colloquia
866 856 1023 911 mala.
1094 857 1342 915 Fecimus
1385 871 1564 917 autem
1614 864 1667 923 in
1723 866 1907 920 eadem

322 946 552 1000 materia
598 946 735 1000 duos
762 946 1004 1014 codices,
1053 950 1311 1018 majorem
1342 961 1398 1008 et
1440 954 1740 1011 minorem:
1771 973 1906 1026 qua-

319 1045 485 1089 tenus
515 1038 691 1090 minor
735 1038 1089 1094 amicabiliter
1116 1042 1454 1111 obtemperet
1497 1045 1683 1101 amicis
1711 1049 1910 1106 emeris

318 1124 579 1188 thiusis,
605 1127 777 1193 major
802 1128 1018 1184 uberius
1048 1127 1307 1185 redundet
1330 1132 1638 1193 domesticis
1671 1135 1789 1193 ﬁliis
1817 1138 1910 1192 de~

317 1219 617 1273 sideriosis.
650 1218 1027 1277 Verumtamen
1057 1224 1299 1292 quedam
1329 1226 1490 1282 habet
1516 1228 1721 1296 major,
1773 1246 1907 1299 qua:-

316 1310 449 1364 dam
481 1312 682 1374 minor;
718 1327 839 1380 qua:
884 1329 992 1369 non
1020 1315 1184 1371 habet
1214 1327 1439 1389 uterque
1468 1320 1631 1388 liber;
1682 1333 1732 1378 et
1774 1324 1911 1379 alter

315 1400 428 1453 alia
453 1439 470 1464 ,
511 1402 614 1454 alia
643 1402 778 1456 alter
815 1405 953 1473 sapit
993 1405 1356 1463 condimenta.
1384 1409 1516 1465 Item
1546 1412 1733 1469 eadem
1759 1422 1908 1482 gesta

315 1488 482 1543 aliter
510 1492 614 1555 ibi,
646 1492 802 1547 aliter
830 1493 915 1549 hic
944 1495 1259 1562 suntdicta,
1304 1507 1359 1553 ut
1402 1500 1540 1558 alter
1558 1502 1777 1561 alterius
1804 1520 1909 1575 ope

316 1591 480 1649 egeat
510 1590 566 1636 et
594 1584 782 1652 gratia.
815 1584 890 1640 De
916 1578 1107 1657 Ulysse
1145 1587 1377 1646 facundo
1400 1591 1476 1649 ait
1498 1602 1688 1662 poeta:

521 1713 606 1763 llIe
636 1716 823 1765 referre
848 1717 993 1767 aliter
1016 1732 1150 1782 szrpe
1174 1720 1367 1771 solebat
1392 1724 1543 1774 idem.

395 1836 519 1893 Ilaec
564 1839 668 1910 piis
708 1841 895 1897 amicis
925 1844 1011 1913 pie
1061 1820 1350 1903 alludendo
1390 1856 1446 1902 et
1493 1849 1578 1920 pie
1622 1864 1901 1909 commen-
1935 1885 1982 1943 Β

314 1930 532 1993 dando,
583 1947 797 1987 oramus
825 1944 877 1988 et
908 1947 1197 2004 prasentes
1245 1948 1299 1995 et
1344 1951 1589 2013 posteros
1637 1961 1905 2003 memores

315 2036 443 2074 esse
483 2021 707 2078 aﬂ'cctus
748 2027 916 2081 nostri
956 2038 1009 2082 et
1044 2031 1246 2085 servitii
1280 2031 1494 2098 devoti,
1544 2038 1788 2105 quamvis
1815 2039 1902 2097 in-

310 2113 481 2179 grati.

392 2202 661 2258 Hactenus
701 2206 971 2286 prolpgus,
1020 2211 1071 2265 in
1100 2222 1210 2286 quo
1239 2228 1400 2286 voces
1428 2218 1559 2272 duas
1617 2232 1713 2286 per
1769 2235 1902 2276 eon-

312 2283 581 2355 Jeeturam
624 2278 989 2360 correximus;
1036 2278 1277 2360 canuit-ni
1326 2278 1631 2340 libertatem"
1652 2290 1905 2360 deinceps

313 2346 594 2416 ιςιιιηιιιιιγίΔ
626 2347 675 2398 in
732 2350 1110 2415 sequentibus:
1148 2351 1217 2404 ita
1263 2360 1440 2408 tamen
1487 2367 1541 2409 ut
1581 2360 1721 2412 inter
1752 2346 1902 2416 unci;

316 2428 420 2465 no:
454 2414 623 2498 prole
654 2425 774 2498 uitur
812 2414 887 2498 ea
931 2421 1130 2498 lectio,
1166 2439 1324 2498 quam
1355 2428 1701 2498 correctionis
1744 2414 1903 2498 egere

313 2484 645 2565 putabimus.
699 2484 1279 2565 Similiterdeficientia
1309 2494 1632 2565 quandoque
1657 2499 1724 2553 ad
1766 2484 1904 2557 inte:

312 2554 579 2630 grindnm
606 2571 823 2630 sensum
857 2560 1017 2613 verba
1047 2576 1076 2614 a
1129 2564 1281 2617 nobis
1312 2554 1585 2630 addimus,
1639 2569 1732 2622 sed
1762 2554 1901 2626 inter

313 2628 334 2692 (
376 2625 745 2696 ulelﬁnlisper
776 2630 1031 2694 valitura,
1079 2631 1251 2686 donec
1279 2632 1414 2687 facta
1444 2625 1735 2694 collatione
1776 2625 1898 2696 cum

313 2694 594 2775 aliisilss.
648 2712 763 2761 qute
795 2699 1231 2775 necduni__videre
1262 2704 1437 2770 licuit,
1466 2706 1741 2775 integritas
1789 2694 1900 2767 sit;

312 2765 508 2842 ginaiis
537 2770 946 2842 suggeratur_ab
976 2770 1185 2841 aliquo,
1234 2775 1323 2842 qui
1365 2765 1605 2831 volucri:
1621 2792 1688 2832 eo
1716 2765 1899 2838 labore
1950 2804 1957 2813 “

314 2836 601 2916 desauncto
641 2844 801 2915 atque
842 2838 909 2891 de
957 2836 1271 2916 nosiroltoc
1312 2861 1476 2916 opere
1506 2849 1696 2903 mereri
1736 2836 1894 2907 bene;

316 2902 537 2984 Ma’bilio
580 2902 924 2984 partitionem
954 2914 1189 2984 auctoris
1218 2914 1271 2967 in
1303 2902 1595 2984 tn‘arginem
1627 2902 1899 2979 transtulit

316 2981 375 3023 et
404 2974 597 3027 titulos
614 2977 865 3044 capitulo:
882 2994 968 3051 um
1002 2981 1151 3051 initio
1179 2974 1449 3051 collegit."
1469 2986 1615 3042 Idem
1660 2989 1747 3043 hic
1784 2974 1899 3045 ser;

317 3052 474 3095 ratur
500 3059 593 3113 per
621 3061 892 3110 numeros,
926 3050 1138 3106 inducta
1167 3050 1339 3107 solum
1368 3057 1628 3112 divisione
1657 3061 1911 3116 canitum'

318 3127 489 3176 nova,
518 3127 826 3186 nostroque
871 3119 1113 3173 instituto
1160 3123 1225 3179 ad
1266 3127 1581 3179 servandam
1614 3119 1895 3186 uniformi-

2008 595 2199 661 gratia.

2080 656 2147 740 X.
2182 686 2478 755 Andegavrc
2528 685 2623 741 Dei
2672 702 2719 755 [δι
2741 687 2937 755 regrini
2969 703 3064 756 per
3094 688 3313 745 feminas
3342 694 3586 763 expulsi,

2010 779 2313 834 evolantem
2332 766 2578 833 baculum
2604 778 2672 833 de
2694 794 2851 833 manu
2878 778 3150 847 Augustini
3177 798 3272 850 per
3293 783 3391 837 tria
3417 785 3588 841 stadia

2009 871 2176 925 secuti
2190 899 2210 935 -,
2244 880 2400 925 noctu
2422 870 2521 926 sub
2548 871 2637 923 dio
2664 871 3022 939 quiescentes,
3057 872 3376 930 irradiantur
3404 876 3588 945 splen-

2007 959 2144 1015 dore
2167 960 2397 1026 cmlesti,
2436 961 2785 1016 'etsatiantur
2838 960 2989 1015 fonte
3026 950 3277 1017 divinitus
3323 968 3586 1035 producto

2010 1049 2197 1105 humi:
2230 1051 2548 1121 scripsitque
2592 1051 2664 1109 ibi
2691 1050 2800 1107 dtt‘x
2856 1067 3052 1107 nomen
3090 1061 3382 1110 etcausam
3434 1057 3586 1112 itiner-

2011 1143 2084 1197 ris
2112 1144 2215 1198 sui.

2084 1232 2172 1289 XI.
2201 1227 2415 1299 Vicini,
2461 1242 2616 1288 tanto
2666 1233 2857 1301 juhare
2909 1242 3071 1290 noctu
3120 1236 3239 1293 viso
3284 1237 3587 1307 perterriti,

2010 1337 2168 1376 mane
2195 1322 2260 1375 ad
2293 1322 2466 1377 locum
2505 1330 2761 1389 currunt:
2791 1323 2843 1377 in
2872 1324 3082 1381 amissis
3104 1326 3332 1392 sanctis,
3379 1336 3586 1381 reatum

2008 1426 2165 1467 suum
2196 1412 2486 1483 plangunt;
2511 1428 2576 1467 ex
2607 1413 2797 1469 litteris
2828 1413 2880 1468 in
2910 1423 3048 1469 terra
3078 1415 3359 1485 descriptis
3390 1417 3589 1487 Augus-

2008 1502 2181 1559 tinum
2212 1512 2544 1572 cognoscunt
2582 1512 2597 1560 τ
2631 1506 2914 1563 ecclesiam
2961 1508 3030 1563 ibi
3080 1510 3131 1562 in
3187 1510 3303 1578 ejus
3342 1511 3586 1580 liunure,

2010 1610 2129 1665 qum
2149 1610 2362 1651 omnem
2393 1596 2641 1653 feminam
2666 1603 2927 1668 perpetuo
2956 1600 3207 1666 excludit,
3232 1603 3583 1658 constituunt.

2084 1686 2188 1743 XII.
2238 1687 2480 1743 Matrona
2529 1705 2649 1744 cum
2699 1705 2873 1759 cerro.
2907 1692 3047 1746 hanc
3095 1702 3307 1749 tentans
3348 1703 3583 1762 Intrare,

2009 1788 2133 1836 ante
2162 1779 2324 1835 limen
2350 1780 2406 1835 in
2450 1780 2563 1849 ipsa
2592 1781 2757 1835 vetita
2796 1791 2935 1837 meta
2981 1784 3150 1854 ruptis
3194 1784 3456 1841 intestinis
3506 1784 3585 1839 in-

2010 1870 2154 1931 terijt
2173 1912 2189 1926 .
2218 1881 2544 1939 cunctasque
2573 1872 2652 1926 sui
2674 1887 2833 1928 sexus
2853 1873 3029 1928 acrius
3051 1875 3326 1929 exterruit.

2078 1958 2213 2019 XIII.
2270 1962 2583 2019 Miraculum
2638 1963 2880 2019 aud‘tum
2928 1965 2995 2020 ab
3044 1965 3160 2035 ipso
3213 1965 3582 2032 Andcgavensi

2007 2053 2289 2123 episc0po,
2337 2053 2424 2123 qui
2469 2054 2607 2108 hanc
2648 2054 2925 2109 ecclesiam
2967 2055 3337 2109 reaediﬁra'tam
3368 2056 3584 2111 dedica:-

2006 2144 2083 2198 vit
2117 2161 2131 2196 :
2162 2144 2393 2213 qualiter
2414 2144 2468 2198 in
2506 2143 2847 2200 dedicatione
2874 2144 3111 2200 funditus
3137 2147 3468 2201 coacuit-aue
3497 2163 3582 2201 se-

2004 2241 2154 2303 getes
2184 2248 2246 2287 ac
2290 2233 2502 2303 penitus
2538 2235 2834 2304 desperata:
2864 2235 3112 2291 omnibus
3158 2236 3275 2292 aliis
3304 2236 3578 2293 uberiores

2006 2324 2306 2379 exstiterint
2335 2324 2386 2379 in
2416 2339 2607 2381 messe.

2074 2431 2211 2487 XIV.
2238 2435 2557 2503 Augustinus
2579 2444 2699 2493 cum
2725 2430 2911 2503 sociis,
2944 2445 3065 2506 post
3085 2436 3289 2492 diversa
3314 2446 3575 2494 terrarum

2003 2524 2329 2591 discrimina,
2358 2525 2613 2594 applicuit
2643 2525 2989 2593 Britanniam,
3013 2527 3078 2581 ad
3099 2527 3428 2582 mansionem
3451 2544 3576 2599 per-

2001 2622 2215 2697 petitam
2244 2614 2538 2670 divinitatis
2566 2616 3004 2685 praeordinatam.

2074 2722 2185 2780 XV.
2219 2724 2457 2781 Tanetus
2487 2727 2653 2784 insula
2683 2726 2953 2783 Christum
3000 2729 3051 2783 in
3082 2731 3279 2786 sanctis
3321 2732 3431 2786 suis
3456 2747 3575 2787 sus»

2000 2817 2141 2888 cepit
2171 2817 2373 2888 prima;
2408 2814 2528 2871 felix
2560 2817 2716 2871 tel'us
2738 2860 2751 2882 ,
2784 2816 3126 2874 fmcunditate
3166 2835 3262 2874 sua
3296 2828 3372 2875 tot
3399 2818 3573 2877 Deil‘e-

1998 2920 2181 2960 rerum
2211 2905 2533 2960 advenarum
2566 2904 2891 2961 felicissima.

2066 3011 2205 3068 XVI.
2237 3012 2624 3079 Ethelbertus,
2675 3030 2767 3069 rex
2798 3014 3085 3084 Anglorum
3132 3029 3314 3085 regum
3342 3014 3570 3087 tertius,

1996 3104 2092 3159 sed
2120 3104 2423 3159 Christicola
2454 3105 2679 3174 pri-.nus,
2710 3120 2878 3159 uxore
2911 3105 3201 3161 christiana
3228 3106 3568 3179 elementior,

318 3188 483 3272 tatem
516 3183 755 3272 itioaea,
788 3188 933 3255 quod
975 3191 1219 3247 similiter
1248 3197 1338 3249 lict
1377 3196 1429 3249 in
1466 3196 1603 3251 libro
1630 3183 1895 3268 primode

2012 3193 2259 3263 )ptimum
2285 3202 2498 3247 aeternae
2526 3194 2712 3249 salutis
2754 3195 3001 3250 nuntium
3040 3197 3107 3252 ab
3136 3198 3428 3268 Augustino
3450 3216 3571 3256 sus-

318 3254 688 3307 translatione.

883 3366 1067 3407 DIVISIO
1094 3368 1345 3409 CAPITL’H.

386 3457 567 3516 CAPUT
610 3460 653 3515 l.
676 3462 896 3520 Victore
943 3466 1125 3522 mundi
1171 3466 1399 3526 Domino
1426 3485 1585 3540 regna
1638 3474 1894 3544 captivati

317 3556 533 3623 tyranni
564 3555 677 3610 suis
704 3556 1008 3626 palmigeris
1033 3558 1403 3629 distribuente,
1437 3563 1783 3632 Augustinus,
1812 3568 1893 3623 dio

313 3643 473 3697 vinus
504 3643 834 3715 Legatarius,
865 3663 895 3701 a
924 3647 1171 3706 Romano
1198 3652 1352 3722 apice
1371 3654 1889 3715 btereditatemsor-

310 3733 445 3787 titur
473 3735 796 3791 Oceanitidis
818 3736 1121 3795 Britanniae.

386 3843 449 3900 ll.
468 3845 799 3921 Describitur
811 3849 897 3905 hic
913 3849 1319 3920 Augustiuensis
1332 3853 1579 3921 mundus,
1599 3864 1657 3912 ut
1674 3857 1889 3926 quidam

307 3945 559 3992 terrenus
586 3940 864 4008 paradisus
892 3956 1070 3999 rerum
1100 3942 1410 4012 ltecundus,
1439 3955 1494 4002 et
1514 3949 1798 4017 gratiosus.
1878 3964 1885 3965 ’

380 4049 467 4104 Ill.
504 4050 617 4107 Hoc
646 4052 831 4121 ingens
859 4053 1020 4123 hujus
1047 4056 1295 4112 omnibus
1323 4057 1651 4114 domicilium
1677 4063 1889 4129 paravit

302 4141 569 4199 Dominus
606 4160 704 4199 suo
732 4144 1055 4214 Augustino,
1080 4155 1138 4205 ut
1160 4147 1228 4213 ab
1256 4147 1407 4217 initio
1436 4152 1707 4207 conditura
1734 4169 1887 4208 mun-

300 4232 431 4286 dum
464 4234 666 4287 homini
696 4249 795 4287 con
818 4236 943 4296 lito;
988 4244 1044 4290 et
1083 4224 1410 4305 Augustinus
1456 4240 1762 4310 relinquens
1791 4256 1887 4312 pa-

300 4333 497 4385 tnam,
531 4325 704 4381 factus
731 4334 812 4382 est
840 4328 891 4380 in
929 4335 1142 4395 gentem
1172 4343 1436 4399 magnam.

377 4436 466 4490 IV.
500 4436 654 4491 Hunc
685 4453 821 4507 papa
851 4438 1144 4508 Gregorius
1171 4444 1478 4512 assumpsit,
1510 4460 1669 4514 quem
1701 4461 1799 4515 pro
1828 4462 1887 4502 se

298 4528 541 4581 mitteret
578 4528 629 4581 in
660 4529 902 4597 Angliam
922 4570 938 4598 ,
982 4539 1041 4585 ut
1068 4530 1266 4601 Anglos
1285 4568 1300 4597 ,
1329 4548 1543 4601 gentem
1571 4538 1847 4592 candidam
1867 4578 1883 4607 ,

296 4629 514 4689 gentem
555 4620 755 4675 faceret
782 4624 1097 4691 angelicam.

376 4711 438 4764 V.
467 4710 693 4767 Mittitur
718 4715 799 4767 vir
834 4715 1087 4769 virtutum
1111 4756 1126 4782 ,
1182 4732 1304 4772 cum
1340 4720 1691 4790 quadraginta
1716 4737 1882 4777 evan-

294 4802 484 4868 gelicis
530 4800 782 4872 collegis,
829 4805 897 4859 ad
946 4808 1361 4862 convertendam
1415 4809 1681 4878 Angliam.
1737 4810 1881 4868 Eunt

294 4893 489 4945 unitati
519 4893 585 4946 ad
613 4892 941 4950 fruetiferam
980 4896 1163 4965 gloria:
1187 4899 1516 4968 patientiam.

372 4982 457 5036 Vl.
501 4984 685 5039 Sancti
733 5002 953 5042 rumore
999 5004 1166 5059 pravo
1212 4992 1488 5057 exterriti,
1542 4992 1873 5065 Gregorium

292 5075 524 5144 epismla
552 5078 621 5129 ad
649 5089 881 5148 carptum
906 5081 1007 5134 iter
1033 5081 1309 5145 virtutum,
1339 5081 1530 5138 fortius
1556 5100 1654 5153 per
1673 5087 1881 5154 Augus-

296 5166 468 5220 tinum
497 5178 625 5221 sunt
648 5170 887 5223 animati.

368 5256 477 5313 VII.
501 5258 737 5329 Epistbla
761 5263 902 5316 beati
925 5261 1167 5333 Gregorii
1192 5265 1258 5321 ad
1280 5267 1443 5336 ipsos,
1469 5280 1878 5340 perseveranter

295 5357 353 5401 ut
383 5348 678 5417 Augustino
707 5352 975 5407 obedient.
1086 5405 1105 5423 ,

370 5437 499 5493 VIII.
555 5439 791 5509 Epistula
830 5441 1070 5511 ejusdem
1126 5461 1275 5515 papa:
1320 5446 1617 5504 Arelatensi
1664 5452 1873 5508 archie-

295 5532 517 5603 piscopo
542 5532 810 5601 Etherio,
841 5546 901 5591 ut
948 5539 1243 5607 Augustino
1284 5541 1504 5612 ejusque
1531 5545 1873 5602 consortibus

297 5626 598 5679 necessaria
638 5627 934 5696 provideat.

363 5712 457 5771 IX.
514 5716 810 5785 Augustino
854 5719 1122 5775 referente
1167 5723 1329 5778 sociis
1378 5726 1670 5795 apostolica
1717 5744 1872 5783 man-

297 5807 752 5874 datarlestiuant
806 5825 903 5880 per
950 5811 1171 5869 adversa
1218 5820 1272 5869 et
1311 5829 1569 5887 prospera
1624 5817 1691 5873 ad
1742 5834 1870 5876 vera

1999 3287 2156 3357 cipit;
2209 3285 2303 3341 sed
2346 3302 2453 3341 non
2502 3286 2657 3342 facile
2703 3290 3027 3356 acquiescit,
3075 3299 3136 3345 ut
3165 3308 3231 3347 ex
3260 3291 3572 3350 dilﬁcultate

1998 3376 2199 3430 sanctis
2227 3376 2394 3445 gloria
2428 3386 2721 3432 accrescat.
2755 3377 2915 3433 Venit
2968 3379 3021 3433 in
3072 3379 3334 3436 Tanetum
3382 3382 3572 3440 audire

1994 3466 2258 3526 advenas,
2292 3465 2579 3522 Dominicze
2607 3468 2781 3523 crucis
2804 3468 3129 3526 vexilliferos
3158 3482 3211 3526 et
3240 3489 3538 3543 praecones.

2067 3572 2221 3630 XVII.
2251 3576 2575 3645 Augustinus
2621 3582 2843 3649 exponit
2871 3584 2983 3653 regi
3031 3593 3293 3653 optimum
3322 3588 3568 3643 nuntium

1993 3665 2136 3737 quod
2165 3667 2437 3732 attulerit,
2469 3667 2755 3738 videlicet,
2806 3673 2988 3727 mundi
3029 3674 3364 3730 conditorem
3402 3686 3459 3733 et
3486 3693 3569 3733 re-

1997 3756 2327 3828 demptorem
2358 3759 2591 3814 humano
2636 3761 2820 3831 generi
2872 3776 3096 3832 regnum
3145 3764 3405 3821 ctelorum
3442 3774 3568 3839 ape-

1990 3850 2193 3919 ruisse,
2248 3859 2305 3905 et
2328 3850 2395 3905 de
2428 3852 2705 3921 terrigenis
2734 3853 2983 3911 caelestes
3028 3856 3305 3926 indigenas
3341 3859 3565 3932 fecisse;
3662 3854 3663 3857 “

1990 3947 2047 3994 et
2072 3940 2315 3996 homines
2344 3941 2415 3995 ita
2445 3941 2733 4008 dilexisse,
2785 3953 2845 3998 ut
2891 3946 3053 4002 homo
3101 3947 3245 4015 ﬁeri,
3289 3959 3452 4021 atque
3479 3953 3567 4008 iu-

1989 4045 2170 4101 super,
2205 4039 2325 4100 post
2368 4031 2647 4088 innumera
2694 4034 2991 4090 divinitatis
3036 4053 3147 4093 sua:
3200 4040 3455 4097 miracula
3508 4049 3566 4098 et

1990 4134 2199 4182 ostenta
2220 4167 2236 4194 ,
2283 4142 2381 4197 pro
2409 4128 2685 4186 hominum
2714 4131 2961 4203 (amore)
2989 4144 3163 4190 morte
3206 4138 3380 4193 crucis
3426 4140 3563 4194 mori

1990 4217 2253 4286 voluerit,
2303 4226 2360 4275 et
2397 4232 2526 4277 suos
2555 4219 2762 4290 legatos
2790 4223 2856 4277 ad
2886 4225 3277 4281 convertendas
3319 4229 3564 4284 nationes

1987 4308 2233 4362 omnibus
2261 4310 2543 4365 tormentis
2589 4310 2928 4368 inviucibiles
2969 4312 3446 4382 inextinguibiliter
3471 4332 3565 4373 εει

1987 4398 2174 4455 cendei
2189 4402 2259 4466 it;
2288 4401 2538 4471 quodque
2561 4402 2693 4472 ipsi,
2724 4404 2814 4457 tali
2837 4404 3113 4461 charitatis
3136 4403 3349 4461 ﬂamma
3372 4407 3563 4465 stimun

1987 4486 2152 4553 laute,
2183 4488 2513 4544 advenerim.

1914 4580 1966 4639 D
2042 4592 2222 4651 XVIII.
2239 4595 2354 4651 Rex
2376 4596 2743 4655 Ethelbertus
2757 4599 2939 4656 laudat
2964 4602 3177 4671 quidem
3201 4615 3417 4664 mternte
3439 4610 3564 4668 bea-

1990 4689 2230 4745 titudinis
2257 4690 2546 4759 promissa,
2597 4701 2654 4749 et
2695 4694 2898 4765 colligit
2942 4705 3158 4754 sanctos
3199 4715 3298 4771 pro
3348 4702 3561 4760 illorum

1988 4780 2362 4837 benevolentia
2391 4800 2406 4849 ;
2434 4785 2528 4840 sed
2559 4786 2731 4843 nescit
2758 4787 2936 4844 adhuc
2960 4792 3158 4848 vetusti
3187 4795 3387 4852 erroris
3412 4804 3561 4855 tene-

1986 4872 2112 4927 bras
2139 4887 2337 4947 exuere
2366 4882 2421 4928 et
2447 4874 2596 4930 indui
2627 4876 2746 4934 luce
2774 4894 2930 4935 nova.

2054 4979 2407 5055 XIX.‘Regis
2453 4987 2775 5057 clementia,
2839 4992 2946 5049 imo
3019 4994 3114 5050 Dei
3181 4999 3557 5066 providentia,

1987 5074 2160 5129 sancti
2188 5074 2407 5131 advenae
2430 5116 2446 5141 ,
2484 5092 2604 5133 cum
2647 5080 2789 5137 elato
2820 5081 3110 5140 Dominica:
3158 5088 3556 5159 crucisgvexillo

1987 5174 2043 5219 et
2069 5169 2281 5222 canoris
2302 5170 2577 5238 precibus,
2620 5174 2672 5227 in
2703 5185 3014 5245 perpetuam
3045 5178 3427 5237 habitationem
3449 5182 3555 5239 Do-

1984 5255 2248 5311 robernia:
2295 5258 2551 5327 ingressi,
2584 5263 2836 5320 vivebant
2873 5269 3131 5338 angelice,
3180 5279 3242 5324 ut
3287 5271 3555 5341 peregrini

1985 5348 2167 5403 mundi
2190 5356 2245 5403 et
2272 5349 2532 5419 indigenae
2553 5354 2671 5409 eali
2688 5397 2703 5421 ,
2731 5364 2783 5411 et
2813 5359 3118 5416 cohmredes
3146 5361 3247 5416 sibi
3271 5361 3558 5429 gliscentes

1984 5438 2132 5506 regni
2160 5437 2275 5495 Dei.

2051 5550 2170 5608 XX.
2200 5551 2257 5608 In
2289 5556 2536 5611 orientali
2579 5557 2922 5615 Dorobernize
2968 5561 3190 5616 ecclesia
3238 5563 3381 5621 beati
3408 5566 3554 5626 Mar-

1980 5643 2108 5708 tini,
2140 5644 2267 5698 olim
2298 5660 2328 5700 a
2355 5645 2614 5704 Romanis
2652 5649 2954 5704 ehristianis
3004 5652 3250 5720 condita,
3303 5654 3437 5714 ﬁdus
3465 5675 3553 5715 re-

1978 5735 2115 5803 gina:
2152 5745 2335 5792 custos
2379 5739 2566 5795 beatus
2615 5742 2806 5810 praesul
2836 5742 3095 5801 Letardus
3142 5750 3334 5819 agebat
3373 5752 3551 5809 divina

1976 5825 2149 5884 ofﬁcia
2168 5866 2183 5896 ,
2206 5843 2326 5900 qua:
2350 5831 2738 5889 sacratissimus
2766 5833 3088 5906 Augustinus
3113 5854 3233 5896 cum
3262 5856 3359 5899 suo
3385 5842 3551 5899 choro
