  <div class='ocr_page' id='page_1' title='image "/cluster/home/n/w/nwhite01/storage/ocr_20150623/80/hvd.32044054758842/029.png"; bbox 0 0 4032 6186; ppageno 0'>
   <div class='ocr_carea' id='block_1_1' title="bbox 396 371 459 425">
    <p class='ocr_par' dir='ltr' id='par_1_1' title="bbox 396 371 459 425">
     <span class='ocr_line' id='line_1_1' title="bbox 396 371 459 425; baseline -0.032 0"><span class='ocrx_word' id='word_1_1' title='bbox 396 371 459 425; x_wconf 68' lang='grc' dir='ltr'><strong><em>Π</em></strong></span> 
     </span>
    </p>
   </div>
   <div class='ocr_carea' id='block_1_2' title="bbox 1183 361 2852 421">
    <p class='ocr_par' dir='ltr' id='par_1_2' title="bbox 1183 361 2852 421">
     <span class='ocr_line' id='line_1_2' title="bbox 1183 361 2852 421; baseline -0.002 0"><span class='ocrx_word' id='word_1_2' title='bbox 1183 365 1405 421; x_wconf 78' lang='lat' dir='ltr'><strong>&#39;SANCI</strong></span> <span class='ocrx_word' id='word_1_3' title='bbox 1424 362 1508 421; x_wconf 85' lang='lat' dir='ltr'><strong>US</strong></span> <span class='ocrx_word' id='word_1_4' title='bbox 1551 363 1984 420; x_wconf 74' lang='lat' dir='ltr'><strong>AUGUSTINUS</strong></span> <span class='ocrx_word' id='word_1_5' title='bbox 2025 362 2396 418; x_wconf 77' lang='lat' dir='ltr'><strong>ANCLUIIUM</strong></span> <span class='ocrx_word' id='word_1_6' title='bbox 2437 361 2852 419; x_wconf 63' lang='lat' dir='ltr'><strong>APUSTOIAJS.</strong></span> 
     </span>
    </p>
   </div>
   <div class='ocr_carea' id='block_1_3' title="bbox 3589 371 3662 425">
    <p class='ocr_par' dir='ltr' id='par_1_3' title="bbox 3589 371 3662 425">
     <span class='ocr_line' id='line_1_3' title="bbox 3589 371 3662 425; baseline 0 0"><span class='ocrx_word' id='word_1_7' title='bbox 3589 371 3662 425; x_wconf 67' lang='grc'><strong>48</strong></span> 
     </span>
    </p>
   </div>
   <div class='ocr_carea' id='block_1_4' title="bbox 389 471 3663 547">
    <p class='ocr_par' dir='ltr' id='par_1_4' title="bbox 389 471 3663 547">
     <span class='ocr_line' id='line_1_4' title="bbox 389 471 3663 547; baseline -0.002 -10"><span class='ocrx_word' id='word_1_8' title='bbox 389 481 674 537; x_wconf 81' lang='lat' dir='ltr'><strong>irradiabat</strong></span> <span class='ocrx_word' id='word_1_9' title='bbox 705 476 994 547; x_wconf 73' lang='lat' dir='ltr'><strong>apostolica</strong></span> <span class='ocrx_word' id='word_1_10' title='bbox 1031 475 1131 528; x_wconf 75' lang='lat' dir='ltr'><strong>vita</strong></span> <span class='ocrx_word' id='word_1_11' title='bbox 1161 485 1212 528; x_wconf 81' lang='lat' dir='ltr'><strong>et</strong></span> <span class='ocrx_word' id='word_1_12' title='bbox 1241 476 1484 529; x_wconf 77' lang='lat' dir='ltr'><strong>doctrina</strong></span> <span class='ocrx_word' id='word_1_13' title='bbox 1512 518 1526 544; x_wconf 89' lang='lat'><strong>,</strong></span> <span class='ocrx_word' id='word_1_14' title='bbox 1577 484 1631 529; x_wconf 91' lang='lat' dir='ltr'><strong>et</strong></span> <span class='ocrx_word' id='word_1_15' title='bbox 1659 476 1966 543; x_wconf 84' lang='lat' dir='ltr'><strong>signorum,</strong></span> <span class='ocrx_word' id='word_1_16' title='bbox 2001 481 2046 534; x_wconf 77' lang='grc' dir='ltr'><strong>Α</strong></span> <span class='ocrx_word' id='word_1_17' title='bbox 2150 471 2336 526; x_wconf 87' lang='lat' dir='ltr'>XXXI.</span> <span class='ocrx_word' id='word_1_18' title='bbox 2382 473 2489 526; x_wconf 91' lang='lat' dir='ltr'><strong>Ilus</strong></span> <span class='ocrx_word' id='word_1_19' title='bbox 2517 475 2865 542; x_wconf 70' lang='lat' dir='ltr'><strong>epistularum</strong></span> <span class='ocrx_word' id='word_1_20' title='bbox 2896 475 3239 542; x_wconf 73' lang='lat' dir='ltr'><strong>Creguriana!</strong></span> <span class='ocrx_word' id='word_1_21' title='bbox 3267 475 3560 532; x_wconf 64' lang='lat' dir='ltr'><strong>dulcedinis</strong></span> <span class='ocrx_word' id='word_1_22' title='bbox 3583 481 3663 532; x_wconf 83' lang='lat' dir='ltr'><strong>l’a-</strong></span> 
     </span>
    </p>
   </div>
   <div class='ocr_carea' id='block_1_5' title="bbox 393 565 1349 643">
    <p class='ocr_par' dir='ltr' id='par_1_5' title="bbox 393 565 1349 643">
     <span class='ocr_line' id='line_1_5' title="bbox 393 565 1349 643; baseline -0.002 -21"><span class='ocrx_word' id='word_1_23' title='bbox 393 589 496 643; x_wconf 77' lang='lat' dir='ltr'><strong>qua</strong></span> <span class='ocrx_word' id='word_1_24' title='bbox 528 571 704 640; x_wconf 78' lang='lat' dir='ltr'><strong>plures</strong></span> <span class='ocrx_word' id='word_1_25' title='bbox 733 568 1017 630; x_wconf 82' lang='lat' dir='ltr'><strong>convertit,</strong></span> <span class='ocrx_word' id='word_1_26' title='bbox 1053 565 1349 621; x_wconf 82' lang='lat' dir='ltr'><strong>aﬂlueut&#39;a.</strong></span> 
     </span>
    </p>
   </div>
   <div class='ocr_carea' id='block_1_6' title="bbox 464 653 1976 726">
    <p class='ocr_par' dir='ltr' id='par_1_6' title="bbox 464 653 1976 726">
     <span class='ocr_line' id='line_1_6' title="bbox 464 653 1976 726; baseline -0.004 -12"><span class='ocrx_word' id='word_1_27' title='bbox 464 661 601 714; x_wconf 86' lang='lat' dir='ltr'>XXI.</span> <span class='ocrx_word' id='word_1_28' title='bbox 660 659 847 714; x_wconf 84' lang='lat' dir='ltr'><strong>Victus</strong></span> <span class='ocrx_word' id='word_1_29' title='bbox 891 674 1020 722; x_wconf 83' lang='lat' dir='ltr'><strong>rex,</strong></span> <span class='ocrx_word' id='word_1_30' title='bbox 1075 673 1170 726; x_wconf 89' lang='lat' dir='ltr'><strong>per</strong></span> <span class='ocrx_word' id='word_1_31' title='bbox 1217 657 1390 710; x_wconf 71' lang='lat' dir='ltr'><strong>dulcia</strong></span> <span class='ocrx_word' id='word_1_32' title='bbox 1443 665 1658 710; x_wconf 63' lang='lat' dir='ltr'><strong>aeterna!</strong></span> <span class='ocrx_word' id='word_1_33' title='bbox 1709 653 1976 709; x_wconf 81' lang='lat' dir='ltr'><strong>felicitatis</strong></span> 
     </span>
    </p>
   </div>
   <div class='ocr_carea' id='block_1_7' title="bbox 393 745 1976 816">
    <p class='ocr_par' dir='ltr' id='par_1_7' title="bbox 393 745 1976 816">
     <span class='ocr_line' id='line_1_7' title="bbox 393 745 1976 816; baseline -0.004 -12"><span class='ocrx_word' id='word_1_34' title='bbox 393 749 755 804; x_wconf 79' lang='lat' dir='ltr'><strong>blandimenta</strong></span> <span class='ocrx_word' id='word_1_35' title='bbox 785 757 840 801; x_wconf 93' lang='lat' dir='ltr'><strong>ct</strong></span> <span class='ocrx_word' id='word_1_36' title='bbox 866 746 1250 814; x_wconf 64' lang='lat' dir='ltr'><strong>irrcl‘ragabilia</strong></span> <span class='ocrx_word' id='word_1_37' title='bbox 1286 747 1539 800; x_wconf 88' lang='lat' dir='ltr'><strong>virtutum</strong></span> <span class='ocrx_word' id='word_1_38' title='bbox 1561 746 1828 816; x_wconf 76' lang='lat' dir='ltr'><strong>exempla,</strong></span> <span class='ocrx_word' id='word_1_39' title='bbox 1854 745 1976 798; x_wconf 84' lang='lat' dir='ltr'><strong>sub-</strong></span> 
     </span>
    </p>
   </div>
   <div class='ocr_carea' id='block_1_8' title="bbox 390 823 1182 911">
    <p class='ocr_par' dir='ltr' id='par_1_8' title="bbox 390 823 1182 911">
     <span class='ocr_line' id='line_1_8' title="bbox 390 823 1182 911; baseline -0.003 -19"><span class='ocrx_word' id='word_1_40' title='bbox 390 842 570 911; x_wconf 80' lang='lat' dir='ltr'><strong>jieitur</strong></span> <span class='ocrx_word' id='word_1_41' title='bbox 595 823 945 894; x_wconf 80' lang='lat' dir='ltr'><strong>Christo&#39;lidc</strong></span> <span class='ocrx_word' id='word_1_42' title='bbox 966 839 1182 892; x_wconf 88' lang='lat' dir='ltr'><strong>devota.</strong></span> 
     </span>
    </p>
   </div>
   <div class='ocr_carea' id='block_1_9' title="bbox 469 926 1978 996">
    <p class='ocr_par' dir='ltr' id='par_1_9' title="bbox 469 926 1978 996">
     <span class='ocr_line' id='line_1_9' title="bbox 469 926 1978 996; baseline -0.002 -13"><span class='ocrx_word' id='word_1_43' title='bbox 469 929 626 984; x_wconf 83' lang='lat' dir='ltr'>XXII.</span> <span class='ocrx_word' id='word_1_44' title='bbox 671 928 786 982; x_wconf 79' lang='lat' dir='ltr'><strong>Rex</strong></span> <span class='ocrx_word' id='word_1_45' title='bbox 832 929 900 982; x_wconf 90' lang='lat' dir='ltr'><strong>de</strong></span> <span class='ocrx_word' id='word_1_46' title='bbox 943 926 1159 982; x_wconf 73' lang='lat' dir='ltr'><strong>excelso</strong></span> <span class='ocrx_word' id='word_1_47' title='bbox 1207 927 1571 990; x_wconf 88' lang='lat' dir='ltr'><strong>humillimus,</strong></span> <span class='ocrx_word' id='word_1_48' title='bbox 1623 926 1691 981; x_wconf 91' lang='lat' dir='ltr'><strong>de</strong></span> <span class='ocrx_word' id='word_1_49' title='bbox 1737 926 1978 996; x_wconf 81' lang='lat' dir='ltr'><strong>principe</strong></span> 
     </span>
    </p>
   </div>
   <div class='ocr_carea' id='block_1_10' title="bbox 395 1015 1980 1088">
    <p class='ocr_par' dir='ltr' id='par_1_10' title="bbox 395 1015 1980 1088">
     <span class='ocr_line' id='line_1_10' title="bbox 395 1015 1980 1088; baseline -0.001 -15"><span class='ocrx_word' id='word_1_50' title='bbox 395 1035 529 1088; x_wconf 88' lang='lat' dir='ltr'><strong>puer</strong></span> <span class='ocrx_word' id='word_1_51' title='bbox 553 1018 978 1084; x_wconf 80' lang='lat' dir='ltr'><strong>ecclesiasticus,</strong></span> <span class='ocrx_word' id='word_1_52' title='bbox 1025 1017 1326 1087; x_wconf 71' lang='lat' dir='ltr'><strong>baptizatur</strong></span> <span class='ocrx_word' id='word_1_53' title='bbox 1356 1017 1408 1070; x_wconf 91' lang='lat' dir='ltr'><strong>in</strong></span> <span class='ocrx_word' id='word_1_54' title='bbox 1437 1031 1660 1072; x_wconf 81' lang='lat' dir='ltr'><strong>summae</strong></span> <span class='ocrx_word' id='word_1_55' title='bbox 1704 1015 1980 1072; x_wconf 71' lang='lat' dir='ltr'><strong>Trinitatis</strong></span> 
     </span>
    </p>
   </div>
   <div class='ocr_carea' id='block_1_11' title="bbox 395 1105 2070 1176">
    <p class='ocr_par' dir='ltr' id='par_1_11' title="bbox 395 1105 2070 1176">
     <span class='ocr_line' id='line_1_11' title="bbox 395 1105 2070 1176; baseline -0.004 -10"><span class='ocrx_word' id='word_1_56' title='bbox 395 1111 736 1168; x_wconf 77' lang='lat' dir='ltr'><strong>confessione</strong></span> <span class='ocrx_word' id='word_1_57' title='bbox 763 1120 820 1165; x_wconf 91' lang='lat' dir='ltr'><strong>et</strong></span> <span class='ocrx_word' id='word_1_58' title='bbox 846 1109 1062 1165; x_wconf 87' lang='lat' dir='ltr'><strong>nomine</strong></span> <span class='ocrx_word' id='word_1_59' title='bbox 1081 1150 1095 1174; x_wconf 93' lang='lat'><strong>,</strong></span> <span class='ocrx_word' id='word_1_60' title='bbox 1143 1108 1384 1176; x_wconf 89' lang='lat' dir='ltr'><strong>repletur</strong></span> <span class='ocrx_word' id='word_1_61' title='bbox 1407 1107 1632 1162; x_wconf 89' lang='lat' dir='ltr'><strong>candida</strong></span> <span class='ocrx_word' id='word_1_62' title='bbox 1661 1105 1858 1161; x_wconf 90' lang='lat' dir='ltr'><strong>Christi</strong></span> <span class='ocrx_word' id='word_1_63' title='bbox 1886 1121 1980 1160; x_wconf 89' lang='lat' dir='ltr'><strong>co-</strong></span> <span class='ocrx_word' id='word_1_64' title='bbox 2065 1128 2070 1132; x_wconf 93' lang='grc'>·</span> 
     </span>
    </p>
   </div>
   <div class='ocr_carea' id='block_1_12' title="bbox 398 1195 1980 1269">
    <p class='ocr_par' dir='ltr' id='par_1_12' title="bbox 398 1195 1980 1269">
     <span class='ocr_line' id='line_1_12' title="bbox 398 1195 1980 1269; baseline -0.004 -13"><span class='ocrx_word' id='word_1_65' title='bbox 398 1203 600 1269; x_wconf 76' lang='lat' dir='ltr'><strong>Iumba,</strong></span> <span class='ocrx_word' id='word_1_66' title='bbox 624 1200 682 1255; x_wconf 86' lang='lat' dir='ltr'><strong>lit</strong></span> <span class='ocrx_word' id='word_1_67' title='bbox 708 1199 776 1256; x_wconf 81' lang='lat' dir='ltr'><strong>de</strong></span> <span class='ocrx_word' id='word_1_68' title='bbox 793 1200 959 1254; x_wconf 90' lang='lat' dir='ltr'><strong>veteri</strong></span> <span class='ocrx_word' id='word_1_69' title='bbox 991 1198 1271 1252; x_wconf 87' lang='lat' dir='ltr'><strong>idololatra</strong></span> <span class='ocrx_word' id='word_1_70' title='bbox 1302 1212 1471 1252; x_wconf 90' lang='lat' dir='ltr'><strong>novus</strong></span> <span class='ocrx_word' id='word_1_71' title='bbox 1495 1197 1822 1251; x_wconf 81' lang='lat' dir='ltr'><strong>cltristicola.</strong></span> <span class='ocrx_word' id='word_1_72' title='bbox 1849 1195 1980 1250; x_wconf 92' lang='lat' dir='ltr'><strong>IIinc</strong></span> 
     </span>
    </p>
   </div>
   <div class='ocr_carea' id='block_1_13' title="bbox 399 1292 1982 1370">
    <p class='ocr_par' dir='ltr' id='par_1_13' title="bbox 399 1292 1982 1370">
     <span class='ocr_line' id='line_1_13' title="bbox 399 1292 1982 1370; baseline -0.003 -19"><span class='ocrx_word' id='word_1_73' title='bbox 399 1295 729 1366; x_wconf 79' lang='lat' dir='ltr'><strong>AuguStinus</strong></span> <span class='ocrx_word' id='word_1_74' title='bbox 757 1294 866 1348; x_wconf 83' lang='lat' dir='ltr'><strong>Deo</strong></span> <span class='ocrx_word' id='word_1_75' title='bbox 888 1293 1056 1358; x_wconf 86' lang='lat' dir='ltr'><strong>canit,</strong></span> <span class='ocrx_word' id='word_1_76' title='bbox 1087 1308 1208 1347; x_wconf 91' lang='lat' dir='ltr'><strong>cum</strong></span> <span class='ocrx_word' id='word_1_77' title='bbox 1234 1306 1482 1370; x_wconf 80' lang='lat' dir='ltr'><strong>suprema</strong></span> <span class='ocrx_word' id='word_1_78' title='bbox 1503 1293 1719 1354; x_wconf 89' lang='lat' dir='ltr'><strong>chorea,</strong></span> <span class='ocrx_word' id='word_1_79' title='bbox 1743 1292 1982 1360; x_wconf 79' lang='lat' dir='ltr'><strong>gaudens</strong></span> 
     </span>
    </p>
   </div>
   <div class='ocr_carea' id='block_1_14' title="bbox 391 1387 1109 1456">
    <p class='ocr_par' dir='ltr' id='par_1_14' title="bbox 391 1387 1109 1456">
     <span class='ocr_line' id='line_1_14' title="bbox 391 1387 1109 1456; baseline -0.01 -11"><span class='ocrx_word' id='word_1_80' title='bbox 391 1404 494 1445; x_wconf 84' lang='lat' dir='ltr'><strong>sua</strong></span> <span class='ocrx_word' id='word_1_81' title='bbox 520 1398 645 1442; x_wconf 88' lang='lat' dir='ltr'><strong>vota</strong></span> <span class='ocrx_word' id='word_1_82' title='bbox 671 1387 750 1442; x_wconf 91' lang='lat' dir='ltr'><strong>sic</strong></span> <span class='ocrx_word' id='word_1_83' title='bbox 773 1393 1109 1456; x_wconf 81' lang='lat' dir='ltr'><strong>prOSperata.</strong></span> 
     </span>
    </p>
   </div>
   <div class='ocr_carea' id='block_1_15' title="bbox 471 1471 1984 1532">
    <p class='ocr_par' dir='ltr' id='par_1_15' title="bbox 471 1471 1984 1532">
     <span class='ocr_line' id='line_1_15' title="bbox 471 1471 1984 1532; baseline -0.005 0"><span class='ocrx_word' id='word_1_84' title='bbox 471 1476 652 1532; x_wconf 87' lang='lat' dir='ltr'>XXIII.</span> <span class='ocrx_word' id='word_1_85' title='bbox 690 1476 962 1531; x_wconf 77' lang='lat' dir='ltr'><strong>Gloriatur</strong></span> <span class='ocrx_word' id='word_1_86' title='bbox 987 1489 1083 1529; x_wconf 79' lang='lat' dir='ltr'><strong>rex</strong></span> <span class='ocrx_word' id='word_1_87' title='bbox 1107 1473 1439 1528; x_wconf 85' lang='lat' dir='ltr'><strong>Iraternitate</strong></span> <span class='ocrx_word' id='word_1_88' title='bbox 1461 1487 1599 1527; x_wconf 91' lang='lat' dir='ltr'><strong>nova</strong></span> <span class='ocrx_word' id='word_1_89' title='bbox 1620 1472 1689 1528; x_wconf 87' lang='lat' dir='ltr'><strong>de</strong></span> <span class='ocrx_word' id='word_1_90' title='bbox 1708 1471 1901 1526; x_wconf 87' lang='lat' dir='ltr'><strong>ducum</strong></span> <span class='ocrx_word' id='word_1_91' title='bbox 1927 1479 1984 1525; x_wconf 89' lang='lat' dir='ltr'><strong>et</strong></span> 
     </span>
    </p>
   </div>
   <div class='ocr_carea' id='block_1_16' title="bbox 383 1565 1981 1641">
    <p class='ocr_par' dir='ltr' id='par_1_16' title="bbox 383 1565 1981 1641">
     <span class='ocr_line' id='line_1_16' title="bbox 383 1565 1981 1641; baseline -0.006 -17"><span class='ocrx_word' id='word_1_92' title='bbox 383 1571 634 1641; x_wconf 74' lang='lat' dir='ltr'><strong>plebium</strong></span> <span class='ocrx_word' id='word_1_93' title='bbox 663 1567 1181 1636; x_wconf 86' lang='lat' dir='ltr'><strong>eombaptizatorum</strong></span> <span class='ocrx_word' id='word_1_94' title='bbox 1212 1566 1388 1628; x_wconf 89' lang='lat' dir='ltr'><strong>turba,</strong></span> <span class='ocrx_word' id='word_1_95' title='bbox 1430 1578 1528 1618; x_wconf 90' lang='lat' dir='ltr'><strong>nec</strong></span> <span class='ocrx_word' id='word_1_96' title='bbox 1551 1565 1663 1632; x_wconf 87' lang='lat' dir='ltr'><strong>jam</strong></span> <span class='ocrx_word' id='word_1_97' title='bbox 1705 1577 1860 1617; x_wconf 89' lang='lat' dir='ltr'><strong>suum</strong></span> <span class='ocrx_word' id='word_1_98' title='bbox 1892 1577 1981 1616; x_wconf 57' lang='lat' dir='ltr'><strong>re-</strong></span> 
     </span>
    </p>
   </div>
   <div class='ocr_carea' id='block_1_17' title="bbox 382 1655 1984 1732">
    <p class='ocr_par' dir='ltr' id='par_1_17' title="bbox 382 1655 1984 1732">
     <span class='ocr_line' id='line_1_17' title="bbox 382 1655 1984 1732; baseline -0.007 -14"><span class='ocrx_word' id='word_1_99' title='bbox 382 1678 559 1732; x_wconf 79' lang='lat' dir='ltr'><strong>gnum</strong></span> <span class='ocrx_word' id='word_1_100' title='bbox 596 1661 826 1716; x_wconf 78' lang='lat' dir='ltr'><strong>testimat</strong></span> <span class='ocrx_word' id='word_1_101' title='bbox 853 1659 999 1728; x_wconf 88' lang='lat' dir='ltr'><strong>quod</strong></span> <span class='ocrx_word' id='word_1_102' title='bbox 1037 1657 1481 1722; x_wconf 88' lang='lat' dir='ltr'><strong>administrabat,</strong></span> <span class='ocrx_word' id='word_1_103' title='bbox 1524 1655 1618 1711; x_wconf 90' lang='lat' dir='ltr'><strong>sed</strong></span> <span class='ocrx_word' id='word_1_104' title='bbox 1654 1663 1826 1709; x_wconf 90' lang='lat' dir='ltr'><strong>totum</strong></span> <span class='ocrx_word' id='word_1_105' title='bbox 1861 1668 1984 1708; x_wconf 93' lang='lat' dir='ltr'><strong>cum</strong></span> 
     </span>
    </p>
   </div>
   <div class='ocr_carea' id='block_1_18' title="bbox 405 1746 1982 1825">
    <p class='ocr_par' dir='ltr' id='par_1_18' title="bbox 405 1746 1982 1825">
     <span class='ocr_line' id='line_1_18' title="bbox 405 1746 1982 1825; baseline -0.006 -16"><span class='ocrx_word' id='word_1_106' title='bbox 405 1753 663 1825; x_wconf 86' lang='lat' dir='ltr'><strong>subjectis</strong></span> <span class='ocrx_word' id='word_1_107' title='bbox 697 1752 797 1807; x_wconf 87' lang='lat' dir='ltr'><strong>sibi</strong></span> <span class='ocrx_word' id='word_1_108' title='bbox 829 1751 1042 1820; x_wconf 82' lang='lat' dir='ltr'><strong>regibus</strong></span> <span class='ocrx_word' id='word_1_109' title='bbox 1081 1759 1136 1804; x_wconf 88' lang='lat' dir='ltr'><strong>et</strong></span> <span class='ocrx_word' id='word_1_110' title='bbox 1178 1750 1391 1820; x_wconf 91' lang='lat' dir='ltr'><strong>pupulis</strong></span> <span class='ocrx_word' id='word_1_111' title='bbox 1431 1750 1482 1803; x_wconf 92' lang='lat' dir='ltr'><strong>in</strong></span> <span class='ocrx_word' id='word_1_112' title='bbox 1527 1748 1738 1804; x_wconf 91' lang='lat' dir='ltr'><strong>dulcem</strong></span> <span class='ocrx_word' id='word_1_113' title='bbox 1781 1746 1982 1801; x_wconf 89' lang='lat' dir='ltr'><strong>Christi</strong></span> 
     </span>
    </p>
   </div>
   <div class='ocr_carea' id='block_1_19' title="bbox 2077 564 3663 634">
    <p class='ocr_par' dir='ltr' id='par_1_19' title="bbox 2077 564 3663 634">
     <span class='ocr_line' id='line_1_19' title="bbox 2077 564 3663 634; baseline 0.004 -16"><span class='ocrx_word' id='word_1_114' title='bbox 2077 579 2173 618; x_wconf 89' lang='lat' dir='ltr'><strong>vos</strong></span> <span class='ocrx_word' id='word_1_115' title='bbox 2218 564 2404 618; x_wconf 65' lang='lat' dir='ltr'><strong>beatus</strong></span> <span class='ocrx_word' id='word_1_116' title='bbox 2437 567 2758 633; x_wconf 83' lang='lat' dir='ltr'><strong>Augustinus</strong></span> <span class='ocrx_word' id='word_1_117' title='bbox 2784 604 2799 628; x_wconf 96' lang='lat'><strong>,</strong></span> <span class='ocrx_word' id='word_1_118' title='bbox 2847 567 3085 620; x_wconf 90' lang='lat' dir='ltr'><strong>omnium</strong></span> <span class='ocrx_word' id='word_1_119' title='bbox 3128 568 3380 620; x_wconf 86' lang='lat' dir='ltr'><strong>virtutum</strong></span> <span class='ocrx_word' id='word_1_120' title='bbox 3412 569 3663 634; x_wconf 84' lang='lat' dir='ltr'><strong>gradibus</strong></span> 
     </span>
    </p>
   </div>
   <div class='ocr_carea' id='block_1_20' title="bbox 2076 655 3662 726">
    <p class='ocr_par' dir='ltr' id='par_1_20' title="bbox 2076 655 3662 726">
     <span class='ocr_line' id='line_1_20' title="bbox 2076 655 3662 726; baseline 0.001 -17"><span class='ocrx_word' id='word_1_121' title='bbox 2076 655 2338 709; x_wconf 85' lang='lat' dir='ltr'><strong>sideream</strong></span> <span class='ocrx_word' id='word_1_122' title='bbox 2365 655 2564 708; x_wconf 82' lang='lat' dir='ltr'><strong>scalam</strong></span> <span class='ocrx_word' id='word_1_123' title='bbox 2601 655 3045 726; x_wconf 84' lang='lat' dir='ltr'><strong>transcemlemlo,</strong></span> <span class='ocrx_word' id='word_1_124' title='bbox 3076 656 3366 724; x_wconf 75' lang='lat' dir='ltr'><strong>colligens;</strong></span> <span class='ocrx_word' id='word_1_125' title='bbox 3409 659 3506 711; x_wconf 90' lang='lat' dir='ltr'><strong>hos</strong></span> <span class='ocrx_word' id='word_1_126' title='bbox 3532 673 3662 726; x_wconf 73' lang='lat' dir='ltr'><strong>qutu-</strong></span> 
     </span>
    </p>
   </div>
   <div class='ocr_carea' id='block_1_21' title="bbox 2076 744 3664 813">
    <p class='ocr_par' dir='ltr' id='par_1_21' title="bbox 2076 744 3664 813">
     <span class='ocr_line' id='line_1_21' title="bbox 2076 744 3664 813; baseline 0.004 -19"><span class='ocrx_word' id='word_1_127' title='bbox 2076 758 2180 812; x_wconf 87' lang='lat' dir='ltr'><strong>que</strong></span> <span class='ocrx_word' id='word_1_128' title='bbox 2209 759 2303 797; x_wconf 76' lang='lat' dir='ltr'><strong>rex</strong></span> <span class='ocrx_word' id='word_1_129' title='bbox 2329 752 2386 796; x_wconf 87' lang='lat' dir='ltr'><strong>et</strong></span> <span class='ocrx_word' id='word_1_130' title='bbox 2413 744 2615 810; x_wconf 82' lang='lat' dir='ltr'><strong>regina,</strong></span> <span class='ocrx_word' id='word_1_131' title='bbox 2648 760 2745 812; x_wconf 82' lang='lat' dir='ltr'><strong>pro</strong></span> <span class='ocrx_word' id='word_1_132' title='bbox 2773 761 2870 797; x_wconf 89' lang='lat' dir='ltr'><strong>sun</strong></span> <span class='ocrx_word' id='word_1_133' title='bbox 2894 745 3084 798; x_wconf 78' lang='lat' dir='ltr'><strong>affectu</strong></span> <span class='ocrx_word' id='word_1_134' title='bbox 3107 755 3160 798; x_wconf 71' lang='grc' dir='ltr'><strong>ιιι</strong></span> <span class='ocrx_word' id='word_1_135' title='bbox 3189 747 3511 813; x_wconf 71' lang='lat' dir='ltr'><strong>capacitate,</strong></span> <span class='ocrx_word' id='word_1_136' title='bbox 3535 747 3664 800; x_wconf 70' lang='lat' dir='ltr'><strong>itau-</strong></span> 
     </span>
    </p>
   </div>
   <div class='ocr_carea' id='block_1_22' title="bbox 2079 833 3662 904">
    <p class='ocr_par' dir='ltr' id='par_1_22' title="bbox 2079 833 3662 904">
     <span class='ocr_line' id='line_1_22' title="bbox 2079 833 3662 904; baseline 0 -17"><span class='ocrx_word' id='word_1_137' title='bbox 2079 833 2310 899; x_wconf 84' lang='lat' dir='ltr'><strong>riemes,</strong></span> <span class='ocrx_word' id='word_1_138' title='bbox 2351 834 2660 887; x_wconf 79' lang='lat' dir='ltr'><strong>nitebantur</strong></span> <span class='ocrx_word' id='word_1_139' title='bbox 2691 835 3002 903; x_wconf 75' lang='lat' dir='ltr'><strong>apostolicis</strong></span> <span class='ocrx_word' id='word_1_140' title='bbox 3029 834 3367 890; x_wconf 86' lang='lat' dir='ltr'><strong>documentis</strong></span> <span class='ocrx_word' id='word_1_141' title='bbox 3401 836 3662 904; x_wconf 85' lang='lat' dir='ltr'><strong>obsequi,</strong></span> 
     </span>
    </p>
   </div>
   <div class='ocr_carea' id='block_1_23' title="bbox 2075 924 3662 994">
    <p class='ocr_par' dir='ltr' id='par_1_23' title="bbox 2075 924 3662 994">
     <span class='ocr_line' id='line_1_23' title="bbox 2075 924 3662 994; baseline 0 -16"><span class='ocrx_word' id='word_1_142' title='bbox 2075 933 2140 978; x_wconf 83' lang='lat' dir='ltr'><strong>ut</strong></span> <span class='ocrx_word' id='word_1_143' title='bbox 2184 933 2305 994; x_wconf 87' lang='lat' dir='ltr'><strong>post</strong></span> <span class='ocrx_word' id='word_1_144' title='bbox 2345 924 2623 994; x_wconf 74' lang='lat' dir='ltr'><strong>pereuntia</strong></span> <span class='ocrx_word' id='word_1_145' title='bbox 2665 939 2828 994; x_wconf 88' lang='lat' dir='ltr'><strong>regna</strong></span> <span class='ocrx_word' id='word_1_146' title='bbox 2870 935 3203 979; x_wconf 84' lang='lat' dir='ltr'><strong>mererentur</strong></span> <span class='ocrx_word' id='word_1_147' title='bbox 3245 927 3484 980; x_wconf 69' lang='lat' dir='ltr'><strong>cmiestia</strong></span> <span class='ocrx_word' id='word_1_148' title='bbox 3529 940 3662 980; x_wconf 84' lang='lat' dir='ltr'><strong>con-</strong></span> 
     </span>
    </p>
   </div>
   <div class='ocr_carea' id='block_1_24' title="bbox 2078 1029 2254 1084">
    <p class='ocr_par' dir='ltr' id='par_1_24' title="bbox 2078 1029 2254 1084">
     <span class='ocr_line' id='line_1_24' title="bbox 2078 1029 2254 1084; baseline -0.006 -15"><span class='ocrx_word' id='word_1_149' title='bbox 2078 1029 2254 1084; x_wconf 82' lang='lat' dir='ltr'><strong>sequi.</strong></span> 
     </span>
    </p>
   </div>
   <div class='ocr_carea' id='block_1_25' title="bbox 2155 1105 3664 1177">
    <p class='ocr_par' dir='ltr' id='par_1_25' title="bbox 2155 1105 3664 1177">
     <span class='ocr_line' id='line_1_25' title="bbox 2155 1105 3664 1177; baseline 0.001 -17"><span class='ocrx_word' id='word_1_150' title='bbox 2155 1105 2364 1160; x_wconf 89' lang='lat' dir='ltr'>XXXII.</span> <span class='ocrx_word' id='word_1_151' title='bbox 2408 1105 2690 1173; x_wconf 87' lang='lat' dir='ltr'><strong>Britones,</strong></span> <span class='ocrx_word' id='word_1_152' title='bbox 2749 1107 3040 1177; x_wconf 79' lang='lat' dir='ltr'><strong>Anglorum</strong></span> <span class='ocrx_word' id='word_1_153' title='bbox 3091 1106 3474 1162; x_wconf 88' lang='lat' dir='ltr'><strong>debellantiutn</strong></span> <span class='ocrx_word' id='word_1_154' title='bbox 3532 1109 3664 1163; x_wconf 88' lang='lat' dir='ltr'><strong>reli-</strong></span> 
     </span>
    </p>
   </div>
   <div class='ocr_carea' id='block_1_26' title="bbox 2080 1197 3664 1266">
    <p class='ocr_par' dir='ltr' id='par_1_26' title="bbox 2080 1197 3664 1266">
     <span class='ocr_line' id='line_1_26' title="bbox 2080 1197 3664 1266; baseline -0.001 -15"><span class='ocrx_word' id='word_1_155' title='bbox 2080 1198 2253 1266; x_wconf 89' lang='lat' dir='ltr'><strong>quias,</strong></span> <span class='ocrx_word' id='word_1_156' title='bbox 2291 1199 2360 1252; x_wconf 90' lang='lat' dir='ltr'><strong>ab</strong></span> <span class='ocrx_word' id='word_1_157' title='bbox 2387 1198 2752 1254; x_wconf 85' lang='lat' dir='ltr'><strong>ecclesiastica</strong></span> <span class='ocrx_word' id='word_1_158' title='bbox 2780 1199 2964 1266; x_wconf 88' lang='lat' dir='ltr'><strong>regula</strong></span> <span class='ocrx_word' id='word_1_159' title='bbox 2991 1197 3314 1252; x_wconf 79' lang='lat' dir='ltr'><strong>dissidentes</strong></span> <span class='ocrx_word' id='word_1_160' title='bbox 3339 1238 3355 1262; x_wconf 92' lang='lat'><strong>,</strong></span> <span class='ocrx_word' id='word_1_161' title='bbox 3397 1213 3664 1253; x_wconf 82' lang='lat' dir='ltr'><strong>convoca-</strong></span> 
     </span>
    </p>
   </div>
   <div class='ocr_carea' id='block_1_27' title="bbox 2083 1286 3664 1358">
    <p class='ocr_par' dir='ltr' id='par_1_27' title="bbox 2083 1286 3664 1358">
     <span class='ocr_line' id='line_1_27' title="bbox 2083 1286 3664 1358; baseline 0.001 -18"><span class='ocrx_word' id='word_1_162' title='bbox 2083 1296 2169 1343; x_wconf 89' lang='lat' dir='ltr'><strong>tos</strong></span> <span class='ocrx_word' id='word_1_163' title='bbox 2195 1287 2336 1356; x_wconf 85' lang='lat' dir='ltr'><strong>regis</strong></span> <span class='ocrx_word' id='word_1_164' title='bbox 2365 1303 2469 1358; x_wconf 64' lang='lat' dir='ltr'><strong>Ope</strong></span> <span class='ocrx_word' id='word_1_165' title='bbox 2515 1288 2842 1357; x_wconf 81' lang='lat' dir='ltr'><strong>Augustinus</strong></span> <span class='ocrx_word' id='word_1_166' title='bbox 2865 1328 2881 1352; x_wconf 91' lang='lat'><strong>,</strong></span> <span class='ocrx_word' id='word_1_167' title='bbox 2934 1295 3045 1341; x_wconf 90' lang='lat' dir='ltr'><strong>tota</strong></span> <span class='ocrx_word' id='word_1_168' title='bbox 3076 1289 3284 1356; x_wconf 85' lang='lat' dir='ltr'><strong>paterni</strong></span> <span class='ocrx_word' id='word_1_169' title='bbox 3313 1286 3536 1343; x_wconf 69' lang='lat' dir='ltr'><strong>allectus</strong></span> <span class='ocrx_word' id='word_1_170' title='bbox 3581 1289 3664 1342; x_wconf 89' lang='lat' dir='ltr'><strong>in-</strong></span> 
     </span>
    </p>
   </div>
   <div class='ocr_carea' id='block_1_28' title="bbox 2083 1378 3664 1449">
    <p class='ocr_par' dir='ltr' id='par_1_28' title="bbox 2083 1378 3664 1449">
     <span class='ocr_line' id='line_1_28' title="bbox 2083 1378 3664 1449; baseline 0 -17"><span class='ocrx_word' id='word_1_171' title='bbox 2083 1378 2300 1441; x_wconf 89' lang='lat' dir='ltr'><strong>stantia,</strong></span> <span class='ocrx_word' id='word_1_172' title='bbox 2328 1379 2635 1433; x_wconf 86' lang='lat' dir='ltr'><strong>decertabat</strong></span> <span class='ocrx_word' id='word_1_173' title='bbox 2655 1380 2722 1432; x_wconf 85' lang='lat' dir='ltr'><strong>ad</strong></span> <span class='ocrx_word' id='word_1_174' title='bbox 2745 1378 3036 1449; x_wconf 81' lang='lat' dir='ltr'><strong>legitimam</strong></span> <span class='ocrx_word' id='word_1_175' title='bbox 3059 1380 3298 1432; x_wconf 90' lang='lat' dir='ltr'><strong>omnium</strong></span> <span class='ocrx_word' id='word_1_176' title='bbox 3323 1379 3664 1433; x_wconf 82' lang='lat' dir='ltr'><strong>concordiam</strong></span> 
     </span>
    </p>
   </div>
   <div class='ocr_carea' id='block_1_29' title="bbox 2085 1467 3667 1534">
    <p class='ocr_par' dir='ltr' id='par_1_29' title="bbox 2085 1467 3667 1534">
     <span class='ocr_line' id='line_1_29' title="bbox 2085 1467 3667 1534; baseline 0.002 -13"><span class='ocrx_word' id='word_1_177' title='bbox 2085 1470 2415 1534; x_wconf 88' lang='lat' dir='ltr'><strong>adsciscere;</strong></span> <span class='ocrx_word' id='word_1_178' title='bbox 2459 1469 2555 1523; x_wconf 88' lang='lat' dir='ltr'><strong>sed</strong></span> <span class='ocrx_word' id='word_1_179' title='bbox 2597 1467 2970 1525; x_wconf 73' lang='lat' dir='ltr'><strong>difﬁcillimum</strong></span> <span class='ocrx_word' id='word_1_180' title='bbox 3000 1483 3081 1524; x_wconf 87' lang='lat' dir='ltr'><strong>est</strong></span> <span class='ocrx_word' id='word_1_181' title='bbox 3112 1467 3552 1524; x_wconf 80' lang='lat' dir='ltr'><strong>irrationabiliter</strong></span> <span class='ocrx_word' id='word_1_182' title='bbox 3581 1487 3667 1524; x_wconf 85' lang='lat' dir='ltr'><strong>ra-</strong></span> 
     </span>
    </p>
   </div>
   <div class='ocr_carea' id='block_1_30' title="bbox 2087 1555 3275 1628">
    <p class='ocr_par' dir='ltr' id='par_1_30' title="bbox 2087 1555 3275 1628">
     <span class='ocr_line' id='line_1_30' title="bbox 2087 1555 3275 1628; baseline 0.001 -18"><span class='ocrx_word' id='word_1_183' title='bbox 2087 1558 2218 1612; x_wconf 91' lang='lat' dir='ltr'><strong>tioni</strong></span> <span class='ocrx_word' id='word_1_184' title='bbox 2246 1567 2604 1628; x_wconf 87' lang='lat' dir='ltr'><strong>repugnantes</strong></span> <span class='ocrx_word' id='word_1_185' title='bbox 2631 1558 2920 1627; x_wconf 78' lang='lat' dir='ltr'><strong>corrigere.</strong></span> <span class='ocrx_word' id='word_1_186' title='bbox 3270 1555 3275 1563; x_wconf 82' lang='lat'>&#39;</span> 
     </span>
    </p>
   </div>
   <div class='ocr_carea' id='block_1_31' title="bbox 2156 1646 3668 1716">
    <p class='ocr_par' dir='ltr' id='par_1_31' title="bbox 2156 1646 3668 1716">
     <span class='ocr_line' id='line_1_31' title="bbox 2156 1646 3668 1716; baseline 0.004 -17"><span class='ocrx_word' id='word_1_187' title='bbox 2156 1646 2389 1704; x_wconf 89' lang='lat' dir='ltr'>XXXIII.</span> <span class='ocrx_word' id='word_1_188' title='bbox 2429 1648 2742 1704; x_wconf 88' lang='lat' dir='ltr'><strong>Causidicus</strong></span> <span class='ocrx_word' id='word_1_189' title='bbox 2774 1649 3002 1716; x_wconf 83' lang='lat' dir='ltr'><strong>Domini,</strong></span> <span class='ocrx_word' id='word_1_190' title='bbox 3041 1649 3307 1706; x_wconf 87' lang='lat' dir='ltr'><strong>advocato</strong></span> <span class='ocrx_word' id='word_1_191' title='bbox 3347 1651 3403 1705; x_wconf 94' lang='lat' dir='ltr'><strong>in</strong></span> <span class='ocrx_word' id='word_1_192' title='bbox 3437 1649 3668 1705; x_wconf 87' lang='lat' dir='ltr'><strong>medium</strong></span> 
     </span>
    </p>
   </div>
   <div class='ocr_carea' id='block_1_32' title="bbox 2086 1737 3663 1808">
    <p class='ocr_par' dir='ltr' id='par_1_32' title="bbox 2086 1737 3663 1808">
     <span class='ocr_line' id='line_1_32' title="bbox 2086 1737 3663 1808; baseline 0.001 -16"><span class='ocrx_word' id='word_1_193' title='bbox 2086 1753 2229 1794; x_wconf 69' lang='lat' dir='ltr'><strong>casco</strong></span> <span class='ocrx_word' id='word_1_194' title='bbox 2257 1755 2270 1791; x_wconf 89' lang='lat'><strong>:</strong></span> <span class='ocrx_word' id='word_1_195' title='bbox 2306 1737 2364 1792; x_wconf 91' lang='lat' dir='ltr'><strong>In</strong></span> <span class='ocrx_word' id='word_1_196' title='bbox 2401 1737 2525 1804; x_wconf 88' lang='lat' dir='ltr'><strong>hoc,</strong></span> <span class='ocrx_word' id='word_1_197' title='bbox 2555 1738 2748 1808; x_wconf 90' lang='lat' dir='ltr'><strong>inquit,</strong></span> <span class='ocrx_word' id='word_1_198' title='bbox 2780 1740 3030 1792; x_wconf 89' lang='lat' dir='ltr'><strong>ostendat</strong></span> <span class='ocrx_word' id='word_1_199' title='bbox 3059 1739 3317 1793; x_wconf 86' lang='lat' dir='ltr'><strong>Dominus</strong></span> <span class='ocrx_word' id='word_1_200' title='bbox 3345 1755 3546 1808; x_wconf 90' lang='lat' dir='ltr'><strong>rerum,</strong></span> <span class='ocrx_word' id='word_1_201' title='bbox 3573 1757 3663 1794; x_wconf 92' lang='lat' dir='ltr'><strong>cu-</strong></span> 
     </span>
    </p>
   </div>
   <div class='ocr_carea' id='block_1_33' title="bbox 341 1828 3670 1917">
    <p class='ocr_par' dir='ltr' id='par_1_33' title="bbox 341 1828 3670 1917">
     <span class='ocr_line' id='line_1_33' title="bbox 341 1828 3670 1917; baseline -0.001 -19"><span class='ocrx_word' id='word_1_202' title='bbox 341 1887 344 1890; x_wconf 86' lang='lat'><strong>.</strong></span> <span class='ocrx_word' id='word_1_203' title='bbox 398 1845 660 1899; x_wconf 90' lang='lat' dir='ltr'><strong>ditionem</strong></span> <span class='ocrx_word' id='word_1_204' title='bbox 714 1843 1000 1897; x_wconf 74' lang='lat' dir='ltr'><strong>transferre</strong></span> <span class='ocrx_word' id='word_1_205' title='bbox 1025 1857 1090 1896; x_wconf 91' lang='lat' dir='ltr'><strong>ac</strong></span> <span class='ocrx_word' id='word_1_206' title='bbox 1125 1842 1353 1896; x_wconf 86' lang='lat' dir='ltr'><strong>dilatare</strong></span> <span class='ocrx_word' id='word_1_207' title='bbox 1379 1841 1650 1907; x_wconf 86' lang='lat' dir='ltr'><strong>decertat;</strong></span> <span class='ocrx_word' id='word_1_208' title='bbox 1692 1839 1979 1910; x_wconf 78' lang='lat' dir='ltr'><strong>episcopis,</strong></span> <span class='ocrx_word' id='word_1_209' title='bbox 2014 1856 2061 1917; x_wconf 78' lang='grc' dir='ltr'>Β</span> <span class='ocrx_word' id='word_1_210' title='bbox 2083 1828 2173 1900; x_wconf 72' lang='lat' dir='ltr'><strong>ius</strong></span> <span class='ocrx_word' id='word_1_211' title='bbox 2199 1830 2367 1900; x_wconf 58' lang='lat' dir='ltr'><strong>Partis</strong></span> <span class='ocrx_word' id='word_1_212' title='bbox 2405 1830 2598 1898; x_wconf 64' lang='lat'><strong>(108018</strong></span> <span class='ocrx_word' id='word_1_213' title='bbox 2627 1833 2697 1884; x_wconf 65' lang='lat' dir='ltr'><strong>Sil</strong></span> <span class='ocrx_word' id='word_1_214' title='bbox 2729 1845 2933 1884; x_wconf 58' lang='lat' dir='ltr'><strong>verum.</strong></span> <span class='ocrx_word' id='word_1_215' title='bbox 2967 1830 3227 1900; x_wconf 74' lang='grc' dir='ltr'><strong>Ρΐυμοιιὶι</strong></span> <span class='ocrx_word' id='word_1_216' title='bbox 3266 1846 3464 1886; x_wconf 62' lang='lat' dir='ltr'><strong>Caecum</strong></span> <span class='ocrx_word' id='word_1_217' title='bbox 3496 1833 3670 1888; x_wconf 76' lang='lat' dir='ltr'><strong>Bt&#39;ilo-</strong></span> 
     </span>
    </p>
   </div>
   <div class='ocr_carea' id='block_1_34' title="bbox 391 1930 1977 2003">
    <p class='ocr_par' dir='ltr' id='par_1_34' title="bbox 391 1930 1977 2003">
     <span class='ocr_line' id='line_1_34' title="bbox 391 1930 1977 2003; baseline -0.002 -15"><span class='ocrx_word' id='word_1_218' title='bbox 391 1934 748 1998; x_wconf 82' lang='lat' dir='ltr'><strong>monasteria,</strong></span> <span class='ocrx_word' id='word_1_219' title='bbox 779 1931 1032 1987; x_wconf 90' lang='lat' dir='ltr'><strong>ecclesias</strong></span> <span class='ocrx_word' id='word_1_220' title='bbox 1055 1970 1070 1996; x_wconf 93' lang='lat'><strong>,</strong></span> <span class='ocrx_word' id='word_1_221' title='bbox 1110 1941 1365 2003; x_wconf 87' lang='lat' dir='ltr'><strong>tanquam</strong></span> <span class='ocrx_word' id='word_1_222' title='bbox 1416 1931 1690 1988; x_wconf 84' lang='lat' dir='ltr'><strong>Dominica</strong></span> <span class='ocrx_word' id='word_1_223' title='bbox 1717 1930 1936 1987; x_wconf 88' lang='lat' dir='ltr'><strong>castella</strong></span> <span class='ocrx_word' id='word_1_224' title='bbox 1959 1968 1977 1996; x_wconf 96' lang='lat'><strong>,</strong></span> 
     </span>
    </p>
   </div>
   <div class='ocr_carea' id='block_1_35' title="bbox 401 2021 929 2091">
    <p class='ocr_par' dir='ltr' id='par_1_35' title="bbox 401 2021 929 2091">
     <span class='ocr_line' id='line_1_35' title="bbox 401 2021 929 2091; baseline 0 -15"><span class='ocrx_word' id='word_1_225' title='bbox 401 2023 653 2091; x_wconf 84' lang='lat' dir='ltr'><strong>regaliter</strong></span> <span class='ocrx_word' id='word_1_226' title='bbox 680 2021 929 2077; x_wconf 66' lang='lat' dir='ltr'><strong>aedilicat.</strong></span> 
     </span>
    </p>
   </div>
   <div class='ocr_carea' id='block_1_36' title="bbox 475 2111 1985 2183">
    <p class='ocr_par' dir='ltr' id='par_1_36' title="bbox 475 2111 1985 2183">
     <span class='ocr_line' id='line_1_36' title="bbox 475 2111 1985 2183; baseline 0.001 -18"><span class='ocrx_word' id='word_1_227' title='bbox 475 2111 655 2166; x_wconf 85' lang='lat' dir='ltr'>XXIV.</span> <span class='ocrx_word' id='word_1_228' title='bbox 697 2112 1022 2181; x_wconf 80' lang='lat' dir='ltr'><strong>Augustinus</strong></span> <span class='ocrx_word' id='word_1_229' title='bbox 1054 2112 1297 2182; x_wconf 73' lang='lat' dir='ltr'><strong>prtebens</strong></span> <span class='ocrx_word' id='word_1_230' title='bbox 1334 2127 1394 2168; x_wconf 89' lang='lat' dir='ltr'><strong>se</strong></span> <span class='ocrx_word' id='word_1_231' title='bbox 1442 2111 1695 2168; x_wconf 88' lang='lat' dir='ltr'><strong>electioni</strong></span> <span class='ocrx_word' id='word_1_232' title='bbox 1725 2111 1985 2183; x_wconf 85' lang='lat' dir='ltr'><strong>apostoli-</strong></span> 
     </span>
    </p>
   </div>
   <div class='ocr_carea' id='block_1_37' title="bbox 401 2207 1984 2278">
    <p class='ocr_par' dir='ltr' id='par_1_37' title="bbox 401 2207 1984 2278">
     <span class='ocr_line' id='line_1_37' title="bbox 401 2207 1984 2278; baseline 0.001 -17"><span class='ocrx_word' id='word_1_233' title='bbox 401 2224 477 2262; x_wconf 68' lang='lat' dir='ltr'><strong>ea!</strong></span> <span class='ocrx_word' id='word_1_234' title='bbox 505 2216 557 2261; x_wconf 90' lang='lat' dir='ltr'><strong>et</strong></span> <span class='ocrx_word' id='word_1_235' title='bbox 586 2207 982 2273; x_wconf 62' lang='lat' dir='ltr'><strong>ecclesiastica},</strong></span> <span class='ocrx_word' id='word_1_236' title='bbox 1015 2207 1262 2261; x_wconf 88' lang='lat' dir='ltr'><strong>nimirum</strong></span> <span class='ocrx_word' id='word_1_237' title='bbox 1291 2209 1642 2278; x_wconf 90' lang='lat' dir='ltr'><strong>assumptioni</strong></span> <span class='ocrx_word' id='word_1_238' title='bbox 1669 2207 1984 2275; x_wconf 66' lang='lat' dir='ltr'><strong>Dominiete,</strong></span> 
     </span>
    </p>
   </div>
   <div class='ocr_carea' id='block_1_38' title="bbox 401 2297 1984 2369">
    <p class='ocr_par' dir='ltr' id='par_1_38' title="bbox 401 2297 1984 2369">
     <span class='ocr_line' id='line_1_38' title="bbox 401 2297 1984 2369; baseline 0.001 -17"><span class='ocrx_word' id='word_1_239' title='bbox 401 2300 469 2352; x_wconf 90' lang='lat' dir='ltr'><strong>ab</strong></span> <span class='ocrx_word' id='word_1_240' title='bbox 492 2297 785 2352; x_wconf 78' lang='lat' dir='ltr'><strong>Arelatensi</strong></span> <span class='ocrx_word' id='word_1_241' title='bbox 802 2297 1182 2366; x_wconf 74' lang='lat' dir='ltr'><strong>archipmsule</strong></span> <span class='ocrx_word' id='word_1_242' title='bbox 1209 2310 1557 2354; x_wconf 69' lang='lat' dir='ltr'><strong>consecratur</strong></span> <span class='ocrx_word' id='word_1_243' title='bbox 1576 2301 1632 2354; x_wconf 93' lang='lat' dir='ltr'><strong>in</strong></span> <span class='ocrx_word' id='word_1_244' title='bbox 1659 2301 1984 2369; x_wconf 90' lang='lat' dir='ltr'><strong>primitivunt</strong></span> 
     </span>
    </p>
   </div>
   <div class='ocr_carea' id='block_1_39' title="bbox 388 2387 1987 2460">
    <p class='ocr_par' dir='ltr' id='par_1_39' title="bbox 388 2387 1987 2460">
     <span class='ocr_line' id='line_1_39' title="bbox 388 2387 1987 2460; baseline 0.001 -16"><span class='ocrx_word' id='word_1_245' title='bbox 388 2387 758 2458; x_wconf 69' lang='lat' dir='ltr'><strong>.palriarcliam</strong></span> <span class='ocrx_word' id='word_1_246' title='bbox 785 2387 986 2456; x_wconf 77' lang='lat' dir='ltr'><strong>Anglia:</strong></span> <span class='ocrx_word' id='word_1_247' title='bbox 1009 2398 1432 2460; x_wconf 85' lang='lat' dir='ltr'><strong>perpetuamque</strong></span> <span class='ocrx_word' id='word_1_248' title='bbox 1454 2389 1886 2445; x_wconf 71' lang='lat' dir='ltr'><strong>benedictionem</strong></span> <span class='ocrx_word' id='word_1_249' title='bbox 1907 2405 1987 2446; x_wconf 87' lang='lat' dir='ltr'><strong>re-</strong></span> 
     </span>
    </p>
   </div>
   <div class='ocr_carea' id='block_1_40' title="bbox 403 2477 904 2532">
    <p class='ocr_par' dir='ltr' id='par_1_40' title="bbox 403 2477 904 2532">
     <span class='ocr_line' id='line_1_40' title="bbox 403 2477 904 2532; baseline 0 -2"><span class='ocrx_word' id='word_1_250' title='bbox 403 2480 507 2532; x_wconf 75' lang='lat' dir='ltr'><strong>l&#39;ert</strong></span> <span class='ocrx_word' id='word_1_251' title='bbox 537 2477 769 2532; x_wconf 82' lang='lat' dir='ltr'><strong>Dorobet</strong></span> <span class='ocrx_word' id='word_1_252' title='bbox 783 2477 904 2531; x_wconf 75' lang='lat' dir='ltr'><strong>nim.</strong></span> 
     </span>
    </p>
   </div>
   <div class='ocr_carea' id='block_1_41' title="bbox 473 2557 1986 2635">
    <p class='ocr_par' dir='ltr' id='par_1_41' title="bbox 473 2557 1986 2635">
     <span class='ocr_line' id='line_1_41' title="bbox 473 2557 1986 2635; baseline 0.003 -15"><span class='ocrx_word' id='word_1_253' title='bbox 473 2566 636 2620; x_wconf 76' lang='lat' dir='ltr'>XXV.</span> <span class='ocrx_word' id='word_1_254' title='bbox 681 2567 839 2620; x_wconf 84' lang='lat' dir='ltr'><strong>Mittit</strong></span> <span class='ocrx_word' id='word_1_255' title='bbox 880 2568 1207 2635; x_wconf 81' lang='lat' dir='ltr'><strong>Augustinus</strong></span> <span class='ocrx_word' id='word_1_256' title='bbox 1255 2557 1483 2624; x_wconf 73' lang='lat' dir='ltr'><strong>Romam</strong></span> <span class='ocrx_word' id='word_1_257' title='bbox 1530 2569 1778 2624; x_wconf 88' lang='lat' dir='ltr'><strong>nuntiare</strong></span> <span class='ocrx_word' id='word_1_258' title='bbox 1826 2570 1986 2624; x_wconf 89' lang='lat' dir='ltr'><strong>beato</strong></span> 
     </span>
    </p>
   </div>
   <div class='ocr_carea' id='block_1_42' title="bbox 400 2657 1986 2728">
    <p class='ocr_par' dir='ltr' id='par_1_42' title="bbox 400 2657 1986 2728">
     <span class='ocr_line' id='line_1_42' title="bbox 400 2657 1986 2728; baseline 0.002 -19"><span class='ocrx_word' id='word_1_259' title='bbox 400 2657 706 2724; x_wconf 62' lang='lat' dir='ltr'><strong>Gregorio,</strong></span> <span class='ocrx_word' id='word_1_260' title='bbox 759 2671 939 2725; x_wconf 83' lang='lat' dir='ltr'><strong>regem</strong></span> <span class='ocrx_word' id='word_1_261' title='bbox 1017 2667 1072 2711; x_wconf 90' lang='lat' dir='ltr'><strong>et</strong></span> <span class='ocrx_word' id='word_1_262' title='bbox 1126 2659 1381 2728; x_wconf 84' lang='lat' dir='ltr'><strong>populum</strong></span> <span class='ocrx_word' id='word_1_263' title='bbox 1435 2661 1726 2728; x_wconf 85' lang='lat' dir='ltr'><strong>Anglorum</strong></span> <span class='ocrx_word' id='word_1_264' title='bbox 1784 2661 1986 2714; x_wconf 81' lang='lat' dir='ltr'><strong>cultum</strong></span> 
     </span>
    </p>
   </div>
   <div class='ocr_carea' id='block_1_43' title="bbox 401 2747 1985 2820">
    <p class='ocr_par' dir='ltr' id='par_1_43' title="bbox 401 2747 1985 2820">
     <span class='ocr_line' id='line_1_43' title="bbox 401 2747 1985 2820; baseline 0.003 -20"><span class='ocrx_word' id='word_1_265' title='bbox 401 2747 603 2801; x_wconf 76' lang='lat' dir='ltr'><strong>Christi</strong></span> <span class='ocrx_word' id='word_1_266' title='bbox 632 2749 931 2817; x_wconf 74' lang='lat' dir='ltr'><strong>suscepiSse</strong></span> <span class='ocrx_word' id='word_1_267' title='bbox 953 2789 970 2814; x_wconf 95' lang='lat'><strong>,</strong></span> <span class='ocrx_word' id='word_1_268' title='bbox 1013 2763 1073 2804; x_wconf 87' lang='lat' dir='ltr'><strong>se</strong></span> <span class='ocrx_word' id='word_1_269' title='bbox 1100 2752 1356 2820; x_wconf 82' lang='lat' dir='ltr'><strong>episcupu</strong></span> <span class='ocrx_word' id='word_1_270' title='bbox 1379 2768 1409 2803; x_wconf 94' lang='grc' dir='ltr'><strong>ιι</strong></span> <span class='ocrx_word' id='word_1_271' title='bbox 1439 2751 1638 2805; x_wconf 79' lang='lat' dir='ltr'><strong>factum</strong></span> <span class='ocrx_word' id='word_1_272' title='bbox 1669 2765 1817 2816; x_wconf 90' lang='lat' dir='ltr'><strong>esse,</strong></span> <span class='ocrx_word' id='word_1_273' title='bbox 1841 2749 1985 2820; x_wconf 83' lang='lat' dir='ltr'><strong>jam-</strong></span> 
     </span>
    </p>
   </div>
   <div class='ocr_carea' id='block_1_44' title="bbox 403 2837 1989 2910">
    <p class='ocr_par' dir='ltr' id='par_1_44' title="bbox 403 2837 1989 2910">
     <span class='ocr_line' id='line_1_44' title="bbox 403 2837 1989 2910; baseline 0.003 -19"><span class='ocrx_word' id='word_1_274' title='bbox 403 2853 508 2908; x_wconf 80' lang='lat' dir='ltr'><strong>que</strong></span> <span class='ocrx_word' id='word_1_275' title='bbox 538 2837 718 2890; x_wconf 70' lang='lat' dir='ltr'><strong>multa:</strong></span> <span class='ocrx_word' id='word_1_276' title='bbox 746 2838 904 2893; x_wconf 90' lang='lat' dir='ltr'><strong>messi</strong></span> <span class='ocrx_word' id='word_1_277' title='bbox 933 2840 1210 2909; x_wconf 86' lang='lat' dir='ltr'><strong>operarios</strong></span> <span class='ocrx_word' id='word_1_278' title='bbox 1239 2841 1447 2895; x_wconf 90' lang='lat' dir='ltr'><strong>deesse.</strong></span> <span class='ocrx_word' id='word_1_279' title='bbox 1475 2840 1573 2894; x_wconf 90' lang='lat' dir='ltr'><strong>Cui</strong></span> <span class='ocrx_word' id='word_1_280' title='bbox 1597 2841 1989 2910; x_wconf 68' lang='lat' dir='ltr'><strong>papa-remittit</strong></span> 
     </span>
    </p>
   </div>
   <div class='ocr_carea' id='block_1_45' title="bbox 403 2926 1983 2997">
    <p class='ocr_par' dir='ltr' id='par_1_45' title="bbox 403 2926 1983 2997">
     <span class='ocr_line' id='line_1_45' title="bbox 403 2926 1983 2997; baseline 0.003 -19"><span class='ocrx_word' id='word_1_281' title='bbox 403 2926 752 2995; x_wconf 84' lang='lat' dir='ltr'><strong>apostolicum</strong></span> <span class='ocrx_word' id='word_1_282' title='bbox 783 2927 1037 2996; x_wconf 88' lang='lat' dir='ltr'><strong>pallium,</strong></span> <span class='ocrx_word' id='word_1_283' title='bbox 1069 2935 1124 2981; x_wconf 89' lang='lat' dir='ltr'><strong>et</strong></span> <span class='ocrx_word' id='word_1_284' title='bbox 1155 2929 1381 2997; x_wconf 88' lang='lat' dir='ltr'><strong>plurima</strong></span> <span class='ocrx_word' id='word_1_285' title='bbox 1411 2929 1696 2982; x_wconf 90' lang='lat' dir='ltr'><strong>ductorum</strong></span> <span class='ocrx_word' id='word_1_286' title='bbox 1738 2929 1938 2983; x_wconf 80' lang='lat' dir='ltr'><strong>auxilia</strong></span> <span class='ocrx_word' id='word_1_287' title='bbox 1967 2967 1983 2994; x_wconf 96' lang='lat'><strong>,</strong></span> 
     </span>
    </p>
   </div>
   <div class='ocr_carea' id='block_1_46' title="bbox 391 3017 1630 3088">
    <p class='ocr_par' dir='ltr' id='par_1_46' title="bbox 391 3017 1630 3088">
     <span class='ocr_line' id='line_1_46' title="bbox 391 3017 1630 3088; baseline 0 -16"><span class='ocrx_word' id='word_1_288' title='bbox 391 3027 461 3072; x_wconf 76' lang='grc' dir='ltr'><strong>ἰιι</strong></span> <span class='ocrx_word' id='word_1_289' title='bbox 489 3017 815 3072; x_wconf 85' lang='lat' dir='ltr'><strong>diversarum</strong></span> <span class='ocrx_word' id='word_1_290' title='bbox 841 3018 1326 3087; x_wconf 81' lang='lat' dir='ltr'><strong>interrogationum</strong></span> <span class='ocrx_word' id='word_1_291' title='bbox 1351 3033 1630 3088; x_wconf 56' lang='lat' dir='ltr'><strong>responsa.</strong></span> 
     </span>
    </p>
   </div>
   <div class='ocr_carea' id='block_1_47' title="bbox 480 3107 1989 3180">
    <p class='ocr_par' dir='ltr' id='par_1_47' title="bbox 480 3107 1989 3180">
     <span class='ocr_line' id='line_1_47' title="bbox 480 3107 1989 3180; baseline 0.002 -19"><span class='ocrx_word' id='word_1_292' title='bbox 480 3107 659 3162; x_wconf 88' lang='lat' dir='ltr'>XXVI.</span> <span class='ocrx_word' id='word_1_293' title='bbox 720 3108 957 3179; x_wconf 83' lang='lat' dir='ltr'><strong>Epistula</strong></span> <span class='ocrx_word' id='word_1_294' title='bbox 1019 3110 1161 3164; x_wconf 85' lang='lat' dir='ltr'><strong>beati</strong></span> <span class='ocrx_word' id='word_1_295' title='bbox 1215 3109 1460 3178; x_wconf 80' lang='lat' dir='ltr'><strong>Gregorii</strong></span> <span class='ocrx_word' id='word_1_296' title='bbox 1510 3124 1660 3180; x_wconf 74' lang='lat' dir='ltr'><strong>papa:</strong></span> <span class='ocrx_word' id='word_1_297' title='bbox 1704 3109 1773 3164; x_wconf 90' lang='lat' dir='ltr'><strong>de</strong></span> <span class='ocrx_word' id='word_1_298' title='bbox 1823 3109 1989 3164; x_wconf 88' lang='lat' dir='ltr'><strong>misso</strong></span> 
     </span>
    </p>
   </div>
   <div class='ocr_carea' id='block_1_48' title="bbox 2082 1920 3671 1992">
    <p class='ocr_par' dir='ltr' id='par_1_48' title="bbox 2082 1920 3671 1992">
     <span class='ocr_line' id='line_1_48' title="bbox 2082 1920 3671 1992; baseline -0.001 -14"><span class='ocrx_word' id='word_1_299' title='bbox 2082 1924 2240 1978; x_wconf 90' lang='lat' dir='ltr'><strong>nibus</strong></span> <span class='ocrx_word' id='word_1_300' title='bbox 2282 1924 2613 1986; x_wconf 84' lang='lat' dir='ltr'><strong>curandum;</strong></span> <span class='ocrx_word' id='word_1_301' title='bbox 2665 1920 2771 1976; x_wconf 92' lang='lat' dir='ltr'><strong>illis</strong></span> <span class='ocrx_word' id='word_1_302' title='bbox 2818 1924 3234 1989; x_wconf 79' lang='lat' dir='ltr'><strong>recusantibus,</strong></span> <span class='ocrx_word' id='word_1_303' title='bbox 3295 1924 3449 1992; x_wconf 89' lang='lat' dir='ltr'><strong>sig..o</strong></span> <span class='ocrx_word' id='word_1_304' title='bbox 3497 1927 3671 1980; x_wconf 85' lang='lat' dir='ltr'><strong>crucis</strong></span> 
     </span>
    </p>
   </div>
   <div class='ocr_carea' id='block_1_49' title="bbox 2082 2011 3673 2084">
    <p class='ocr_par' dir='ltr' id='par_1_49' title="bbox 2082 2011 3673 2084">
     <span class='ocr_line' id='line_1_49' title="bbox 2082 2011 3673 2084; baseline 0.001 -16"><span class='ocrx_word' id='word_1_305' title='bbox 2082 2027 2284 2068; x_wconf 74' lang='lat' dir='ltr'><strong>cmcum</strong></span> <span class='ocrx_word' id='word_1_306' title='bbox 2322 2011 2588 2065; x_wconf 84' lang='lat' dir='ltr'><strong>illuminat</strong></span> <span class='ocrx_word' id='word_1_307' title='bbox 2628 2011 2957 2079; x_wconf 78' lang='lat' dir='ltr'><strong>Augustinus</strong></span> <span class='ocrx_word' id='word_1_308' title='bbox 2989 2030 3002 2064; x_wconf 94' lang='lat'><strong>:</strong></span> <span class='ocrx_word' id='word_1_309' title='bbox 3037 2013 3162 2067; x_wconf 87' lang='lat' dir='ltr'><strong>victi</strong></span> <span class='ocrx_word' id='word_1_310' title='bbox 3208 2014 3455 2068; x_wconf 82' lang='lat' dir='ltr'><strong>Britones</strong></span> <span class='ocrx_word' id='word_1_311' title='bbox 3483 2024 3673 2084; x_wconf 80' lang='lat' dir='ltr'><strong>petunt</strong></span> 
     </span>
    </p>
   </div>
   <div class='ocr_carea' id='block_1_50' title="bbox 2084 2102 3582 2174">
    <p class='ocr_par' dir='ltr' id='par_1_50' title="bbox 2084 2102 3582 2174">
     <span class='ocr_line' id='line_1_50' title="bbox 2084 2102 3582 2174; baseline -0.001 -14"><span class='ocrx_word' id='word_1_312' title='bbox 2084 2103 2347 2168; x_wconf 87' lang='lat' dir='ltr'><strong>inducias,</strong></span> <span class='ocrx_word' id='word_1_313' title='bbox 2375 2102 2503 2157; x_wconf 91' lang='lat' dir='ltr'><strong>dum</strong></span> <span class='ocrx_word' id='word_1_314' title='bbox 2531 2117 2656 2156; x_wconf 90' lang='lat' dir='ltr'><strong>suos</strong></span> <span class='ocrx_word' id='word_1_315' title='bbox 2681 2105 2968 2157; x_wconf 86' lang='lat' dir='ltr'><strong>consulant</strong></span> <span class='ocrx_word' id='word_1_316' title='bbox 2994 2113 3051 2158; x_wconf 90' lang='lat' dir='ltr'><strong>et</strong></span> <span class='ocrx_word' id='word_1_317' title='bbox 3076 2106 3312 2174; x_wconf 86' lang='lat' dir='ltr'><strong>synodus</strong></span> <span class='ocrx_word' id='word_1_318' title='bbox 3339 2106 3582 2160; x_wconf 78' lang='lat' dir='ltr'><strong>iteretur.</strong></span> 
     </span>
    </p>
   </div>
   <div class='ocr_carea' id='block_1_51' title="bbox 2158 2193 3667 2268">
    <p class='ocr_par' dir='ltr' id='par_1_51' title="bbox 2158 2193 3667 2268">
     <span class='ocr_line' id='line_1_51' title="bbox 2158 2193 3667 2268; baseline 0.004 -21"><span class='ocrx_word' id='word_1_319' title='bbox 2158 2193 2392 2248; x_wconf 82' lang='lat' dir='ltr'>XXXIV.</span> <span class='ocrx_word' id='word_1_320' title='bbox 2433 2193 2677 2249; x_wconf 87' lang='lat' dir='ltr'><strong>Consulti</strong></span> <span class='ocrx_word' id='word_1_321' title='bbox 2740 2194 3016 2250; x_wconf 86' lang='lat' dir='ltr'><strong>Britonum</strong></span> <span class='ocrx_word' id='word_1_322' title='bbox 3068 2198 3347 2266; x_wconf 87' lang='lat' dir='ltr'><strong>pontiliees</strong></span> <span class='ocrx_word' id='word_1_323' title='bbox 3398 2201 3667 2268; x_wconf 82' lang='lat' dir='ltr'><strong>(respuu-</strong></span> 
     </span>
    </p>
   </div>
   <div class='ocr_carea' id='block_1_52' title="bbox 2085 2285 3672 2357">
    <p class='ocr_par' dir='ltr' id='par_1_52' title="bbox 2085 2285 3672 2357">
     <span class='ocr_line' id='line_1_52' title="bbox 2085 2285 3672 2357; baseline 0 -15"><span class='ocrx_word' id='word_1_324' title='bbox 2085 2287 2254 2353; x_wconf 88' lang='lat' dir='ltr'><strong>dent)</strong></span> <span class='ocrx_word' id='word_1_325' title='bbox 2303 2293 2363 2339; x_wconf 92' lang='lat' dir='ltr'><strong>ut</strong></span> <span class='ocrx_word' id='word_1_326' title='bbox 2412 2285 2765 2352; x_wconf 86' lang='lat' dir='ltr'><strong>Augustinum</strong></span> <span class='ocrx_word' id='word_1_327' title='bbox 2817 2287 3224 2343; x_wconf 76' lang='lat' dir='ltr'><strong>advenientibus</strong></span> <span class='ocrx_word' id='word_1_328' title='bbox 3267 2301 3672 2357; x_wconf 78' lang='lat' dir='ltr'><strong>assurgentem,</strong></span> 
     </span>
    </p>
   </div>
   <div class='ocr_carea' id='block_1_53' title="bbox 2088 2377 3672 2448">
    <p class='ocr_par' dir='ltr' id='par_1_53' title="bbox 2088 2377 3672 2448">
     <span class='ocr_line' id='line_1_53' title="bbox 2088 2377 3672 2448; baseline 0.001 -17"><span class='ocrx_word' id='word_1_329' title='bbox 2088 2386 2342 2446; x_wconf 79' lang='lat' dir='ltr'><strong>tauquam</strong></span> <span class='ocrx_word' id='word_1_330' title='bbox 2367 2377 2552 2430; x_wconf 84' lang='lat' dir='ltr'><strong>mitem</strong></span> <span class='ocrx_word' id='word_1_331' title='bbox 2579 2384 2636 2430; x_wconf 84' lang='lat' dir='ltr'><strong>et</strong></span> <span class='ocrx_word' id='word_1_332' title='bbox 2677 2377 2933 2430; x_wconf 87' lang='lat' dir='ltr'><strong>humilem</strong></span> <span class='ocrx_word' id='word_1_333' title='bbox 2964 2378 3127 2431; x_wconf 88' lang='lat' dir='ltr'><strong>corde</strong></span> <span class='ocrx_word' id='word_1_334' title='bbox 3151 2418 3165 2441; x_wconf 96' lang='lat'><strong>,</strong></span> <span class='ocrx_word' id='word_1_335' title='bbox 3200 2381 3538 2448; x_wconf 73' lang='lat' dir='ltr'><strong>reciperent;</strong></span> <span class='ocrx_word' id='word_1_336' title='bbox 3591 2397 3672 2433; x_wconf 80' lang='lat' dir='ltr'><strong>re-</strong></span> 
     </span>
    </p>
   </div>
   <div class='ocr_carea' id='block_1_54' title="bbox 2087 2457 3672 2536">
    <p class='ocr_par' dir='ltr' id='par_1_54' title="bbox 2087 2457 3672 2536">
     <span class='ocr_line' id='line_1_54' title="bbox 2087 2457 3672 2536; baseline -0.002 -12"><span class='ocrx_word' id='word_1_337' title='bbox 2087 2467 2350 2524; x_wconf 89' lang='lat' dir='ltr'><strong>sidentem</strong></span> <span class='ocrx_word' id='word_1_338' title='bbox 2380 2481 2509 2521; x_wconf 87' lang='lat' dir='ltr'><strong>vero</strong></span> <span class='ocrx_word' id='word_1_339' title='bbox 2531 2505 2546 2532; x_wconf 95' lang='lat'><strong>,</strong></span> <span class='ocrx_word' id='word_1_340' title='bbox 2580 2477 2636 2520; x_wconf 93' lang='lat' dir='ltr'><strong>ut</strong></span> <span class='ocrx_word' id='word_1_341' title='bbox 2677 2457 2968 2535; x_wconf 79' lang='lat' dir='ltr'><strong>superbum</strong></span> <span class='ocrx_word' id='word_1_342' title='bbox 2999 2475 3053 2520; x_wconf 90' lang='lat' dir='ltr'><strong>et</strong></span> <span class='ocrx_word' id='word_1_343' title='bbox 3106 2466 3375 2532; x_wconf 78' lang='lat' dir='ltr'><strong>ferocem,</strong></span> <span class='ocrx_word' id='word_1_344' title='bbox 3420 2469 3672 2536; x_wconf 83' lang='lat' dir='ltr'><strong>repudia-</strong></span> 
     </span>
    </p>
   </div>
   <div class='ocr_carea' id='block_1_55' title="bbox 2089 2555 3676 2627">
    <p class='ocr_par' dir='ltr' id='par_1_55' title="bbox 2089 2555 3676 2627">
     <span class='ocr_line' id='line_1_55' title="bbox 2089 2555 3676 2627; baseline 0.001 -16"><span class='ocrx_word' id='word_1_345' title='bbox 2089 2566 2228 2611; x_wconf 86' lang='lat' dir='ltr'><strong>rent.</strong></span> <span class='ocrx_word' id='word_1_346' title='bbox 2255 2555 2459 2610; x_wconf 75' lang='lat' dir='ltr'><strong>Venere</strong></span> <span class='ocrx_word' id='word_1_347' title='bbox 2481 2597 2495 2621; x_wconf 94' lang='lat'><strong>,</strong></span> <span class='ocrx_word' id='word_1_348' title='bbox 2541 2565 2596 2609; x_wconf 88' lang='lat' dir='ltr'><strong>et</strong></span> <span class='ocrx_word' id='word_1_349' title='bbox 2623 2557 2897 2610; x_wconf 79' lang='lat' dir='ltr'><strong>sedentem</strong></span> <span class='ocrx_word' id='word_1_350' title='bbox 2925 2557 3131 2626; x_wconf 72' lang='lat' dir='ltr'><strong>sibique</strong></span> <span class='ocrx_word' id='word_1_351' title='bbox 3172 2575 3277 2610; x_wconf 89' lang='lat' dir='ltr'><strong>non</strong></span> <span class='ocrx_word' id='word_1_352' title='bbox 3308 2575 3676 2627; x_wconf 81' lang='lat' dir='ltr'><strong>as.urgen.em</strong></span> 
     </span>
    </p>
   </div>
   <div class='ocr_carea' id='block_1_56' title="bbox 2089 2644 3677 2714">
    <p class='ocr_par' dir='ltr' id='par_1_56' title="bbox 2089 2644 3677 2714">
     <span class='ocr_line' id='line_1_56' title="bbox 2089 2644 3677 2714; baseline 0 -13"><span class='ocrx_word' id='word_1_353' title='bbox 2089 2647 2428 2714; x_wconf 82' lang='lat' dir='ltr'><strong>indignanter</strong></span> <span class='ocrx_word' id='word_1_354' title='bbox 2478 2661 2752 2714; x_wconf 84' lang='lat' dir='ltr'><strong>respuere.</strong></span> <span class='ocrx_word' id='word_1_355' title='bbox 2806 2644 2952 2712; x_wconf 83' lang='lat' dir='ltr'><strong>Quos</strong></span> <span class='ocrx_word' id='word_1_356' title='bbox 3004 2647 3092 2699; x_wconf 88' lang='lat' dir='ltr'><strong>ille</strong></span> <span class='ocrx_word' id='word_1_357' title='bbox 3138 2649 3315 2701; x_wconf 78' lang='lat' dir='ltr'><strong>athuc</strong></span> <span class='ocrx_word' id='word_1_358' title='bbox 3363 2651 3677 2702; x_wconf 72' lang='lat' dir='ltr'><strong>clementius</strong></span> 
     </span>
    </p>
   </div>
   <div class='ocr_carea' id='block_1_57' title="bbox 2084 2737 3677 2807">
    <p class='ocr_par' dir='ltr' id='par_1_57' title="bbox 2084 2737 3677 2807">
     <span class='ocr_line' id='line_1_57' title="bbox 2084 2737 3677 2807; baseline 0.001 -15"><span class='ocrx_word' id='word_1_359' title='bbox 2084 2741 2315 2807; x_wconf 85' lang='lat' dir='ltr'><strong>cupiens</strong></span> <span class='ocrx_word' id='word_1_360' title='bbox 2345 2737 2560 2803; x_wconf 76' lang='lat' dir='ltr'><strong>iurari,</strong></span> <span class='ocrx_word' id='word_1_361' title='bbox 2585 2745 2836 2807; x_wconf 83' lang='lat' dir='ltr'><strong>pr0pun:t</strong></span> <span class='ocrx_word' id='word_1_362' title='bbox 2859 2737 2956 2789; x_wconf 89' lang='lat' dir='ltr'><strong>tria</strong></span> <span class='ocrx_word' id='word_1_363' title='bbox 2985 2741 3264 2801; x_wconf 88' lang='lat' dir='ltr'><strong>servanda,</strong></span> <span class='ocrx_word' id='word_1_364' title='bbox 3288 2749 3494 2793; x_wconf 80' lang='lat' dir='ltr'><strong>ris</strong></span> <span class='ocrx_word' id='word_1_365' title='bbox 3518 2757 3605 2793; x_wconf 82' lang='lat' dir='ltr'><strong>tnu</strong></span> <span class='ocrx_word' id='word_1_366' title='bbox 3627 2759 3677 2793; x_wconf 86' lang='grc' dir='ltr'>ιυ</span> 
     </span>
    </p>
   </div>
   <div class='ocr_carea' id='block_1_58' title="bbox 2089 2827 3678 2899">
    <p class='ocr_par' dir='ltr' id='par_1_58' title="bbox 2089 2827 3678 2899">
     <span class='ocr_line' id='line_1_58' title="bbox 2089 2827 3678 2899; baseline 0.003 -15"><span class='ocrx_word' id='word_1_367' title='bbox 2089 2831 2212 2885; x_wconf 91' lang='lat' dir='ltr'><strong>data</strong></span> <span class='ocrx_word' id='word_1_368' title='bbox 2243 2830 2565 2884; x_wconf 87' lang='lat' dir='ltr'><strong>tole.antia:</strong></span> <span class='ocrx_word' id='word_1_369' title='bbox 2602 2837 2658 2883; x_wconf 91' lang='lat' dir='ltr'><strong>ut</strong></span> <span class='ocrx_word' id='word_1_370' title='bbox 2687 2827 2894 2883; x_wconf 90' lang='lat' dir='ltr'><strong>Pascha</strong></span> <span class='ocrx_word' id='word_1_371' title='bbox 2923 2845 3022 2884; x_wconf 85' lang='lat' dir='ltr'><strong>suo</strong></span> <span class='ocrx_word' id='word_1_372' title='bbox 3045 2839 3288 2899; x_wconf 75' lang='lat' dir='ltr'><strong>tempore</strong></span> <span class='ocrx_word' id='word_1_373' title='bbox 3318 2834 3456 2886; x_wconf 85' lang='lat' dir='ltr'><strong>sient</strong></span> <span class='ocrx_word' id='word_1_374' title='bbox 3491 2849 3678 2889; x_wconf 88' lang='lat' dir='ltr'><strong>omnes</strong></span> 
     </span>
    </p>
   </div>
   <div class='ocr_carea' id='block_1_59' title="bbox 2089 2919 3677 2990">
    <p class='ocr_par' dir='ltr' id='par_1_59' title="bbox 2089 2919 3677 2990">
     <span class='ocr_line' id='line_1_59' title="bbox 2089 2919 3677 2990; baseline 0 -14"><span class='ocrx_word' id='word_1_375' title='bbox 2089 2920 2343 2976; x_wconf 77' lang='lat' dir='ltr'><strong>Ecclesia:</strong></span> <span class='ocrx_word' id='word_1_376' title='bbox 2371 2921 2727 2986; x_wconf 74' lang='lat' dir='ltr'><strong>ceiebrareut,</strong></span> <span class='ocrx_word' id='word_1_377' title='bbox 2757 2931 2812 2973; x_wconf 93' lang='lat' dir='ltr'><strong>ut</strong></span> <span class='ocrx_word' id='word_1_378' title='bbox 2840 2919 3089 2990; x_wconf 80' lang='lat' dir='ltr'><strong>baptismi</strong></span> <span class='ocrx_word' id='word_1_379' title='bbox 3133 2932 3472 2974; x_wconf 67' lang='lat' dir='ltr'><strong>sacramenta</strong></span> <span class='ocrx_word' id='word_1_380' title='bbox 3503 2926 3677 2976; x_wconf 78' lang='lat' dir='ltr'><strong>eccle-</strong></span> 
     </span>
    </p>
   </div>
   <div class='ocr_carea' id='block_1_60' title="bbox 2091 3010 3677 3081">
    <p class='ocr_par' dir='ltr' id='par_1_60' title="bbox 2091 3010 3677 3081">
     <span class='ocr_line' id='line_1_60' title="bbox 2091 3010 3677 3081; baseline -0.001 -14"><span class='ocrx_word' id='word_1_381' title='bbox 2091 3012 2311 3068; x_wconf 86' lang='lat' dir='ltr'><strong>siastico</strong></span> <span class='ocrx_word' id='word_1_382' title='bbox 2358 3013 2547 3065; x_wconf 75' lang='lat' dir='ltr'><strong>ordine</strong></span> <span class='ocrx_word' id='word_1_383' title='bbox 2597 3021 2952 3081; x_wconf 83' lang='lat' dir='ltr'><strong>peragerent,</strong></span> <span class='ocrx_word' id='word_1_384' title='bbox 2997 3015 3052 3061; x_wconf 88' lang='lat' dir='ltr'><strong>et</strong></span> <span class='ocrx_word' id='word_1_385' title='bbox 3115 3010 3298 3078; x_wconf 78' lang='lat' dir='ltr'><strong>Anglis</strong></span> <span class='ocrx_word' id='word_1_386' title='bbox 3345 3027 3448 3064; x_wconf 87' lang='lat' dir='ltr'><strong>una</strong></span> <span class='ocrx_word' id='word_1_387' title='bbox 3499 3028 3677 3068; x_wconf 84' lang='lat' dir='ltr'><strong>secum</strong></span> 
     </span>
    </p>
   </div>
   <div class='ocr_carea' id='block_1_61' title="bbox 2091 3100 3678 3172">
    <p class='ocr_par' dir='ltr' id='par_1_61' title="bbox 2091 3100 3678 3172">
     <span class='ocr_line' id='line_1_61' title="bbox 2091 3100 3678 3172; baseline -0.003 -12"><span class='ocrx_word' id='word_1_388' title='bbox 2091 3103 2510 3172; x_wconf 72' lang='lat' dir='ltr'><strong>evangelizandn</strong></span> <span class='ocrx_word' id='word_1_389' title='bbox 2533 3100 2724 3159; x_wconf 81' lang='lat' dir='ltr'><strong>fratres</strong></span> <span class='ocrx_word' id='word_1_390' title='bbox 2745 3110 2802 3155; x_wconf 85' lang='lat' dir='ltr'><strong>et</strong></span> <span class='ocrx_word' id='word_1_391' title='bbox 2843 3116 3094 3156; x_wconf 70' lang='lat' dir='ltr'><strong>coaevus</strong></span> <span class='ocrx_word' id='word_1_392' title='bbox 3137 3103 3282 3169; x_wconf 86' lang='lat' dir='ltr'><strong>regni</strong></span> <span class='ocrx_word' id='word_1_393' title='bbox 3311 3101 3405 3155; x_wconf 78' lang='lat' dir='ltr'><strong>Dei</strong></span> <span class='ocrx_word' id='word_1_394' title='bbox 3431 3117 3531 3171; x_wconf 82' lang='lat' dir='ltr'><strong>aeq</strong></span> <span class='ocrx_word' id='word_1_395' title='bbox 3554 3105 3678 3156; x_wconf 84' lang='lat' dir='ltr'><strong>.ire-</strong></span> 
     </span>
    </p>
   </div>
   <div class='ocr_carea' id='block_1_62' title="bbox 408 3187 3679 3281">
    <p class='ocr_par' dir='ltr' id='par_1_62' title="bbox 408 3187 3679 3281">
     <span class='ocr_line' id='line_1_62' title="bbox 408 3187 3679 3281; baseline -0.001 -29"><span class='ocrx_word' id='word_1_396' title='bbox 408 3201 602 3269; x_wconf 84' lang='lat' dir='ltr'><strong>pallio,</strong></span> <span class='ocrx_word' id='word_1_397' title='bbox 644 3200 711 3254; x_wconf 88' lang='lat' dir='ltr'><strong>de</strong></span> <span class='ocrx_word' id='word_1_398' title='bbox 732 3201 857 3268; x_wconf 85' lang='lat' dir='ltr'><strong>&#39;jure</strong></span> <span class='ocrx_word' id='word_1_399' title='bbox 905 3199 1294 3254; x_wconf 86' lang='lat' dir='ltr'><strong>Lundoniensis</strong></span> <span class='ocrx_word' id='word_1_400' title='bbox 1321 3200 1595 3270; x_wconf 85' lang='lat' dir='ltr'><strong>episcopi,</strong></span> <span class='ocrx_word' id='word_1_401' title='bbox 1645 3201 1712 3254; x_wconf 85' lang='lat' dir='ltr'><strong>de</strong></span> <span class='ocrx_word' id='word_1_402' title='bbox 1761 3199 1989 3254; x_wconf 83' lang='lat' dir='ltr'><strong>Eboraci</strong></span> <span class='ocrx_word' id='word_1_403' title='bbox 2017 3219 2063 3281; x_wconf 67' lang='grc' dir='ltr'>ο</span> <span class='ocrx_word' id='word_1_404' title='bbox 2098 3201 2239 3248; x_wconf 80' lang='lat' dir='ltr'><strong>rent.</strong></span> <span class='ocrx_word' id='word_1_405' title='bbox 2287 3191 2395 3247; x_wconf 88' lang='lat' dir='ltr'><strong>Sed</strong></span> <span class='ocrx_word' id='word_1_406' title='bbox 2417 3191 2519 3245; x_wconf 91' lang='lat' dir='ltr'><strong>illis</strong></span> <span class='ocrx_word' id='word_1_407' title='bbox 2549 3191 2730 3246; x_wconf 90' lang='lat' dir='ltr'><strong>omnia</strong></span> <span class='ocrx_word' id='word_1_408' title='bbox 2771 3187 3194 3260; x_wconf 54' lang='lat' dir='ltr'><strong>repudiantibus,</strong></span> <span class='ocrx_word' id='word_1_409' title='bbox 3238 3195 3475 3262; x_wconf 61' lang='lat' dir='ltr'><strong>pratuicit</strong></span> <span class='ocrx_word' id='word_1_410' title='bbox 3503 3198 3570 3248; x_wconf 88' lang='lat' dir='ltr'><strong>ab</strong></span> <span class='ocrx_word' id='word_1_411' title='bbox 3599 3198 3679 3249; x_wconf 88' lang='lat' dir='ltr'><strong>his</strong></span> 
     </span>
    </p>
   </div>
   <div class='ocr_carea' id='block_1_63' title="bbox 408 3289 1990 3360">
    <p class='ocr_par' dir='ltr' id='par_1_63' title="bbox 408 3289 1990 3360">
     <span class='ocr_line' id='line_1_63' title="bbox 408 3289 1990 3360; baseline 0.001 -16"><span class='ocrx_word' id='word_1_412' title='bbox 408 3289 846 3358; x_wconf 89' lang='lat' dir='ltr'><strong>metropolitano.</strong></span> <span class='ocrx_word' id='word_1_413' title='bbox 875 3298 934 3342; x_wconf 90' lang='lat' dir='ltr'><strong>et</strong></span> <span class='ocrx_word' id='word_1_414' title='bbox 962 3289 1028 3343; x_wconf 90' lang='lat' dir='ltr'><strong>de</strong></span> <span class='ocrx_word' id='word_1_415' title='bbox 1055 3289 1333 3357; x_wconf 88' lang='lat' dir='ltr'><strong>Augustini</strong></span> <span class='ocrx_word' id='word_1_416' title='bbox 1363 3289 1568 3344; x_wconf 88' lang='lat' dir='ltr'><strong>ditione</strong></span> <span class='ocrx_word' id='word_1_417' title='bbox 1612 3304 1777 3360; x_wconf 88' lang='lat' dir='ltr'><strong>super</strong></span> <span class='ocrx_word' id='word_1_418' title='bbox 1801 3305 1990 3346; x_wconf 89' lang='lat' dir='ltr'><strong>omnes</strong></span> 
     </span>
    </p>
   </div>
   <div class='ocr_carea' id='block_1_64' title="bbox 408 3378 1056 3436">
    <p class='ocr_par' dir='ltr' id='par_1_64' title="bbox 408 3378 1056 3436">
     <span class='ocr_line' id='line_1_64' title="bbox 408 3378 1056 3436; baseline -0.003 0"><span class='ocrx_word' id='word_1_419' title='bbox 408 3381 719 3436; x_wconf 81' lang='lat' dir='ltr'><strong>sacerdotes</strong></span> <span class='ocrx_word' id='word_1_420' title='bbox 750 3378 1056 3434; x_wconf 60' lang='lat' dir='ltr'><strong>Britanniae.</strong></span> 
     </span>
    </p>
   </div>
   <div class='ocr_carea' id='block_1_65' title="bbox 480 3468 1990 3542">
    <p class='ocr_par' dir='ltr' id='par_1_65' title="bbox 480 3468 1990 3542">
     <span class='ocr_line' id='line_1_65' title="bbox 480 3468 1990 3542; baseline 0.004 -20"><span class='ocrx_word' id='word_1_421' title='bbox 480 3468 684 3523; x_wconf 70' lang='lat' dir='ltr'>XXVII.</span> <span class='ocrx_word' id='word_1_422' title='bbox 728 3469 858 3524; x_wconf 84' lang='lat' dir='ltr'><strong>Itcnt</strong></span> <span class='ocrx_word' id='word_1_423' title='bbox 880 3470 1118 3539; x_wconf 84' lang='lat' dir='ltr'><strong>ejusdem</strong></span> <span class='ocrx_word' id='word_1_424' title='bbox 1147 3485 1242 3541; x_wconf 91' lang='lat' dir='ltr'><strong>per</strong></span> <span class='ocrx_word' id='word_1_425' title='bbox 1263 3470 1519 3526; x_wconf 82' lang='lat' dir='ltr'><strong>Mellitum</strong></span> <span class='ocrx_word' id='word_1_426' title='bbox 1542 3471 1610 3527; x_wconf 91' lang='lat' dir='ltr'><strong>ad</strong></span> <span class='ocrx_word' id='word_1_427' title='bbox 1638 3471 1990 3542; x_wconf 88' lang='lat' dir='ltr'><strong>Augustinum</strong></span> 
     </span>
    </p>
   </div>
   <div class='ocr_carea' id='block_1_66' title="bbox 408 3560 1994 3629">
    <p class='ocr_par' dir='ltr' id='par_1_66' title="bbox 408 3560 1994 3629">
     <span class='ocr_line' id='line_1_66' title="bbox 408 3560 1994 3629; baseline 0.005 -17"><span class='ocrx_word' id='word_1_428' title='bbox 408 3561 656 3629; x_wconf 81' lang='lat' dir='ltr'><strong>epistula,</strong></span> <span class='ocrx_word' id='word_1_429' title='bbox 685 3560 1102 3614; x_wconf 90' lang='lat' dir='ltr'><strong>utdcstruantur</strong></span> <span class='ocrx_word' id='word_1_430' title='bbox 1125 3561 1290 3625; x_wconf 86' lang='lat' dir='ltr'><strong>idola,</strong></span> <span class='ocrx_word' id='word_1_431' title='bbox 1308 3571 1362 3617; x_wconf 92' lang='lat' dir='ltr'><strong>et</strong></span> <span class='ocrx_word' id='word_1_432' title='bbox 1383 3560 1502 3616; x_wconf 82' lang='lat' dir='ltr'><strong>fana</strong></span> <span class='ocrx_word' id='word_1_433' title='bbox 1530 3563 1666 3618; x_wconf 90' lang='lat' dir='ltr'><strong>bene</strong></span> <span class='ocrx_word' id='word_1_434' title='bbox 1687 3574 1994 3620; x_wconf 88' lang='lat' dir='ltr'><strong>constructa</strong></span> 
     </span>
    </p>
   </div>
   <div class='ocr_carea' id='block_1_67' title="bbox 409 3653 1995 3724">
    <p class='ocr_par' dir='ltr' id='par_1_67' title="bbox 409 3653 1995 3724">
     <span class='ocr_line' id='line_1_67' title="bbox 409 3653 1995 3724; baseline 0.003 -19"><span class='ocrx_word' id='word_1_435' title='bbox 409 3667 545 3721; x_wconf 81' lang='lat' dir='ltr'><strong>aqua</strong></span> <span class='ocrx_word' id='word_1_436' title='bbox 579 3653 861 3707; x_wconf 89' lang='lat' dir='ltr'><strong>benedicta</strong></span> <span class='ocrx_word' id='word_1_437' title='bbox 891 3654 957 3706; x_wconf 84' lang='lat' dir='ltr'><strong>ad</strong></span> <span class='ocrx_word' id='word_1_438' title='bbox 989 3653 1166 3708; x_wconf 89' lang='lat' dir='ltr'><strong>divina</strong></span> <span class='ocrx_word' id='word_1_439' title='bbox 1199 3662 1498 3724; x_wconf 89' lang='lat' dir='ltr'><strong>purgentur</strong></span> <span class='ocrx_word' id='word_1_440' title='bbox 1523 3655 1724 3721; x_wconf 84' lang='lat' dir='ltr'><strong>oﬂicia,</strong></span> <span class='ocrx_word' id='word_1_441' title='bbox 1758 3672 1858 3712; x_wconf 92' lang='lat' dir='ltr'><strong>nec</strong></span> <span class='ocrx_word' id='word_1_442' title='bbox 1881 3656 1995 3710; x_wconf 86' lang='lat' dir='ltr'><strong>dia-</strong></span> 
     </span>
    </p>
   </div>
   <div class='ocr_carea' id='block_1_68' title="bbox 410 3741 1995 3807">
    <p class='ocr_par' dir='ltr' id='par_1_68' title="bbox 410 3741 1995 3807">
     <span class='ocr_line' id='line_1_68' title="bbox 410 3741 1995 3807; baseline 0.004 -13"><span class='ocrx_word' id='word_1_443' title='bbox 410 3741 535 3795; x_wconf 88' lang='lat' dir='ltr'><strong>bulu</strong></span> <span class='ocrx_word' id='word_1_444' title='bbox 565 3742 816 3795; x_wconf 83' lang='lat' dir='ltr'><strong>animalia</strong></span> <span class='ocrx_word' id='word_1_445' title='bbox 856 3741 1041 3797; x_wconf 83' lang='lat' dir='ltr'><strong>ﬁdeles</strong></span> <span class='ocrx_word' id='word_1_446' title='bbox 1070 3742 1367 3807; x_wconf 80' lang='lat' dir='ltr'><strong>immolent,</strong></span> <span class='ocrx_word' id='word_1_447' title='bbox 1409 3744 1504 3799; x_wconf 89' lang='lat' dir='ltr'><strong>sed</strong></span> <span class='ocrx_word' id='word_1_448' title='bbox 1549 3746 1614 3799; x_wconf 90' lang='lat' dir='ltr'><strong>ad</strong></span> <span class='ocrx_word' id='word_1_449' title='bbox 1663 3747 1871 3802; x_wconf 80' lang='lat' dir='ltr'><strong>Iaudem</strong></span> <span class='ocrx_word' id='word_1_450' title='bbox 1901 3746 1995 3801; x_wconf 87' lang='lat' dir='ltr'><strong>Dei</strong></span> 
     </span>
    </p>
   </div>
   <div class='ocr_carea' id='block_1_69' title="bbox 412 3832 1990 3900">
    <p class='ocr_par' dir='ltr' id='par_1_69' title="bbox 412 3832 1990 3900">
     <span class='ocr_line' id='line_1_69' title="bbox 412 3832 1990 3900; baseline 0.006 -18"><span class='ocrx_word' id='word_1_451' title='bbox 412 3832 460 3884; x_wconf 91' lang='lat' dir='ltr'><strong>in</strong></span> <span class='ocrx_word' id='word_1_452' title='bbox 483 3847 632 3886; x_wconf 90' lang='lat' dir='ltr'><strong>esum</strong></span> <span class='ocrx_word' id='word_1_453' title='bbox 659 3847 814 3886; x_wconf 90' lang='lat' dir='ltr'><strong>suum</strong></span> <span class='ocrx_word' id='word_1_454' title='bbox 831 3832 1083 3886; x_wconf 83' lang='lat' dir='ltr'><strong>animalia</strong></span> <span class='ocrx_word' id='word_1_455' title='bbox 1112 3833 1376 3900; x_wconf 87' lang='lat' dir='ltr'><strong>occidant,</strong></span> <span class='ocrx_word' id='word_1_456' title='bbox 1396 3845 1451 3890; x_wconf 87' lang='lat' dir='ltr'><strong>et</strong></span> <span class='ocrx_word' id='word_1_457' title='bbox 1477 3834 1729 3891; x_wconf 89' lang='lat' dir='ltr'><strong>donatori</strong></span> <span class='ocrx_word' id='word_1_458' title='bbox 1750 3837 1990 3892; x_wconf 90' lang='lat' dir='ltr'><strong>omnium</strong></span> 
     </span>
    </p>
   </div>
   <div class='ocr_carea' id='block_1_70' title="bbox 411 3923 889 3989">
    <p class='ocr_par' dir='ltr' id='par_1_70' title="bbox 411 3923 889 3989">
     <span class='ocr_line' id='line_1_70' title="bbox 411 3923 889 3989; baseline 0 -14"><span class='ocrx_word' id='word_1_459' title='bbox 411 3925 609 3989; x_wconf 81' lang='lat' dir='ltr'><strong>gratias</strong></span> <span class='ocrx_word' id='word_1_460' title='bbox 635 3923 889 3977; x_wconf 74' lang='lat' dir='ltr'><strong>referant.</strong></span> 
     </span>
    </p>
   </div>
   <div class='ocr_carea' id='block_1_71' title="bbox 485 4011 1997 4085">
    <p class='ocr_par' dir='ltr' id='par_1_71' title="bbox 485 4011 1997 4085">
     <span class='ocr_line' id='line_1_71' title="bbox 485 4011 1997 4085; baseline 0.005 -19"><span class='ocrx_word' id='word_1_461' title='bbox 485 4011 718 4066; x_wconf 88' lang='lat' dir='ltr'>XXVIII.</span> <span class='ocrx_word' id='word_1_462' title='bbox 759 4011 890 4068; x_wconf 88' lang='lat' dir='ltr'><strong>Item</strong></span> <span class='ocrx_word' id='word_1_463' title='bbox 930 4013 1042 4084; x_wconf 89' lang='lat' dir='ltr'><strong>ipse</strong></span> <span class='ocrx_word' id='word_1_464' title='bbox 1083 4029 1240 4085; x_wconf 69' lang='lat' dir='ltr'><strong>papa,</strong></span> <span class='ocrx_word' id='word_1_465' title='bbox 1273 4016 1468 4073; x_wconf 87' lang='lat' dir='ltr'><strong>auditis</strong></span> <span class='ocrx_word' id='word_1_466' title='bbox 1500 4025 1587 4072; x_wconf 82' lang='lat' dir='ltr'><strong>tot</strong></span> <span class='ocrx_word' id='word_1_467' title='bbox 1617 4024 1833 4084; x_wconf 86' lang='lat' dir='ltr'><strong>tamque</strong></span> <span class='ocrx_word' id='word_1_468' title='bbox 1861 4019 1997 4074; x_wconf 89' lang='lat' dir='ltr'><strong>assi-</strong></span> 
     </span>
    </p>
   </div>
   <div class='ocr_carea' id='block_1_72' title="bbox 413 4106 1996 4179">
    <p class='ocr_par' dir='ltr' id='par_1_72' title="bbox 413 4106 1996 4179">
     <span class='ocr_line' id='line_1_72' title="bbox 413 4106 1996 4179; baseline 0.004 -20"><span class='ocrx_word' id='word_1_469' title='bbox 413 4107 530 4161; x_wconf 88' lang='lat' dir='ltr'><strong>duis</strong></span> <span class='ocrx_word' id='word_1_470' title='bbox 559 4106 840 4176; x_wconf 66' lang='lat' dir='ltr'><strong>Augustini</strong></span> <span class='ocrx_word' id='word_1_471' title='bbox 885 4107 1154 4162; x_wconf 89' lang='lat' dir='ltr'><strong>miraculis</strong></span> <span class='ocrx_word' id='word_1_472' title='bbox 1178 4147 1195 4174; x_wconf 95' lang='lat'><strong>,</strong></span> <span class='ocrx_word' id='word_1_473' title='bbox 1241 4109 1381 4164; x_wconf 88' lang='lat' dir='ltr'><strong>sicut</strong></span> <span class='ocrx_word' id='word_1_474' title='bbox 1423 4110 1660 4178; x_wconf 86' lang='lat' dir='ltr'><strong>gaudens</strong></span> <span class='ocrx_word' id='word_1_475' title='bbox 1687 4126 1739 4164; x_wconf 90' lang='grc' dir='ltr'><strong>ιιι</strong></span> <span class='ocrx_word' id='word_1_476' title='bbox 1771 4111 1996 4179; x_wconf 80' lang='lat' dir='ltr'><strong>g‘oriam</strong></span> 
     </span>
    </p>
   </div>
   <div class='ocr_carea' id='block_1_73' title="bbox 415 4197 2000 4262">
    <p class='ocr_par' dir='ltr' id='par_1_73' title="bbox 415 4197 2000 4262">
     <span class='ocr_line' id='line_1_73' title="bbox 415 4197 2000 4262; baseline 0.005 -12"><span class='ocrx_word' id='word_1_477' title='bbox 415 4197 509 4251; x_wconf 89' lang='lat' dir='ltr'><strong>Dei</strong></span> <span class='ocrx_word' id='word_1_478' title='bbox 538 4199 841 4262; x_wconf 82' lang='lat' dir='ltr'><strong>exclamat,</strong></span> <span class='ocrx_word' id='word_1_479' title='bbox 893 4199 972 4254; x_wconf 93' lang='lat' dir='ltr'><strong>sic</strong></span> <span class='ocrx_word' id='word_1_480' title='bbox 1017 4201 1213 4255; x_wconf 90' lang='lat' dir='ltr'><strong>timens</strong></span> <span class='ocrx_word' id='word_1_481' title='bbox 1257 4201 1506 4256; x_wconf 65' lang='lat' dir='ltr'><strong>humanae</strong></span> <span class='ocrx_word' id='word_1_482' title='bbox 1534 4201 1883 4257; x_wconf 87' lang='lat' dir='ltr'><strong>imbecillitati</strong></span> <span class='ocrx_word' id='word_1_483' title='bbox 1930 4217 2000 4258; x_wconf 89' lang='lat' dir='ltr'><strong>ne</strong></span> 
     </span>
    </p>
   </div>
   <div class='ocr_carea' id='block_1_74' title="bbox 413 4288 2000 4361">
    <p class='ocr_par' dir='ltr' id='par_1_74' title="bbox 413 4288 2000 4361">
     <span class='ocr_line' id='line_1_74' title="bbox 413 4288 2000 4361; baseline 0.004 -20"><span class='ocrx_word' id='word_1_484' title='bbox 413 4289 738 4356; x_wconf 86' lang='lat' dir='ltr'><strong>insolescat,</strong></span> <span class='ocrx_word' id='word_1_485' title='bbox 793 4288 966 4343; x_wconf 91' lang='lat' dir='ltr'><strong>virum</strong></span> <span class='ocrx_word' id='word_1_486' title='bbox 1018 4289 1272 4345; x_wconf 88' lang='lat' dir='ltr'><strong>virtutum</strong></span> <span class='ocrx_word' id='word_1_487' title='bbox 1327 4292 1491 4347; x_wconf 89' lang='lat' dir='ltr'><strong>tnissa</strong></span> <span class='ocrx_word' id='word_1_488' title='bbox 1541 4294 1766 4361; x_wconf 81' lang='lat' dir='ltr'><strong>epistola</strong></span> <span class='ocrx_word' id='word_1_489' title='bbox 1807 4301 2000 4348; x_wconf 89' lang='lat' dir='ltr'><strong>attem-</strong></span> 
     </span>
    </p>
   </div>
   <div class='ocr_carea' id='block_1_75' title="bbox 416 4389 586 4449">
    <p class='ocr_par' dir='ltr' id='par_1_75' title="bbox 416 4389 586 4449">
     <span class='ocr_line' id='line_1_75' title="bbox 416 4389 586 4449; baseline -0.012 -15"><span class='ocrx_word' id='word_1_490' title='bbox 416 4389 586 4449; x_wconf 91' lang='lat' dir='ltr'><strong>perat.</strong></span> 
     </span>
    </p>
   </div>
   <div class='ocr_carea' id='block_1_76' title="bbox 490 4470 2006 4545">
    <p class='ocr_par' dir='ltr' id='par_1_76' title="bbox 490 4470 2006 4545">
     <span class='ocr_line' id='line_1_76' title="bbox 490 4470 2006 4545; baseline 0.007 -21"><span class='ocrx_word' id='word_1_491' title='bbox 490 4470 679 4526; x_wconf 90' lang='lat' dir='ltr'>XXIX.</span> <span class='ocrx_word' id='word_1_492' title='bbox 719 4471 851 4526; x_wconf 90' lang='lat' dir='ltr'><strong>Item</strong></span> <span class='ocrx_word' id='word_1_493' title='bbox 881 4475 994 4543; x_wconf 90' lang='lat' dir='ltr'><strong>ipse</strong></span> <span class='ocrx_word' id='word_1_494' title='bbox 1021 4475 1210 4530; x_wconf 89' lang='lat' dir='ltr'><strong>beatus</strong></span> <span class='ocrx_word' id='word_1_495' title='bbox 1233 4475 1538 4545; x_wconf 80' lang='lat' dir='ltr'><strong>Gregorius,</strong></span> <span class='ocrx_word' id='word_1_496' title='bbox 1563 4476 1888 4533; x_wconf 62' lang='lat' dir='ltr'><strong>Ethelhcrti</strong></span> <span class='ocrx_word' id='word_1_497' title='bbox 1916 4493 2006 4535; x_wconf 89' lang='lat' dir='ltr'><strong>re-</strong></span> 
     </span>
    </p>
   </div>
   <div class='ocr_carea' id='block_1_77' title="bbox 2095 3285 3222 3359">
    <p class='ocr_par' dir='ltr' id='par_1_77' title="bbox 2095 3285 3222 3359">
     <span class='ocr_line' id='line_1_77' title="bbox 2095 3285 3222 3359; baseline -0.004 -15"><span class='ocrx_word' id='word_1_498' title='bbox 2095 3288 2384 3359; x_wconf 89' lang='lat' dir='ltr'><strong>periturus,</strong></span> <span class='ocrx_word' id='word_1_499' title='bbox 2409 3302 2547 3355; x_wconf 85' lang='lat' dir='ltr'><strong>quos</strong></span> <span class='ocrx_word' id='word_1_500' title='bbox 2575 3285 2778 3339; x_wconf 83' lang='lat' dir='ltr'><strong>nollent</strong></span> <span class='ocrx_word' id='word_1_501' title='bbox 2807 3285 3004 3340; x_wconf 85' lang='lat' dir='ltr'><strong>habere</strong></span> <span class='ocrx_word' id='word_1_502' title='bbox 3024 3287 3222 3342; x_wconf 74' lang='lat' dir='ltr'><strong>saltos.</strong></span> 
     </span>
    </p>
   </div>
   <div class='ocr_carea' id='block_1_78' title="bbox 2166 3376 3679 3448">
    <p class='ocr_par' dir='ltr' id='par_1_78' title="bbox 2166 3376 3679 3448">
     <span class='ocr_line' id='line_1_78' title="bbox 2166 3376 3679 3448; baseline 0.001 -16"><span class='ocrx_word' id='word_1_503' title='bbox 2166 3377 2379 3432; x_wconf 81' lang='lat' dir='ltr'>XXXV.</span> <span class='ocrx_word' id='word_1_504' title='bbox 2438 3376 2588 3432; x_wconf 90' lang='lat' dir='ltr'><strong>IIanc</strong></span> <span class='ocrx_word' id='word_1_505' title='bbox 2629 3377 2892 3446; x_wconf 77' lang='lat' dir='ltr'><strong>prmconis</strong></span> <span class='ocrx_word' id='word_1_506' title='bbox 2937 3377 3146 3432; x_wconf 78' lang='lat' dir='ltr'><strong>Domini</strong></span> <span class='ocrx_word' id='word_1_507' title='bbox 3198 3379 3532 3448; x_wconf 84' lang='lat' dir='ltr'><strong>prephetiatn</strong></span> <span class='ocrx_word' id='word_1_508' title='bbox 3583 3395 3679 3435; x_wconf 81' lang='lat' dir='ltr'><strong>rex</strong></span> 
     </span>
    </p>
   </div>
   <div class='ocr_carea' id='block_1_79' title="bbox 2085 3465 3681 3540">
    <p class='ocr_par' dir='ltr' id='par_1_79' title="bbox 2085 3465 3681 3540">
     <span class='ocr_line' id='line_1_79' title="bbox 2085 3465 3681 3540; baseline 0.003 -21"><span class='ocrx_word' id='word_1_509' title='bbox 2085 3470 2386 3540; x_wconf 83' lang='lat' dir='ltr'><strong>Anglorum</strong></span> <span class='ocrx_word' id='word_1_510' title='bbox 2409 3465 2761 3522; x_wconf 64' lang='lat' dir='ltr'><strong>Ethelfridus</strong></span> <span class='ocrx_word' id='word_1_511' title='bbox 2781 3467 3085 3522; x_wconf 89' lang='lat' dir='ltr'><strong>iunnaniter</strong></span> <span class='ocrx_word' id='word_1_512' title='bbox 3107 3472 3302 3536; x_wconf 78' lang='lat' dir='ltr'><strong>exegit,</strong></span> <span class='ocrx_word' id='word_1_513' title='bbox 3320 3471 3412 3537; x_wconf 80' lang='lat' dir='ltr'><strong>qui</strong></span> <span class='ocrx_word' id='word_1_514' title='bbox 3436 3469 3494 3523; x_wconf 76' lang='lat' dir='ltr'><strong>Di</strong></span> <span class='ocrx_word' id='word_1_515' title='bbox 3508 3471 3681 3524; x_wconf 80' lang='lat' dir='ltr'><strong>ituues</strong></span> 
     </span>
    </p>
   </div>
   <div class='ocr_carea' id='block_1_80' title="bbox 2047 3559 3680 3632">
    <p class='ocr_par' dir='ltr' id='par_1_80' title="bbox 2047 3559 3680 3632">
     <span class='ocr_line' id='line_1_80' title="bbox 2047 3559 3680 3632; baseline 0.001 -20"><span class='ocrx_word' id='word_1_516' title='bbox 2047 3595 2052 3612; x_wconf 69' lang='grc' dir='ltr'><strong>ι</strong></span> <span class='ocrx_word' id='word_1_517' title='bbox 2094 3561 2237 3616; x_wconf 82' lang='lat' dir='ltr'><strong>bello</strong></span> <span class='ocrx_word' id='word_1_518' title='bbox 2267 3559 2503 3626; x_wconf 87' lang='lat' dir='ltr'><strong>delevit;</strong></span> <span class='ocrx_word' id='word_1_519' title='bbox 2549 3567 2604 3614; x_wconf 88' lang='lat' dir='ltr'><strong>et</strong></span> <span class='ocrx_word' id='word_1_520' title='bbox 2632 3559 2698 3613; x_wconf 92' lang='lat' dir='ltr'><strong>de</strong></span> <span class='ocrx_word' id='word_1_521' title='bbox 2726 3573 2914 3613; x_wconf 88' lang='lat' dir='ltr'><strong>eorum</strong></span> <span class='ocrx_word' id='word_1_522' title='bbox 2943 3560 3218 3615; x_wconf 81' lang='lat' dir='ltr'><strong>monachis</strong></span> <span class='ocrx_word' id='word_1_523' title='bbox 3239 3599 3254 3626; x_wconf 94' lang='lat'><strong>,</strong></span> <span class='ocrx_word' id='word_1_524' title='bbox 3288 3572 3474 3615; x_wconf 84' lang='lat' dir='ltr'><strong>contra</strong></span> <span class='ocrx_word' id='word_1_525' title='bbox 3507 3563 3680 3632; x_wconf 85' lang='lat' dir='ltr'><strong>ipsum</strong></span> 
     </span>
    </p>
   </div>
   <div class='ocr_carea' id='block_1_81' title="bbox 2097 3651 3681 3730">
    <p class='ocr_par' dir='ltr' id='par_1_81' title="bbox 2097 3651 3681 3730">
     <span class='ocr_line' id='line_1_81' title="bbox 2097 3651 3681 3730; baseline 0.001 -22"><span class='ocrx_word' id='word_1_526' title='bbox 2097 3653 2275 3708; x_wconf 87' lang='lat' dir='ltr'><strong>acrius</strong></span> <span class='ocrx_word' id='word_1_527' title='bbox 2326 3653 2572 3706; x_wconf 88' lang='lat' dir='ltr'><strong>oratione</strong></span> <span class='ocrx_word' id='word_1_528' title='bbox 2628 3651 3044 3730; x_wconf 67' lang='lat' dir='ltr'><strong>pugnantibus,</strong></span> <span class='ocrx_word' id='word_1_529' title='bbox 3079 3652 3224 3708; x_wconf 90' lang='lat' dir='ltr'><strong>mille</strong></span> <span class='ocrx_word' id='word_1_530' title='bbox 3271 3655 3530 3708; x_wconf 87' lang='lat' dir='ltr'><strong>ducentos</strong></span> <span class='ocrx_word' id='word_1_531' title='bbox 3581 3669 3681 3710; x_wconf 77' lang='lat' dir='ltr'><strong>ex-</strong></span> 
     </span>
    </p>
   </div>
   <div class='ocr_carea' id='block_1_82' title="bbox 2098 3744 2305 3796">
    <p class='ocr_par' dir='ltr' id='par_1_82' title="bbox 2098 3744 2305 3796">
     <span class='ocr_line' id='line_1_82' title="bbox 2098 3744 2305 3796; baseline -0.014 0"><span class='ocrx_word' id='word_1_532' title='bbox 2098 3744 2305 3796; x_wconf 74' lang='lat' dir='ltr'>SIIIIXII.</span> 
     </span>
    </p>
   </div>
   <div class='ocr_carea' id='block_1_83' title="bbox 2171 3827 3680 3903">
    <p class='ocr_par' dir='ltr' id='par_1_83' title="bbox 2171 3827 3680 3903">
     <span class='ocr_line' id='line_1_83' title="bbox 2171 3827 3680 3903; baseline 0.003 -19"><span class='ocrx_word' id='word_1_533' title='bbox 2171 3829 2405 3885; x_wconf 87' lang='lat' dir='ltr'>XXXVI.</span> <span class='ocrx_word' id='word_1_534' title='bbox 2447 3827 2576 3885; x_wconf 72' lang='lat' dir='ltr'><strong>Post</strong></span> <span class='ocrx_word' id='word_1_535' title='bbox 2605 3829 2910 3886; x_wconf 60' lang='lat' dir='ltr'><strong>Britonibus</strong></span> <span class='ocrx_word' id='word_1_536' title='bbox 2950 3830 3396 3902; x_wconf 88' lang='lat' dir='ltr'><strong>ineorrigibilibus</strong></span> <span class='ocrx_word' id='word_1_537' title='bbox 3427 3832 3680 3903; x_wconf 70' lang='lat' dir='ltr'><strong>prmdieta</strong></span> 
     </span>
    </p>
   </div>
   <div class='ocr_carea' id='block_1_84' title="bbox 2099 3923 3682 3994">
    <p class='ocr_par' dir='ltr' id='par_1_84' title="bbox 2099 3923 3682 3994">
     <span class='ocr_line' id='line_1_84' title="bbox 2099 3923 3682 3994; baseline 0.001 -16"><span class='ocrx_word' id='word_1_538' title='bbox 2099 3924 2261 3991; x_wconf 89' lang='lat' dir='ltr'><strong>mala,</strong></span> <span class='ocrx_word' id='word_1_539' title='bbox 2295 3924 2621 3994; x_wconf 88' lang='lat' dir='ltr'><strong>Augustinus</strong></span> <span class='ocrx_word' id='word_1_540' title='bbox 2645 3923 2882 3980; x_wconf 89' lang='lat' dir='ltr'><strong>omnium</strong></span> <span class='ocrx_word' id='word_1_541' title='bbox 2908 3924 3068 3980; x_wconf 82' lang='lat' dir='ltr'><strong>saluti</strong></span> <span class='ocrx_word' id='word_1_542' title='bbox 3099 3924 3352 3991; x_wconf 89' lang='lat' dir='ltr'><strong>intentus,</strong></span> <span class='ocrx_word' id='word_1_543' title='bbox 3386 3923 3682 3980; x_wconf 88' lang='lat' dir='ltr'><strong>Eburacam</strong></span> 
     </span>
    </p>
   </div>
   <div class='ocr_carea' id='block_1_85' title="bbox 2095 4017 3681 4088">
    <p class='ocr_par' dir='ltr' id='par_1_85' title="bbox 2095 4017 3681 4088">
     <span class='ocr_line' id='line_1_85' title="bbox 2095 4017 3681 4088; baseline 0.001 -17"><span class='ocrx_word' id='word_1_544' title='bbox 2095 4017 2444 4088; x_wconf 85' lang='lat' dir='ltr'><strong>metropolim</strong></span> <span class='ocrx_word' id='word_1_545' title='bbox 2471 4017 2615 4084; x_wconf 87' lang='lat' dir='ltr'><strong>adit;</strong></span> <span class='ocrx_word' id='word_1_546' title='bbox 2647 4017 2701 4072; x_wconf 90' lang='lat' dir='ltr'><strong>in</strong></span> <span class='ocrx_word' id='word_1_547' title='bbox 2725 4017 2916 4073; x_wconf 90' lang='lat' dir='ltr'><strong>itinere</strong></span> <span class='ocrx_word' id='word_1_548' title='bbox 2946 4017 3215 4073; x_wconf 82' lang='lat' dir='ltr'><strong>hominem</strong></span> <span class='ocrx_word' id='word_1_549' title='bbox 3243 4018 3473 4088; x_wconf 82' lang='lat' dir='ltr'><strong>paralysi</strong></span> <span class='ocrx_word' id='word_1_550' title='bbox 3499 4027 3554 4073; x_wconf 91' lang='lat' dir='ltr'><strong>et</strong></span> <span class='ocrx_word' id='word_1_551' title='bbox 3576 4034 3681 4072; x_wconf 72' lang='lat' dir='ltr'><strong>en-</strong></span> 
     </span>
    </p>
   </div>
   <div class='ocr_carea' id='block_1_86' title="bbox 2101 4105 3682 4180">
    <p class='ocr_par' dir='ltr' id='par_1_86' title="bbox 2101 4105 3682 4180">
     <span class='ocr_line' id='line_1_86' title="bbox 2101 4105 3682 4180; baseline -0.002 -17"><span class='ocrx_word' id='word_1_552' title='bbox 2101 4108 2264 4163; x_wconf 83' lang='lat' dir='ltr'><strong>citate</strong></span> <span class='ocrx_word' id='word_1_553' title='bbox 2305 4107 2619 4163; x_wconf 82' lang='lat' dir='ltr'><strong>destitutum</strong></span> <span class='ocrx_word' id='word_1_554' title='bbox 2659 4107 2853 4178; x_wconf 86' lang='lat' dir='ltr'><strong>erigit,</strong></span> <span class='ocrx_word' id='word_1_555' title='bbox 2903 4116 2958 4163; x_wconf 91' lang='lat' dir='ltr'><strong>et</strong></span> <span class='ocrx_word' id='word_1_556' title='bbox 2986 4105 3345 4164; x_wconf 82' lang='lat' dir='ltr'><strong>Christianum</strong></span> <span class='ocrx_word' id='word_1_557' title='bbox 3388 4108 3514 4162; x_wconf 88' lang='lat' dir='ltr'><strong>Iacit</strong></span> <span class='ocrx_word' id='word_1_558' title='bbox 3551 4108 3682 4180; x_wconf 72' lang='lat' dir='ltr'><strong>[Al.,</strong></span> 
     </span>
    </p>
   </div>
   <div class='ocr_carea' id='block_1_87' title="bbox 2101 4195 2292 4268">
    <p class='ocr_par' dir='ltr' id='par_1_87' title="bbox 2101 4195 2292 4268">
     <span class='ocr_line' id='line_1_87' title="bbox 2101 4195 2292 4268; baseline -0.01 -16"><span class='ocrx_word' id='word_1_559' title='bbox 2101 4198 2230 4253; x_wconf 80' lang='lat' dir='ltr'><strong>fecit</strong></span> <span class='ocrx_word' id='word_1_560' title='bbox 2255 4195 2292 4268; x_wconf 92' lang='lat'><strong>].</strong></span> 
     </span>
    </p>
   </div>
   <div class='ocr_carea' id='block_1_88' title="bbox 2174 4287 3683 4361">
    <p class='ocr_par' dir='ltr' id='par_1_88' title="bbox 2174 4287 3683 4361">
     <span class='ocr_line' id='line_1_88' title="bbox 2174 4287 3683 4361; baseline 0.001 -18"><span class='ocrx_word' id='word_1_561' title='bbox 2174 4287 2430 4345; x_wconf 90' lang='lat' dir='ltr'>XXXVII.</span> <span class='ocrx_word' id='word_1_562' title='bbox 2467 4288 2624 4356; x_wconf 82' lang='lat' dir='ltr'><strong>Quod</strong></span> <span class='ocrx_word' id='word_1_563' title='bbox 2671 4289 2725 4344; x_wconf 92' lang='lat' dir='ltr'><strong>in</strong></span> <span class='ocrx_word' id='word_1_564' title='bbox 2766 4289 2853 4346; x_wconf 87' lang='lat' dir='ltr'><strong>die</strong></span> <span class='ocrx_word' id='word_1_565' title='bbox 2896 4290 3090 4346; x_wconf 65' lang='lat' dir='ltr'><strong>natiiis</strong></span> <span class='ocrx_word' id='word_1_566' title='bbox 3141 4289 3351 4345; x_wconf 87' lang='lat' dir='ltr'><strong>Domini</strong></span> <span class='ocrx_word' id='word_1_567' title='bbox 3403 4290 3683 4361; x_wconf 88' lang='lat' dir='ltr'><strong>plusquam</strong></span> 
     </span>
    </p>
   </div>
   <div class='ocr_carea' id='block_1_89' title="bbox 2101 4379 3682 4451">
    <p class='ocr_par' dir='ltr' id='par_1_89' title="bbox 2101 4379 3682 4451">
     <span class='ocr_line' id='line_1_89' title="bbox 2101 4379 3682 4451; baseline -0.001 -15"><span class='ocrx_word' id='word_1_568' title='bbox 2101 4380 2286 4436; x_wconf 88' lang='lat' dir='ltr'><strong>decem</strong></span> <span class='ocrx_word' id='word_1_569' title='bbox 2312 4379 2475 4433; x_wconf 84' lang='lat' dir='ltr'><strong>midia</strong></span> <span class='ocrx_word' id='word_1_570' title='bbox 2503 4380 2855 4445; x_wconf 89' lang='lat' dir='ltr'><strong>credentium,</strong></span> <span class='ocrx_word' id='word_1_571' title='bbox 2885 4380 3088 4451; x_wconf 64' lang='lat' dir='ltr'><strong>abstlue</strong></span> <span class='ocrx_word' id='word_1_572' title='bbox 3118 4380 3456 4450; x_wconf 87' lang='lat' dir='ltr'><strong>parvulorum</strong></span> <span class='ocrx_word' id='word_1_573' title='bbox 3484 4397 3548 4436; x_wconf 89' lang='lat' dir='ltr'><strong>ac</strong></span> <span class='ocrx_word' id='word_1_574' title='bbox 3569 4397 3682 4435; x_wconf 75' lang='lat' dir='ltr'><strong>mu~</strong></span> 
     </span>
    </p>
   </div>
   <div class='ocr_carea' id='block_1_90' title="bbox 2104 4471 3684 4542">
    <p class='ocr_par' dir='ltr' id='par_1_90' title="bbox 2104 4471 3684 4542">
     <span class='ocr_line' id='line_1_90' title="bbox 2104 4471 3684 4542; baseline 0.001 -15"><span class='ocrx_word' id='word_1_575' title='bbox 2104 4473 2294 4528; x_wconf 88' lang='lat' dir='ltr'><strong>herum</strong></span> <span class='ocrx_word' id='word_1_576' title='bbox 2324 4471 2531 4526; x_wconf 90' lang='lat' dir='ltr'><strong>inlinito</strong></span> <span class='ocrx_word' id='word_1_577' title='bbox 2560 4487 2811 4538; x_wconf 88' lang='lat' dir='ltr'><strong>numero,</strong></span> <span class='ocrx_word' id='word_1_578' title='bbox 2842 4472 2894 4526; x_wconf 88' lang='lat' dir='ltr'><strong>in</strong></span> <span class='ocrx_word' id='word_1_579' title='bbox 2919 4471 3080 4528; x_wconf 84' lang='lat' dir='ltr'><strong>ﬂuvio</strong></span> <span class='ocrx_word' id='word_1_580' title='bbox 3111 4472 3338 4526; x_wconf 88' lang='lat' dir='ltr'><strong>Sioalira</strong></span> <span class='ocrx_word' id='word_1_581' title='bbox 3375 4472 3684 4542; x_wconf 78' lang='lat' dir='ltr'><strong>baptizavit.</strong></span> 
     </span>
    </p>
   </div>
   <div class='ocr_carea' id='block_1_91' title="bbox 416 4561 2013 4652">
    <p class='ocr_par' dir='ltr' id='par_1_91' title="bbox 416 4566 2000 4638">
     <span class='ocr_line' id='line_1_91' title="bbox 416 4566 2000 4638; baseline 0.004 -18"><span class='ocrx_word' id='word_1_582' title='bbox 416 4567 498 4636; x_wconf 83' lang='lat' dir='ltr'><strong>gis</strong></span> <span class='ocrx_word' id='word_1_583' title='bbox 516 4575 775 4634; x_wconf 73' lang='lat' dir='ltr'><strong>suscepta:</strong></span> <span class='ocrx_word' id='word_1_584' title='bbox 795 4566 1183 4622; x_wconf 82' lang='lat' dir='ltr'><strong>Christianitati</strong></span> <span class='ocrx_word' id='word_1_585' title='bbox 1212 4571 1574 4638; x_wconf 77' lang='lat' dir='ltr'><strong>congaudens,</strong></span> <span class='ocrx_word' id='word_1_586' title='bbox 1612 4572 1857 4624; x_wconf 88' lang='lat' dir='ltr'><strong>hortatur</strong></span> <span class='ocrx_word' id='word_1_587' title='bbox 1876 4586 2000 4626; x_wconf 91' lang='lat' dir='ltr'><strong>eum</strong></span> 
     </span>
    </p>
   </div>
   <div class='ocr_carea' id='block_1_92' title="bbox 2095 4561 3681 4652">
    <p class='ocr_par' dir='ltr' id='par_1_92' title="bbox 2176 4561 3681 4630">
     <span class='ocr_line' id='line_1_92' title="bbox 2176 4561 3681 4630; baseline 0.001 -13"><span class='ocrx_word' id='word_1_588' title='bbox 2176 4562 2454 4617; x_wconf 73' lang='lat' dir='ltr'>XXXVIII.</span> <span class='ocrx_word' id='word_1_589' title='bbox 2519 4561 2618 4618; x_wconf 85' lang='lat' dir='ltr'><strong>Ubi</strong></span> <span class='ocrx_word' id='word_1_590' title='bbox 2682 4563 3132 4620; x_wconf 84' lang='lat' dir='ltr'><strong>intransvadabtte</strong></span> <span class='ocrx_word' id='word_1_591' title='bbox 3194 4563 3511 4630; x_wconf 77' lang='lat' dir='ltr'><strong>profundum</strong></span> <span class='ocrx_word' id='word_1_592' title='bbox 3573 4580 3681 4620; x_wconf 88' lang='lat' dir='ltr'><strong>non</strong></span> 
     </span>
    </p>
   </div>
   <div class='ocr_carea' id='block_1_93' title="bbox 416 4656 2000 4728">
    <p class='ocr_par' dir='ltr' id='par_1_93' title="bbox 416 4656 2000 4728">
     <span class='ocr_line' id='line_1_93' title="bbox 416 4656 2000 4728; baseline 0.005 -18"><span class='ocrx_word' id='word_1_593' title='bbox 416 4656 561 4711; x_wconf 89' lang='lat' dir='ltr'><strong>dulci</strong></span> <span class='ocrx_word' id='word_1_594' title='bbox 589 4656 813 4726; x_wconf 87' lang='lat' dir='ltr'><strong>epistola</strong></span> <span class='ocrx_word' id='word_1_595' title='bbox 843 4657 983 4714; x_wconf 88' lang='lat' dir='ltr'><strong>hanc</strong></span> <span class='ocrx_word' id='word_1_596' title='bbox 1007 4659 1234 4728; x_wconf 82' lang='lat' dir='ltr'><strong>gratiam</strong></span> <span class='ocrx_word' id='word_1_597' title='bbox 1259 4661 1490 4715; x_wconf 87' lang='lat' dir='ltr'><strong>sollicite</strong></span> <span class='ocrx_word' id='word_1_598' title='bbox 1519 4676 1754 4724; x_wconf 89' lang='lat' dir='ltr'><strong>servare,</strong></span> <span class='ocrx_word' id='word_1_599' title='bbox 1779 4671 1835 4717; x_wconf 91' lang='lat' dir='ltr'><strong>et</strong></span> <span class='ocrx_word' id='word_1_600' title='bbox 1859 4661 2000 4718; x_wconf 85' lang='lat' dir='ltr'><strong>hanc</strong></span> 
     </span>
    </p>
   </div>
   <div class='ocr_carea' id='block_1_94' title="bbox 421 4747 1999 4820">
    <p class='ocr_par' dir='ltr' id='par_1_94' title="bbox 421 4747 1999 4820">
     <span class='ocr_line' id='line_1_94' title="bbox 421 4747 1999 4820; baseline 0.004 -19"><span class='ocrx_word' id='word_1_601' title='bbox 421 4748 476 4802; x_wconf 93' lang='lat' dir='ltr'><strong>in</strong></span> <span class='ocrx_word' id='word_1_602' title='bbox 503 4747 746 4803; x_wconf 90' lang='lat' dir='ltr'><strong>subditos</strong></span> <span class='ocrx_word' id='word_1_603' title='bbox 773 4749 874 4803; x_wconf 86' lang='lat' dir='ltr'><strong>sibi</strong></span> <span class='ocrx_word' id='word_1_604' title='bbox 904 4750 1136 4820; x_wconf 86' lang='lat' dir='ltr'><strong>populos</strong></span> <span class='ocrx_word' id='word_1_605' title='bbox 1165 4750 1316 4805; x_wconf 91' lang='lat' dir='ltr'><strong>ocius</strong></span> <span class='ocrx_word' id='word_1_606' title='bbox 1344 4753 1662 4819; x_wconf 70' lang='lat' dir='ltr'><strong>extendere,</strong></span> <span class='ocrx_word' id='word_1_607' title='bbox 1691 4754 1811 4806; x_wconf 77' lang='lat' dir='ltr'><strong>fana</strong></span> <span class='ocrx_word' id='word_1_608' title='bbox 1841 4769 1999 4808; x_wconf 84' lang='lat' dir='ltr'><strong>ever-</strong></span> 
     </span>
    </p>
   </div>
   <div class='ocr_carea' id='block_1_95' title="bbox 421 4839 1999 4914">
    <p class='ocr_par' dir='ltr' id='par_1_95' title="bbox 421 4839 1999 4914">
     <span class='ocr_line' id='line_1_95' title="bbox 421 4839 1999 4914; baseline 0.006 -22"><span class='ocrx_word' id='word_1_609' title='bbox 421 4848 571 4904; x_wconf 83' lang='lat' dir='ltr'><strong>tere;</strong></span> <span class='ocrx_word' id='word_1_610' title='bbox 621 4839 892 4909; x_wconf 83' lang='lat' dir='ltr'><strong>subjectos</strong></span> <span class='ocrx_word' id='word_1_611' title='bbox 922 4842 1281 4909; x_wconf 81' lang='lat' dir='ltr'><strong>exhortandu,</strong></span> <span class='ocrx_word' id='word_1_612' title='bbox 1323 4845 1593 4905; x_wconf 84' lang='lat' dir='ltr'><strong>terrendo,</strong></span> <span class='ocrx_word' id='word_1_613' title='bbox 1635 4848 1999 4914; x_wconf 57' lang='lat' dir='ltr'><strong>corrigi-udo;</strong></span> 
     </span>
    </p>
   </div>
   <div class='ocr_carea' id='block_1_96' title="bbox 421 4931 2002 5004">
    <p class='ocr_par' dir='ltr' id='par_1_96' title="bbox 421 4931 2002 5004">
     <span class='ocr_line' id='line_1_96' title="bbox 421 4931 2002 5004; baseline 0.004 -20"><span class='ocrx_word' id='word_1_614' title='bbox 421 4931 685 4985; x_wconf 67' lang='lat' dir='ltr'><strong>aediﬁcare</strong></span> <span class='ocrx_word' id='word_1_615' title='bbox 735 4931 1036 5003; x_wconf 84' lang='lat' dir='ltr'><strong>[ecclesias]</strong></span> <span class='ocrx_word' id='word_1_616' title='bbox 1083 4933 1333 5004; x_wconf 82' lang='lat' dir='ltr'><strong>exemplo</strong></span> <span class='ocrx_word' id='word_1_617' title='bbox 1381 4933 1723 4988; x_wconf 88' lang='lat' dir='ltr'><strong>Constantini</strong></span> <span class='ocrx_word' id='word_1_618' title='bbox 1777 4936 2002 5004; x_wconf 86' lang='lat' dir='ltr'><strong>piissimi</strong></span> 
     </span>
    </p>
   </div>
   <div class='ocr_carea' id='block_1_97' title="bbox 422 5021 1999 5094">
    <p class='ocr_par' dir='ltr' id='par_1_97' title="bbox 422 5021 1999 5094">
     <span class='ocr_line' id='line_1_97' title="bbox 422 5021 1999 5094; baseline 0.004 -20"><span class='ocrx_word' id='word_1_619' title='bbox 422 5021 784 5090; x_wconf 89' lang='lat' dir='ltr'><strong>imperatoris,</strong></span> <span class='ocrx_word' id='word_1_620' title='bbox 812 5023 904 5091; x_wconf 85' lang='lat' dir='ltr'><strong>qui</strong></span> <span class='ocrx_word' id='word_1_621' title='bbox 931 5022 1155 5090; x_wconf 85' lang='lat' dir='ltr'><strong>abjectis</strong></span> <span class='ocrx_word' id='word_1_622' title='bbox 1183 5023 1340 5078; x_wconf 90' lang='lat' dir='ltr'><strong>idolis</strong></span> <span class='ocrx_word' id='word_1_623' title='bbox 1369 5023 1592 5078; x_wconf 75' lang='lat' dir='ltr'><strong>[Ioniam</strong></span> <span class='ocrx_word' id='word_1_624' title='bbox 1622 5039 1743 5078; x_wconf 90' lang='lat' dir='ltr'><strong>cum</strong></span> <span class='ocrx_word' id='word_1_625' title='bbox 1763 5025 1999 5094; x_wconf 84' lang='lat' dir='ltr'><strong>gentium</strong></span> 
     </span>
    </p>
   </div>
   <div class='ocr_carea' id='block_1_98' title="bbox 424 5112 2002 5181">
    <p class='ocr_par' dir='ltr' id='par_1_98' title="bbox 424 5112 2002 5181">
     <span class='ocr_line' id='line_1_98' title="bbox 424 5112 2002 5181; baseline 0.002 -14"><span class='ocrx_word' id='word_1_626' title='bbox 424 5114 639 5181; x_wconf 89' lang='lat' dir='ltr'><strong>populis</strong></span> <span class='ocrx_word' id='word_1_627' title='bbox 685 5120 794 5168; x_wconf 89' lang='lat' dir='ltr'><strong>tota</strong></span> <span class='ocrx_word' id='word_1_628' title='bbox 825 5126 1006 5168; x_wconf 86' lang='lat' dir='ltr'><strong>mente</strong></span> <span class='ocrx_word' id='word_1_629' title='bbox 1052 5128 1234 5168; x_wconf 83' lang='lat' dir='ltr'><strong>secum</strong></span> <span class='ocrx_word' id='word_1_630' title='bbox 1287 5112 1356 5168; x_wconf 89' lang='lat' dir='ltr'><strong>ad</strong></span> <span class='ocrx_word' id='word_1_631' title='bbox 1387 5113 1657 5168; x_wconf 84' lang='lat' dir='ltr'><strong>Christum</strong></span> <span class='ocrx_word' id='word_1_632' title='bbox 1697 5117 2002 5181; x_wconf 82' lang='lat' dir='ltr'><strong>convertit;</strong></span> 
     </span>
    </p>
   </div>
   <div class='ocr_carea' id='block_1_99' title="bbox 425 5203 2006 5275">
    <p class='ocr_par' dir='ltr' id='par_1_99' title="bbox 425 5203 2006 5275">
     <span class='ocr_line' id='line_1_99' title="bbox 425 5203 2006 5275; baseline 0.004 -19"><span class='ocrx_word' id='word_1_633' title='bbox 425 5203 584 5257; x_wconf 73' lang='lat' dir='ltr'><strong>simul</strong></span> <span class='ocrx_word' id='word_1_634' title='bbox 613 5213 822 5269; x_wconf 89' lang='lat' dir='ltr'><strong>monet,</strong></span> <span class='ocrx_word' id='word_1_635' title='bbox 858 5213 915 5258; x_wconf 91' lang='lat' dir='ltr'><strong>ut</strong></span> <span class='ocrx_word' id='word_1_636' title='bbox 944 5205 1241 5274; x_wconf 90' lang='lat' dir='ltr'><strong>Augustino</strong></span> <span class='ocrx_word' id='word_1_637' title='bbox 1270 5205 1518 5270; x_wconf 89' lang='lat' dir='ltr'><strong>obediat,</strong></span> <span class='ocrx_word' id='word_1_638' title='bbox 1562 5213 1829 5275; x_wconf 77' lang='lat' dir='ltr'><strong>quatenus</strong></span> <span class='ocrx_word' id='word_1_639' title='bbox 1856 5209 2006 5262; x_wconf 90' lang='lat' dir='ltr'><strong>illum</strong></span> 
     </span>
    </p>
   </div>
   <div class='ocr_carea' id='block_1_100' title="bbox 426 5291 1597 5362">
    <p class='ocr_par' dir='ltr' id='par_1_100' title="bbox 426 5291 1597 5362">
     <span class='ocr_line' id='line_1_100' title="bbox 426 5291 1597 5362; baseline 0.004 -18"><span class='ocrx_word' id='word_1_640' title='bbox 426 5291 569 5347; x_wconf 88' lang='lat' dir='ltr'><strong>Deus</strong></span> <span class='ocrx_word' id='word_1_641' title='bbox 600 5309 696 5362; x_wconf 88' lang='lat' dir='ltr'><strong>pro</strong></span> <span class='ocrx_word' id='word_1_642' title='bbox 729 5293 842 5362; x_wconf 87' lang='lat' dir='ltr'><strong>ipso</strong></span> <span class='ocrx_word' id='word_1_643' title='bbox 873 5303 1116 5348; x_wconf 91' lang='lat' dir='ltr'><strong>orantem</strong></span> <span class='ocrx_word' id='word_1_644' title='bbox 1144 5295 1300 5350; x_wconf 89' lang='lat' dir='ltr'><strong>citius</strong></span> <span class='ocrx_word' id='word_1_645' title='bbox 1327 5296 1597 5351; x_wconf 79' lang='lat' dir='ltr'><strong>exaudiat.</strong></span> 
     </span>
    </p>
   </div>
   <div class='ocr_carea' id='block_1_101' title="bbox 499 5381 2008 5455">
    <p class='ocr_par' dir='ltr' id='par_1_101' title="bbox 499 5381 2008 5455">
     <span class='ocr_line' id='line_1_101' title="bbox 499 5381 2008 5455; baseline 0.008 -22"><span class='ocrx_word' id='word_1_646' title='bbox 499 5381 660 5436; x_wconf 88' lang='lat' dir='ltr'>XXX.</span> <span class='ocrx_word' id='word_1_647' title='bbox 706 5382 1078 5438; x_wconf 88' lang='lat' dir='ltr'><strong>Venerabilem</strong></span> <span class='ocrx_word' id='word_1_648' title='bbox 1111 5401 1326 5455; x_wconf 89' lang='lat' dir='ltr'><strong>quoque</strong></span> <span class='ocrx_word' id='word_1_649' title='bbox 1355 5388 1593 5454; x_wconf 89' lang='lat' dir='ltr'><strong>reginam</strong></span> <span class='ocrx_word' id='word_1_650' title='bbox 1621 5386 1837 5445; x_wconf 82' lang='lat' dir='ltr'><strong>Bertam</strong></span> <span class='ocrx_word' id='word_1_651' title='bbox 1869 5389 2008 5445; x_wconf 90' lang='lat' dir='ltr'><strong>idem</strong></span> 
     </span>
    </p>
   </div>
   <div class='ocr_carea' id='block_1_102' title="bbox 430 5475 2010 5549">
    <p class='ocr_par' dir='ltr' id='par_1_102' title="bbox 430 5475 2010 5549">
     <span class='ocr_line' id='line_1_102' title="bbox 430 5475 2010 5549; baseline 0.008 -24"><span class='ocrx_word' id='word_1_652' title='bbox 430 5475 957 5542; x_wconf 74' lang='lat' dir='ltr'><strong>pnecellemissimus</strong></span> <span class='ocrx_word' id='word_1_653' title='bbox 1006 5475 1301 5531; x_wconf 86' lang='lat' dir='ltr'><strong>illustratur</strong></span> <span class='ocrx_word' id='word_1_654' title='bbox 1361 5479 1711 5534; x_wconf 87' lang='lat' dir='ltr'><strong>ecclesiarum</strong></span> <span class='ocrx_word' id='word_1_655' title='bbox 1767 5481 2010 5549; x_wconf 75' lang='lat' dir='ltr'><strong>gratifiee</strong></span> 
     </span>
    </p>
   </div>
   <div class='ocr_carea' id='block_1_103' title="bbox 431 5563 2009 5640">
    <p class='ocr_par' dir='ltr' id='par_1_103' title="bbox 431 5563 2009 5640">
     <span class='ocr_line' id='line_1_103' title="bbox 431 5563 2009 5640; baseline 0.006 -22"><span class='ocrx_word' id='word_1_656' title='bbox 431 5563 614 5618; x_wconf 85' lang='lat' dir='ltr'><strong>laudat</strong></span> <span class='ocrx_word' id='word_1_657' title='bbox 641 5569 915 5634; x_wconf 88' lang='lat' dir='ltr'><strong>epistulari</strong></span> <span class='ocrx_word' id='word_1_658' title='bbox 953 5568 1109 5634; x_wconf 82' lang='lat' dir='ltr'><strong>serie,</strong></span> <span class='ocrx_word' id='word_1_659' title='bbox 1159 5577 1264 5622; x_wconf 87' lang='lat' dir='ltr'><strong>tam</strong></span> <span class='ocrx_word' id='word_1_660' title='bbox 1313 5585 1409 5638; x_wconf 89' lang='lat' dir='ltr'><strong>pro</strong></span> <span class='ocrx_word' id='word_1_661' title='bbox 1451 5571 1590 5639; x_wconf 87' lang='lat' dir='ltr'><strong>regis</strong></span> <span class='ocrx_word' id='word_1_662' title='bbox 1617 5573 2009 5640; x_wconf 61' lang='lat' dir='ltr'><strong>conVcrsione,</strong></span> 
     </span>
    </p>
   </div>
   <div class='ocr_carea' id='block_1_104' title="bbox 435 5661 2013 5736">
    <p class='ocr_par' dir='ltr' id='par_1_104' title="bbox 435 5661 2013 5736">
     <span class='ocr_line' id='line_1_104' title="bbox 435 5661 2013 5736; baseline 0.01 -29"><span class='ocrx_word' id='word_1_663' title='bbox 435 5670 597 5725; x_wconf 82' lang='lat' dir='ltr'><strong>quam</strong></span> <span class='ocrx_word' id='word_1_664' title='bbox 659 5674 755 5726; x_wconf 92' lang='lat' dir='ltr'><strong>pro</strong></span> <span class='ocrx_word' id='word_1_665' title='bbox 802 5661 886 5729; x_wconf 90' lang='lat' dir='ltr'><strong>pia</strong></span> <span class='ocrx_word' id='word_1_666' title='bbox 934 5677 1058 5730; x_wconf 87' lang='lat' dir='ltr'><strong>erga</strong></span> <span class='ocrx_word' id='word_1_667' title='bbox 1116 5663 1329 5717; x_wconf 87' lang='lat' dir='ltr'><strong>beatum</strong></span> <span class='ocrx_word' id='word_1_668' title='bbox 1382 5663 1730 5732; x_wconf 87' lang='lat' dir='ltr'><strong>Augustinum</strong></span> <span class='ocrx_word' id='word_1_669' title='bbox 1779 5681 2013 5736; x_wconf 88' lang='lat' dir='ltr'><strong>suosque</strong></span> 
     </span>
    </p>
   </div>
   <div class='ocr_carea' id='block_1_105' title="bbox 433 5755 2009 5827">
    <p class='ocr_par' dir='ltr' id='par_1_105' title="bbox 433 5755 2009 5827">
     <span class='ocr_line' id='line_1_105' title="bbox 433 5755 2009 5827; baseline 0.008 -24"><span class='ocrx_word' id='word_1_670' title='bbox 433 5758 712 5803; x_wconf 80' lang='lat' dir='ltr'><strong>consortes</strong></span> <span class='ocrx_word' id='word_1_671' title='bbox 759 5755 1174 5819; x_wconf 70' lang='lat' dir='ltr'><strong>procuratione;</strong></span> <span class='ocrx_word' id='word_1_672' title='bbox 1235 5757 1585 5827; x_wconf 78' lang='lat' dir='ltr'><strong>lmrt.-.turque</strong></span> <span class='ocrx_word' id='word_1_673' title='bbox 1634 5756 1745 5813; x_wconf 60' lang='lat' dir='ltr'><strong>haec</strong></span> <span class='ocrx_word' id='word_1_674' title='bbox 1809 5757 2009 5815; x_wconf 80' lang='lat' dir='ltr'><strong>fatuosa</strong></span> 
     </span>
    </p>
   </div>
   <div class='ocr_carea' id='block_1_106' title="bbox 433 5842 1146 5914">
    <p class='ocr_par' dir='ltr' id='par_1_106' title="bbox 433 5842 1146 5914">
     <span class='ocr_line' id='line_1_106' title="bbox 433 5842 1146 5914; baseline 0.008 -21"><span class='ocrx_word' id='word_1_675' title='bbox 433 5842 624 5895; x_wconf 77' lang='lat' dir='ltr'><strong>merita</strong></span> <span class='ocrx_word' id='word_1_676' title='bbox 656 5843 910 5896; x_wconf 85' lang='lat' dir='ltr'><strong>attentius</strong></span> <span class='ocrx_word' id='word_1_677' title='bbox 938 5860 1146 5914; x_wconf 84' lang='lat' dir='ltr'><strong>angere.</strong></span> 
     </span>
    </p>
   </div>
   <div class='ocr_carea' id='block_1_107' title="bbox 2104 4656 3687 4722">
    <p class='ocr_par' dir='ltr' id='par_1_107' title="bbox 2104 4656 3687 4722">
     <span class='ocr_line' id='line_1_107' title="bbox 2104 4656 3687 4722; baseline 0.001 -10"><span class='ocrx_word' id='word_1_678' title='bbox 2104 4658 2279 4713; x_wconf 90' lang='lat' dir='ltr'><strong>solum</strong></span> <span class='ocrx_word' id='word_1_679' title='bbox 2310 4657 2604 4711; x_wconf 87' lang='lat' dir='ltr'><strong>incolumes</strong></span> <span class='ocrx_word' id='word_1_680' title='bbox 2652 4656 3008 4722; x_wconf 87' lang='lat' dir='ltr'><strong>transierunt,</strong></span> <span class='ocrx_word' id='word_1_681' title='bbox 3042 4673 3227 4712; x_wconf 88' lang='lat' dir='ltr'><strong>verum</strong></span> <span class='ocrx_word' id='word_1_682' title='bbox 3287 4657 3450 4712; x_wconf 88' lang='lat' dir='ltr'><strong>etiam</strong></span> <span class='ocrx_word' id='word_1_683' title='bbox 3499 4672 3687 4713; x_wconf 81' lang='lat' dir='ltr'><strong>omnes</strong></span> 
     </span>
    </p>
   </div>
   <div class='ocr_carea' id='block_1_108' title="bbox 2105 4747 3688 4817">
    <p class='ocr_par' dir='ltr' id='par_1_108' title="bbox 2105 4747 3688 4817">
     <span class='ocr_line' id='line_1_108' title="bbox 2105 4747 3688 4817; baseline 0 -15"><span class='ocrx_word' id='word_1_684' title='bbox 2105 4750 2298 4803; x_wconf 86' lang='lat' dir='ltr'><strong>inlirnti</strong></span> <span class='ocrx_word' id='word_1_685' title='bbox 2346 4748 2632 4801; x_wconf 71' lang='lat' dir='ltr'><strong>sanitatem</strong></span> <span class='ocrx_word' id='word_1_686' title='bbox 2681 4757 3040 4817; x_wconf 87' lang='lat' dir='ltr'><strong>receperunt;</strong></span> <span class='ocrx_word' id='word_1_687' title='bbox 3091 4747 3180 4801; x_wconf 90' lang='lat' dir='ltr'><strong>ubi</strong></span> <span class='ocrx_word' id='word_1_688' title='bbox 3224 4755 3281 4802; x_wconf 92' lang='lat' dir='ltr'><strong>et</strong></span> <span class='ocrx_word' id='word_1_689' title='bbox 3326 4747 3380 4800; x_wconf 91' lang='lat' dir='ltr'><strong>in</strong></span> <span class='ocrx_word' id='word_1_690' title='bbox 3427 4747 3688 4802; x_wconf 89' lang='lat' dir='ltr'><strong>memoria</strong></span> 
     </span>
    </p>
   </div>
   <div class='ocr_carea' id='block_1_109' title="bbox 2103 4839 3687 4907">
    <p class='ocr_par' dir='ltr' id='par_1_109' title="bbox 2103 4839 3687 4907">
     <span class='ocr_line' id='line_1_109' title="bbox 2103 4839 3687 4907; baseline -0.001 -12"><span class='ocrx_word' id='word_1_691' title='bbox 2103 4841 2248 4895; x_wconf 88' lang='lat' dir='ltr'><strong>beati</strong></span> <span class='ocrx_word' id='word_1_692' title='bbox 2296 4840 2576 4907; x_wconf 86' lang='lat' dir='ltr'><strong>Augustini</strong></span> <span class='ocrx_word' id='word_1_693' title='bbox 2639 4839 2852 4893; x_wconf 86' lang='lat' dir='ltr'><strong>condita</strong></span> <span class='ocrx_word' id='word_1_694' title='bbox 2923 4839 3149 4895; x_wconf 79' lang='lat' dir='ltr'><strong>ecclesia</strong></span> <span class='ocrx_word' id='word_1_695' title='bbox 3214 4839 3384 4894; x_wconf 90' lang='lat' dir='ltr'><strong>multa</strong></span> <span class='ocrx_word' id='word_1_696' title='bbox 3448 4839 3687 4895; x_wconf 75' lang='lat' dir='ltr'><strong>ﬁdelibus</strong></span> 
     </span>
    </p>
   </div>
   <div class='ocr_carea' id='block_1_110' title="bbox 2105 4930 2730 5003">
    <p class='ocr_par' dir='ltr' id='par_1_110' title="bbox 2105 4930 2730 5003">
     <span class='ocr_line' id='line_1_110' title="bbox 2105 4930 2730 5003; baseline -0.005 -18"><span class='ocrx_word' id='word_1_697' title='bbox 2105 4939 2424 5003; x_wconf 63' lang='lat' dir='ltr'><strong>prcestantur</strong></span> <span class='ocrx_word' id='word_1_698' title='bbox 2449 4930 2730 4984; x_wconf 87' lang='lat' dir='ltr'><strong>benelicia.</strong></span> 
     </span>
    </p>
   </div>
   <div class='ocr_carea' id='block_1_111' title="bbox 2178 5012 3687 5090">
    <p class='ocr_par' dir='ltr' id='par_1_111' title="bbox 2178 5012 3687 5090">
     <span class='ocr_line' id='line_1_111' title="bbox 2178 5012 3687 5090; baseline -0.001 -17"><span class='ocrx_word' id='word_1_699' title='bbox 2178 5019 2419 5074; x_wconf 88' lang='lat' dir='ltr'>XXXIX.</span> <span class='ocrx_word' id='word_1_700' title='bbox 2460 5020 2537 5076; x_wconf 87' lang='lat' dir='ltr'><strong>De</strong></span> <span class='ocrx_word' id='word_1_701' title='bbox 2561 5012 2787 5090; x_wconf 83' lang='lat' dir='ltr'><strong>epistola</strong></span> <span class='ocrx_word' id='word_1_702' title='bbox 2815 5019 2958 5074; x_wconf 89' lang='lat' dir='ltr'><strong>beati</strong></span> <span class='ocrx_word' id='word_1_703' title='bbox 2987 5017 3229 5090; x_wconf 88' lang='lat' dir='ltr'><strong>Gregorii</strong></span> <span class='ocrx_word' id='word_1_704' title='bbox 3271 5034 3422 5090; x_wconf 70' lang='lat' dir='ltr'><strong>papa:</strong></span> <span class='ocrx_word' id='word_1_705' title='bbox 3460 5020 3526 5076; x_wconf 86' lang='lat' dir='ltr'><strong>ad</strong></span> <span class='ocrx_word' id='word_1_706' title='bbox 3566 5035 3687 5075; x_wconf 82' lang='lat' dir='ltr'><strong>san-</strong></span> 
     </span>
    </p>
   </div>
   <div class='ocr_carea' id='block_1_112' title="bbox 2108 5111 3691 5183">
    <p class='ocr_par' dir='ltr' id='par_1_112' title="bbox 2108 5111 3691 5183">
     <span class='ocr_line' id='line_1_112' title="bbox 2108 5111 3691 5183; baseline -0.005 -14"><span class='ocrx_word' id='word_1_707' title='bbox 2108 5123 2252 5169; x_wconf 90' lang='lat' dir='ltr'><strong>ctum</strong></span> <span class='ocrx_word' id='word_1_708' title='bbox 2283 5111 2560 5183; x_wconf 82' lang='lat' dir='ltr'><strong>Eulogium</strong></span> <span class='ocrx_word' id='word_1_709' title='bbox 2585 5111 2943 5182; x_wconf 88' lang='lat' dir='ltr'><strong>patriarcham</strong></span> <span class='ocrx_word' id='word_1_710' title='bbox 2971 5112 3130 5166; x_wconf 86' lang='lat' dir='ltr'><strong>missa</strong></span> <span class='ocrx_word' id='word_1_711' title='bbox 3150 5152 3167 5179; x_wconf 95' lang='lat'><strong>,</strong></span> <span class='ocrx_word' id='word_1_712' title='bbox 3217 5111 3270 5164; x_wconf 92' lang='lat' dir='ltr'><strong>in</strong></span> <span class='ocrx_word' id='word_1_713' title='bbox 3298 5125 3403 5180; x_wconf 87' lang='lat' dir='ltr'><strong>qua</strong></span> <span class='ocrx_word' id='word_1_714' title='bbox 3431 5111 3691 5179; x_wconf 86' lang='lat' dir='ltr'><strong>gloriatur</strong></span> 
     </span>
    </p>
   </div>
   <div class='ocr_carea' id='block_1_113' title="bbox 2111 5201 3688 5271">
    <p class='ocr_par' dir='ltr' id='par_1_113' title="bbox 2111 5201 3688 5271">
     <span class='ocr_line' id='line_1_113' title="bbox 2111 5201 3688 5271; baseline -0.004 -11"><span class='ocrx_word' id='word_1_715' title='bbox 2111 5206 2162 5260; x_wconf 92' lang='lat' dir='ltr'><strong>in</strong></span> <span class='ocrx_word' id='word_1_716' title='bbox 2193 5205 2420 5260; x_wconf 89' lang='lat' dir='ltr'><strong>Domino</strong></span> <span class='ocrx_word' id='word_1_717' title='bbox 2447 5205 2514 5259; x_wconf 92' lang='lat' dir='ltr'><strong>de</strong></span> <span class='ocrx_word' id='word_1_718' title='bbox 2539 5202 2831 5271; x_wconf 88' lang='lat' dir='ltr'><strong>Anglorum</strong></span> <span class='ocrx_word' id='word_1_719' title='bbox 2862 5202 3214 5257; x_wconf 84' lang='lat' dir='ltr'><strong>conversione</strong></span> <span class='ocrx_word' id='word_1_720' title='bbox 3239 5241 3256 5267; x_wconf 94' lang='lat'><strong>,</strong></span> <span class='ocrx_word' id='word_1_721' title='bbox 3295 5216 3390 5270; x_wconf 90' lang='lat' dir='ltr'><strong>per</strong></span> <span class='ocrx_word' id='word_1_722' title='bbox 3433 5201 3688 5270; x_wconf 78' lang='lat' dir='ltr'><strong>Augusti-</strong></span> 
     </span>
    </p>
   </div>
   <div class='ocr_carea' id='block_1_114' title="bbox 2113 5294 3681 5365">
    <p class='ocr_par' dir='ltr' id='par_1_114' title="bbox 2113 5294 3681 5365">
     <span class='ocr_line' id='line_1_114' title="bbox 2113 5294 3681 5365; baseline -0.003 -12"><span class='ocrx_word' id='word_1_723' title='bbox 2113 5313 2238 5353; x_wconf 92' lang='lat' dir='ltr'><strong>num</strong></span> <span class='ocrx_word' id='word_1_724' title='bbox 2271 5297 2406 5352; x_wconf 76' lang='lat' dir='ltr'><strong>lacta</strong></span> <span class='ocrx_word' id='word_1_725' title='bbox 2441 5315 2454 5349; x_wconf 88' lang='lat'><strong>:</strong></span> <span class='ocrx_word' id='word_1_726' title='bbox 2486 5305 2540 5350; x_wconf 93' lang='lat' dir='ltr'><strong>et</strong></span> <span class='ocrx_word' id='word_1_727' title='bbox 2570 5295 2713 5365; x_wconf 87' lang='lat' dir='ltr'><strong>quod</strong></span> <span class='ocrx_word' id='word_1_728' title='bbox 2744 5299 2877 5365; x_wconf 81' lang='lat' dir='ltr'><strong>ipse,</strong></span> <span class='ocrx_word' id='word_1_729' title='bbox 2908 5305 2964 5349; x_wconf 91' lang='lat' dir='ltr'><strong>et</strong></span> <span class='ocrx_word' id='word_1_730' title='bbox 2991 5295 3082 5364; x_wconf 89' lang='lat' dir='ltr'><strong>qui</strong></span> <span class='ocrx_word' id='word_1_731' title='bbox 3109 5310 3230 5350; x_wconf 93' lang='lat' dir='ltr'><strong>cum</strong></span> <span class='ocrx_word' id='word_1_732' title='bbox 3259 5309 3324 5350; x_wconf 89' lang='lat' dir='ltr'><strong>eo</strong></span> <span class='ocrx_word' id='word_1_733' title='bbox 3351 5294 3499 5349; x_wconf 89' lang='lat' dir='ltr'><strong>missi</strong></span> <span class='ocrx_word' id='word_1_734' title='bbox 3528 5304 3681 5362; x_wconf 85' lang='lat' dir='ltr'><strong>sunt,</strong></span> 
     </span>
    </p>
   </div>
   <div class='ocr_carea' id='block_1_115' title="bbox 2113 5386 3688 5458">
    <p class='ocr_par' dir='ltr' id='par_1_115' title="bbox 2113 5386 3688 5458">
     <span class='ocr_line' id='line_1_115' title="bbox 2113 5386 3688 5458; baseline 0 -16"><span class='ocrx_word' id='word_1_735' title='bbox 2113 5389 2481 5458; x_wconf 85' lang='lat' dir='ltr'><strong>apustolurum</strong></span> <span class='ocrx_word' id='word_1_736' title='bbox 2507 5387 2730 5441; x_wconf 86' lang='lat' dir='ltr'><strong>virtutes</strong></span> <span class='ocrx_word' id='word_1_737' title='bbox 2768 5394 2823 5440; x_wconf 87' lang='lat' dir='ltr'><strong>et</strong></span> <span class='ocrx_word' id='word_1_738' title='bbox 2848 5386 2998 5453; x_wconf 84' lang='lat' dir='ltr'><strong>signa</strong></span> <span class='ocrx_word' id='word_1_739' title='bbox 3041 5387 3239 5441; x_wconf 87' lang='lat' dir='ltr'><strong>ituitari</strong></span> <span class='ocrx_word' id='word_1_740' title='bbox 3279 5387 3596 5453; x_wconf 90' lang='lat' dir='ltr'><strong>videantur;</strong></span> <span class='ocrx_word' id='word_1_741' title='bbox 3638 5397 3688 5443; x_wconf 84' lang='lat' dir='ltr'><strong>et</strong></span> 
     </span>
    </p>
   </div>
   <div class='ocr_carea' id='block_1_116' title="bbox 2112 5479 3598 5556">
    <p class='ocr_par' dir='ltr' id='par_1_116' title="bbox 2112 5479 3598 5556">
     <span class='ocr_line' id='line_1_116' title="bbox 2112 5479 3598 5556; baseline -0.001 -20"><span class='ocrx_word' id='word_1_742' title='bbox 2112 5481 2182 5536; x_wconf 89' lang='lat' dir='ltr'><strong>de</strong></span> <span class='ocrx_word' id='word_1_743' title='bbox 2202 5479 2646 5556; x_wconf 63' lang='lat' dir='ltr'><strong>deceimtitillibus</strong></span> <span class='ocrx_word' id='word_1_744' title='bbox 2677 5479 2758 5532; x_wconf 88' lang='lat' dir='ltr'><strong>vel</strong></span> <span class='ocrx_word' id='word_1_745' title='bbox 2789 5479 3015 5547; x_wconf 89' lang='lat' dir='ltr'><strong>amplius</strong></span> <span class='ocrx_word' id='word_1_746' title='bbox 3046 5495 3153 5534; x_wconf 90' lang='lat' dir='ltr'><strong>uno</strong></span> <span class='ocrx_word' id='word_1_747' title='bbox 3184 5479 3270 5534; x_wconf 86' lang='lat' dir='ltr'><strong>die</strong></span> <span class='ocrx_word' id='word_1_748' title='bbox 3300 5481 3598 5549; x_wconf 74' lang='lat' dir='ltr'><strong>baptizatis.</strong></span> 
     </span>
    </p>
   </div>
   <div class='ocr_carea' id='block_1_117' title="bbox 2188 5567 3697 5638">
    <p class='ocr_par' dir='ltr' id='par_1_117' title="bbox 2188 5567 3697 5638">
     <span class='ocr_line' id='line_1_117' title="bbox 2188 5567 3697 5638; baseline 0 -16"><span class='ocrx_word' id='word_1_749' title='bbox 2188 5569 2293 5624; x_wconf 87' lang='lat' dir='ltr'>XL.</span> <span class='ocrx_word' id='word_1_750' title='bbox 2340 5570 2667 5638; x_wconf 67' lang='lat' dir='ltr'><strong>“egrediens</strong></span> <span class='ocrx_word' id='word_1_751' title='bbox 2725 5567 2949 5622; x_wconf 81' lang='lat' dir='ltr'><strong>feliciter</strong></span> <span class='ocrx_word' id='word_1_752' title='bbox 3010 5571 3078 5623; x_wconf 87' lang='lat' dir='ltr'><strong>ab</strong></span> <span class='ocrx_word' id='word_1_753' title='bbox 3124 5569 3408 5625; x_wconf 87' lang='lat' dir='ltr'><strong>Eburaco.</strong></span> <span class='ocrx_word' id='word_1_754' title='bbox 3461 5567 3697 5626; x_wconf 74' lang='lat' dir='ltr'><strong>occurrit-</strong></span> 
     </span>
    </p>
   </div>
   <div class='ocr_carea' id='block_1_118' title="bbox 2113 5657 3692 5730">
    <p class='ocr_par' dir='ltr' id='par_1_118' title="bbox 2113 5657 3692 5730">
     <span class='ocr_line' id='line_1_118' title="bbox 2113 5657 3692 5730; baseline -0.003 -14"><span class='ocrx_word' id='word_1_755' title='bbox 2113 5675 2257 5730; x_wconf 73' lang='lat' dir='ltr'><strong>azgro</strong></span> <span class='ocrx_word' id='word_1_756' title='bbox 2281 5699 2296 5724; x_wconf 90' lang='lat'><strong>,</strong></span> <span class='ocrx_word' id='word_1_757' title='bbox 2346 5661 2488 5715; x_wconf 70' lang='lat' dir='ltr'><strong>[mdo</strong></span> <span class='ocrx_word' id='word_1_758' title='bbox 2517 5659 2750 5715; x_wconf 88' lang='lat' dir='ltr'><strong>candore</strong></span> <span class='ocrx_word' id='word_1_759' title='bbox 2781 5661 2941 5728; x_wconf 66' lang='lat' dir='ltr'><strong>lepra:</strong></span> <span class='ocrx_word' id='word_1_760' title='bbox 2983 5659 3278 5715; x_wconf 82' lang='lat' dir='ltr'><strong>tabescenti</strong></span> <span class='ocrx_word' id='word_1_761' title='bbox 3303 5700 3318 5726; x_wconf 95' lang='lat'><strong>,</strong></span> <span class='ocrx_word' id='word_1_762' title='bbox 3367 5657 3692 5730; x_wconf 84' lang='lat' dir='ltr'><strong>lacrytnabili</strong></span> 
     </span>
    </p>
   </div>
   <div class='ocr_carea' id='block_1_119' title="bbox 2115 5750 3678 5822">
    <p class='ocr_par' dir='ltr' id='par_1_119' title="bbox 2115 5750 3678 5822">
     <span class='ocr_line' id='line_1_119' title="bbox 2115 5750 3678 5822; baseline -0.005 -17"><span class='ocrx_word' id='word_1_763' title='bbox 2115 5751 2448 5822; x_wconf 86' lang='lat' dir='ltr'><strong>querimonia</strong></span> <span class='ocrx_word' id='word_1_764' title='bbox 2475 5761 2750 5820; x_wconf 89' lang='lat' dir='ltr'><strong>paternam</strong></span> <span class='ocrx_word' id='word_1_765' title='bbox 2783 5750 2947 5820; x_wconf 81' lang='lat' dir='ltr'><strong>ipsius</strong></span> <span class='ocrx_word' id='word_1_766' title='bbox 2981 5751 3319 5804; x_wconf 80' lang='lat' dir='ltr'><strong>elunentiam</strong></span> <span class='ocrx_word' id='word_1_767' title='bbox 3351 5750 3678 5804; x_wconf 85' lang='lat' dir='ltr'><strong>mussitantt:</strong></span> 
     </span>
    </p>
   </div>
   <div class='ocr_carea' id='block_1_120' title="bbox 2117 5843 3688 5920">
    <p class='ocr_par' dir='ltr' id='par_1_120' title="bbox 2117 5843 3688 5920">
     <span class='ocr_line' id='line_1_120' title="bbox 2117 5843 3688 5920; baseline -0.004 -18"><span class='ocrx_word' id='word_1_768' title='bbox 2117 5850 2204 5920; x_wconf 82' lang='lat' dir='ltr'><strong>qui</strong></span> <span class='ocrx_word' id='word_1_769' title='bbox 2235 5849 2466 5904; x_wconf 80' lang='lat' dir='ltr'><strong>clamosa</strong></span> <span class='ocrx_word' id='word_1_770' title='bbox 2498 5848 2694 5919; x_wconf 82' lang='lat' dir='ltr'><strong>pietate</strong></span> <span class='ocrx_word' id='word_1_771' title='bbox 2718 5845 2868 5901; x_wconf 89' lang='lat' dir='ltr'><strong>audit</strong></span> <span class='ocrx_word' id='word_1_772' title='bbox 2897 5861 3016 5898; x_wconf 84' lang='lat' dir='ltr'><strong>cunt</strong></span> <span class='ocrx_word' id='word_1_773' title='bbox 3048 5843 3272 5900; x_wconf 89' lang='lat' dir='ltr'><strong>Domino</strong></span> <span class='ocrx_word' id='word_1_774' title='bbox 3301 5846 3594 5902; x_wconf 71' lang='lat' dir='ltr'><strong>cfamosmu</strong></span> <span class='ocrx_word' id='word_1_775' title='bbox 3617 5857 3688 5896; x_wconf 84' lang='lat' dir='ltr'><strong>ta-</strong></span> 
     </span>
    </p>
   </div>
  </div>
