4032 6186
387 253 452 310 Si
1165 253 1472 313 SANCTUS
1509 255 1946 320 AUGUSTINUS
1983 262 2358 323 ANG‘LOBLM
2401 265 2822 324 APOSTOLUS.
3574 271 3643 324 5:!

383 371 607 438 tuosius,
629 385 790 440 quam
819 366 1092 438 quondam
1120 369 1446 439 centopolim
1475 369 1568 441 (an
1597 369 1768 441 Gigan
1797 389 1964 444 aopo-
1989 381 2041 442 Α
2069 394 2247 435 carum
2278 383 2541 450 virginum
2571 391 2781 440 textura
2801 425 2815 448 ,
2855 399 2976 455 quae
3018 386 3169 453 regia
3211 393 3265 440 ct
3316 385 3644 456 pontiﬁcalia

383 462 510 533 lim)
541 473 776 519 montem
809 461 1022 516 Hebron
1053 460 1255 532 Caleph
1296 463 1691 532 magnanimus.
1723 464 1851 521 Haec
1879 475 1965 522 est

385 572 436 610 tn
483 554 699 609 Christo
751 553 928 623 portio
983 562 1096 618 tua,
1145 554 1257 608 haec
1303 553 1619 621 htereditas,
1659 556 1776 612 hanc
1821 558 1961 614 caelo

385 646 636 702 translata
670 642 931 714 patria,0
953 643 1108 698 stella
1142 643 1329 700 Romae
1364 646 1568 712 nativa,
1611 655 1666 701 et
1694 656 1879 704 noster
1909 649 1962 704 in

383 747 481 790 tiae
510 734 662 804 plaga
693 732 1004 790 Patriarclsa
1032 735 1044 788 !
1078 734 1227 792 Hanc
1256 735 1483 791 Domino
1520 715 1834 818 omnisisti;
1867 738 1960 796 dc-

376 827 582 896 .piisisti
617 826 862 891 Domino,
895 835 950 880 et
980 827 1093 896 ipse
1125 828 1427 898 possedisti.
1453 828 1718 900 Quidquid
1746 831 1964 902 pietatis

372 915 491 971 hac
535 927 674 970 terra
718 917 1000 984 germinat,
1055 918 1145 989 qui
1171 919 1316 988 lquid
1376 919 1648 988 ﬂoriﬁcat,
1703 923 1962 992 quitquid

380 1007 690 1074 t'ructiticat,
713 1015 768 1061 tu
811 1008 1008 1074 cultor,
1039 1017 1096 1064 tu
1139 1021 1311 1076 sator,
1360 1018 1414 1063 tu
1446 1009 1720 1080 plantator
1747 1027 1841 1078 es;
1880 1026 1963 1078 ιο-

382 1105 492 1151 tum
523 1097 576 1161 in
607 1096 833 1152 Domino
861 1105 1014 1161 tuum
1034 1109 1136 1154 est.
1161 1099 1428 1168 Quidquid
1455 1100 1618 1156 etiam
1648 1111 1958 1158 sanctorum

379 1185 632 1256 protulit,
663 1195 718 1240 tu
767 1187 1064 1253 institutor,
1098 1196 1152 1247 tu
1197 1190 1558 1258 primicerius,
1608 1200 1663 1245 ta
1710 1195 1963 1263 princeps

376 1292 469 1341 es;
496 1278 676 1330 omnia
702 1285 755 1332 te
777 1277 1094 1346 respiciunt,
1128 1287 1179 1332 te
1209 1281 1560 1347 comitantur,
1589 1291 1641 1336 te
1670 1294 1960 1350 coronant,

377 1383 495 1436 qua;
527 1367 754 1432 Domino
794 1368 1100 1426 allaborasti
1134 1386 1148 1422 :
1189 1369 1403 1424 labores
1454 1388 1706 1426 manuum
1747 1382 1960 1430 tuarum

377 1458 745 1525 uianducabis,
776 1458 966 1515 beatus
1006 1473 1084 1524 es,
1117 1468 1171 1513 et
1207 1460 1346 1514 btne
1387 1461 1479 1514 tibi
1510 1462 1630 1516 erit.
1665 1461 1740 1522 Te
1786 1477 1961 1532 rege,

377 1565 651 1622 proceres,
679 1558 881 1621 patres,
910 1566 1150 1630 gensque
1193 1554 1435 1623 sequitur
1464 1571 1477 1608 :
1513 1563 1564 1610 te
1603 1566 1958 1625 protector-un

377 1643 669 1708 concinunt
691 1654 746 1698 et
768 1653 1161 1714 protopatrem.

2068 472 2317 542 insignia,
2347 475 2570 531 intincto
2611 477 2817 530 murice
2853 491 3127 546 coccoque
3169 478 3251 534 bis
3296 479 3463 532 tincto
3493 477 3648 532 llam-

2065 564 2286 628 tnantia,
2319 565 2608 633 Splen-lidis
2635 567 2916 620 uniouibus
2945 576 2999 621 et
3029 568 3331 636 margaritis
3357 583 3478 622 cum
3508 581 3646 638 prtu-

2064 653 2382 709 cellentibus
2409 656 2632 723 gemmis
2661 665 2921 724 przctexto
2949 671 3082 711 auro
3108 657 3374 712 instcllant
3394 697 3410 723 ,
3443 667 3495 712 et
3523 673 3644 727 pre.

2067 745 2201 800 tiosa
2241 755 2523 800 stemmata
2555 747 2764 801 artilicii
2815 747 3043 801 mixtura
3083 748 3312 818 amplius
3362 749 3641 803 irradiant.

2067 835 2322 892 Uniones'
2355 847 2559 892 tantum
2619 838 2893 908 Hesperia,
2943 837 3216 893 Britannia
3267 847 3322 894 et
3355 838 3643 895 an-India

2063 928 2380 984 sororisant.
2401 926 2524 983 time
2550 928 2708 982 etiam
2727 938 2972 998 gagatem
2990 928 3212 998 prodige
3231 927 3398 998 gignit
3415 927 3642 997 lapidem

2063 1033 2137 1075 eo
2163 1021 2532 1088 pret'osinretn
2562 1035 2670 1089 quo
2696 1021 2814 1074 ali’s
2855 1020 3062 1074 seculis
3091 1021 3382 1083 rariorem;
3411 1017 3494 1073 hic
3523 1020 3644 1088 (au-

2065 1109 2204 1174 tem)
2233 1118 2316 1165 est
2340 1125 2581 1179 gemmea
2612 1110 2889 1179 nigredine
2917 1109 3184 1180 fu‘gTdos;
3215 1110 3483 1164 invenitur
3503 1124 3642 1179 quo-

2064 1214 2168 1270 que
2199 1217 2516 1270 tnrpureus,
2561 1218 2662 1256 cer.
2692 1218 2771 1266 us,
2805 1201 3036 1268 a'bidus,
3061 1203 3285 1268 viridis;
3333 1201 3490 1256 ardet
3533 1201 3641 1271 igni

2063 1290 2340 1356 admotus;
2389 1291 2474 1346 tlbl
2505 1291 2828 1346 confricatus
2857 1293 3107 1356 incaluit,
3160 1293 3222 1346 le'
3245 1307 3328 1347 em
3361 1291 3640 1345 materiam

2060 1382 2281 1436 attrahit
2309 1383 2604 1436 utadamas
2634 1383 2864 1447 ferrum;
2897 1383 2987 1437 ubi
3011 1383 3307 1438 incenditur
3332 1383 3441 1455 [AL
3465 1381 3642 1434 interi-

2063 1472 2247 1544 ditur},
2279 1489 2452 1542 serpe:
2478 1482 2559 1528 tes
2587 1472 2858 1542 fugantur.
2893 1472 3050 1528 Venis
3081 1472 3423 1526 nihilominus
3449 1469 3642 1523 metal-

2065 1565 2237 1619 lorum
2273 1566 2414 1624 :cris,
2448 1563 2606 1630 ferri,
2656 1563 2889 1634 plumbi,
2923 1548 3155 1628 stanni,‘
3183 1563 3390 1632 argenti
3421 1569 3476 1616 et
3503 1558 3644 1624 auri,

2062 1658 2254 1711 divites
2284 1672 2473 1710 inassc
2502 1658 2888 1710 t'viscctautor.
2919 1655 3114 1711 Mirere
3149 1664 3205 1709 et
3249 1669 3408 1724 rupes
3437 1665 3492 1708 et
3520 1669 3645 1707 sco-

357 1803 362 1806 _
446 1732 500 1787 2.
529 1733 634 1789 Sed
674 1749 779 1804 qua
827 1736 984 1793 laude
1011 1739 1253 1793 attollam
1300 1740 1444 1798 hunc
1491 1743 1957 1810 Augustinirnsem
1994 1756 2036 1816 Β
2065 1749 2216 1816 pulos
2245 1748 2452 1810 aerios,
2485 1747 2787 1816 templaque
2816 1747 3009 1816 passim
3036 1754 3092 1800 et
3119 1746 3313 1801 mmnia
3342 1746 3409 1801 de
3437 1748 3643 1803 saxosis

378 1838 504 1890 mon
546 1826 670 1879 um?
697 1824 922 1894 Quidam
962 1836 1204 1883 terrena.
1252 1839 1304 1886 te
1336 1832 1480 1885 renis
1523 1841 1604 1887 est
1648 1848 1774 1902 para
1814 1834 1958 1900 isus;

376 1914 638 1985 quidquid
675 1931 836 1987 opum
866 1917 1042 1974 ubivis
1071 1919 1322 1988 habetur,
1350 1931 1444 1974 aut
1467 1921 1553 1976 hic
1581 1923 1839 1989 nascitur,
1870 1933 1964 1980 aut

375 2005 602 2065 conlluis
653 2007 889 2076 undique
927 2009 1235 2064 nationibus
1275 2011 1592 2066 circumfusa
1640 2013 1964 2083 Amphitnte

377 2097 662 2163 invehitur.
713 2100 914 2156 Credas
941 2103 1233 2156 maximum
1263 2105 1448 2159 orbem
1489 2106 1701 2163 divitias
1747 2123 1870 2162 suas
1899 2122 1962 2164 ac

376 2189 616 2252 delicias,
641 2205 759 2259 qua:
788 2191 1147 2261 particulatim
1175 2194 1225 2248 in
1258 2195 1368 2250 suis
1396 2197 1640 2266 partibus
1668 2211 1961 2268 p-aerogat,

375 2282 465 2336 hic
494 2284 694 2352 paritsr
721 2293 812 2338 aut
848 2285 1114 2342 invenisse
1158 2297 1251 2341 aut
1282 2289 1691 2346 thesaurizasse.
1721 2292 1959 2362 Regnum

375 2381 457 2429 es:
483 2373 778 2442 imperiale,
805 2375 1062 2434 Romanis
1081 2380 1373 2435 etcsaribus
1392 2383 1742 2452 augustaliter
1769 2401 1962 2452 regna-

379 2475 512 2532 tum,
539 2467 631 2535 qui
660 2483 720 2522 se
750 2476 855 2522 tam
881 2470 965 2524 hic
990 2486 1149 2540 quam
1174 2471 1359 2528 Romae
1379 2471 1749 2541 gloriabantur
1781 2492 1958 2532 rerum

376 2555 574 2612 habere
601 2555 814 2612 solium.
844 2557 1025 2616 Tellus
1055 2563 1306 2630 copiosa,
1344 2564 1579 2619 omnium
1611 2565 1876 2619 sationum
1907 2573 1961 2621 et

373 2643 764 2721 plantationum
786 2646 1062 2714 fmcunda;
1091 2651 1316 2705 uhe'tim
1340 2668 1630 2722 procrearis
1653 2670 1758 2709 non
1786 2655 1960 2710 solum

375 2736 560 2802 patria:
581 2747 826 2807 assueta,
853 2740 948 2793 sed
978 2740 1112 2795 adeo
1141 2740 1360 2798 Grtccia:
1390 2745 1471 2798 vel
1500 2748 1846 2802 remotiorum
1876 2763 1962 2804 re-

372 2823 590 2894 gionum
616 2828 721 2901 [Αι.
761 2830 1067 2888 remotioris
1096 2833 1309 2905 horum]
1337 2835 1618 2905 plantaria.
1659 2836 1814 2892 Patet
1846 2855 1962 2894 am-

375 2916 613 2986 plissime
637 2920 925 2976 uberrimis
949 2925 1111 2992 agris,
1141 2927 1488 2982 vernantibus
1534 2929 1726 2998 pratis,
1757 2929 1960 2985 dillosis

373 3011 596 3080 campis,
631 3012 915 3083 pinguibus
943 3016 1176 3085 pascuis,
1207 3019 1457 3087 gregibus
1497 3018 1764 3084 lat-tinnis,
1807 3022 1960 3090 equis

2065 1836 2334 1890 montibus
2362 1850 2621 1902 onerosa,
2650 1847 2706 1890 et
2751 1835 2988 1906 quodam
3019 1836 3202 1892 nativo
3231 1851 3500 1892 marmore
3543 1840 3644 1894 de.

2062 1936 2266 1983 comta.

2133 2019 2188 2075 5.
2221 2017 2332 2072 lloc
2358 2033 2489 2087 ergo
2522 2029 2628 2072 tam
2658 2018 2891 2088 speciosi
2934 2024 2990 2071 et
3018 2017 3258 2088 opulenti
3287 2018 3432 2074 orbis
3457 2020 3646 2088 ingens

2061 2109 2411 2172 domicilium,
2467 2125 2538 2176 ir.
2564 2109 2682 2177 dign
2724 2123 2912 2162 manus
2942 2107 3150 2160 Domini
3181 2107 3378 2162 dilecto
3407 2124 3505 2162 suo
3537 2108 3643 2162 Au-

2060 2201 2274 2267 gustino
2293 2199 2607 2268 praeparaxit
2631 2217 2647 2264 ;
2678 2200 2768 2267 qui
2795 2197 3090 2267 quondam,
3112 2199 3202 2252 ubi
3231 2199 3486 2253 mundum
3511 2215 3643 2254 con-

2060 2291 2194 2345 didit
2241 2300 2296 2344 et
2342 2307 2556 2345 omnem
2603 2292 2723 2358 ejus
2769 2298 3018 2344 ornatum
3062 2289 3316 2359 perfecit,
3365 2289 3642 2348 conditum

2063 2383 2278 2436 tandem
2302 2383 2570 2436 hominem
2602 2382 2860 2446 amicum,
2880 2382 2965 2436 cui
2996 2382 3110 2436 lure
3138 2398 3184 2448 p:
3206 2390 3442 2444 raverat,
3474 2382 3641 2436 intro-

2059 2476 2230 2532 dnsit.
2263 2477 2458 2531 Beatus
2490 2477 2648 2544 igitur
2672 2476 2996 2542 Augustinus
3017 2475 3214 2529 dimisit
3237 2473 3444 2528 dulcem
3467 2473 3614 2527 alum

2061 2582 2186 2622 nam
2210 2575 2264 2620 et
2292 2575 2568 2633 augustam
2598 2575 2820 2619 matrem
2867 2562 3093 2618 Romam
3112 2605 3128 2629 ,
3187 2565 3515 2632 amplectens
3545 2576 3640 2631 pt‘O

2061 2658 2236 2729 patria
2261 2656 2746 2726 pereg-inationetn
2789 2654 3129 2722 longinquam
3161 2662 3214 2708 et
3262 2653 3639 2722 periculosam,

2062 2758 2118 2803 ut
2161 2748 2228 2803 de
2267 2747 2612 2807 trementibus
2653 2747 2834 2801 nation
2859 2745 2958 2798 bus
3010 2745 3061 2798 in
3113 2745 3366 2813 patientia
3411 2745 3639 2798 fructum

2061 2838 2248 2904 ferret,
2271 2845 2326 2892 et
2351 2837 2718 2892 haereditatzm
2742 2835 3124 2905 sempiternam
3148 2835 3361 2890 Christo
3391 2837 3639 2903 acquire-

2062 2939 2164 2986 ret.
2193 2929 2370 2984 Exit-it
2408 2931 2474 2982 de
2513 2929 2784 2982 senatoria
2813 2929 3136 2996 cognatione
3189 2943 3290 2982 sua
3313 2941 3436 2982 cum
3465 2925 3638 2996 patri.

2063 3021 2224 3075 arcba
2257 3020 2547 3084 Abraham,
2587 3026 2640 3072 ct
2667 3018 2889 3072 veniens
2918 3017 2970 3071 in
3000 3026 3197 3072 terram
3227 3030 3261 3070 a.
3307 3016 3418 3070 Deo
3462 3014 3641 3084 provi-

376 3110 430 3158 et
469 3103 727 3193 armentis
756 3104 977 3161 bellicis.
1012 3105 1239 3175 lrrigant
1283 3111 1684 3164 crebrescentes
1732 3112 1955 3166 fontium
1985 3131 2030 3193 c
2063 3127 2176 3168 sam
2207 3112 2378 3166 factus
2405 3124 2487 3165 est
2531 3115 2582 3165 in
2607 3120 2819 3179 gentem
2851 3124 3123 3180 magnam.
3143 3108 3522 3178 Multiplicatus
3559 3115 3642 3164 est

375 3192 748 3262 scaturigines,
781 3194 939 3250 rivuli
979 3196 1263 3264 salientes,
1295 3198 1510 3254 ﬂumina
1539 3201 1764 3270 insignia
1793 3211 1847 3258 et
1884 3205 1961 3257 l'a—

376 3293 524 3335 mosa
546 3321 563 3347 ,
611 3280 760 3336 lacus
789 3291 845 3337 et
869 3290 1060 3352 stagna
1091 3287 1326 3354 piscibus
1353 3296 1410 3342 et
1450 3290 1641 3345 avibus
1678 3307 1742 3346 ac
1784 3293 1968 3347 navali.

375 3379 680 3436 commeatu
711 3373 944 3439 assidua,
996 3375 1214 3430 urbibus
1244 3385 1297 3432 et
1338 3379 1550 3448 populis
1591 3382 1958 3436 acceemmoda.

376 3453 652 3521 Frondeat
680 3461 783 3518 luci
826 3471 883 3518 et
924 3479 1169 3532 nemora,
1214 3469 1536 3538 campestria
1576 3479 1631 3524 ct
1681 3479 1958 3538 moutana,

374 3553 567 3619 glande
593 3562 647 3609 et
675 3553 936 3612 fructibus
963 3556 1298 3614 silvestribus
1337 3561 1515 3630 plena,
1543 3563 1769 3619 diversis
1797 3580 1961 3619 vena-

376 3644 518 3700 tibus
539 3646 813 3716 opulenta.
839 3646 975 3710 Sunt
995 3658 1049 3704 et
1068 3649 1216 3706 silvae
1244 3655 1764 3720 castanem,divitum
1787 3656 1962 3726 epulis

375 3747 608 3808 acceptae
632 3756 646 3795 :
672 3739 848 3795 vineta
871 3739 977 3814 [ΑΙ.
997 3741 1211 3815 vinctis]
1241 3758 1455 3813 quoque
1476 3761 1581 3800 non
1608 3747 1777 3800 solun.
1794 3745 1963 3803 (ἱειΙΙίς

373 3828 454 3884 eis
470 3839 523 3883 et
544 3828 762 3895 Italicis,
779 3831 874 3885 sed
893 3831 1055 3885 etiam
1073 3831 1312 3896 Albanis,
1337 3833 1598 3901 Argolicis
1618 3845 1673 3889 et
1691 3834 1957 3902 Puniceis,

374 3922 515 3977 arvis
543 3922 869 3992 respondent
915 3922 1024 3997 [AL
1055 3924 1424 3996 respondebit]
1473 3926 1780 3981 uberrimis.
1825 3926 1962 3982 Sunt

375 4014 462 4077 hic
485 4012 661 4069 fontes
705 4014 1026 4078 salinarum,
1061 4024 1186 4071 sunt
1213 4024 1271 4074 et
1289 4017 1464 4072 fontes
1485 4007 1674 4084 calidi,
1695 4017 1962 4089 calidique

373 4105 552 4171 lluvii,
609 4106 818 4163 balneis
848 4108 1036 4164 calidis
1062 4109 1342 4174 exstructi.
1388 4107 1526 4184 Quid
1573 4111 1750 4166 dicam
1798 4113 1964 4169 maris

374 4193 608 4260 divitias,
660 4209 781 4266 qua:
811 4211 918 4250 non
949 4196 1123 4252 solum
1154 4199 1430 4254 navalibus
1457 4201 1744 4264 mercibus,
1775 4217 1961 4256 verum

372 4283 535 4338 etiam
567 4284 861 4342 innumeris
903 4287 1130 4358 piscium
1175 4288 1459 4358 generibus
1496 4289 1600 4345 hoc
1646 4304 1870 4359 regnum
1904 4299 1963 4348 et

373 4374 585 4442 replent
611 4385 667 4431 et
687 4376 979 4434 decorant?
1001 4377 1145 4435 inter
1163 4394 1286 4449 qua:
1310 4381 1523 4437 diversa
1551 4397 1615 4436 ac
1643 4397 1833 4453 magna
1862 4398 1958 4438 na-

2065 3212 2122 3257 ut
2148 3203 2316 3257 stella:
2347 3203 2498 3266 cwli,
2547 3203 2601 3255 in
2630 3211 2938 3256 sanctorum
2969 3202 3311 3256 multitudine
3338 3202 3556 3271 sequaci
3585 3209 3642 3256 et

2062 3294 2296 3362 gentium
2343 3293 2542 3362 populo
2575 3291 2736 3346 ﬁdeli.
2773 3291 2920 3346 Bene
2959 3292 3136 3361 itaque
3166 3291 3217 3345 in
3249 3300 3329 3344 tot
3377 3292 3516 3346 ﬁlios
3559 3291 3639 3346 di-

2063 3386 2308 3441 lectionis
2340 3383 2614 3450 excrevit,
2662 3385 2753 3452 qui
2786 3400 2882 3454 pro
2922 3383 3234 3451 alienigenis
3265 3384 3498 3438 animam
3543 3400 3640 3454 po,-

2062 3490 2192 3530 nere
2235 3474 2398 3529 venit.
2445 3474 2548 3528 Alii
2581 3472 2812 3541 fortiter,
2843 3472 2943 3528 iste
2980 3481 3034 3529 et
3073 3472 3284 3527 fortiter
3311 3483 3366 3528 rt
3415 3473 3642 3529 feliciter

2062 3566 2212 3628 vicit,
2243 3564 2333 3634 qui
2365 3563 2595 3617 martiali
2637 3563 2816 3618 animo
2844 3564 3178 3618 incruentum
3218 3563 3528 3635 martyrium
3557 3573 3640 3618 tu-

2063 3656 2142 3711 lit.
2175 3656 2318 3710 Bene
2345 3655 2505 3710 etiam
2525 3691 2542 3720 ,
2572 3653 2661 3726 qui
2710 3654 2887 3709 omnia
2915 3653 3129 3724 reliquit
3155 3662 3212 3708 et
3251 3654 3374 3709 caeli
3417 3670 3639 3724 regnum

2061 3746 2292 3802 obtinuit
2320 3754 2376 3800 et
2421 3745 2507 3800 hic
2540 3744 2718 3799 omnia
2747 3744 2846 3815 (in)
2877 3744 3184 3814 centuplum
3226 3745 3457 3814 recepit;
3488 3745 3642 3814 cujus

2061 3836 2302 3904 angelica
2332 3835 2567 3891 charitas
2605 3845 2660 3890 et
2697 3835 3103 3904 generosissima
3135 3835 3426 3891 liberalitas
3448 3875 3464 3900 ,
3520 3851 3641 3906 quas

2061 3927 2310 3982 omnibus
2345 3926 2642 3994 largis-ima
2683 3935 2739 3980 et
2775 3925 3090 3996 sibimetipsi
3137 3935 3255 3981 erat
3300 3923 3635 3994 parcissima,

2063 4016 2168 4070 hoc
2218 4013 2736 4071 abundantissimum
2789 4030 3049 4084 regnum,
3096 4016 3340 4086 superbis
3389 4015 3641 4084 Augustis

2062 4122 2401 4177 pomposum,
2433 4107 2640 4162 calcato
2668 4108 2910 4176 appetitu
2934 4107 3058 4162 fecit
3084 4107 3328 4162 omnibus
3351 4106 3541 4161 beneﬁ.
3561 4107 3640 4162 io-

2062 4214 2202 4254 sum.
2228 4197 2375 4252 Felix
2403 4207 2710 4268 paupertas,
2735 4213 2854 4268 qua
2885 4205 2990 4251 tam
3016 4197 3214 4252 multos
3236 4196 3452 4250 ditavit!
3484 4197 3641 4254 beata

2063 4288 2416 4355 abstinentia,
2473 4303 2591 4356 qua:
2645 4300 2860 4358 semper
2923 4285 3316 4342 indeticientcm
3385 4285 3637 4344 famiiiam

2062 4381 2264 4453 pascit!
2311 4379 2432 4448 Quo
2474 4393 2535 4436 se
2582 4381 2830 4446 arctavit,
2883 4381 2991 4435 nos'
3023 4378 3414 4449 ampliﬁCamur
3446 4397 3457 4431 :
3495 4377 3641 4448 quod

373 4465 542 4524 tatilia
589 4468 876 4537 capiuntur
917 4471 1136 4540 passim,
1167 4471 1407 4543 delphini
1449 4481 1504 4528 et
1548 4473 1704 4534 vituli
1741 4477 1961 4545 marini,
1991 4507 2038 4568 ο
2060 4473 2340 4544 jejunavit,
2374 4487 2469 4527 nos
2498 4471 2816 4541 epulamur:
2849 4470 2956 4525 imo
3011 4471 3126 4540 ipse
3171 4471 3224 4526 in
3267 4471 3376 4525 suis
3417 4468 3640 4524 Incredi-

373 4565 536 4626 atque
562 4559 778 4630 insuper
807 4571 1106 4619 montuosa:
1155 4564 1389 4635 balenae.
1416 4564 1632 4635 [tabent
1673 4567 1961 4639 conchylia.

373 4663 538 4717 super
561 4646 767 4706 Indicas
784 4665 847 4706 ae
871 4650 1122 4707 Sidonias
1140 4657 1434 4724 tincturas;
1457 4666 1512 4713 et
1531 4659 1779 4715 decorem
1801 4673 1956 4715 suum

374 4739 502 4794 dum
529 4741 661 4795 alias
685 4743 867 4798 omnia
897 4754 1162 4802 vetustate
1191 4756 1402 4802 mutant
1427 4758 1519 4802 aut
1548 4750 1812 4816 minuunt,
1843 4751 1960 4818 haec

379 4833 619 4890 tenacius
648 4834 944 4902 illustrant,
976 4853 1077 4894 nec
1105 4839 1223 4895 sole
1252 4855 1352 4895 nec
1374 4839 1545 4894 imbre
1565 4841 1786 4895 violant.
1815 4841 1960 4896 Inest

373 4925 598 4980 conchis
652 4939 1094 4983 ornamentorum
1142 4930 1406 5002 pretium,
1447 4931 1709 4985 unionum
1757 4932 1962 4992 scilicet

376 5025 712 5086 gemmantes
737 5019 982 5082 orbfculi,
1005 5021 1244 5075 candore
1272 5021 1536 5090 splendidi
1567 5030 1622 5088 et
1646 5025 1963 5091 margarita-

379 5123 495 5164 rum
524 5109 856 5176 multicolora
881 5113 1097 5168 decora.

450 5196 664 5256 Rubcnt
692 5199 830 5266 alite,
878 5200 995 5254 alite
1023 5201 1214 5266 virent,
1260 5203 1346 5256 ha:
1379 5216 1676 5272 purpureo,
1700 5203 1783 5256 has
1827 5201 1960 5273 hya-

379 5292 652 5359 cinthino,
703 5293 784 5348 ha:
812 5296 1027 5363 prasino
1053 5296 1236 5350 colore
1266 5296 1607 5361 vestiuntur;
1655 5296 1748 5350 sed
1789 5294 1962 5364 major

377 5381 570 5439 harum
599 5381 846 5441 candicat
876 5386 1178 5441 multitudo.
1213 5387 1306 5441 "IS
1336 5386 1614 5441 aurillcum
1645 5386 1852 5454 ingenia
1881 5387 1962 5440 in-

378 5483 465 5532 ter
491 5478 779 5546 prmclaros
825 5478 1028 5550 lapides
1057 5495 1218 5534 auzea
1266 5478 1508 5534 ecclesia:
1537 5479 1803 5533 adornant
1838 5492 1960 5533 mo-

380 5572 506 5640 nilia
536 5591 548 5626 :
582 5575 729 5644 ipsos
758 5585 918 5632 etiam
948 5587 1124 5646 aaquat
1161 5584 1256 5631 aut
1297 5583 1518 5646 SUpcrat
1567 5590 1635 5627 au
1667 5588 1729 5628 ea
1775 5571 1960 5641 Angli-

2065 4567 2166 4629 blus
2187 4566 2366 4620 omnia
2394 4564 2634 4634 possidet
2655 4575 2708 4618 et
2731 4563 3019 4619 exaltatur.
3049 4563 3153 4617 Sed
3177 4561 3300 4616 dum
3327 4561 3426 4617 ista
3455 4559 3641 4616 scribi-

2063 4671 2215 4724 nios,
2245 4655 2351 4710 hoc
2398 4655 2723 4719 maritimum
2768 4653 3004 4725 Elysium
3045 4654 3406 4708 revirescente
3441 4650 3643 4707 mundo

2064 4748 2274 4812 Domit,
2299 4757 2354 4803 et
2382 4748 2521 4801 inter
2550 4746 2818 4816 paschalia
2850 4745 2965 4800 [lore
2985 4755 3036 4798 ta
3067 4744 3331 4816 splendidi
3363 4741 3642 4813 Augustini

2061 4841 2278 4894 sidereo
2308 4839 2554 4902 natabtio
2583 4838 2838 4902 instante,
2868 4837 3014 4892 omni
3038 4836 3236 4890 decore
3265 4835 3464 4890 arrisit.
3485 4833 3643 4889 Juvat

2063 4943 2192 4998 ergo
2217 4929 2281 4983 ad
2307 4929 2610 5010 prtcsignati
2640 4927 2803 4998 ipsius
2832 4928 3095 5002 adventus
3122 4927 3314 4981 seriem
3332 4911 3641 4991 recurrere,

2065 5021 2353 5074 cdemom
2368 5023 2432 5076 de
2455 5019 2745 5082 innumeris
2756 5017 2868 5087 ejus
2881 5018 3161 5072 virtutib‘us
3182 5017 3357 5086 aliqua
3375 5025 3644 5076 retexere.

2135 5111 2186 5168 4.
2221 5113 2441 5168 Viderat
2473 5113 2694 5184 insignis
2723 5112 2908 5181 legifer
2938 5110 3148 5166 Domini
3188 5108 3510 5179 Gregorius,
3555 5126 3647 5164 ve-

2067 5209 2219 5267 nales
2249 5207 2434 5262 Roma:
2471 5222 2698 5278 pueros.
2747 5206 2897 5261 crine
2935 5204 3098 5259 rutilo
3135 5211 3190 5257 et
3235 5201 3406 5256 forma
3452 5200 3648 5256 eximia

2063 5303 2366 5370 gratiosos:
2399 5310 2566 5368 utque
2593 5306 2711 5353 erat
2738 5296 3035 5352 visceribus
3065 5293 3347 5349 charitatis
3384 5292 3437 5346 in
3463 5305 3650 5346 omnes

2064 5389 2306 5456 dill‘usus,
2337 5396 2717 5460 percunctatur
2755 5385 3009 5440 ardenter
3037 5381 3487 5462 tiotuina\gcntis,
3523 5395 3649 5451 pro-

2063 5483 2273 5546 vincim,
2305 5497 2369 5535 ac
2397 5480 2536 5548 regis
2574 5479 2805 5533 illorum.
2836 5475 2997 5530 Audit
3027 5474 3170 5543 quod
3217 5474 3404 5528 iuco’a:
3439 5470 3646 5540 Angeii,
3735 5495 3750 5512 κ

2065 5573 2342 5642 provincia
2369 5572 2524 5624 Deira
2551 5581 2601 5635 ἐ,
2648 5585 2742 5622 res
2774 5567 2891 5621 Alle
2919 5565 3252 5620 vocitaretur
3279 5580 3294 5630 ;
3333 5562 3427 5618 sed
3458 5578 3650 5617 omnes

449 5735 477 5770 ει
506 5724 652 5793 Deiri
686 5746 810 5799 pars
874 5729 1343 5802 Nord/nimborum,
1390 5733 1464 5787 uti
1506 5741 1556 5786 ct
1612 5729 1858 5800 Bernicii,
1911 5728 2126 5788 subinde
2171 5727 2262 5784 sub
2305 5727 2526 5798 propriis
2569 5723 2772 5797 regibus
2828 5723 2986 5793 fuere.
3030 5719 3114 5778 Ibi
3162 5718 3281 5786 Alle
3333 5718 3522 5772 dicitur
3558 5731 3648 5772 rex
