3976 6178
360 281 432 338 53
1550 276 1707 333 \‘lTA
1749 277 1990 333 SANCTI
2031 277 2413 334 AUGUSTIN.
2599 323 2610 344 ι
3529 281 3596 337 Si

359 397 672 466 paganistno
700 397 1137 468 obsequerentur.
1183 392 1442 462 Ingemuit
1477 393 1704 460 benigna
1728 392 1928 456 anima,
1958 396 2007 450 Α
2033 390 2192 445 tionis
2216 400 2395 446 autem
2429 392 2578 446 beati
2600 389 2840 460 Gregorii
2872 407 3020 462 rapa:
3047 401 3270 461 quartus
3293 437 3306 458 ,
3337 411 3458 449 cum
3489 395 3600 464 ipse

361 489 545 549 liores,
565 486 812 555 paradiso
829 486 922 541 Dei
939 495 1044 540 tam
1055 499 1338 553 congruos,
1352 485 1502 538 tetris
1513 485 1811 538 damnentur:
1826 482 1931 538 aris

357 579 631 642 addictus;
670 576 764 632 sed
794 593 938 640 mox,
957 577 1030 630 uti
1055 575 1397 646 propheticus
1418 575 1700 643 interpres,
1729 573 1929 642 adgau-

357 666 490 718 dens
517 666 796 720 nominum
826 665 1076 734 auspiciis
1099 683 1116 716 ς
1149 664 1312 728 Bene,
1341 663 1529 730 inquit,
1561 662 1709 730 Anin
1731 679 1744 714 :
1768 675 1931 730 ange-

359 758 458 811 lica
480 757 616 811 lar-ie
641 756 788 811 nitidi
815 774 828 810 :
851 757 990 811 bene
1011 756 1169 820 Deiri,
1193 755 1260 810 de
1281 756 1356 810 ira
1379 755 1471 808 Dei
1492 753 1770 810 cernendi!
1794 754 1928 808 bene

355 870 571 923 quoque
593 869 689 906 rex
709 852 902 907 dicitur
924 853 1060 918 Alle,
1083 850 1234 920 cujus
1263 861 1415 904 terra:
1431 851 1534 922 [ΑΙ.
1564 847 1724 918 terra]
1753 857 1933 903 cante-

359 953 443 995 tur
463 943 699 996 alleluia.
723 941 922 997 Invasit
941 958 1068 1012 ergo
1085 942 1185 995 iter
1202 940 1266 995 ad
1289 942 1485 1009 Anglos
1499 939 1891 995 convertendos
1911 956 1925 1005 ;

357 1035 449 1086 sed
476 1032 660 1100 populi
683 1034 888 1087 romani
916 1031 1194 1095 fractione,
1221 1032 1325 1084 imo
1346 1031 1548 1100 Spiritu
1573 1029 1779 1084 Domini
1800 1030 1928 1084 Jesu

356 1124 538 1176 «uiuida
571 1122 797 1189 provide
827 1122 1090 1189 dictante,
1111 1129 1373 1176 retractus
1419 1131 1529 1185 esu
1565 1119 1809 1174 videlicet
1837 1119 1928 1174 alii

357 1211 530 1265 amico
554 1211 693 1266 hanc
713 1211 936 1278 gratiam
963 1219 1212 1266 servante
1233 1209 1476 1263 Domino.
1503 1208 1569 1262 At
1594 1207 1681 1261 ubi
1711 1214 1928 1272 aposto-

355 1301 521 1352 latum
549 1299 733 1352 [totum
758 1299 1012 1368 suscepit,
1041 1297 1182 1352 unde
1203 1297 1416 1364 gravius
1437 1296 1502 1349 ab
1524 1295 1817 1349 intentione
1832 1308 1926 1348 sua

355 1391 676 1459 pra-peditus
697 1389 928 1454 exstitit,
954 1389 1075 1442 inde
1101 1386 1369 1460 potentius
1391 1387 1670 1441 consilium
1697 1385 1923 1441 invenit:

353 1482 495 1546 quod
518 1481 659 1534 enim
677 1495 837 1549 perse.
860 1496 966 1534 non
990 1479 1180 1548 potuit,
1198 1494 1291 1547 per
1311 1476 1639 1546 splendidam
1660 1477 1926 1530 lucernam

351 1588 505 1625 suam
534 1581 590 1624 et
622 1571 938 1639 armigeram
970 1569 1243 1624 deidei-am
1277 1569 1624 1636 Augustinum
1673 1568 1922 1632 explevit.

352 1663 436 1718 ιιυ
479 1663 728 1719 εἰσινθηέι
751 1663 1039 1718 secundum
1063 1678 1157 1716 cor
1175 1676 1351 1724 suum,
1383 1661 1591 1716 unicum
1623 1659 1674 1714 in
1702 1659 1927 1714 Domino

2033 479 2394 534 Romanorum
2439 480 2745 549 pontiﬁcum
2794 496 3002 550 gemma
3050 482 3439 545 illustrissima,
3489 485 3599 540 luce

2028 569 2234 624 siderea
2259 569 2550 640 Augustino
2573 570 2913 640 praefulgente
2931 570 3108 640 Anglis
3136 572 3276 626 misit
3297 573 3597 630 luminaria.

2030 659 2134 714 Tot
2164 661 2440 716 dominicae
2470 660 2746 732 legationis
2775 661 3128 739 manipulares
3155 650 3221 715 ad
3249 664 3597 732 quadraginta

2030 760 2400 815 numerantur,
2451 761 2712 820 quaterno
2771 752 2977 808 scilicet
3044 753 3263 808 denario
3333 754 3485 824 Legis
3544 766 3603 813 ct-

2032 837 2298 908 Evangclii
2322 850 2552 908 quatuor
2578 841 2826 896 animalia
2859 841 3144 896 imitantes.
3190 841 3293 897 Tot
3320 845 3445 898 olim
3494 844 3594 900 Lc-

2026 928 2159 997 gifer
2213 929 2278 984 ad
2325 931 2762 987 considerandam
2801 940 2997 986 terram
3021 934 3446 1002 repromissionis
3493 937 3590 988 mi-

2025 1028 2171 1072 serat
2201 1020 2596 1088 exploratores;
2645 1019 2738 1075 sed
2787 1019 2891 1088 illi,
2947 1030 3140 1090 printer
3188 1021 3324 1085 duo,
3382 1025 3593 1092 perﬁli;

2028 1108 2113 1164 isti
2159 1118 2311 1166 erant
2341 1109 2550 1176 ﬁdeles;
2601 1110 2674 1164 illi
2708 1109 2795 1164 ﬁlii
2845 1111 3004 1165 alieni
3044 1110 3261 1167 domino
3290 1124 3413 1165 sunt
3451 1130 3597 1172 men,-

2027 1200 2107 1254 titi
2128 1218 2148 1267 ;
2173 1200 2279 1265 isti,
2314 1200 2404 1254 filii
2433 1200 2754 1272 adoptionis,
2787 1202 3125 1257 adhrserunt
3147 1204 3373 1258 veritati.
3409 1203 3601 1260 PIOCO.‘

2026 1290 2222 1345 debaut
2253 1301 2311 1344 ut
2335 1307 2461 1345 oves
2477 1292 2542 1346 ad
2563 1291 2863 1358 victimam,
2879 1294 3078 1360 grande
3099 1295 3300 1348 scilicet
3321 1305 3569 1363 spectacu
3584 1326 3597 1333 -

2030 1381 2137 1436 lum
2167 1382 2362 1438 mundo
2383 1383 2486 1455 [Αἰ.
2514 1381 2738 1453 mundi],
2768 1386 2969 1452 angelis
2996 1393 3049 1438 et
3065 1385 3364 1440 hominibus
3391 1395 3601 1455 Specta-

2028 1471 2188 1536 biles;
2217 1472 2374 1526 aeriis
2390 1474 2762 1542 potestatibus,
2787 1484 2842 1530 nt
2865 1476 3013 1531 acies.
3028 1476 3288 1540 ordinata,
3316 1477 3596 1531 terribiles.

2099 1560 2150 1615 6.
2191 1561 2305 1615 Jant
2353 1563 2561 1616 eminus
2602 1579 2632 1617 a
2668 1576 2894 1630 cognata
2923 1564 3084 1618 domo
3113 1577 3456 1619 execsscrant
3500 1566 3601 1618 ali-

2027 1659 2160 1720 quot
2203 1651 2405 1704 dierum
2439 1651 2644 1715 itinere,
2681 1653 2884 1708 alacres
2913 1654 3050 1708 viam
3082 1655 3450 1709 mandatorum
3495 1655 3591 1709 Do-

352 1756 525 1810 sanai
567 1755 814 1809 desiderii
841 1754 922 1808 sui
955 1752 1271 1816 remedium,
1296 1753 1465 1805 virum
1497 1751 1728 1804 omnium
1762 1751 1921 1804 virtn-
1959 1745 1998 1804 Β
2027 1739 2154 1792 milii
2203 1755 2514 1808 Ρθτευπθτθ
2543 1749 2634 1795 13‘
2671 1757 2799 1796 vero
2827 1742 3037 1800 ἀίοοιιίθ
3077 1744 3340 1811 Vera-"l0.
3379 1745 3604 1816 Spil'illls

353 1855 488 1907 tmn,
517 1844 586 1901 ad
613 1843 886 1897 Dominira
910 1842 1044 1897 bella
1078 1849 1345 1911 paratum,
1375 1856 1470 1909 per
1499 1839 1662 1894 ardua
1694 1848 1748 1893 et
1771 1840 1923 1894 fortia

351 1951 570 1989 corona:
600 1933 848 1998 avidum;
883 1944 938 1988 ut
988 1933 1170 1987 turrim
1211 1932 1373 1986 David
1423 1935 1706 1996 munitum,
1739 1933 1789 1985 in
1821 1947 1926 1998 qua

353 2025 575 2092 clypeos
604 2031 659 2075 et
689 2023 839 2076 basta
870 2023 1148 2092 omnisque
1178 2030 1448 2076 armatura
1481 2020 1727 2088 fortium,
1768 2031 1929 2091 atque

353 2115 419 2167 ad
460 2114 639 2166 «nimia
669 2121 974 2180 comptum:
1029 2129 1119 2167 vas
1148 2112 1381 2167 scientiae
1411 2113 1500 2166 Dei
1539 2111 1926 2179 evangelicum,

352 2219 447 2256 vas
478 2202 762 2256 electionis
788 2201 993 2255 Domini
1021 2217 1262 2255 au'eum.
1298 2201 1587 2255 Mirabatur
1609 2215 1927 2269 generosum

283 2357 286 2362 ι
352 2297 592 2349 animum
627 2312 721 2349 sua
763 2294 1106 2349 amentiorem
1138 2294 1546 2356 exlio-tatioue;
1581 2303 1633 2346 ut
1661 2293 1932 2347 videretur

352 2404 460 2441 non
490 2400 602 2440 tarn
633 2387 785 2454 sequi
818 2385 949 2440 velle
977 2385 1041 2438 ad
1081 2386 1332 2454 palmam,
1385 2400 1547 2452 quam
1580 2399 1927 2455 pra-currere.

423 2479 478 2536 5.
536 2479 657 2534 Coll
691 2489 780 2535 cto
829 2483 1004 2548 itaque
1059 2479 1298 2558 angelico
1352 2479 1684 2533 eruditorum
1732 2476 1929 2532 Christi

347 2586 660 2638 prmcoiium
699 2570 1075 2632 contubernio,
1121 2569 1210 2638 qui
1256 2569 1518 2635 comites,
1566 2568 1835 2634 adjutores
1880 2575 1936 2624 et

345 2653 737 2729 (numeratole
779 2658 1075 2723 Evangelici
1115 2659 1408 2712 existerent
1441 2657 1561 2712 (loci
1607 2657 1934 2726 Augustino;

351 2761 635 2820 postquam
667 2751 945 2805 omnesad
973 2749 1299 2818 propasitum
1339 2764 1474 2816 opus
1513 2748 1716 2818 accepit
1760 2763 1937 2816 protu-

352 2852 476 2912 ptos
501 2850 557 2895 et
583 2842 884 2906 unanimes,
915 2840 1258 2895 incessablles
1287 2840 1447 2893 totius
1476 2840 1626 2893 bona:
1655 2838 1940 2893 voluntatis

351 2931 564 2988 auctori
601 2931 846 2986 immolat
883 2940 1082 2999 Grates.
1121 2929 1230 2984 Nec
1273 2945 1447 2990 intra.
1477 2929 1788 2984 cxbortatos
1817 2927 1938 2980 dili—

351 3021 670 3091 gratissime
699 3030 754 3076 et
779 3030 1015 3075 armatos
1040 3019 1108 3073 ad
1137 3018 1460 3074 fittclifcraut
1505 3017 1685 3084 gloria:
1728 3015 1936 3085 patien-

2027 1829 2218 1899 (Μαῖα.
2270 1847 2412 1896 xxvi,
2460 1831 2546 1899 41,
2572 1842 2619 1884 et
2648 1832 2802 1887 Joan.
2836 1851 2919 1897 xv,
2953 1834 3008 1904 5)
3060 1837 3277 1905 quidem
3325 1848 3604 1906 promptus

2026 1931 2126 1987 est,
2158 1937 2283 1977 raro
2311 1933 2485 1977 auten
2530 1925 2770 1988 inﬁrma;
2812 1935 2883 1991 et,
2916 1927 3042 1982 Siue
3081 1945 3165 1982 me
3210 1931 3336 1982 nihil
3385 1933 3605 1998 potestis

2029 2012 2237 2080 facere;
2269 2015 2492 2069 docendi
2522 2027 2676 2070 erant
2701 2033 2768 2071 ex
2799 2019 3028 2073 lnuuana
3069 1999 3451 2085 imbecillitdc,
3498 2039 3604 2077 non

2029 2105 2096 2160 de
2141 2122 2201 2160 se
2248 2107 2616 2174 prmsnmcndo
2683 2109 2777 2163 sed
2819 2111 2869 2164 in
2912 2111 3019 2166 Deo
3068 2113 3354 2182 sperando,
3387 2112 3606 2168 viriliter

2031 2211 2224 2264 agere;
2257 2205 2309 2250 et
2339 2197 2390 2250 in
2421 2198 2533 2266 ipso
2553 2199 2637 2266 qui
2669 2200 2794 2254 vicit
2821 2201 3096 2269 mundum,
3124 2203 3358 2257 vincere.
3391 2203 3443 2256 In
3473 2204 3612 2266 Deo,

2033 2286 2203 2358 inquit
2255 2287 2568 2355 Psalmista,
2621 2291 2872 2347 faciemus
2917 2294 3167 2349 virtutem
3216 2295 3442 2368 (l’salm.
3495 2313 3604 2362 Lux,

2038 2378 2145 2447 Μ).
2165 2377 2257 2432 Dei
2291 2379 2468 2447 itaque
2498 2381 2730 2444 athletae,
2765 2382 3106 2438 iuunemores
3136 2386 3397 2438 constanti
3419 2404 3446 2437 υ
3473 2403 3604 2452 sum,

2035 2470 2396 2538 surripiuntur
2443 2472 2728 2542 vaniloqua
2761 2473 3032 2527 hominum
3073 2476 3231 2538 fama,
3267 2476 3470 2529 fallacia
3500 2478 3606 2530 da:-

2036 2577 2252 2614 monum
2283 2563 2555 2618 ventilata.
2590 2563 2875 2618 Nuntiatur
2913 2565 3054 2634 quod
3097 2581 3227 2635 gens
3275 2584 3433 2636 quam
3468 2578 3606 2638 pete.

2038 2660 2156 2706 rent
2199 2652 2479 2707 immanior
2521 2655 2708 2709 bellnis
2738 2657 3011 2722 exiStcrc',
3056 2660 3196 2727 quoi
3238 2661 3606 2715 crudelitatem

2037 2740 2207 2810 epu'is
2234 2741 2522 2810 prmfcrret.
2569 2745 2709 2812 quod
2749 2746 3060 2811 sanguin:-m
3108 2749 3447 2801 innocentum
3495 2750 3606 2803 siti-

2035 2839 2140 2896 ret,
2175 2831 2316 2900 quod
2346 2833 2632 2887 (ln'istiana
2658 2853 2685 2884 n
2720 2835 2872 2889 ﬁdem
2904 2837 3231 2902 abhorreret,
3256 2840 3398 2907 quod
3426 2839 3608 2894 salutis

2039 2921 2348 2976 doctoribus
2392 2930 2595 2977 tantmn
2635 2925 2908 2991 suppliciis
2937 2935 2991 2979 et
3033 2927 3265 2980 credibus
3313 2929 3604 2996 responde-

2038 3019 2151 3074 ret;
2185 3021 2400 3066 sanctos
2424 3013 2636 3080 quidem
2667 3013 2780 3065 sine
2809 3030 2966 3068 causa
3011 3015 3166 3082 pler-Ii
3211 3031 3399 3084 priSse,
3432 3017 3609 3071 hostes

352 3116 483 3168 tiam
508 3156 526 3177 ,
553 3113 805 3169 omnibus
831 3111 967 3167 bene
994 3111 1101 3184 [AL
1139 3106 1305 3178 pene]
1344 3109 1568 3176 provis’s
1593 3122 1710 3175 qua:
1756 3104 1935 3160 mundi
1961 3109 2010 3172 ς
2041 3108 2215 3153 autem
2259 3099 2497 3155 veritatis
2542 3116 2642 3154 nec
2687 3101 2894 3156 ratione
2926 3117 3022 3156 nec
3061 3103 3222 3169 signis
3269 3102 3427 3158 flecti.
3476 3104 3607 3159 llinc

347 3205 652 3276 peregrinis
676 3210 1064 3272 competercnt,
1115 3201 1225 3255 Deo
1270 3209 1325 3254 et
1364 3199 1566 3260 angelis
1611 3198 1756 3266 pacis
1780 3212 1934 3252 com-

351 3293 591 3358 incedat,
630 3298 686 3346 et
724 3291 776 3345 in
816 3291 957 3344 viam
995 3296 1266 3359 perpetuae
1290 3287 1476 3343 s'slutis
1502 3286 1754 3341 destinat.
1796 3286 1936 3340 Lon-

351 3399 475 3452 gum
519 3394 609 3437 est
640 3396 936 3450 exponere,
965 3380 1058 3434 sed
1089 3380 1230 3449 pium
1259 3386 1340 3432 est
1367 3379 1622 3443 recolere,
1651 3386 1759 3430 tam
1809 3393 1935 3432 san-

351 3486 450 3528 cta:
479 3481 698 3542 tamque
740 3472 922 3527 dulces
962 3471 1152 3524 aninue
1181 3470 1459 3522 beatorum
1489 3468 1730 3536 t‘rcgorii
1775 3479 1938 3538 atque

352 3565 634 3634 Augustini
674 3571 1093 3630 sanctorumque
1131 3561 1372 3625 fratrum,
1415 3575 1445 3612 a
1487 3559 1740 3614 maternis
1768 3559 1936 3614 visce-

350 3657 501 3713 ribus
531 3653 922 3710 monasterialis
953 3650 1203 3708 Ecclesia)
1233 3651 1557 3716 avulsarum,
1586 3665 1705 3718 quin
1731 3649 1933 3719 spicula

350 3747 645 3802 vulnerata:
691 3743 968 3799 cbaritatis
997 3743 1049 3796 in
1078 3742 1413 3810 separatione
1442 3739 1704 3809 corporali
1754 3753 1938 3794 sense-

351 3839 497 3904 rint,
539 3851 677 3907 quas
714 3835 1125 3904 inprecationes
1165 3833 1334 3888 beata:
1385 3832 1767 3895 restitutionis,
1817 3846 1935 3900 qua:

351 3925 610 3995 suspiria,
650 3939 786 3993 quas
822 3923 1087 3994 lacrymas
1127 3921 1352 3976 invicem
1402 3921 1728 3976 reddiderint
1762 3936 1779 3974 :
1812 3937 1934 3976 cum

351 4031 414 4070 se
450 4017 592 4070 ultra
645 4015 893 4069 dilectam
940 4013 1215 4082 patriam,
1277 4012 1384 4065 imo
1425 4021 1638 4065 mutuos
1688 4019 1936 4080 aspectus

353 4116 462 4161 tam
489 4102 919 4162 desiderabilium
949 4112 1159 4173 patrum
1187 4118 1250 4155 ac
1273 4101 1565 4166 sociorum,
1589 4100 1640 4154 in
1671 4101 1773 4154 hoc
1797 4101 1937 4154 exsi-

356 4197 429 4251 lio
468 4195 681 4251 visuros
720 4211 824 4249 non
863 4199 1172 4264 sperarent;
1212 4199 1267 4244 et
1308 4190 1372 4245 ad
1418 4198 1524 4245 tam
1564 4189 1933 4256 longinquam,

360 4293 464 4340 tam
511 4292 790 4338 externam
829 4281 1151 4344 barbariem,
1201 4291 1414 4347 tamque
1445 4278 1650 4332 incerta
1679 4277 1800 4331 vita:
1828 4277 1936 4330 dis-

358 4374 581 4429 crimina
615 4373 1070 4442 transmigrarent.
1102 4369 1191 4423 Sic
1219 4368 1489 4438 qiiondam
1519 4382 1696 4421 arcam
1729 4367 1932 4420 Domini

2041 3203 2169 3257 ergo
2198 3188 2539 3258 desivcrantes
2569 3190 2750 3243 talium
2781 3191 2937 3246 saluti
2962 3200 3012 3245 et
3035 3209 3131 3246 suo
3159 3191 3440 3262 profcctni,
3474 3211 3607 3264 pne-

2040 3280 2269 3348 positum
2313 3295 2467 3333 suum
2515 3279 2667 3334 reniti
2700 3296 2804 3334 non
2831 3282 3094 3336 valentem
3127 3283 3511 3350 Augutinnm,
3541 3285 3606 3338 ad

2039 3371 2253 3434 beatum
2282 3370 2596 3438 Gregorium
2626 3373 2800 3426 fecere
2831 3373 3060 3442 legatum
3081 3417 3095 3439 ,
3127 3392 3283 3446 quem
3315 3378 3513 3445 Anglis,
3563 3379 3608 3434 si

2037 3457 2306 3512 Christum
2349 3462 2704 3530 susciperent,
2747 3461 2972 3517 dederat
3010 3465 3352 3534 episcopum;
3397 3477 3612 3524 orantes

2040 3549 2331 3603 humillime
2361 3565 2456 3619 per
2485 3550 2676 3618 ipsmn,
2710 3560 2975 3620 quatenus
2995 3567 3087 3606 eos
3113 3554 3418 3609 absidvcrct
3442 3572 3469 3608 a
3498 3565 3607 3610 tam

2038 3639 2338 3706 periculoso
2384 3649 2438 3694 ct
2485 3640 2813 3694 infructuoso
2859 3643 2998 3712 apud
3041 3643 3249 3711 ignotas
3276 3645 3480 3712 linguas
3504 3647 3611 3700 dis-

2039 3731 2232 3800 pendio
2260 3731 2520 3794 laborum,
2549 3741 2602 3785 et
2651 3733 2784 3800 placi
2808 3735 2912 3787 lum
2945 3735 3010 3787 ad
3040 3751 3131 3787 sua
3165 3751 3319 3789 annui
3343 3745 3423 3790 ret
3473 3740 3611 3792 redi-

2039 3830 2170 3876 ttun.
2202 3821 2357 3877 Tales
2384 3823 2524 3876 enim
2557 3823 2729 3874 adhuc
2758 3833 2910 3876 erant
2937 3824 3172 3892 invalidi,
3214 3834 3270 3879 et
3294 3827 3356 3878 ad
3385 3827 3611 3880 dominiv

2037 3926 2154 3964 eam
2183 3912 2393 3979 quidem
2423 3910 2813 3980 expeditionem
2845 3912 3093 3982 prompti,
3119 3913 3210 3967 sed
3259 3915 3610 3976 inexercitati.

2037 4000 2173 4054 sicut
2199 4001 2464 4069 quondam
2510 4001 2748 4069 discipuli
2784 4002 3012 4068 Domini,
3060 4005 3318 4070 volentes,
3367 4006 3458 4060 sed
3507 4023 3609 4060 non

2041 4093 2280 4145 valentes
2319 4093 2462 4146 illmn
2504 4093 2570 4145 ad
2615 4093 2913 4160 passionem
2944 4094 3115 4165 sequi,
3168 4095 3377 4149 interim
3419 4097 3613 4150 conde—-

2037 4183 2231 4237 bantur
2256 4182 2354 4237 sub
2382 4184 2552 4253 asylo,
2581 4183 2751 4238 donec
2783 4185 3124 4238 indttcrcntttr
3151 4186 3343 4237 virtute
3371 4201 3434 4239 cx
3469 4187 3610 4248 alto;

2037 4275 2147 4326 visa
2177 4289 2302 4327 vero
2332 4273 2493 4342 ipsius
2523 4274 2930 4329 resurrectionis
2975 4283 3027 4328 et
3055 4275 3380 4328 ascmsiouis
3422 4277 3610 4340 gloria.

2040 4364 2112 4418 ita
2157 4372 2279 4416 sunt
2300 4363 2515 4417 animati
2544 4371 2597 4416 et
2624 4363 2852 4430 Spiritus
2878 4363 3120 4417 Paracliti
3151 4379 3375 4430 capaces
3403 4365 3577 4442 effecti
3596 4407 3610 4428 ,

359 4465 587 4522 ferentes
614 4480 787 4520 vacca:
807 4507 822 4532 ,
865 4475 920 4519 et
946 4474 1065 4533 post
1095 4461 1251 4516 fmtus
1289 4461 1583 4514 abstractos
1613 4460 1934 4526 mugiebant,
1968 4481 2018 4539 ι)
2042 4463 2099 4507 ut
2125 4451 2428 4522 passionum
2459 4453 2621 4522 ipsius
2651 4453 2924 4522 participio
2955 4453 3070 4521 plus
3097 4455 3410 4523 gauderent,
3457 4445 3613 4524 quam

358 4562 635 4610 etlamen
673 4569 705 4607 a
747 4561 892 4608 recta
935 4553 1034 4605 via:
1083 4551 1220 4606 linea
1274 4566 1531 4617 nusquam
1577 4548 1934 4602 declinabant.

356 4643 538 4699 Sancti
563 4657 798 4714 namque
827 4649 1016 4697 euntes
1047 4641 1192 4693 ibant
1219 4649 1272 4692 rt
1299 4640 1494 4693 flebant
1525 4637 1847 4691 transeundo
1871 4636 1938 4688 ad

356 4733 478 4788 vita:
507 4735 760 4804 patriam,
810 4732 1085 4786 mittentes
1134 4732 1186 4784 in
1238 4729 1485 4800 lacrymis
1529 4727 1733 4782 semina
1771 4726 1938 4779 virtu-

357 4833 468 4878 tum
493 4841 510 4880 :
536 4831 815 4880 venientes
844 4830 1023 4878 autem
1054 4823 1271 4876 venient
1296 4821 1348 4875 in
1375 4819 1786 4884 resurrectione,
1818 4833 1939 4872 cum

358 4914 691 4970 exultatione
738 4922 1016 4985 portantes
1044 4913 1346 4982 manipulos
1377 4911 1567 4966 Iustitia:
1599 4911 1668 4966 de
1709 4911 1853 4965 luctu
1884 4920 1941 4964 et

357 5013 550 5060 morte.
607 5005 793 5060 Annus
843 5013 969 5059 tunc
1023 5013 1141 5059 erat
1192 5004 1259 5058 ab
1314 5003 1680 5056 incarnatione
1730 5001 1939 5055 Domini

360 5105 424 5162 ⁸,
474 5095 921 5174 segcentesimus,
977 5093 1309 5164 principatus
1359 5099 1535 5145 autem
1573 5081 1813 5144 "Mani’itii
1871 5091 1938 5145 ab

359 5183 597 5254 Augusto
633 5183 1056 5255 quinquagesimi
1083 5182 1257 5253 quarti
1302 5197 1471 5233 annus
1518 5190 1737 5250 quartus
1789 5179 1938 5234 deci-

360 5287 523 5336 mus,
578 5286 647 5326 ex
704 5286 812 5340 quo
865 5286 991 5326 vero
1044 5269 1198 5339 Angli
1246 5269 1570 5323 Britanniam
1637 5270 1941 5323 invaserant

357 5378 532 5418 annus
573 5363 790 5440 circiter
821 5361 1146 5418 centesimus
1187 5361 1686 5430 quinquagesimus,
1735 5361 1943 5415 ordina-

361 5517 520 5586 {uisse
547 5517 612 5568 ub
643 5533 781 5570 anno
803 5516 910 5588 559
939 5533 1096 5588 usque
1136 5515 1422 5588 ad‘annnm
1606 5513 1822 5588 Conanti
1849 5531 1937 5577 po-

365 5582 456 5640 test
488 5588 588 5638 vita
617 5589 783 5639 sancti
813 5582 1068 5656 Gngorii,
1100 5588 1159 5637 l2
1181 5584 1356 5638 Martii
1378 5582 1585 5637 exiliis.
1605 5586 1762 5647 edita,
1791 5599 1838 5637 ι’.
1863 5601 1936 5649 ut,

362 5665 411 5709 et
437 5666 616 5708 nostra
646 5657 834 5709 ibidem
862 5657 1146 5710 Annorum.

436 5737 459 5762 ⁸
502 5724 617 5782 luto
640 5730 803 5782 totum
845 5736 950 5782 rrnt
981 5743 1144 5780 (mnus
1177 5726 1274 5780 595
1296 5743 1414 5781 a'ra'
1447 5725 1747 5794 ronnunuis,
1793 5735 1939 5793 a'que

2041 4545 2291 4597 timerent
2336 4544 2481 4598 illttm
2529 4545 2592 4595 ad
2645 4545 2841 4597 {ethera
2891 4545 3160 4616 subanui.
3216 4546 3432 4600 Poterat
3491 4557 3614 4603 tunc

2041 4632 2360 4702 magnanimi
2425 4631 2667 4699 Gregorii
2724 4632 2996 4695 Charitas,
3045 4635 3193 4702 quasi
3246 4635 3313 4687 de.
3363 4633 3615 4690 frustrato

2009 4725 2272 4798 gincmpto
2337 4729 2391 4776 et
2455 4725 2520 4776 de
2578 4723 2814 4777 ludibriis
2862 4726 3156 4776 «immonum
3227 4725 3616 4793 insultantium,

2040 4816 2366 4886 perturbari,
2399 4817 2495 4870 nisi
2525 4824 2766 4886 speraret
2812 4816 2862 4868 in
2905 4815 3117 4870 nomine
3148 4815 3378 4883 Domini,
3427 4816 3479 4869 in
3508 4831 3617 4884 quo

2039 4923 2133 4962 sua
2175 4918 2346 4978 empta
2378 4909 2628 4964 cr'dcbat
2675 4908 2896 4962 feliciter
2941 4907 3143 4976 perﬁci.
3191 4906 3446 4976 Repletus
3488 4921 3617 4975 ergo

2039 5000 2227 5069 spiritu
2271 5001 2500 5064 virtutis,
2549 5000 2708 5052 mittit
2738 5013 2833 5068 per
2861 4999 3048 5052 ducem
3081 4996 3430 5064 Augustinum
3461 4996 3616 5050 Cbric

2040 5091 2106 5146 sti
2139 5090 2429 5159 peregrinis
2479 5092 2613 5143 lianc
2637 5089 2917 5157 epistolam
2947 5097 3179 5159 paterna-
3207 5085 3619 5148 exhortationis,

2041 5180 2272 5234 suadens
2325 5189 2378 5233 et
2433 5179 2530 5246 ipsi
2584 5181 3010 5249 obtemperare,
3065 5178 3316 5245 viamque
3370 5183 3427 5228 et
3479 5191 3617 5241 opus

2041 5281 2297 5341 ereptum,
2326 5287 2493 5338 usque
2522 5269 2586 5322 ad
2620 5272 2846 5340 palmam
2876 5281 2930 5327 ct
2956 5286 3208 5327 coronam
3236 5267 3416 5337 gloria:
3441 5265 3492 5320 in
3524 5265 3615 5321 Dei

2044 5361 2307 5429 adjutoriu
2333 5360 2557 5414 ﬁdenter
2583 5361 2857 5430 ptrﬁcere.

2042 5515 2129 5568 ille
2170 5526 2280 5568 erat
2327 5515 2570 5571 Mauricii
2617 5528 2834 5587 rymrlns
2867 5518 3116 5587 decumis.
3155 5515 3391 5584 Gregorii
3444 5531 3615 5585 papa,

2043 5595 2254 5656 quartus
2303 5588 2420 5656 quin
2460 5598 2508 5640 et
2558 5584 2769 5639 indictio
2820 5586 2884 5656 li
2916 5587 3056 5656 infra
3090 5584 3145 5656 in
3187 5587 3404 5652 crustula
3447 5584 3617 5640 sancti

2045 5653 2274 5724 Gregorii
2301 5653 2455 5708 etiam
2478 5659 2652 5710 citata.
2684 5656 2831 5723 Apud
2863 5654 3054 5709 Bcdum
3079 5654 3167 5709 lib.
3199 5672 3236 5723 ι,
3267 5673 3323 5712 r.
3346 5656 3433 5722 23,
3463 5656 3615 5710 omit-

2044 5728 2165 5779 titur
2191 5743 2354 5783 annus
2385 5726 2591 5781 Christi.
