4032 6186
375 250 444 306 55
1171 246 1475 306 S.\NCTUS
1515 247 1940 306 AUGUSTINLS

2041 249 2357 310 ηειολωι
2397 255 2809 314 APOSTOLUS.
3557 253 3628 308 ὅθ

439 363 492 420 ’1.
533 362 843 432 Gregorius,
869 375 1058 417 servus
1099 374 1374 416 servorum
1407 360 1521 427 Dei,
1545 360 1711 414 servis
1739 358 1948 414 Domini
1978 361 2022 418 Α
2052 362 2180 416 mali
2245 370 2300 417 ut
2346 362 2536 420 fortius
2587 381 2746 436 quam
2796 373 3066 436 coeperant
3105 374 3279 436 empta
3319 379 3633 437 percurrere

369 457 556 512 nostri.
586 455 722 522 Quia
753 453 940 506 melius
969 451 1139 506 fuerat
1171 453 1310 507 bona
1342 467 1447 507 non
1465 453 1735 522 incipere,
1787 466 1948 520 quam

367 550 434 600 ab
464 546 543 600 his
569 560 688 614 qua:
718 551 898 612 empta
919 552 1048 596 sunt.
1071 543 1393 611 cogitatione
1421 552 1713 597 retrorsum
1743 541 1947 608 redire;

364 650 576 690 summo
621 633 834 697 studio,
888 634 1214 688 dilectissimi
1267 633 1396 700 filii,
1449 643 1662 702 oportet
1710 643 1766 688 ut
1815 649 1950 701 Opus

298 763 305 796 ε
366 729 582 791 bonum,
630 727 772 795 quod
799 727 1090 781 auxiliante
1121 726 1346 780 Domino
1373 727 1632 796 ccepistis,
1663 726 1946 796 impleatis.

363 815 472 870 Nec
500 831 628 885 ergo
657 815 810 870 labor
836 832 947 880 vos,
995 831 1095 870 nec
1133 816 1514 872 maledicorum
1544 817 1817 871 hominum
1847 817 1949 871 lin-

362 923 478 974 gum
523 908 866 973 deterreant;
913 907 1008 961 sed
1053 909 1199 963 omni
1247 908 1520 976 instantia,
1565 909 1817 980 onmiqne
1844 908 1950 964 fer-

365 1014 512 1059 vnre.
543 1013 660 1067 qure
688 999 994 1064 inchoastis,
1021 999 1133 1055 Deo
1159 1009 1404 1068 auctore,
1431 1003 1689 1071 peragite,
1717 1003 1948 1059 scientes

362 1086 508 1156 quod
551 1089 786 1143 laborem
838 1105 1087 1156 magnum
1121 1091 1292 1160 major
1319 1101 1533 1147 :eterna:
1580 1094 1948 1149 retributionis

362 1179 530 1242 gloria
578 1179 840 1247 sequitur.
890 1178 1167 1234 Remeanti
1208 1189 1385 1234 autem
1417 1181 1710 1249 Augustino
1741 1196 1949 1252 pnepo-

361 1268 465 1320 sito
493 1276 692 1329 vestro.
725 1285 885 1338 quem
916 1278 970 1324 et
999 1270 1243 1324 abbatem
1275 1271 1426 1324 vobis
1453 1270 1843 1335 (onstituimus,
1892 1273 1945 1327 in

361 1359 610 1414 omnibus
628 1360 902 1416 humiliter
921 1360 1136 1415 obedite
1154 1379 1167 1427 ;
1185 1362 1416 1440 scientes
1432 1362 1534 1417 hoc
1546 1361 1735 1416 vestris
1749 1363 1949 1418 anima-

363 1450 460 1502 bus
506 1466 602 1519 per
645 1451 819 1505 omnia
867 1451 1222 1520 profuturum,
1271 1453 1524 1522 quidquid
1550 1469 1579 1506 a
1607 1453 1758 1509 vobis
1788 1453 1948 1508 fuerit

363 1537 414 1590 in
459 1539 575 1607 ejus
621 1539 982 1594 admonitione
1037 1541 1382 1610 completum.
1411 1541 1761 1612 Omnipotens
1809 1542 1948 1598 Dens

361 1643 455 1682 sua
484 1645 579 1684 vos
605 1630 773 1698 gratia
801 1639 1067 1699 protegat,
1099 1639 1153 1685 et
1180 1631 1345 1686 vostri
1375 1631 1573 1687 laboris
1619 1632 1845 1687 fructum
1891 1632 1943 1686 in

2050 449 2314 521 intrepide
2359 454 2680 522 gauderent,
2728 465 2783 509 et
2831 470 2980 510 more
3025 458 3349 527 optimorum
3404 457 3630 513 militum

2050 543 2224 598 acrius
2246 553 2366 614 post
2389 543 2562 614 fugam
2588 545 2868 600 victoriam
2897 553 3301 615 extorquerent.
3328 545 3476 600 Ibant
3502 561 3634 616 ergo

2048 648 2168 687 cum
2197 634 2505 690 coelestibus
2547 635 2862 689 animalibus
2898 644 3022 688 ante
3051 635 3213 689 facies
3256 650 3412 700 suas,
3441 647 3496 688 et
3524 652 3632 692 non

2048 725 2454 778 revertebantur
2482 740 2599 779 cum
2626 725 2956 780 incederent.
2987 724 3103 780 Jam
3133 726 3210 779 eis
3230 725 3338 779 dux
3365 741 3492 780 suus
3520 742 3631 780 ma-

2048 814 2328 881 gnanimus
2353 814 2684 884 Gregoriano
2708 830 2804 870 ore
2841 815 3020 869 dicere
3065 816 3345 870 videbatur
3385 816 3634 885 Augusti-

2049 919 2189 958 nus:
2229 905 2364 960 Cum
2390 905 2724 974 jucunditate
2753 905 2988 972 exibitis,
3021 916 3075 959 et
3101 922 3220 960 cum
3251 907 3442 972 gaudio
3461 908 3630 963 dedu-

2047 994 2241 1049 cemini
2267 1014 2276 1044 :
2309 1011 2428 1048 nam
2456 1005 2511 1050 et
2537 1006 2746 1050 montes
2793 1010 2974 1064 reges,
3005 1005 3059 1050 et
3090 996 3255 1051 colles
3285 997 3445 1052 duces
3481 999 3634 1052 vobis

2047 1084 2318 1150 exsil'ent,
2348 1095 2724 1156 ex~pectantes
2760 1102 2857 1142 vos
2891 1089 3164 1156 suscipere
3201 1103 3321 1142 cum
3351 1089 3564 1156 gaudio.
3588 1088 3634 1143 Ο

2049 1173 2365 1229 immensum
2389 1176 2636 1244 gaudium
2652 1215 2668 1242 ,
2689 1191 2815 1244 quo,
2841 1177 2966 1231 licet
3001 1193 3096 1246 per
3124 1177 3316 1232 acerba
3342 1188 3397 1234 et
3420 1195 3633 1249 aspera,

2047 1263 2156 1320 itur
2183 1266 2246 1319 ad
2275 1267 2667 1322 interminabile
2707 1283 2930 1337 regnum
2961 1284 3081 1324 cum
3118 1269 3438 1324 indelicienti
3477 1270 3634 1339 c0pia

2049 1357 2358 1411 meritorum
2389 1366 2445 1413 et
2469 1358 2609 1414 dulci
2642 1360 2813 1415 fructu
2856 1361 3200 1427 quatsitorum
3229 1361 3337 1415 Deo
3366 1361 3630 1416 filiorum!

2048 1447 2174 1504 Haec
2213 1450 2567 1518 intelligentes
2613 1453 2784 1506 sancti
2819 1451 3141 1506 festinabant
3177 1469 3275 1522 per
3312 1453 3533 1508 adversa
3577 1460 3634 1509 et

2049 1553 2326 1608 prospera,
2380 1555 2476 1608 per
2521 1541 2676 1606 plana
2725 1550 2781 1594 et
2828 1541 3070 1606 dumosa,
3123 1541 3350 1596 transire
3391 1543 3459 1595 ad
3506 1556 3632 1596 vera

2049 1629 2294 1697 prtemia;
2325 1629 2390 1682 ad
2413 1629 2592 1683 omnia
2625 1630 2916 1698 patientes,
2945 1646 3116 1698 usque
3142 1629 3210 1684 ad
3242 1638 3470 1685 mortem
3509 1632 3632 1686 facti

364 1726 564 1772 mtcrna
617 1734 703 1774 me
742 1720 911 1789 patria
952 1721 1135 1776 videre
1176 1722 1438 1776 concedat
1479 1739 1492 1774 :
1535 1731 1798 1791 quatenus
1845 1722 1946 1782 etsi
1979 1717 2024 1777 Β
2051 1719 2381 1775 obedientes.
2411 1719 2556 1774 Inter
2579 1729 2656 1774 tot
2681 1731 2860 1774 autem
2888 1721 3144 1776 virtutum
3188 1721 3376 1775 merita
3420 1736 3633 1790 semper

361 1809 632 1865 vobiscum
664 1812 908 1867 laborare
935 1827 1142 1882 nequeo
1166 1857 1180 1880 ,
1207 1815 1361 1868 simul
1408 1814 1458 1868 in
1504 1815 1696 1883 gaudio
1717 1814 1947 1869 retribu-

361 1899 521 1955 tionis
549 1903 786 1972 eveuiar,
823 1905 944 1973 quia
976 1906 1218 1961 laborare
1257 1907 1462 1962 scilicet
1490 1907 1629 1960 volo.
1679 1905 1818 1961 Deus
1853 1921 1946 1961 vos

360 1991 652 2048 incolumes
696 1995 992 2062 custodiat,
1032 1997 1358 2052 dil-ctissimi
1405 1997 1516 2051 lilii.
1565 1995 1695 2050 Data
1733 1996 1820 2052 die
1847 1996 1945 2051 de-

360 2081 496 2138 cima
543 2084 897 2142 Kalendarum
945 2089 1333 2157 Augustarum,
1383 2089 1678 2158 imperante
1725 2087 1944 2144 domino

365 2184 548 2229 nostro
587 2176 837 2232 Maur‘tio
867 2179 1079 2234 Tiberio
1108 2181 1347 2249 piissimo
1386 2179 1643 2249 Augusto,
1675 2193 1817 2232 anno
1845 2178 1942 2231 de-

359 2265 503 2321 cimo
529 2275 719 2335 quarto
736 2308 750 2333 ,
781 2278 903 2337 post
931 2269 1266 2330 consulatum
1287 2269 1522 2338 ejusdem
1545 2271 1747 2327 domini
1775 2271 1944 2327 nostri

359 2372 500 2413 anno
527 2359 735 2414 decimo
768 2360 944 2424 tertio,
973 2361 1264 2416 indictione
1289 2361 1492 2416 decima
1517 2371 1728 2430 quarta.

430 2465 484 2519 8.
544 2466 847 2524 Arelatensi
897 2485 1110 2540 quoque
1161 2472 1518 2542 archiprtnsuli
1552 2471 1838 2542 (Etherio,
1885 2483 1944 2530 ut

359 2555 656 2628 Augutino
699 2560 921 2631 ejusque
961 2563 1124 2618 sociis
1173 2562 1370 2619 Christi
1400 2565 1588 2631 legatis
1633 2566 1684 2620 in
1732 2565 1944 2621 Britan-

361 2647 500 2700 niam
533 2651 830 2704 necessaria
861 2651 1053 2706 solatia
1100 2653 1425 2722 provideret,
1478 2659 1548 2710 ita
1581 2655 1812 2726 scripsit,
1858 2672 1944 2712 se-

358 2741 587 2795 cundum
637 2757 830 2798 nomen
876 2760 1031 2800 suum
1061 2747 1308 2803 omnibus
1336 2748 1579 2818 vigilans,
1621 2749 1940 2820 Gregorius:

361 2827 824 2886 Reverendissimo
852 2843 907 2888 et
932 2836 1269 2891 sanctissimo
1296 2836 1442 2892 fratri
1473 2838 1717 2896 Etherio
1736 2843 1944 2912 coepis-

359 2936 498 2990 cupo
526 2921 814 2991 Gregorius
843 2939 1029 2980 servus
1057 2941 1332 2981 servorum
1380 2928 1472 2984 Dei
1536 2929 1622 2999 (L.
1668 2937 1720 2997 ν,
1768 2931 1937 3002 Epist.

359 3006 471 3078 55).
503 3009 650 3067 Licet
678 3013 818 3082 apud
861 3015 1190 3082 sacerdotes,
1233 3017 1491 3075 habentes
1537 3019 1646 3076 Deo
1693 3020 1940 3091 placitam

359 3100 697 3168 charitatem,
724 3105 958 3172 religiosi
989 3107 1085 3160 viri
1115 3106 1312 3161 nullius
1356 3111 1819 3166 commendatione
1856 3112 1940 3166 in-

358 3190 604 3258 digeant;
649 3194 774 3261 quia
821 3204 997 3249 tamen
1027 3206 1211 3264 aptum
1241 3198 1506 3253 scribendi
1535 3214 1595 3256 se
1621 3210 1828 3270 tempus
1857 3202 1940 3256 in-

361 3281 565 3348 ges-it,
617 3281 966 3337 fraternitatis
1015 3293 1205 3339 vestra:
1255 3295 1434 3341 nostra
1488 3288 1698 3343 mittere
1744 3299 1941 3359 scripta

358 3373 682 3437 curavimus,
733 3372 1061 3430 insinuantes
1107 3375 1332 3431 latorem
1376 3379 1713 3446 pmscn'ium
1761 3377 1942 3447 Augu-

355 3463 579 3530 stinum,
622 3479 834 3520 servum
885 3466 1000 3529 Det,
1047 3467 1115 3522 de
1157 3467 1310 3534 cujus
1339 3469 1470 3538 certi
1513 3485 1698 3526 sumus
1739 3470 1940 3540 studio,

356 3569 490 3609 cum“
509 3555 626 3609 aliis
653 3557 821 3610 servis
852 3556 944 3611 Dei
976 3557 1099 3613 illuc
1129 3574 1226 3613 nos
1254 3575 1350 3628 pro
1383 3559 1614 3615 utilitate
1642 3561 1940 3616 animarum

356 3639 648 3695 auxiliante
692 3641 803 3695 Deo
846 3642 1105 3698 direxisse
1131 3660 1144 3695 :
1169 3659 1328 3712 quem
1377 3659 1596 3700 necesse
1634 3655 1717 3701 est
1756 3653 1812 3699 ut
1851 3661 1940 3701 sa-

357 3729 614 3784 cerdotali
653 3731 832 3785 studio
878 3731 1147 3787 Sanctitas
1183 3733 1371 3788 Vestra
1416 3733 1652 3802 adjuvet.
1677 3744 1741 3798 et
1767 3751 1864 3790 sua
1891 3735 1940 3792 ei

354 3821 542 3873 solatia
564 3821 801 3891 praebere
819 3821 1032 3877 festinet
1113 3821 1210 3876 Cui
1230 3823 1390 3876 etiam
1417 3825 1846 3892 utpromptiores
1874 3826 1941 3880 ad

354 3908 749 3978 suffragandum
780 3913 994 3980 possitis
1021 3912 1272 3977 existere,
1304 3927 1518 3968 causam
1543 3915 1718 3970 ’vobis
1765 3915 1940 3984 injun-

294 3985 296 3988 ’
359 4001 532 4054 ximus
575 3999 844 4054 subtiliter
879 4000 1137 4068 indicare,
1183 4005 1413 4058 scientes
1439 4005 1584 4074 quod
1612 4021 1674 4060 ea
1705 4007 1937 4078 cognita,

355 4099 468 4147 tota
517 4106 614 4146 vos
660 4100 876 4161 propter
919 4091 1086 4147 Deum
1132 4093 1418 4149 devotione
1445 4094 1512 4149 ad
1558 4096 1939 4166 solatianilum,

353 4183 481 4252 quia
509 4189 566 4236 et
593 4196 680 4237 res
703 4181 865 4250 exigit
893 4222 909 4248 ,
958 4183 1325 4238 commodetis.
1360 4184 1650 4240 Candidum
1682 4197 1937 4256 praeterea

355 4273 742 4344 presbyterum,
775 4288 1114 4329 communem
1147 4274 1332 4341 lilium,
1364 4291 1522 4344 quem
1566 4276 1632 4330 ad
1677 4279 1939 4345 guberna-

357 4366 554 4419 tionem
600 4364 960 4432 patriznoniali
999 4365 1236 4420 ecclesia:
1283 4374 1479 4421 nostrae
1524 4369 1932 4436 transmisimus,

2050 1811 2263 1866 beatum
2305 1812 2655 1880 Augustinum
2700 1813 3099 1868 comitabantur
3145 1814 3526 1869 miraculorum
3554 1814 3632 1868 lu-

2047 1903 2231 1956 mina:
2265 1918 2330 1957 ex
2368 1904 2564 1973 quibus
2605 1904 2895 1959 innumeris
2924 1903 2975 1957 in
3017 1903 3410 1972 Andegavensi,
3453 1904 3631 1973 opima

2045 1989 2229 2047 Galliae
2259 1993 2561 2062 provincia,
2605 1993 3010 2048 celeberrimum
3055 2003 3135 2048 est
3201 1993 3344 2062 quod
3391 1994 3460 2048 ibi
3505 2003 3632 2047 tunc

2045 2081 2356 2150 peregrinus
2402 2082 2680 2137 exhibuit:
2713 2099 2809 2153 pro
2854 2098 2961 2152 quo
3004 2082 3122 2152 ejus
3171 2083 3362 2138 honori
3411 2083 3633 2140 ecclesia

2047 2179 2359 2227 consecrata
2382 2173 2579 2227 nul'am
2602 2189 2832 2242 unquam
2856 2175 3168 2228 feminarum
3192 2175 3442 2228 aslmittit.
3483 2173 3633 2229 Unde

2045 2261 2197 2315 multi
2229 2261 2624 2317 honoratissimi
2670 2263 2767 2317 viri
2816 2263 3312 2332 Andegavensium,
3352 2265 3632 2320 venientes
3676 2329 3684 2334 _

2044 2348 2386 2404 Cantuariam
2418 2351 2483 2404 ad
2503 2361 2744 2406 sanctum
2770 2353 3140 2422 Augustinum,
3169 2355 3514 2409 vehementer
3541 2355 3633 2406 a.l-

2045 2441 2396 2507 mirabantur,
2442 2441 2566 2508 hic,
2611 2443 2699 2498 ubi
2752 2444 3104 2514 corporaliter
3151 2445 3475 2516 requiescit:
3525 2453 3632 2498 tam

2044 2528 2188 2585 licite
2209 2540 2263 2586 et
2291 2533 2456 2587 libere
2485 2548 2672 2588 omnes
2712 2534 2934 2591 feminas
2963 2536 3181 2600 intrare,
3215 2551 3376 2612 quam
3407 2535 3476 2590 ibi
3510 2535 3632 2587 nul-

2045 2620 2148 2674 lam
2191 2620 2348 2690 hujus
2390 2621 2618 2677 licentia:
2660 2625 2886 2692 gratiam
2930 2625 3185 2694 consequi
3223 2609 3398 2694 posse.
3430 2625 3634 2692 Quibus

2044 2711 2360 2766 mirantibus
2386 2714 2811 2782 respondi-batur
2839 2729 2868 2768 a
2898 2714 3148 2770 fratribus
3171 2732 3185 2780 ;
3220 2714 3335 2770 illas
3362 2714 3633 2782 videlicet,

2044 2817 2162 2872 qua:
2188 2813 2433 2859 sanctum
2467 2804 2830 2874 expulerunt,
2874 2805 3065 2860 merito
3105 2821 3134 2859 a
3165 2821 3260 2859 sua
3291 2805 3517 2861 ecclesia
3551 2822 3635 2861 re:

2045 2893 2205 2962 pelli;
2249 2894 2378 2949 istas
2408 2911 2571 2962 vero,
2617 2910 2735 2964 quae
2782 2897 2924 2950 hunc
2970 2903 3322 2966 susceperunt
3361 2896 3526 2960 uiteo,
3565 2897 3632 2950 ah

2047 2983 2164 3052 ipso
2191 2984 2387 3039 debere
2415 2985 2605 3056 recipi.
2652 2985 2769 3040 Jam
2819 2987 2946 3042 olim
2989 2988 3188 3057 quippe
3235 2987 3448 3056 plurimi
3497 2987 3632 3040 illius

1970 3083 2014 3144 ς
2045 3076 2216 3144 gentis
2254 3077 2459 3132 nobiles
2488 3087 2542 3132 et
2570 3081 2700 3133 clari
2750 3095 3032 3149 proceres,
3075 3081 3340 3150 sintu'que
3381 3079 3633 3134 ecclesia-

2043 3165 2189 3220 stitae
2208 3166 2476 3235 dignitatis
2497 3170 2776 3223 reverendi
2802 3179 3000 3237 patres,
3025 3170 3075 3222 in
3098 3170 3309 3238 Anglia,
3327 3181 3382 3224 et
3405 3171 3633 3224 maxime

2043 3258 2183 3326 apud
2213 3258 2384 3327 ipsum
2410 3274 2564 3312 suum
2600 3258 2692 3330 [ut
2713 3259 3041 3331 gloriantur]
3070 3268 3354 3330 patronum
3384 3263 3634 3330 Augusti-

2045 3365 2210 3414 num,
2253 3349 2558 3418 frequentes
2605 3352 2792 3405 borum
2821 3390 2836 3415 ,
2879 3366 3000 3419 qua:
3050 3351 3191 3420 apud
3241 3351 3387 3421 ipsos
3434 3356 3633 3419 gessit,

2043 3439 2460 3494 eonstantissimi
2491 3439 2834 3494 celebrantur
2862 3448 3179 3496 assertores.
3223 3440 3286 3495 lli
3310 3456 3499 3496 omnes
3525 3441 3634 3498 suis

2042 3531 2378 3586 successibus
2421 3533 2797 3586 beatilieabant
2826 3533 3103 3601 Angliam,
3136 3544 3190 3588 et
3233 3534 3463 3588 maxime
3503 3549 3634 3602 apu-

2041 3621 2286 3677 stolicam
2311 3621 2724 3688 Doroberniam,
2749 3624 2800 3677 in
2831 3625 3025 3678 summi
3058 3623 3335 3693 Augustini
3368 3639 3631 3694 praeroga-

2044 3715 2148 3770 tiva
2191 3725 2246 3772 et
2288 3717 2337 3770 in
2371 3717 2483 3785 ipsa
2537 3717 2804 3788 corporali
2842 3718 2956 3784 ejus
3003 3719 3284 3788 praesentia
3311 3759 3325 3783 ,
3380 3726 3630 3787 tanquam

2042 3808 2309 3878 corporali
2327 3809 2431 3863 vita
2451 3849 2467 3874 ,
2495 3809 2646 3878 cujus
2674 3809 2814 3879 apud
2844 3809 2988 3879 ipsos
3015 3819 3160 3864 esset
3185 3818 3292 3863 tam
3325 3809 3628 3864 indelebilis

2043 3899 2326 3963 memoria,
2379 3907 2433 3953 et
2480 3897 2778 3969 frequentia
2821 3900 3112 3964 miracula,
3157 3900 3239 3954 vel
3288 3900 3516 3968 scripta,
3546 3899 3629 3953 vel

2041 3993 2254 4061 scriptis
2295 3991 2644 4046 evidentiora.
2695 3991 2791 4046 Hic
2829 4006 2954 4060 ergo
2993 3992 3287 4046 referamus
3326 4008 3390 4045 ex
3422 3992 3628 4064 publica

2043 4084 2254 4149 notitia,
2285 4100 2404 4154 qua:
2434 4085 2504 4138 ibi
2525 4100 2635 4140 suae.
2664 4085 2959 4154 przesentia:
2987 4084 3204 4152 reliquit
3228 4085 3398 4153 signa.

2116 4197 2199 4253 10.
2238 4199 2413 4268 Agens
2436 4212 2566 4253 sane
2594 4197 2924 4253 Dominicam
2956 4198 3301 4267 legationem,
3332 4207 3388 4251 ut
3419 4211 3622 4266 praeno-

2043 4299 2209 4346 tatum
2233 4298 2332 4355 est,
2359 4305 2388 4342 a
2413 4289 2578 4344 Roma
2596 4289 2646 4342 in
2666 4279 3029 4356 Andegavensi
3049 4288 3321 4358 provincia
3343 4286 3369 4323 ι)
3404 4287 3626 4342 Pontem

2042 4380 2148 4453 [AL
2207 4376 2455 4449 Pontum]
2486 4377 2576 4433 Sai
2608 4388 2990 4448 nuncupatum,
3020 4379 3229 4432 milliari
3269 4386 3438 4432 tractu
3468 4393 3626 4450 super

352 4452 599 4508 charitati
628 4462 818 4508 vestra:
844 4455 896 4509 in
922 4455 1170 4510 omnibus
1211 4457 1666 4513 commendamus.
1707 4458 1846 4514 Deus
1886 4469 1937 4515 te
1967 4451 2013 4510 Ι)
2043 4449 2267 4538 Ligerim
2298 4467 2515 4522 ﬂuvium
2548 4467 2758 4536 lapideo
2788 4483 2952 4538 opere
2992 4468 3305 4537 productum
3328 4505 3344 4528 ,
3369 4483 3492 4521 cum
3535 4449 3625 4522 illo

354 4546 676 4601 incolumem
702 4546 986 4614 custodiat,
1009 4549 1450 4604 reverendissime
1476 4548 1658 4604 frater.
1688 4549 1817 4606 Dsta
1847 4551 1932 4606 die

351 4637 556 4693 decima
583 4634 939 4692 Kalendarum
966 4639 1345 4708 Augustarum,
1379 4641 1671 4710 imperante
1715 4641 1934 4698 domino

353 4737 538 4783 nostro
593 4725 842 4784 llauritio
892 4727 1107 4784 Tiberio
1160 4727 1398 4798 piissimo
1452 4729 1736 4799 Augusto,
1791 4745 1934 4785 anno

351 4827 546 4888 quarto
607 4818 844 4884 decimo,
879 4819 1394 4888 post~consulattttn
1444 4819 1682 4888 ejusdem
1734 4820 1937 4876 domini

351 4911 520 4966 nostri
567 4925 708 4967 anno
756 4911 914 4966 tertio
961 4911 1204 4978 decimo,
1260 4911 1552 4968 indictione
1602 4924 1790 4984 quarta
1837 4915 1933 4971 de-

347 5002 508 5058 cima.

421 5095 471 5148 9.
516 5092 640 5148 Haac
681 5093 842 5163 igitur
881 5095 1174 5165 apostolica
1217 5097 1538 5152 documenta
1583 5099 1847 5154 referente
1877 5109 1932 5154 et

351 5186 509 5240 altius
546 5185 842 5242 intentante
887 5188 1050 5242 sociis
1097 5189 1419 5259 Augustino,
1452 5189 1520 5242 ita
1564 5200 1688 5262 spnt
1733 5191 1929 5246 confir-

421 5328 445 5354 ⁸³
487 5318 609 5374 Fuit
636 5323 769 5375 inter
797 5325 960 5376 soi-ias
989 5325 1139 5393 hujus
1169 5326 1424 5378 missionis
1455 5335 1658 5378 sanctus
1702 5324 1930 5379 Lauren-

351 5391 468 5452 tius,
519 5401 567 5444 et
612 5395 778 5446 sanrti
826 5391 1096 5462 Augustini
1144 5396 1194 5444 in
1238 5395 1527 5461 episcopatu
1569 5395 1926 5451 Cantuariensi

350 5476 624 5532 successor,
674 5465 817 5532 cujus
864 5464 1016 5515 citant
1062 5464 1426 5516 illustravinms
1466 5466 1534 5515 ad
1579 5466 1712 5518 diem
1747 5465 1780 5516 ἓ
1821 5465 1924 5520 Fe-

350 5531 566 5593 bruarii,
596 5533 1003 5599 ostendimuqu
1043 5534 1272 5584 invisisse
1307 5550 1418 5584 eum
1450 5537 1498 5586 iu
1531 5535 1701 5587 Gallia
1733 5537 1822 5588 hoc
1852 5555 1931 5589 or-

348 5601 468 5670 dine
522 5601 822 5670 apium-os.
883 5613 1127 5656 sanctum
1187 5604 1447 5655 Serenqu
1503 5603 1925 5670 Massiliensem,

354 5665 651 5721 l'l‘olil:iUlll
705 5669 1031 5738 Aquensem.
1067 5672 1334 5741 Virgilium
1367 5673 1754 5744 Arelatensem,
1807 5665 1928 5732 san;

2035 4571 2222 4630 sant-to
2269 4562 2435 4616 choro
2503 4560 2712 4614 transiit
2755 4561 3045 4616 sociorum.
3097 4561 3299 4628 Quibus
3361 4561 3623 4630 adjacenti

2036 4655 2175 4709 villa:
2212 4653 2302 4708 Sai
2330 4652 2568 4721 ejusdem
2599 4654 2826 4709 nominis
2854 4654 3170 4708 conantibus
3197 4654 3514 4719 succedere,
3544 4653 3624 4708 in-

2038 4744 2170 4800 cola:
2209 4743 2554 4798 hostilitatem
2585 4759 2683 4813 pro
2713 4745 3075 4814 hospitalitate
3104 4745 3417 4809 restituere;
3463 4755 3517 4800 et
3541 4754 3623 4801 tot

2041 4834 2286 4890 homines
2331 4833 2640 4904 peregrinos
2662 4875 2678 4901 ,
2717 4831 2948 4902 pedestri
2981 4833 3186 4888 incessu
3216 4843 3272 4889 et
3309 4835 3491 4889 habitu
3519 4835 3622 4891 hu-

2037 4924 2210 4987 miles,
2234 4923 2384 4991 quasi
2431 4931 2510 4977 tot
2557 4922 2710 4992 lupos
2758 4931 2812 4976 et
2860 4923 3036 4991 ignora
3078 4934 3315 4980 monstra
3354 4927 3618 4996 repulere.

2037 5015 2106 5067 At
2155 5029 2281 5067 vero
2335 5013 2658 5068 muliercula:
2714 5013 2869 5068 simul
2921 5016 3260 5083 glomeratm,
3316 5025 3463 5072 tanta
3511 5035 3619 5075 non

2034 5104 2195 5159 modo
2240 5104 2623 5169 irreverentia,
2650 5106 2743 5159 sed
2791 5106 3026 5171 insania,
3063 5108 3302 5175 ululatu,
3340 5107 3615 5180 despectu,

2031 5195 2477 5252 subsannatione.
2515 5194 2784 5250 derisione
2829 5195 2880 5250 in
2922 5207 3136 5251 sanctos
3181 5197 3307 5266 Dei,
3353 5209 3479 5254 sunt
3519 5199 3616 5256 de-

2030 5337 2173 5382 ctum
2233 5327 2556 5382 Desiderium
2607 5328 2984 5395 Viennensem,
3033 5329 3336 5385 Etherium
3401 5331 3614 5398 Lugdu-

2031 5413 2270 5455 nensem.
2303 5415 2568 5466 perperam
2612 5399 2690 5449 hic
2731 5401 3017 5452 Arelatensi
3043 5402 3153 5452 sedi
3184 5403 3425 5454 tributum
3451 5419 3467 5455 :
3489 5418 3614 5455 san-

2029 5477 2172 5520 (‘llth
2215 5467 2475 5540 Siagrium
2509 5469 3075 5533 :‘tngnstoduuensem;
3108 5472 3170 5523 de
3209 5472 3387 5540 quibus
3416 5472 3612 5526 consuli

2029 5549 2238 5606 possunt
2268 5538 2451 5590 ibidem
2482 5550 2749 5591 armatam.

2105 5617 2126 5642 ι·
2172 5607 2310 5660 Pons
2337 5606 2464 5678 δ’,
2489 5610 2632 5678 uulgo
2665 5610 2711 5664 lc
2743 5607 2876 5664 Pont
2906 5610 2971 5665 de
3000 5611 3105 5678 Cé,
3151 5611 3294 5665 Alius
3323 5609 3463 5666 Pons
3489 5609 3606 5666 Cse-

2031 5680 2165 5733 sari~
2187 5696 2201 5741 ;
2234 5679 2303 5730 ila
2339 5675 2572 5732 Nobilio.
