3976 6178
329 331 396 386 57
1095 378 1098 381 .
1537 325 1689 382 VlTA
1728 327 1969 383 SANCTI
2010 326 2394 384 AUGUSTINL
3528 329 3598 384 εδ

320 443 632 506 bacchate,
657 448 716 494 ut
741 437 840 494 viri
870 438 1144 494 indemnes
1163 437 1247 492 vel
1277 436 1477 493 innoxii
1505 439 1737 508 quodam
1761 439 1921 494 modo
1948 446 1992 500 Α
2026 448 2134 490 nos'
2147 453 2204 491 ra
2251 436 2602 506 perdidimus,
2637 452 2732 492 nec
2777 454 2806 492 a
2840 440 3001 494 tantis
3030 442 3234 510 angelis
3278 441 3468 498 saltem
3496 442 3596 498 be-

329 535 384 589 in
429 535 620 588 eadem
675 533 984 586 viderentur
1026 529 1446 600 comparatione.
1472 530 1587 595 Nec
1637 533 1918 584 suffecerat

325 626 574 692 eiecisse,
608 623 701 678 sed
723 623 931 687 longius
975 622 1303 676 inculcantes
1347 621 1646 683 trahebant,
1674 623 1917 692 impelle-

320 713 482 781 bant,
504 715 863 779 lacessebant,
886 713 1158 780 abigentes
1181 712 1468 766 ludibriosa
1492 712 1913 780 importunitate.

324 807 521 862 Stabat
545 804 697 873 juxta
744 804 920 857 ulmus
955 803 1130 872 ampla
1175 811 1230 856 et
1260 802 1506 856 umbtosa
1527 843 1542 869 ,
1576 803 1726 856 lassis
1752 804 1918 856 viato-

327 898 478 952 ribus
495 896 561 949 ad
587 910 804 965 pansam
830 892 1173 966 accommoda
1198 911 1210 945 :
1241 892 1340 946 sub
1369 893 1467 947 hac
1490 907 1599 945 sant
1620 893 1656 946 ti
1681 893 1920 946 volentes

329 987 445 1054 ipsa
475 996 636 1040 nocte
676 985 1016 1052 requiescere
1035 1024 1049 1048 ,
1095 999 1202 1037 non
1237 993 1507 1052 poterant,
1535 998 1564 1036 a
1597 983 1875 1036 mulierum
1898 1021 1917 1048 ,

327 1079 475 1132 velut
526 1087 607 1131 tot
651 1092 878 1140 canum,
924 1075 1289 1130 infestatione.
1343 1073 1508 1129 Unam
1540 1091 1667 1130 vero
1713 1076 1920 1131 ("aitet-is

325 1168 693 1238 impudentius
721 1167 901 1224 Sancti
943 1166 1172 1234 vestigii,
1200 1167 1622 1231 incumbentem,
1651 1167 1776 1220 dum
1808 1167 1920 1236 ipse

323 1262 473 1314 elato
522 1261 747 1316 baculo.
781 1258 927 1312 velut
973 1258 1040 1310 ad
1090 1257 1314 1310 bestiam
1357 1264 1412 1310 et
1458 1256 1694 1323 rapidam
1739 1255 1918 1324 lupam

322 1365 570 1419 pugnans
593 1357 883 1403 conaretur
905 1347 1117 1416 abigere
1135 1387 1152 1413 ,
1187 1347 1366 1401 subito
1395 1347 1633 1410 bacu’us,
1661 1362 1800 1400 novo
1827 1347 1918 1401 Dei

319 1440 512 1508 gratia:
557 1441 742 1506 signo,
770 1439 836 1492 de
888 1454 1048 1492 tuanu
1078 1438 1198 1507 ejus
1227 1438 1373 1493 velut
1420 1437 1489 1492 ab
1526 1453 1652 1492 arcu
1697 1453 1918 1492 excussa

319 1531 522 1597 sagitta
565 1531 815 1594 evolavit,
848 1539 902 1582 et
952 1529 1003 1582 in
1049 1530 1224 1598 spatio
1253 1528 1363 1584 fere
1413 1529 1573 1583 trium
1620 1529 1917 1585 stadiorum

320 1620 472 1674 humi
521 1618 716 1673 affixus
766 1619 1002 1673 substitit
1042 1637 1055 1671 :
1091 1634 1325 1688 moxque
1363 1635 1485 1674 cum
1524 1619 1683 1673 beato
1727 1631 1913 1674 contu-

323 1710 517 1765 bernio
565 1711 887 1764 subsecutus
939 1707 1141 1780 [sensLt
1185 1709 1328 1764 enim
1377 1709 1559 1764 divino
1596 1708 1800 1778 Spiritu
1852 1709 1919 1763 ad

2017 531 2120 584 ned
2142 531 2187 584 ci
2213 530 2532 585 meruimus!
2564 529 2836 585 Dscentes
2857 545 2984 598 ergo
3009 548 3074 586 ex
3096 532 3312 600 praelata
3332 533 3600 602 scriptura

2017 636 2212 674 noiiien
2263 622 2404 676 beati
2442 620 2722 688 Augustini
2772 630 3043 690 optatum,
3073 631 3128 676 et
3173 621 3602 692 legationisplli-

2017 713 2193 778 cium,
2241 715 2560 783 accensique
2608 714 2906 783 frequentia
2959 715 3378 782 miraculorum,
3425 733 3600 786 quan-

2019 805 2188 860 tocius
2216 805 2365 873 juxta
2391 806 2561 872 ipsum
2594 804 2794 859 fontem
2823 806 3103 864 eccle$iam
3133 806 3506 874 condiderunt,
3535 823 3601 863 ac

2019 895 2070 950 in
2097 897 2311 950 nomine
2334 897 2500 965 ipsius
2523 896 2662 950 beati
2690 896 2967 964 Augustini
2996 897 3299 951 consecrari
3324 896 3602 965 fecerunt;

2020 989 2107 1043 ubi
2136 1005 2264 1043 vero
2307 989 2498 1044 littera:
2538 989 2701 1058 ip~ius
2748 989 3124 1057 desrriptionis
3171 993 3400 1044 inventa:
3444 999 3600 1052 sinit,

2019 1082 2189 1135 altare
2217 1083 2649 1149 constituerunt;
2681 1082 2767 1136 ubi
2818 1082 2948 1136 illud
2987 1089 3337 1152 perpetuum,
3381 1091 3439 1136 ut
3467 1099 3604 1152 pra:-

1990 1240 1992 1242 _
2021 1172 2432 1227 moostravimu:
2451 1213 2465 1237 ,
2493 1173 2651 1227 durat
2692 1172 3031 1236 miraculum,
3058 1173 3200 1240 quod
3237 1172 3408 1240 ipsam
3436 1172 3606 1226 cccle-

2019 1265 2151 1318 siam
2181 1265 2380 1318 intrare
2409 1272 2504 1318 aut
2531 1264 2597 1318 de
2644 1263 2791 1318 fonte
2837 1278 3030 1332 aquam
3082 1264 3297 1317 haurire
3334 1262 3474 1316 nulla
3508 1279 3608 1316 un-

2020 1371 2180 1424 quam
2212 1364 2389 1423 potest
2412 1347 2730 1409 feminarum
2751 1352 2778 1390 δ
2805 1371 2819 1406 :
2854 1362 2912 1406 ut
2940 1353 3188 1406 nimirum
3218 1353 3352 1407 sciat
3380 1352 3609 1406 mundus

2021 1457 2275 1514 quantum
2307 1445 2409 1499 hoc
2438 1458 2608 1513 genus
2635 1443 2920 1498 offenderit
2973 1443 3138 1498 Deum
3183 1443 3235 1497 in
3275 1443 3467 1511 injuria
3497 1457 3611 1497 ser-

2024 1551 2209 1589 νυιυιη
2238 1550 2483 1588 δυοηιηι.

2047 1639 2052 1646 ·
2097 1625 2181 1679 12.
2222 1624 2474 1690 Quaedam
2522 1622 2744 1678 illustris
2789 1631 3034 1678 matrona
3063 1638 3185 1678 cum
3229 1635 3422 1689 magno
3451 1636 3612 1675 cerro

2025 1718 2130 1772 huc
2159 1718 2399 1771 tentabat
2425 1717 2652 1785 ingredi,
2677 1717 2829 1786 quasi
2861 1713 3021 1770 modo
3049 1725 3272 1799 sanctus
3293 1730 3403 1768 sua:
3427 1713 3582 1767 adula
3601 1740 3614 1751 -

325 1813 520 1856 nutum
574 1801 781 1855 Domini
810 1817 870 1856 se
897 1815 964 1855 eo
992 1798 1206 1870 vocari]
1239 1801 1492 1865 accurrit.
1540 1810 1592 1855 et
1636 1801 1920 1865 balulum,
1959 1804 2000 1862 Β
2028 1817 2172 1861 rrtnr
2223 1808 2477 1877 potentia:
2522 1823 2587 1862 ac
2633 1807 2879 1870 muneri;
2924 1816 2991 1861 et
3043 1798 3468 1860 absteerentibus
3515 1803 3610 1872 qui

325 1893 438 1948 imo
473 1909 596 1948 cum
631 1893 825 1948 baculo
856 1891 1015 1946 fontis
1035 1900 1224 1946 :nslu'n
1251 1894 1514 1953 extraxit,
1556 1894 1646 1962 qui
1675 1895 1917 1965 protinus

323 1985 551 2054 copiosa
581 1983 832 2039 scatebra
862 1985 1039 2052 erupit
1073 2001 1086 2037 :
1117 2000 1228 2051 quo
1259 1985 1350 2038 Dei
1397 1983 1602 2051 famuli,
1634 1985 1921 2040 immensas

321 2086 525 2144 gratas
556 2075 842 2130 reddentes
869 2091 967 2129 suo
1011 2076 1266 2144 largitori,
1311 2092 1339 2130 a
1370 2077 1517 2144 gravi
1567 2076 1655 2130 siti
1699 2077 1919 2131 relevati

322 2177 377 2220 et
404 2168 646 2220 suaviter
670 2174 798 2220 sunt
844 2165 1060 2230 refecti,
1111 2166 1292 2235 ibique
1322 2177 1482 2222 nocte
1513 2167 1624 2236 ipsa
1667 2166 1921 2236 quievere

324 2256 379 2310 in
413 2257 660 2310 laudibus
690 2257 883 2311 divinis
910 2256 1261 2310 devotissimi.
1294 2255 1445 2311 Tunc
1474 2256 1635 2312 etiam
1665 2255 1921 2311 Altissimi

322 2347 648 2412 clementia,
697 2347 979 2416 impatiens
1019 2346 1158 2402 lilios
1186 2347 1319 2402 lucis
1363 2363 1474 2401 suae
1522 2362 1584 2400 ac
1610 2346 1736 2414 diei,
1765 2355 1920 2400 terra:

325 2442 504 2494 noctis
533 2447 588 2493 et
617 2439 742 2492 nudi
766 2443 904 2493 aeris
931 2438 1178 2506 injuriam
1229 2439 1366 2508 pati,
1419 2439 1598 2492 subito
1646 2437 1820 2492 lucem
1852 2438 1920 2490 de

321 2545 538 2584 summo
567 2529 708 2584 caelo
737 2545 858 2594 suo,
887 2529 1065 2583 solaxe
1089 2529 1251 2598 jubar
1276 2529 1602 2593 vincentem,
1633 2543 1794 2598 super
1825 2544 1919 2584 eos

319 2619 508 2674 effudit
533 2660 546 2682 ,
580 2627 834 2686 tectoque
880 2629 1127 2674 careantes
1179 2628 1290 2674 tota
1332 2620 1444 2690 ipsa
1497 2629 1656 2674 nocte
1684 2635 1920 2689 superno

324 2709 613 2779 splendore
650 2711 877 2772 obtexit,
912 2710 1064 2779 quasi
1093 2711 1171 2765 sic
1198 2721 1410 2767 orasset
1439 2727 1574 2766 voce
1603 2714 1917 2782 prophetica

312 2809 438 2870 ipsa
478 2800 708 2856 ecclesia
739 2802 838 2856 sub
891 2802 980 2856 dio
1009 2801 1195 2856 relicta
1225 2819 1238 2854 :
1269 2801 1376 2856 Fac
1404 2816 1638 2865 mecum,
1671 2801 1915 2865 Domine,

321 2893 535 2960 signum
559 2893 610 2945 in
635 2892 863 2958 bonum,
890 2902 950 2946 ut
972 2891 1184 2946 videant
1212 2893 1302 2962 qui
1333 2892 1564 2947 oderunt
1589 2909 1673 2947 me
1703 2901 1756 2947 et
1783 2909 1916 2947 enn-

321 2982 615 3037 l'un-lantnr
645 2986 662 3051 (
692 2983 888 3038 Psalm.
917 2999 1063 3048 ιντιι,
1090 2983 1216 3054 l7);
1245 2985 1503 3053 quoniam
1537 2996 1590 3039 tu
1609 3026 1622 3050 ,
1657 2984 1878 3038 Domine
1898 3025 1914 3050 ,

319 3076 575 3145 adjuviin
625 3091 710 3130 me
751 3085 808 3131 et
844 3076 1154 3132 consolatus
1192 3092 1252 3131 es
1290 3093 1394 3130 me.
1426 3075 1692 3130 Viderunt
1738 3076 1916 3144 itaque

2021 1899 2248 1952 aderant
2275 1899 2574 1968 respondit,
2605 1913 2665 1953 se
2695 1899 2747 1952 in
2774 1909 3020 1952 sanctum
3063 1914 3169 1952 non
3214 1911 3487 1966 peccasse,
3517 1894 3613 1950 sed

2024 1989 2160 2043 velle
2188 2005 2248 2046 se
2276 2005 2398 2045 eum
2425 1991 2730 2044 honorare:
2760 1998 3020 2058 uigetque
3066 1991 3400 2058 propositum
3450 1988 3613 2041 anda-

2023 2081 2138 2135 cize.
2177 2081 2272 2135 Vix
2303 2096 2431 2151 ergo
2463 2081 2680 2135 vetitam
2709 2091 2908 2135 metant
2953 2089 3008 2134 et
3055 2097 3267 2134 sacrum
3303 2081 3460 2133 limen
3490 2078 3614 2132 atti-

2020 2177 2189 2236 gerat,
2220 2185 2340 2224 cum
2371 2181 2598 2240 tepente
2632 2168 2803 2239 ruptis
2841 2169 3136 2232 intestinis,
3171 2178 3226 2222 et
3255 2167 3612 2221 effervescen-

2023 2260 2164 2316 tibus
2184 2260 2234 2314 in
2255 2268 2451 2314 terram
2474 2261 2578 2314 alvi
2596 2260 2847 2325 secretis,
2880 2261 3084 2315 corruit
3102 2260 3280 2314 infelix
3306 2269 3359 2313 et
3380 2259 3612 2326 interiit;

2020 2351 2272 2419 levasque
2301 2360 2546 2406 extracta
2575 2362 2808 2416 mortua,
2836 2349 3056 2404 credere
3084 2364 3274 2403 omnes
3305 2349 3611 2402 terribiliter

2021 2442 2270 2508 docebat,
2289 2444 2431 2514 quod
2454 2444 2584 2498 nulli
2611 2444 2932 2498 crediderat.
2959 2443 3074 2496 'l‘ali
3104 2443 3315 2511 repulsa
3335 2443 3404 2495 ita
3428 2456 3614 2496 omnes

2020 2533 2231 2587 f-mina:
2277 2542 2400 2587 sunt
2439 2535 2689 2599 eruditae;
2741 2544 2797 2588 ut
2846 2534 2965 2604 plus
3012 2543 3196 2602 aperta
3243 2549 3402 2599 quam
3434 2533 3613 2586 clausa

2021 2623 2158 2676 ostia
2189 2623 2517 2677 abhorreant
2550 2623 2883 2691 contingere.
2923 2621 3000 2676 Ne
3030 2630 3206 2674 tamen
3238 2621 3343 2693 [AL
3385 2619 3612 2691 tantum]

2022 2710 2136 2764 ibif
2165 2714 2323 2774 anac
2355 2727 2736 2782 usquequaque
2755 2713 2928 2766 sancti
2957 2710 3128 2765 Patris
3158 2710 3328 2777 gratia
3363 2710 3614 2764 videren-

2023 2812 2108 2856 tur
2129 2803 2386 2858 desolatae
2406 2846 2420 2866 ,
2448 2804 2642 2859 inculte
2666 2804 2868 2858 diutina
2895 2803 3002 2874 [ΑΩ
3041 2801 3245 2873 divina]
3273 2802 3616 2857 miseratione

2023 2893 2200 2963 (nimi)
2239 2910 2337 2962 pro
2381 2893 2586 2948 foribus
2634 2893 2875 2948 ecclesia:
2920 2893 3316 2962 reerptaenlum
3350 2892 3452 2945 illis
3480 2907 3644 2957 conv,

2020 2995 2208 3050 gruum
2236 2975 2605 3050 mdilicavere;
2639 2983 2724 3037 ubi
2754 2984 3062 3045 convenire,
3096 2996 3275 3044 orare,
3306 2980 3614 3036 oblationes

2020 3086 2146 3126 suas
2172 3081 2227 3126 et
2256 3083 2380 3126 vota
2410 3074 2742 3143 persolvere,
2781 3072 3057 3140 sacrisque
3098 3070 3368 3142 mysteriis
3396 3077 3613 3139 possent

322 3182 516 3220 onines
559 3165 772 3220 finitimi
806 3175 913 3220 tam
963 3167 1282 3222 immensum
1316 3183 1372 3220 ra
1395 3167 1555 3230 lium,
1584 3181 1613 3219 a
1644 3165 1762 3219 «mli
1797 3180 1917 3218 ver-
1945 3167 1990 3226 C
2023 3163 2346 3219 succedere.

323 3257 431 3312 tice
459 3274 632 3328 usque
661 3257 728 3311 ad
761 3267 981 3312 sanctos
1013 3258 1276 3311 directum
1303 3274 1319 3323 ;
1352 3265 1410 3309 ut
1437 3256 1500 3309 ad
1543 3255 1910 3309 confusionem

319 3365 480 3405 suam
531 3359 942 3419 pernoscerent,
974 3358 1206 3418 quantos
1236 3349 1355 3403 «ῖωεί
1402 3348 1546 3402 cives
1587 3348 1700 3401 suis
1727 3346 1912 3416 hospi-

320 3441 415 3495 tiis
442 3431 817 3496 extrusissent.
847 3439 963 3508 Ipse
992 3447 1173 3493 autem
1201 3439 1594 3494 sacratissimu-s
1623 3439 1728 3490 dux
1757 3451 1914 3492 secus

318 3531 526 3586 fontem
567 3532 712 3585 illum
744 3532 817 3586 ita
849 3531 1040 3585 baculo
1064 3529 1280 3598 scripsit
1304 3529 1355 3582 in
1384 3540 1526 3583 terra
1555 3547 1568 3581 :
1598 3539 1620 3563 ει
1657 3525 1755 3582 llic
1781 3526 1910 3581 llos-

317 3621 512 3694 pitinm
534 3620 723 3674 habuit
749 3635 932 3674 servus
957 3634 1235 3673 servorum
1251 3617 1342 3672 Dei
1373 3617 1720 3686 Augustinus,
1752 3629 1909 3684 quem

318 3712 471 3766 misit
525 3710 595 3764 ad
644 3710 1040 3765 convertendos
1094 3708 1295 3778 Anglos
1345 3707 1539 3762 bettns
1592 3723 1732 3777 papa
1779 3705 1912 3762 Gre-

322 3815 534 3870 sonus.

399 3917 484 3971 ll.
526 3917 642 3972 ,1.ιηι
684 3917 818 3972 lueis
858 3916 1179 3987 crepusculo
1218 3913 1548 3976 imminente,
1579 3918 1643 3966 ad
1676 3909 1909 3965 destina-

323 4018 438 4063 tum
468 4009 648 4063 locum
681 4007 1017 4073 anhelantes,
1050 4023 1145 4076 per
1174 4005 1612 4074 Andegavcnsem
1638 4001 1906 4056 civitatem

322 4097 426 4151 iter
469 4097 815 4158 accelerant;
867 4105 921 4151 et
961 4095 1242 4150 hesternos
1289 4099 1691 4161 contemptores
1741 4104 1905 4154 suos,

257 4203 264 4208 ·
323 4203 465 4242 nunc
489 4189 820 4256 appetitores
868 4202 934 4241 ac
985 4188 1052 4242 de
1095 4187 1249 4256 copia
1295 4185 1502 4254 inopes,
1534 4183 1627 4236 Dei
1660 4181 1906 4236 nimirum

320 4277 440 4332 zelo
481 4279 831 4344 volente,sua
860 4275 1133 4332 salutifera
1164 4275 1446 4347 prmsentia
1471 4282 1720 4329 vacuant.
1753 4271 1909 4327 Mane

324 4367 504 4435 itaque
535 4368 694 4421 vicini
724 4367 790 4420 ad
823 4367 1019 4431 locum,
1056 4367 1144 4421 ubi
1193 4374 1398 4419 tantum
1430 4364 1561 4419 lucis
1590 4363 1905 4418 miraculum

325 4467 754 4527 aruspexeraot,
797 4458 1033 4528 undique
1069 4466 1388 4521 accurrunt;
1435 4455 1582 4524 gravi
1611 4454 1808 4525 gemitu
1843 4469 1906 4509 ac

2097 3273 2184 3330 15.
2238 3274 2374 3330 Ecce
2404 3285 2581 3331 autem
2612 3275 2736 3330 dum
2767 3276 2883 3330 haec
2911 3284 2966 3330 et
2995 3275 3213 3343 antiqua
3242 3274 3405 3337 fama,
3444 3281 3500 3326 et
3530 3287 3613 3326 re-

2015 3371 2158 3427 centi
2187 3369 2603 3425 clarissimorum
2643 3371 2880 3423 virorum
2928 3366 3393 3434 Aodegavensium
3437 3380 3613 3419 asser-

2015 3466 2162 3520 tione
2181 3461 2713 3530 essenteomprobata
2738 3500 2751 3523 ,
2788 3460 2980 3514 accidit
3019 3458 3521 3514 reverendissimum
3551 3473 3613 3512 ac

2012 3553 2482 3627 prudentissimum
2512 3553 2920 3621 Aodegavorum
2963 3563 2985 3590 c
3028 3550 3333 3620 pontificem
3365 3549 3432 3604 ad
3463 3549 3613 3604 desi-

2012 3647 2402 3704 deratissimum
2427 3655 2708 3714 patronum
2741 3646 3094 3712 Augustinum
3126 3645 3308 3697 venire
3333 3683 3349 3708 ,
3380 3652 3436 3697 et
3457 3643 3611 3710 quasi

2015 3748 2122 3793 tam
2150 3737 2424 3805 antiquum
2450 3752 2557 3789 sua:
2582 3736 2765 3805 patriae
2793 3735 3059 3804 hospitem
3091 3749 3278 3803 magna
3307 3750 3426 3787 eum
3450 3734 3613 3786 devo-

2014 3829 2158 3882 tione
2187 3827 2443 3881 revisere.
2463 3825 2506 3878 1ι
2523 3825 2680 3897 [forte
2697 3824 2763 3896 Is]
2786 3827 2946 3879 etiam
2962 3842 3124 3894 supra
3143 3825 3338 3892 scripta
3354 3823 3610 3877 miracula

2011 3933 2118 3970 non
2166 3917 2326 3970 modo
2369 3931 2398 3968 a
2445 3913 2695 3968 fratribus
2724 3916 2939 3980 audire,
2989 3931 3176 3970 verum
3221 3915 3362 3969 ultro
3406 3911 3611 3968 referre

2010 4014 2248 4059 attentus
2276 4013 2394 4059 erat
2419 4022 2432 4057 :
2457 4009 2754 4072 eodemque
2777 4005 2939 4059 modo
2970 4021 3077 4076 quo
3099 4004 3293 4071 scripta
3324 4013 3469 4062 sunt.
3506 4002 3609 4056 lixa

2010 4096 2421 4165 astipulatione,
2450 4097 2595 4150 velut
2635 4111 2700 4151 ex
2736 4096 2984 4160 lectione,
3018 4093 3607 4163 exponebat.‘A-lditlit

2010 4186 2171 4240 etiam
2203 4201 2400 4240 novum
2432 4186 2770 4251 miraculum,
2797 4187 2942 4239 velut
2968 4185 3295 4245 hesternum,
3331 4184 3378 4234 in
3411 4183 3489 4235 sui
3517 4186 3610 4235 cle-

2009 4279 2271 4333 claratum
2313 4279 2626 4348 pnesentia,
2677 4293 2798 4332 cum
2835 4277 2929 4331 tali
2968 4277 3172 4331 scilicet
3210 4275 3382 4328 Patris
3424 4274 3607 4326 favore

2009 4378 2064 4425 et
2089 4369 2278 4438 gratia.
2319 4371 2361 4423 0
2391 4385 2505 4436 vos,
2541 4371 2732 4436 inquit,
2777 4369 2978 4428 felices,
3009 4367 3201 4436 quibus
3229 4373 3428 4420 interna
3456 4363 3599 4417 beati

2010 4459 2290 4528 Augustini
2332 4461 2554 4527 contigit
2597 4458 2914 4528 praesentia!
2961 4457 3072 4513 Nec
3117 4474 3213 4512 nos
3251 4457 3385 4511 adeo
3423 4472 3606 4512 sumus

326 4551 472 4606 luctu
525 4551 734 4604 ablatos
782 4556 1031 4618 repetunt
1063 4567 1076 4601 :
1111 4558 1222 4602 tum
1268 4547 1389 4601 novi
1436 4546 1599 4600 fontis
1650 4545 1910 4601 beneficia
1939 4542 1988 4600 D
2015 4553 2286 4614 infelices,
2318 4551 2509 4618 quibus
2541 4558 2800 4619 perpetuo
2832 4551 2985 4604 beata
3017 4549 3179 4618 ipsius
3208 4549 3461 4603 remansit
3488 4562 3605 4601 me-

330 4649 669 4704 contuentes,
697 4640 895 4693 acriori
925 4651 1156 4693 mocrore
1185 4638 1266 4692 sui
1296 4646 1476 4692 reatus
1502 4636 1908 4692 contabescunt.

325 4727 442 4783 iicu
471 4743 567 4782 nos
603 4729 846 4785 miseros.
877 4728 1110 4792 aiebant,
1142 4725 1412 4795 quomodo
1451 4733 1658 4779 tantum
1689 4724 1907 4790 bonum,

332 4819 465 4874 rnod
505 4820 646 4874 ultro
673 4820 726 4874 in
770 4820 1017 4874 manibus
1059 4817 1362 4884 habuimus,
1405 4817 1564 4888 impia
1608 4817 1912 4887 abjcctione

397 5011 422 5035 ι
462 4999 645 5052 Totam
676 4998 825 5067 hujus
856 4998 1092 5052 miraculi
1133 4998 1420 5063 historiam,
1443 4998 1516 5052 uti
1541 5009 1590 5052 et
1616 5000 1910 5069 inscriptio-

329 5084 460 5129 nem,
487 5071 644 5122 etiam
672 5086 808 5122 nunc
831 5069 1050 5138 singulis
1077 5070 1228 5121 armis
1257 5070 1358 5137 legi
1395 5071 1448 5122 in
1489 5071 1724 5137 ecclesia,
1751 5088 1910 5138 prope

331 5141 626 5202 Andegavos
661 5149 842 5194 sancto
877 5139 1162 5202 Augustino
1190 5149 1520 5202 consecrata,
1550 5140 1742 5194 indicat
1772 5141 1906 5193 idem

331 5207 541 5263 llalu'lio
567 5225 586 5262 .'
613 5227 784 5263 verum
808 5208 1091 5280 arbitratur
1115 5211 1215 5262 veri
1236 5209 1399 5280 magis
1423 5209 1588 5262 simile
1613 5227 1743 5272 esse,
1773 5210 1909 5280 quod

329 5279 592 5362 ξιιερήρίξο
613 5281 676 5333 ab
694 5281 879 5361 incolis
901 5278 1208 5362 dictata-sit.
1229 5278 1292 5331 1η
1312 5280 1526 5362 regisIr-o
1545 5278 1906 5362 θέμιςῇεέρνωη

329 5349 477 5418 hujus
502 5350 732 5403 diaeresis
763 5351 1056 5418 appellatur
1087 5347 1711 5403 l’rioratusParochialis
1737 5349 1907 5404 Cano-

329 5417 588 5482 t-ieornm,
610 5417 804 5472 scilicet
828 5417 1208 5472 Canonirorum
1229 5419 1394 5471 sancti
1425 5418 1716 5488 Augustini,
1739 5419 1909 5472 Abba-

329 5491 410 5542 ιέεε
427 5491 653 5542 omnium
673 5498 966 5542 sanctorum
988 5489 1343 5557 Andegavensi
1377 5487 1631 5556 subjectus
1653 5505 1670 5541 :
1695 5490 1910 5543 ecclesia

328 5572 491 5610 autem
518 5562 619 5614 ista
647 5559 795 5628 vulgo
828 5559 1118 5626 appellatur
1152 5557 1519 5611 Saint-Outin.
1665 5607 1671 5616 ,

397 5628 420 5664 δ
462 5629 574 5682 Hoc
603 5642 828 5697 tempore
855 5628 1079 5698 gaudere
1109 5629 1326 5697 feminas
1356 5629 1584 5698 ingressu
1611 5629 1838 5681 ecclesia:
1867 5639 1914 5682 et

261 5699 270 5710 '
327 5713 415 5750 usu
441 5701 596 5763 fontis
618 5699 785 5751 adhuc
815 5697 1178 5768 permanenlis,
1204 5698 1433 5768 observat
1463 5697 1626 5750 dictus
1655 5699 1868 5768 .llnbilio
1893 5716 1909 5752 :

331 5769 567 5839 additque
594 5786 658 5824 ea:
687 5771 767 5840 cpi
797 5771 900 5825 tola
929 5769 1008 5823 sui
1037 5769 1315 5840 confralris
1357 5767 1640 5823 Alexandri
1675 5767 1910 5824 Fourne-

1104 5997 1110 6026 l

2015 4642 2184 4696 inuria
2204 4680 2216 4692 .
2252 4640 2441 4694 Nostra
2469 4639 2680 4707 quidem
2712 4641 2881 4708 patria
2905 4649 3029 4694 ante
3059 4655 3155 4694 vos
3183 4640 3328 4692 illum
3360 4639 3602 4706 agnovit,
3659 4647 3666 4652 ‘

2013 4741 2067 4788 et
2097 4733 2243 4801 prius
2268 4731 2572 4799 Andegavia
2602 4745 2760 4799 quam
2787 4729 2970 4800 Anglia
2995 4731 3406 4799 signipotentem
3435 4728 3564 4782 vidit
3588 4746 3602 4782 :

2012 4834 2066 4879 at
2090 4839 2219 4891 nos,
2255 4823 2456 4890 fateor,
2495 4822 2550 4877 in
2580 4821 2872 4891 majoribus
2908 4821 3108 4876 nostris
3137 4818 3428 4888 abjecimus
3473 4835 3606 4902 prie:-

2010 5013 2163 5062 re‘au,
2209 4999 2345 5070 quod
2384 4997 2611 5071 fonshic
2634 5005 2961 5071 memoratus
3003 4994 3191 5071 parieti
3242 4993 3491 5071 ecclesiae
3535 4992 3601 5071 ad

2013 5064 2264 5124 Austrum
2313 5070 2488 5138 posito
2535 5077 2616 5138 est
2662 5069 2921 5128 inclusus,
2959 5064 3112 5133 cujus
3158 5078 3310 5131 aqua:
3359 5064 3604 5116 sanitatis

2013 5155 2176 5194 (ausa
2209 5140 2276 5191 ab
2307 5138 2530 5193 iulirmis
2559 5137 2985 5204 frequentantur.

2087 5221 2109 5248 σε
2152 5208 2422 5262 Gocelinns
2469 5209 2522 5261 in
2562 5200 2734 5260 codice
2769 5208 2965 5259 minore
2994 5201 3312 5258 Guilleidum
3346 5200 3597 5270 appellat.

2014 5277 2172 5350 Cujus
2221 5279 2442 5350 nominis
2491 5279 2591 5350 duo
2613 5279 2890 5350 Δ[ιίρνιαιιέ
2921 5276 3060 5344 prior
3089 5272 3299 5343 pra'fuit
3347 5272 3408 5322 ab
3434 5285 3598 5350 ,αηῃο

2014 5345 2144 5404 1081
2176 5365 2330 5420 usque
2352 5349 2420 5401 ad
2447 5364 2535 5400 an.
2574 5347 2726 5410 1095,
2775 5359 2823 5420 et
2849 5345 3174 5420 Turoni-uss
3212 5345 3594 5420 (agitandumst:

2013 5422 2078 5472 ad
2107 5412 2501 5472 distinctionem
2531 5419 2885 5479 successoris,
2931 5415 3107 5467 itidem
3137 5412 3413 5472 tiuilTritli,
3453 5419 3503 5462 et
3530 5417 3597 5464 ita

2015 5488 2271 5542 Meduana
2301 5486 2664 5558 cognominati,
2697 5489 2781 5556 qui
2809 5480 3277 5558 cat/icrlrlint_ccssit
3312 5479 3596 5558 [inin-aluo,

2014 5567 2310 5612 consecrato
2340 5551 2405 5609 fi
2427 5558 2688 5617 Januarii,
2710 5551 2857 5608 'anni
2893 5552 3042 5607 “0:2.
3078 5551 3410 5612 Quir/mrum
3441 5551 3594 5602 intel-

2015 5630 2238 5697 ligatur,
2281 5629 2528 5681 nescimus
2567 5627 2836 5697 conjicere.
2879 5621 3070 5685 Quidni
3111 5630 3274 5697 autem
3311 5630 3597 5697 pastui-ivra

2013 5691 2240 5750 cirlesiaé
2283 5691 2672 5752 dedicationem
2691 5694 2862 5749 statim
2908 5691 3177 5746 rcssuvcrit
3220 5691 3308 5744 illa
3338 5691 3594 5744 mulich

2015 5785 2167 5823 sex-us
2196 5767 2420 5822 exclutio
2434 5770 2460 5819 2
