4032 6186
421 354 489 410 59
1230 297 1541 401 SANCTIiS
1579 340 2010 399 succensus
2050 342 2421 401 ANGLORUM
2460 345 2877 403 APOSTOLUS.
3610 353 3685 408 es.»

415 479 622 526 sentem
648 485 663 534 ;
692 463 785 519 sed
810 459 1053 531 supernis
1076 458 1241 528 signis
1264 458 1455 524 territi,
1485 456 1847 513 satisfactione
1874 472 1996 526 pcr-
2027 459 2073 518 Α
2099 459 2318 515 marinis
2342 458 2684 528 frequentiis,
2715 462 2875 517 tellus
2904 462 3167 516 uberrima
3199 472 3254 518 et
3281 466 3530 535 opulenta
3550 512 3564 534 ,
3593 481 3677 524 at-

415 558 586 616 sccuti
616 568 796 611 sumus
822 551 1107 606 abeuntem
1135 565 1147 601 :
1178 561 1336 616 quem
1360 563 1479 601 cum
1502 546 1611 615 jam
1639 561 1745 600 non
1773 545 1999 600 memis-

416 665 594 704 sernns
621 660 719 701 nec
756 658 917 699 manu
941 655 1038 695 nec
1060 640 1177 693 visu
1204 638 1532 708 contingere,
1564 637 1822 707 carpimus
1850 650 1993 693 eum.

415 737 627 794 condita
656 735 706 789 in
733 733 897 804 ipsius
914 731 1119 785 honore
1155 727 1411 792 Ecclesia,
1451 730 1702 783 retinere.
1744 726 1880 794 Quid
1908 742 2003 780 au-

416 829 672 884 dientiam
700 834 933 880 vestram
964 836 993 874 a
1022 820 1280 874 miraculo
1312 819 1381 874 ibi
1413 819 1685 874 dcciarato
1712 820 1993 873 verborum

414 917 636 984 ambage
664 911 877 967 morer?
902 909 1192 963 Crescente
1226 908 1394 977 plebis
1419 909 1701 964 devotione
1725 922 1850 974 erga
1879 918 1995 961 tan.

406 1016 526 1061 turn
552 1009 848 1074 parentem,
875 998 985 1053 suis
1002 996 1335 1066 supplicibus
1363 1012 1577 1064 semper
1603 996 1989 1063 exandibilem,

408 1110 624 1167 semper
650 1089 1002 1164 praestabilem
1025 1106 1038 1155 ;
1070 1103 1286 1157 coepere
1311 1088 1455 1142 illam
1486 1088 1651 1158 ipsius
1677 1087 1993 1142 reconcilia-

413 1189 598 1242 tricem
618 1181 894 1239 ecclesiam
918 1179 1218 1251 prrecelsius
1238 1186 1557 1244 restaurare,
1579 1177 1799 1248 ejusque
1819 1185 1995 1247 patro.

354 1262 357 1269 ’
412 1278 552 1333 cinia
590 1275 687 1330 sibi
712 1273 912 1328 arctius
951 1272 1199 1326 emicare.
1247 1268 1398 1323 Hane
1429 1268 1608 1339 itaque
1633 1282 1767 1336 ego,
1804 1283 1991 1323 mense

412 1367 581 1430 maio,
628 1365 713 1420 die
747 1363 949 1419 scilicet
983 1360 1334 1431 depositionis
1376 1360 1510 1413 tanti
1548 1358 1735 1428 patris,
1787 1358 1991 1425 magnis

411 1459 686 1524 utriusque
714 1469 874 1510 sexus
898 1452 1062 1519 votis,
1086 1451 1137 1506 in
1167 1451 1352 1519 ipsius,
1376 1449 1529 1517 cujus
1558 1450 1701 1519 prius
1728 1456 1875 1515 erat,
1897 1449 1991 1506 de-

404 1548 581 1604 dicavi
605 1545 877 1609 memoria,
900 1540 1203 1598 conﬂuente
1223 1540 1558 1594 multitudine
1583 1539 1814 1609 plebium
1842 1539 1991 1592 innu-

414 1654 576 1693 mera.
627 1635 942 1691 Eminebant
970 1635 1021 1687 in
1051 1632 1277 1687 circuitu
1314 1630 1598 1686 condensae
1622 1645 1869 1700 agrorum
1897 1646 1986 1686 se-

409 1740 575 1803 getes,
599 1731 708 1802 jam
720 1730 890 1785 .mes‘si
916 1727 1294 1799 proximantes,
1314 1726 1423 1795 jam
1448 1726 1497 1780 in
1519 1727 1694 1796 spicas
1721 1735 1776 1780 et
1796 1727 1987 1784 aristas

2096 563 2201 618 que
2215 550 2643 606 cameraCantize
2665 552 3007 608 accommoda
3035 570 3048 606 :
3080 552 3268 610 ﬂuvius
3289 564 3315 593 ι
3345 556 3683 628 Wantsuntc,

2094 639 2265 694 tribus
2289 641 2472 696 stadiis
2502 641 2669 708 latus,
2706 642 2848 697 hanc
2870 657 2902 696 a
2933 644 3229 700 continenti
3248 653 3392 701 terra
3420 648 3680 721 discrinti~

2100 744 2235 784 nans
2262 730 2387 784 fecit
2415 730 2642 785 insulam
2669 748 2683 785 :
2715 732 2760 786 is
2794 740 3080 803 utrumque
3104 744 3264 804 caput
3293 735 3347 790 in
3376 751 3524 793 mare
3553 755 3678 809 pro-

2096 820 2345 884 tendens,
2395 820 2605 875 duobus
2651 829 2859 876 tantum
2903 823 3054 877 ostiis
3102 824 3495 881 transvadatur.
3554 828 3678 886 lltec

2094 924 2220 979 ergo
2245 909 2412 965 insula
2434 909 2699 965 Chris'um
2730 911 2780 965 in
2802 911 3000 974 sanctis
3024 911 3137 966 suis
3165 912 3334 982 prima
3362 913 3389 952 δ
3420 920 3676 986 suscepit,

2095 996 2219 1053 felix
2251 998 2408 1053 tellus
2431 1013 2526 1053 sua
2557 998 2914 1066 fecunditate,
2942 1001 3036 1055 sed
3065 999 3369 1057 felicissima
3399 1011 3477 1058 tot
3505 1004 3675 1061 Deiﬁe-

2093 1104 2275 1144 rorum
2322 1088 2677 1154 advenarum,
2728 1089 2836 1144 imo
2906 1098 2986 1145 tit
3042 1090 3243 1147 civium
3313 1107 3675 1163 supernorum

2091 1180 2352 1249 hospitio!
2376 1180 2501 1235 hinc
2522 1180 2730 1235 interim
2752 1196 2925 1238 novus
2952 1192 3104 1253 pater
3125 1184 3325 1253 Anglire
3345 1200 3465 1240 cum
3485 1197 3673 1244 sancto

2092 1271 2320 1339 collegio
2343 1287 2373 1325 a
2405 1272 2609 1326 marina
2637 1272 2906 1340 salsugine
2935 1273 3232 1349 relevetur.
3497 1279 3509 1288 ’

2160 1361 2248 1416 16.
2279 1361 2555 1430 Regnabat
2583 1370 2710 1439 tunc
2737 1362 2918 1431 Anglis
2934 1378 3028 1418 rex
3059 1373 3081 1403 ε
3115 1362 3513 1430 ιΕιΙιθῶετωε,
3559 1365 3671 1421 An-

2088 1452 2296 1521 glorum
2343 1466 2530 1521 regum
2577 1453 2795 1520 tertius,
2840 1454 2932 1508 sed
2963 1454 3170 1510 futurus
3208 1454 3318 1523 jam
3362 1457 3669 1512 christicola

2089 1542 2310 1612 primus.
2350 1540 2448 1597 llic
2473 1557 2718 1611 superna:
2743 1542 3021 1599 electionis
3048 1544 3401 1613 providentia,
3431 1561 3538 1615 pra:
3564 1562 3669 1602 ar:-

2084 1632 2218 1687 teris
2258 1632 2709 1698 antecessoribus,
2766 1633 2885 1687 aliis
2923 1633 3083 1688 etiam
3122 1635 3333 1702 regibus
3357 1636 3669 1705 pnesidens,

2088 1722 2367 1791 imperium
2414 1737 2581 1791 usque
2608 1722 2674 1776 ad
2720 1719 3012 1777 llumbram
3053 1724 3411 1781 vastissimum
3451 1724 3667 1781 ﬂuvium

410 1821 797 1876 adolescentes.
829 1816 1060 1888 Populus
1084 1815 1357 1871 utﬂuvius
1384 1815 1616 1884 undique
1641 1815 1848 1870 irruens
1875 1830 1982 1870 non
2018 1834 2058 1890 η
2089 1818 2433 1881 porrexerat,
2479 1812 2571 1880 qui
2604 1811 2811 1866 scilicet
2847 1811 3166 1869 Meridiauas
3192 1829 3256 1868 ac
3285 1815 3534 1869 Boreales
3559 1815 3664 1869 An-

408 1911 716 1968 attendcbat
741 1923 1026 1972 annonam,
1050 1922 1170 1975 nec,
1194 1905 1558 1974 cujuscunque
1574 1904 1732 1969 foret,
1759 1903 1984 1959 messiu-

344 1989 361 2005 κ
408 2019 530 2058 nem
554 2043 569 2066 ,
618 2001 1034 2058 conculcabatur
1071 2007 1125 2053 et
1150 1998 1558 2063 contere-batur,
1596 1997 1743 2051 velut
1778 1997 1828 2050 in
1859 2010 1983 2050 area

410 2092 562 2147 labor
589 2092 862 2147 hominum
895 2099 949 2145 et
977 2091 1155 2153 boum,
1177 2086 1609 2143 confundebatur
1637 2103 1759 2157 spes
1793 2087 1985 2142 statio-

406 2196 536 2235 nunt
563 2190 616 2236 et
641 2179 847 2248 frugum
872 2196 885 2232 :
907 2178 1019 2248 jam
1052 2193 1179 2231 vero
1206 2191 1313 2230 non
1340 2185 1448 2229 tam
1471 2175 1734 2245 ﬂagellum
1763 2185 1818 2231 et
1843 2190 1981 2231 con-

406 2272 531 2325 trita
575 2254 855 2324 videbatur
896 2268 1087 2338 stipula
1128 2267 1413 2335 iugifera,
1462 2282 1623 2335 quam
1662 2274 1884 2336 scopata
1922 2275 1981 2322 et

407 2360 602 2415 nudata
629 2374 772 2413 area.
795 2356 929 2425 Quid
947 2373 1075 2427 ergo
1098 2357 1463 2412 Vale-dixerunt
1479 2371 1666 2411 omnes
1688 2355 1827 2411 illius
1856 2355 1983 2410 anni

406 2450 629 2519 opibus,
669 2448 1038 2502 valedixernnt
1065 2454 1120 2501 et
1140 2445 1457 2514 Augustino,
1483 2445 1615 2500 alias
1641 2460 1800 2514 quam
1826 2445 1984 2516 (ami-

407 2545 589 2592 scrant
621 2536 975 2605 ubventuras)
1003 2534 1104 2590 sibi
1147 2543 1425 2605 Sperantes
1465 2532 1518 2586 in
1550 2533 1714 2602 ipsius
1742 2532 1982 2602 largitio-

411 2632 597 2686 nibus.
653 2629 758 2686 Sed
789 2628 1003 2683 tandem
1048 2627 1346 2698 desperatis
1386 2626 1438 2680 in
1476 2626 1640 2681 rebus
1688 2626 1984 2681 mirabilior

412 2724 582 2777 virtus
610 2719 922 2792 (apparuit)
947 2719 1225 2787 Augustini
1256 2718 1461 2774 meritis
1491 2733 1596 2771 non
1633 2715 1976 2774 fallentibus:

405 2823 552 2869 tanta
575 2814 771 2884 quippe
792 2819 1031 2879 segetum
1061 2810 1218 2879 copia
1244 2809 1434 2864 eodem
1458 2823 1641 2864 mense
1661 2809 1725 2863 ad
1749 2823 1979 2865 messem

407 2906 624 2961 cuniculi
646 2906 831 2960 intota
856 2903 945 2959 illa
967 2903 1289 2971 vastatione,
1312 2910 1371 2956 ut
1394 2901 1535 2956 nulla
1560 2910 1820 2958 terrarum
1841 2903 1984 2960 illius

407 2990 694 3067 provincia:
706 2995 833 3049 huic
851 3008 910 3048 se
926 3000 1106 3064 posset
1125 3005 1356 3061 arquare,
1374 2992 1459 3047 vel
1480 2992 1724 3047 ubertate
1748 2992 1980 3064 frugum,

405 3086 489 3141 vel
519 3083 814 3141 altitudine.
857 3086 950 3140 His
978 3083 1312 3139 mirabilibus
1338 3083 1521 3152 populi
1550 3083 1783 3150 attoniti,
1817 3084 1979 3141 tantis

2082 1903 2291 1971 gtorum
2319 1911 2504 1970 gentes
2533 1903 2818 1959 interluvio
2845 1904 3205 1961 disterm'nat.
3253 1904 3389 1961 lluic
3418 1907 3669 1975 regaliter

2086 1992 2385 2063 praesidenti
2439 1994 2493 2048 in
2534 1993 2818 2063 metropoli
2860 1993 3163 2049 Cantuarios
3206 1996 3411 2066 legatus
3458 1997 3666 2053 Domini

2085 2083 2434 2150 Augustinus,
2485 2098 2582 2152 per
2624 2082 2826 2152 legatos
2861 2092 2916 2139 et
2944 2099 3079 2154 quos
3112 2086 3180 2140 ab
3208 2084 3454 2143 aﬂluihus
3491 2095 3665 2142 trans-

2084 2173 2301 2259 mftrinis
2322 2174 2463 2229 beati
2490 2171 2731 2242 GregOrii
2761 2174 2974 2230 hortatu
3006 2186 3368 2246 assumpserat
3394 2176 3663 2248 interpre-

2084 2274 2183 2331 tes,
2216 2266 2431 2321 mandat
2455 2280 2536 2331 se,
2561 2267 2643 2322 sui
2666 2281 2883 2337 suaeque
2910 2267 3087 2336 gentis
3109 2282 3295 2345 amore
3323 2276 3377 2322 et
3406 2269 3598 2336 gratia,
3631 2288 3662 2324 a

2084 2354 2254 2410 Ruina
2278 2356 2524 2416 venisse;
2566 2365 2623 2411 et
2646 2356 2888 2410 nuntium
2915 2356 3016 2429 sibi
3040 2356 3303 2427 optimum
3333 2364 3495 2428 atque
3520 2361 3664 2414 omni

2082 2446 2452 2516 acceptatione
2475 2446 2842 2514 dignissimum
2869 2445 3093 2513 alien-re,
3135 2448 3227 2516 qui
3256 2449 3667 2518 suscipientibus

2079 2538 2406 2606 serupitcrna
2435 2536 2629 2605 gaudia
2658 2545 2714 2593 et
2739 2536 2979 2608 inﬁnita,
3024 2554 3149 2594 eum
3185 2540 3516 2610 sempiterno
3554 2541 3665 2598 Deo

2080 2626 2314 2684 cadetis
2340 2628 2489 2695 regni
2519 2628 2707 2683 secula
2725 2669 2741 2696 ,
2790 2628 2893 2685 lide
2922 2639 3250 2700 protestetur
3286 2632 3662 2687 indubitantls-

2081 2718 2237 2772 sima.
2279 2715 2425 2770 Talia
2459 2732 2553 2771 rex
2592 2717 2801 2787 placido
2828 2718 3009 2775 animo
3038 2720 3367 2790 percipiens,
3409 2723 3663 2793 pnecepit

2078 2822 2177 2863 eos
2211 2808 2263 2861 in
2301 2806 2414 2876 ipsa
2452 2822 2559 2879 qua
2587 2808 2789 2879 recepti
2812 2817 2939 2864 sunt
2966 2809 3139 2866 insula
3167 2812 3432 2878 residere,
3476 2815 3663 2882 eisque
3720 2824 3731 2829 '

2078 2897 2324 2955 exhiberi
2345 2912 2465 2968 qua:
2489 2897 2609 2953 vitae
2632 2913 2760 2955 usus
2784 2899 3110 2969 postularet,
3139 2915 3421 2970 quousque
3454 2914 3662 2973 pertra-

2080 2996 2281 3054 ctaret,
2302 2988 2572 3057 quomodo
2600 2989 2747 3060 ipsos
2767 2987 3081 3059 disponeret
3105 3007 3119 3044 :
3143 2993 3256 3061 jam
3293 2993 3435 3048 enim
3464 2993 3660 3062 ubique

2080 3090 2371 3136 coruscans
2404 3077 2768 3134 christianitas
2795 3078 2872 3133 illi
2900 3078 3237 3144 innotuerat,
3274 3080 3510 3134 maxime
3535 3081 3659 3148 quia

378 3179 616 3233 ~bcatum
636 3176 984 3251 Augustinum
1006 3176 1289 3246 prrcconiis
1315 3175 1548 3244 gaudent
1566 3174 1779 3243 efferre,
1797 3185 1978 3232 utere-
2007 3193 2051 3254 ο
2082 3168 2229 3236 regia
2256 3166 2453 3235 0001“!
2479 3166 2554 3221 ίυί
2579 3175 2696 3220 eri“
2720 3180 2792 3221 ει
2818 3164 3036 3222 Francis
3064 3167 3305 3236 ΐθείυυες
3333 3170 3430 3222 01"”
3434 3169 3660 3224 ίδιίειίιίι·

403 3268 536 3321 dant
561 3275 615 3320 et
636 3265 944 3336 praedicent,
971 3280 1094 3319 eum
1116 3264 1372 3333 quidquid
1402 3264 1533 3318 velit
1558 3280 1587 3318 a
1615 3265 1838 3319 Domino
1862 3266 1976 3319 ubi-

403 3356 484 3408 tis
496 3352 732 3420 gentium
747 3368 906 3423 posse
927 3352 1232 3421 impetrare,
1263 3359 1321 3405 et
1347 3351 1598 3420 quidquid
1638 3350 1864 3408 ﬁdeliter
1884 3367 1977 3422 pe-

404 3446 552 3509 titur,
583 3442 739 3513 pos’se
767 3432 1036 3512 prmstare.
1056 3440 1181 3497 Haec
1208 3441 1846 3513 memoratusepiscopus,
1863 3450 1975 3499 tota

402 3536 576 3609 patria
602 3543 763 3601 teste,
792 3532 1075 3603 propalans
1096 3532 1351 3601 gratilicis
1377 3532 1742 3600 auditoribus,
1763 3534 1975 3601 dignam

406 3622 781 3679 certitudinem
811 3622 973 3678 dabat
996 3623 1272 3689 omnibus,
1302 3637 1459 3690 quam
1486 3626 1673 3679 sancite
1710 3624 1975 3679 credenda

401 3720 527 3771 sunt
561 3711 777 3780 antiqua
810 3710 992 3781 signa,
1017 3710 1068 3765 iu
1109 3720 1218 3764 tam
1256 3710 1482 3767 novellis
1508 3710 1976 3771 declarationibus.

474 3801 559 3857 li.
607 3800 724 3855 Jarn
756 3808 877 3870 post
906 3798 1136 3863 Latium,
1184 3809 1307 3870 post
1332 3799 1560 3868 Italiam,
1600 3810 1721 3869 post
1751 3799 1978 3869 Gallias,

402 3896 523 3959 post
550 3894 632 3943 tot
652 3893 903 3943 montana
919 3925 936 3953 ,
965 3885 1313 3954 campestria,
1344 3899 1625 3941 nemorosa
1649 3883 1979 3957 ﬂuviosaque

403 3988 661 4038 terrarum
686 3985 744 4031 et
769 3976 1006 4044 gentium
1032 3975 1366 4041 discrimina,
1406 3976 1620 4033 tandem
1663 3976 1854 4044 Deifer,
1882 3990 1981 4050 pa-

404 4070 554 4132 cifer.
586 4066 826 4123 salutifer
850 4067 1202 4137 Augustinus,
1247 4080 1370 4122 cum
1398 4068 1559 4125 beato
1598 4071 1974 4138 contubernio,

402 4158 539 4218 felici
569 4173 726 4215 cursu
752 4156 1009 4228 applicuit
1021 4156 1366 4223 Britanniam,
1394 4156 1461 4212 ad
1487 4157 1818 4215 mansionem
1845 4159 1982 4217 sciliv

402 4257 489 4319 pet
515 4257 570 4304 et
591 4248 823 4318 quietem
854 4256 1165 4318 perpetuam
1188 4287 1204 4315 ,
1231 4246 1485 4304 divinitus
1520 4248 1617 4305 sibi
1649 4250 1980 4321 masculina-

401 4346 531 4408 tarn.
570 4337 666 4393 Via
690 4337 954 4407 iustorum
980 4346 1125 4392 recta
1151 4334 1294 4391 facta
1321 4345 1432 4402 est,
1463 4325 1522 4392 et
1545 4337 1647 4393 iter
1672 4346 1981 4396 sanctorum

402 4436 787 4505 [ir-mperatum,
803 4436 860 4483 et
885 4427 1105 4484 deduxit
1129 4442 1226 4483 eos
1251 4426 1503 4484 Dominus
1522 4427 1663 4485 Deus
1683 4436 1872 4487 noster
1894 4431 1980 4488 via

404 4516 630 4591 mirabili
650 4516 716 4571 ad
736 4527 939 4581 certum
970 4519 1167 4573 locum.

1014 4607 1241 4665 CAPUT
1282 4609 1347 4664 ll.

408 4701 681 4771 Ingressus
726 4703 782 4754 in
829 4700 1092 4770 Angliam.
1149 4698 1427 4756 Conuersio
1474 4703 1643 4757 sancti
1696 4702 1981 4759 Ethelredi

620 4791 771 4860 regis.
817 4788 1024 4847 Lmtitio
1064 4790 1231 4850 sancti
1271 4787 1507 4859 Gregorii
1552 4790 1758 4863 Magni.

476 4880 564 4940 45.
604 4880 775 4947 [labet
822 4878 986 4947 Regia
1033 4879 1221 4934 Cantia
1262 4880 1487 4937 ininlam
1535 4884 1897 4951 praegrandem
1927 4893 1982 4940 et

401 4971 803 5035 celeberrimam
845 4969 1138 5039 Taneturu,
1175 4985 1431 5039 capacem
1466 4970 1815 5041 amplitudine
1836 4955 1982 5031 ~sux-

403 5073 679 5135 eeutarum
698 5061 1020 5119 iamiliarum
1047 5078 1061 5114 :
1089 5061 1302 5132 ianuam
1331 5076 1387 5117 et
1404 5078 1577 5121 surum
1602 5053 1785 5133 pandit
1803 5073 1978 5125 traria-

480 5186 504 5227 a
547 5173 684 5229 Beda
713 5171 1046 5242 Wantsmnu,
1071 5188 1207 5229 nunc
1234 5171 1425 5229 Staure
1450 5174 1656 5234 dicitur.

477 5245 506 5294 b
547 5243 718 5315 Apud,
743 5243 1066 5298 Witleltnum
1100 5242 1321 5315 ‘Thorne
1370 5243 1421 5315 in
1460 5246 1713 5315 chronica
1754 5244 1974 5308 dicitur.

407 5312 639 5371 sanctum
689 5314 1024 5384 Augustinum
1074 5312 1170 5384 de?
1203 5312 1320 5367 navi
1369 5313 1753 5376 descendcnlem
1801 5317 1980 5383 pedem

410 5395 566 5455 petra:
601 5384 746 5456 quasi
774 5383 897 5456 luto
940 5383 1290 5456 impressisse,
1332 5398 1541 5456 eumque
1584 5383 1638 5443 in
1672 5386 1872 5455 capella
1911 5387 1980 5442 ibi

413 5452 626 5526 fundato
653 5454 934 5526 honoriﬁce
952 5452 1284 5526 collocatam.

484 5538 504 5563 ε
556 5524 738 5577 Sancti
780 5520 1089 5575 ίΕιΙιειιοενιί
1138 5522 1278 5586 regis
1326 5529 1441 5574 acta
1492 5522 1870 5583 illnstravimus
1909 5524 1975 5579 ad

410 5592 479 5646 ει
506 5592 776 5647 Februa'ii
802 5610 814 5643 :
845 5592 1144 5659 quibusex
1196 5590 1287 5645 lib.
1320 5607 1356 5646 tt
1385 5588 1771 5647 Translationis
1806 5593 1977 5648 sancti

411 5661 686 5729 Augustini
717 5676 766 5714 e.
800 5677 848 5714 tv
875 5660 1116 5715 addenda
1161 5661 1338 5730 aliqua
1381 5671 1540 5716 erunt
1579 5664 1647 5715 aJ
1693 5664 1979 5717 continua-

529 5748 610 5783 νιιι
639 5748 830 5783 (ιιιιιιις.

529 5752 551 5777 t'
658 5748 667 5760 '
793 5748 830 5783 ἦ,

414 5731 930 5869 ιιυέ1ϋὲθῖ2¹ιὲἒιειυιυ
974 5800 1234 5869 Gregorio
1281 5800 1371 5857 lib.
1414 5815 1468 5854 ιι
1515 5799 1668 5869 epist.
1721 5798 1787 5852 59
1830 5799 1976 5855 Aldi-

2079 3260 2233 3322 sima,
2259 3257 2286 3296 ἀ
2312 3258 2469 3312 Berta
2498 3267 2824 3329 nuncupata,
2861 3274 3021 3328 quam
3049 3274 3118 3315 eo
3139 3271 3475 3317 sacramento
3500 3279 3533 3316 a
3563 3280 3657 3333 pa-

2072 3347 2316 3402 rentibus
2337 3346 2662 3409 obtinuerat,
2692 3354 2956 3415 quatenus
2977 3347 3322 3404 christianain
3345 3352 3655 3420 religionem

2073 3449 2291 3505 semper
2318 3436 2685 3490 intemeratam
2710 3434 2813 3490 sibi
2838 3450 2962 3491 cum
2989 3438 3102 3493 suis
3128 3439 3414 3494 comitibus
3438 3456 3659 3497 servare

2076 3527 2430 3598 permitteret.
2466 3525 2847 3583 Sanctissimus
2871 3528 3016 3584 enim
3054 3530 3244 3599 praesul
3274 3530 3536 3588 Letardus
3561 3534 3658 3587 da-

2079 3627 2164 3674 tus
2190 3626 2274 3674 est
2300 3632 2480 3674 eomes
2506 3625 2562 3673 et
2588 3626 2770 3675 custos
2795 3619 2996 3689 reginae
3024 3619 3389 3687 ﬁdelissimus,
3419 3624 3509 3690 qui
3537 3638 3656 3677 eam

2076 3707 2181 3779 piis
2208 3707 2425 3765 monitis
2450 3716 2506 3764 et
2533 3709 2825 3780 exemplis,
2862 3709 3005 3765 inter
3028 3709 3317 3767 damnosos
3345 3713 3659 3782 paganitatis

2078 3813 2227 3865 usus,
2252 3796 2455 3868 jugiter
2481 3797 2535 3853 in
2560 3796 2758 3854 Christi
2785 3799 2933 3855 cultu
2959 3800 3353 3857 corroboraret.
3381 3801 3504 3857 Hrec
3529 3816 3659 3871 ergo

2073 3902 2280 3958 regem,
2304 3887 2543 3957 quamvis
2557 3888 2709 3946 avitis
2723 3887 2902 3945 adhuc
2921 3889 3169 3946 tenebris.
3177 3890 3653 3961 obtemperantem,

2076 3976 2254 4035 facere
2282 3976 2465 4051 [Forte
2507 3975 2706 4049 fecere]
2760 3978 3080 4034 Christicolis
3122 3979 3553 4045 clementiorem;
3600 3987 3657 4057 et

2077 4067 2227 4137 quasi
2244 4065 2355 4135 jam
2382 4067 2494 4137 ipse
2502 4065 2685 4123 media
2699 4066 2783 4128 sui
2798 4068 3039 4138 corporis
3055 4079 3209 4142 parte
3227 4066 3499 4124 Christum
3514 4068 3656 4124 colc-

2077 4164 2179 4222 ret,
2194 4156 2333 4211 viam
2346 4154 2742 4223 Cbristibajulis
2761 4155 3040 4226 patefecit,
3067 4156 3240 4213 donec
3264 4165 3319 4212 et
3347 4157 3461 4228 ipse
3483 4157 3655 4212 intra-

2076 4252 2181 4303 ret.
2207 4244 2436 4302 Veniens
2458 4246 2642 4316 itaque
2665 4260 2757 4301 rex
2790 4244 2860 4300 ad
2888 4246 3121 4303 insulam
3146 4248 3234 4303 die
3262 4256 3584 4319 opportuno,
3602 4257 3657 4303 et

2078 4334 2315 4393 residens
2339 4350 2463 4391 cum
2484 4336 2802 4407 optimatum
2827 4345 2970 4394 emta
2995 4338 3096 4399 sub
3119 4337 3210 4394 dio
3225 4378 3242 4407 ,
3284 4338 3353 4393 ad
3378 4354 3528 4395 suam
3557 4354 3657 4393 att-

2074 4425 2333 4482 tiientiam
2355 4428 2584 4501 accersit
2606 4425 2957 4496 Augustinum
2976 4443 3099 4485 cum
3122 4444 3222 4489 suo
3241 4430 3615 4486 conventiculo
3639 4447 3654 4484 :

2080 4519 2300 4575 fallebat
2325 4520 2466 4574 enim
2495 4519 2667 4575 adhuc
2690 4533 2872 4589 regem
2903 4521 3270 4590 augurationis
3297 4536 3470 4585 error,
3502 4521 3651 4577 velut

2083 4620 2400 4668 noctrrnum
2433 4610 2813 4675 Nicodemum,
2860 4622 3161 4678 verentem,
3192 4626 3260 4667 ne
3286 4611 3329 4667 si
3360 4611 3413 4666 in
3442 4612 3655 4683 aliquod

2082 4711 2115 4757 t«
2137 4713 2281 4757 ctum
2324 4702 2425 4758 sibi
2450 4701 2884 4771 supervenirent,
2931 4702 2978 4756 si
3000 4701 3127 4770 quid
3157 4701 3537 4757 incantationis
3563 4711 3657 4756 aut

2078 4791 2330 4851 maleﬁcii
2366 4794 2593 4861 scirent,
2638 4793 2943 4849 convictum
2987 4807 3111 4847 eum
3150 4791 3499 4849 seducerent.
3550 4792 3656 4848 Sed

2081 4892 2338 4954 quantum
2365 4883 2458 4939 lux
2483 4897 2514 4937 a
2542 4883 2795 4947 tenebris,
2825 4880 3058 4937 distabat
3086 4880 3207 4936 talis
3235 4896 3387 4935 mens
3413 4882 3482 4935 ab
3501 4880 3657 4935 inno-
3675 4904 3690 4921 κ

2082 4973 2326 5029 carnibus
2361 4987 2424 5028 ac
2450 4972 2610 5028 rectis
2637 4988 2652 5025 :
2682 4969 3001 5028 attollebant
3037 4971 3213 5040 potius
3248 4969 3443 5026 vexilla
3468 4970 3655 5025 domi-

2082 5065 2223 5131 nica,
2259 5063 2454 5132 quibus
2475 5061 2848 5120 examinarent
2868 5059 3137 5131 mastigia
3158 5059 3506 5116 daemoniaca.
3546 5059 3656 5116 Ve-

2080 5173 2264 5241 hrrga,
2293 5170 2397 5225 lilia
2425 5182 2535 5241 non
2563 5156 2854 5241 Clilotbarii
2882 5169 3058 5241 primi,
3089 5179 3150 5225 ut
3186 5169 3409 5241 narratio,
3431 5169 3525 5241 ait_,
3554 5170 3650 5224 sed

2084 5237 2383 5298 Chariberti
2430 5240 2571 5311 regis
2613 5237 2958 5311 Parisiorum,
2986 5243 3060 5296 uti
3099 5255 3164 5294 ex
3190 5238 3449 5311 Gregorio
3478 5237 3652 5311 Turo-

2086 5312 2236 5368 nensi
2280 5320 2337 5367 et
2364 5306 2840 5365 aliis'deduximus
2883 5309 2950 5363 ad
2988 5312 3151 5365 vitam
3202 5309 3373 5363 sancti
3418 5306 3651 5371 Letxrrdi.

2062 5380 2243 5504 quam
2290 5380 2531 5435 dedimus
2574 5393 2696 5460 cum
2730 5374 2850 5431 Vita
2896 5377 3022 5432 dicti
3064 5376 3373 5461 Ethelberti
3416 5379 3550 5448 regis
3587 5377 3654 5430 ad

2120 5469 2214 5504 rem
2243 5449 2315 5503 21
2341 5448 2649 5504 Februartt.
2682 5447 2815 5504 quod
2854 5446 2990 5500 diem
3019 5448 3242 5503 natalem
3279 5461 3654 5504 ranororenms.

2120 5454 2214 5529 ient
2243 5449 2315 5503 2i
2341 5447 2664 5529 Februarii...
2682 5447 2815 5517 quod
2854 5446 2990 5529 diem
3019 5448 3242 5529 natalem
3279 5446 3654 5529 ignorare-ntus.

2090 5520 2280 5575 Verum
2307 5528 2482 5585 postea
2509 5514 2779 5570 didicimus
2804 5531 2871 5569 ea:
2895 5514 2999 5570 Ms.
3033 5516 3264 5571 Romano
3292 5514 3437 5569 duris
3463 5516 3654 5569 Attem-

2082 5592 2209 5661 paii,
2241 5598 2289 5643 et
2321 5590 2425 5642 alio
2448 5585 2672 5661 uitrique
2724 5596 2930 5661 nostra,
2962 5586 3099 5661 diem,
3138 5587 3365 5661 natalem
3403 5594 3453 5639 et
3497 5585 3655 5661 culmi

2083 5653 2288 5713 'sacruin
2314 5673 2424 5711 esse
2448 5657 2480 5708 7
2508 5653 2660 5722 Maii,
2689 5656 2762 5708 uti
2799 5658 2867 5725 ait
2894 5655 3026 5708 hunc
3054 5656 3187 5710 diem
3213 5656 3458 5725 diximus.
3494 5653 3652 5725 Ejtth

2083 5728 2198 5781 dem
2227 5725 2747 5797 ntiraculuquwdunt
2777 5722 3023 5779 habentur
3048 5728 3188 5797 infra
3218 5725 3305 5781 lib.
3340 5742 3355 5780 t
3405 5722 3649 5781 Transiit.

2086 5799 2240 5854 tionis
2271 5797 2434 5852 sancti
2465 5795 2734 5869 Augustini
2762 5812 2808 5849 ε.
2838 5809 2890 5849 v.
