3976 6178
330 300 394 355 61
1540 301 1695 356 νιτΔ
1734 302 1981 359 θεὶΜΪΙΊ
2024 303 2415 361 AUGUSTINI.
3548 312 3618 368 (οἳ

326 430 457 469 nere
479 426 631 482 ergo,
657 428 765 468 non
786 413 1185 482 erubescentes,
1207 413 1299 469 sed
1321 415 1622 470 eminenter
1640 413 2001 477 aﬂ'erentesA
2029 418 2212 472 omnia
2270 427 2661 474 tormentorum
2708 430 2765 474 et
2809 423 3060 475 mortium
3113 440 3311 493 genera
3360 431 3618 485 mundum

327 504 738 574 triutnphatoris
762 502 942 556 mundi
968 518 1186 558 crucem
1209 512 1541 572 argenteam,
1566 512 1619 556 et
1644 505 1927 573 imaginem

328 586 539 651 Domini
582 593 905 656 Salvatoris,
950 593 1185 649 formose
1227 604 1390 664 atque
1427 609 1623 648 aurose
1648 594 1702 648 in
1746 594 1927 648 tabula

324 684 615 754 depictam.
660 681 941 737 Cancbant
968 682 1127 736 simul
1157 684 1401 748 litanias,
1452 684 1647 751 quibus
1674 682 1929 736 eadrent

327 777 637 831 adversaria
662 776 753 830 Dei
779 776 975 831 mwnia
996 772 1212 829 Jeridio
1238 792 1253 839 ;
1282 784 1501 829 orantes
1517 775 1716 829 contrit
1739 797 1746 817 ν
1766 774 1929 829 corde

328 884 428 937 pro
463 882 560 921 sua
590 867 973 936 ipsorumque,
1016 879 1153 933 quos
1183 865 1293 919 Deo
1322 865 1604 933 acquirere
1648 872 1927 929 venerant,

330 970 592 1031 perpetua
621 958 819 1012 salute.

400 1050 488 1103 l7.
530 1048 911 1103 Residentibus
934 1046 1016 1102 cis
1043 1047 1196 1116 jussu
1225 1048 1404 1115 regio,
1454 1046 1786 1115 Augustinus
1819 1046 1929 1112 pri-

330 1160 477 1199 mum
501 1159 595 1199 ore
618 1144 829 1198 intonat
856 1143 1198 1212 evangelieo:
1229 1142 1309 1197 Ad
1342 1151 1558 1209 tuam,o
1585 1158 1701 1207 rex,
1737 1142 1929 1197 totius-

330 1248 435 1302 que
480 1233 639 1301 bujus
686 1232 837 1301 regni
892 1241 1209 1302 perpetuam
1272 1248 1457 1301 paccttt
1512 1233 1627 1287 huc.
1667 1231 1923 1299 ingressi,

329 1326 591 1395 Optimum
638 1325 882 1378 nuntium
930 1323 1273 1393 sempiterna:
1322 1323 1550 1389 lattiticc,
1612 1333 1669 1377 ut
1722 1324 1924 1391 pridem

326 1416 726 1478 mandavimus.
759 1415 1031 1472 affet-imus
1079 1416 1171 1471 tibi
1197 1434 1212 1471 :
1244 1416 1291 1487 si
1319 1416 1644 1485 susceperis,
1675 1415 1761 1470 hic
1789 1425 1842 1470 ct
1870 1415 1923 1469 iu

324 1504 537 1563 aeterno
588 1522 752 1576 regno
798 1506 1127 1562 aeternaliter
1176 1506 1589 1562 beatiticaberis.
1635 1504 1751 1559 Jam
1780 1507 1922 1560 enim

326 1598 515 1653 mundi
552 1598 801 1653 conditor
830 1607 886 1653 et
914 1598 1056 1652 idem
1101 1597 1431 1667 Redemptor
1460 1598 1694 1650 humano
1735 1596 1921 1665 generi

327 1706 553 1759 regnum
600 1691 862 1746 etnlorum
914 1691 1158 1761 aperuit,
1200 1699 1255 1745 et
1296 1690 1362 1745 de
1410 1691 1637 1745 terrenis
1674 1691 1923 1747 caelestes

2029 508 2283 564 Salvatori
2338 524 2438 561 suo
2491 509 2842 565 invictissime
2894 512 3268 569 subdilernnt.
3326 515 3443 570 Jam
3493 520 3620 573 o'im

2034 600 2200 654 Ratira
2220 642 2234 663 ,
2260 600 2371 669 jam
2422 600 2466 655 G
2498 602 2628 656 :ccia
2648 641 2664 663 ,
2703 601 2814 669 jam
2858 617 3011 670 rcges
3056 613 3111 657 et
3142 606 3411 675 principes
3442 617 3618 678 terrm,

2025 689 2133 756 jam
2183 688 2371 743 insula:
2413 692 2680 757 gentium,
2712 692 3041 759 propbtticis
3082 694 3488 749 iuvitationibus
3534 706 3619 750 at.

2030 787 2244 847 tractze,
2267 795 2387 834 cum
2418 780 2537 847 ipso
2568 789 2829 836 terrarum
2859 782 3097 851 gaudent
3125 798 3308 852 regum
3335 786 3618 843 Dominum

2028 869 2258 924 adorare
2301 880 2358 925 et
2398 870 2472 924 illi
2513 871 2565 925 in
2613 880 2933 940 perpetumn
2982 874 3213 935 servire,
3243 890 3341 944 per
3373 892 3534 945 quem
3565 888 3621 933 et

2028 974 2148 1013 cum
2201 975 2310 1027 quo
2374 961 2686 1029 perenniter
2730 961 2947 1017 valeant
2994 977 3243 1030 regnare.
3295 963 3410 1018 Tali
3457 968 3618 1020 etiam

2029 1049 2111 1101 all‘.
2134 1061 2221 1104 ctu
2261 1050 2551 1105 hodiernus
2599 1061 2754 1121 pater
2784 1054 2949 1108 totius
2976 1054 3381 1109 Christianitatis
3418 1056 3621 1126 Grego-

2028 1141 2158 1205 riu=,
2194 1152 2423 1195 vestram
2465 1142 2820 1198 salvationem
2861 1143 3240 1200 ardentissime
3285 1146 3494 1213 siiens,
3523 1163 3622 1203 nec

2030 1248 2331 1301 pinnarum,
2375 1251 2475 1289 nec
2525 1237 2713 1293 mortis
2753 1237 2948 1293 timore
2995 1240 3375 1308 prohiberetur
3418 1241 3485 1295 ad
3528 1259 3624 1298 vos

2032 1323 2231 1384 venire,
2262 1324 2306 1376 si
2338 1333 2523 1391 posset
2546 1326 2714 1393 (quod
2740 1343 2847 1381 non
2880 1334 3080 1397 potest)
3105 1338 3187 1383 tot
3213 1333 3623 1389 commissarum

2027 1412 2150 1466 ai-ii
2173 1430 2324 1467 arum
2355 1431 2539 1469 curam
2582 1415 2851 1472 diserere.
2899 1418 3241 1489 Quapropter
3271 1437 3370 1476 nos
3423 1423 3476 1477 in
3526 1439 3624 1479 sua

2020 1506 2143 1563 tice
2192 1507 2364 1573 misit,
2394 1517 2453 1561 ut
2481 1508 2621 1561 viam
2669 1518 2883 1563 mterua:
2935 1509 3071 1565 lucis
3115 1520 3172 1565 et
3209 1512 3431 1579 januam
3472 1515 3623 1571 vobis

2026 1597 2321 1666 pamlamus
2364 1598 2511 1665 regni
2541 1599 2776 1653 celestis
2807 1615 2825 1653 :
2866 1616 2974 1669 quo
3001 1601 3046 1655 si
3076 1603 3401 1671 contemptis
3440 1603 3621 1668 idolis,

2025 1688 2370 1743 da'muniacis
2418 1705 2515 1758 per
2551 1689 2825 1744 Christum
2867 1691 3069 1746 intrare
3097 1707 3205 1747 non
3235 1693 3478 1759 rtmitis,
3506 1710 3623 1748 cer-

327 1782 609 1850 indigenas
656 1780 803 1836 fecit.
833 1780 930 1837 Sic
973 1783 1115 1836 enim
1165 1781 1306 1859 Deus
1334 1781 1521 1836 dilexit
1556 1781 1835 1849 mundum,
1866 1789 1924 1837 ut
1955 1780 2002 1840 Β
2031 1777 2232 1832 tissima
2263 1778 2365 1832 title
2401 1794 2618 1847 semper
2645 1781 2899 1847 regnetis.
2944 1824 2952 1834 .

328 1870 517 1928 Filium
546 1885 706 1925 suum
737 1871 863 1940 unig
886 1871 1092 1933 'nitum,
1119 1872 1256 1925 sicut
1286 1871 1400 1941 ipse
1427 1871 1731 1941 unigenitus
1761 1880 1925 1925 testa-

330 1971 446 2027 tur,
472 1977 570 2031 pro
602 1961 803 2017 mundo
848 1962 997 2017 daret
1033 1962 1223 2033 (Joan.
1254 1978 1328 2025 tu,
1363 1961 1487 2031 16);
1531 1969 1585 2015 ut
1629 1962 1805 2018 omnis
1832 1963 1924 2030 qui

328 2053 494 2108 credit
530 2054 580 2107 in
627 2053 802 2122 ipsum
832 2069 935 2107 non
969 2062 1174 2122 pereat,
1208 2054 1299 2106 sed
1332 2054 1529 2108 habent
1558 2053 1719 2107 vitam
1761 2063 1923 2109 teter-

329 2160 473 2200 nam.
501 2144 633 2199 Tam
663 2145 805 2198 enim
832 2144 1035 2198 inﬁnita
1068 2145 1329 2200 chaiitate
1359 2144 1498 2199 idem
1518 2144 1610 2200 Dei
1628 2144 1792 2200 Filius
1822 2146 1924 2199 lto-

332 2234 503 2288 mines
534 2232 720 2287 dilext
770 2249 905 2303 quos
950 2234 1094 2296 fecit,
1131 2245 1187 2287 ut
1228 2251 1334 2288 non
1381 2235 1555 2290 solum
1598 2236 1759 2289 homo
1788 2235 1927 2289 inter

328 2325 576 2381 homine.
606 2323 748 2387 fieri,
782 2341 965 2379 verum
998 2326 1158 2379 etiam
1199 2334 1450 2388 mortem,
1482 2334 1710 2382 mortem
1740 2336 1924 2381 autem

329 2416 525 2481 erucis,
559 2431 656 2484 pro
685 2414 925 2468 Ιιοιιιὶτείὺ
948 2432 991 2469 ts
1024 2416 1336 2483 dignantur
1378 2417 1510 2485 pali.
1563 2414 1653 2471 Sic
1692 2432 1927 2485 namque

325 2506 531 2577 placuit
560 2506 676 2571 ejus
722 2504 977 2559 ineffabili
1006 2506 1327 2569 clementia‘,
1360 2523 1369 2556 l
1394 2515 1415 2559 t
1455 2506 1724 2561 diabolum
1750 2506 1924 2576 capti-

322 2607 569 2653 vatorem
619 2606 880 2659 uestrum,
916 2613 1020 2649 non
1054 2596 1103 2649 in
1152 2612 1261 2650 sum
1294 2596 1586 2651 divinitatis
1623 2595 1925 2666 majestate,

322 2688 417 2745 sed
444 2688 496 2742 in
526 2704 575 2741 ιιι
601 2697 725 2744 stne
753 2688 929 2743 carnis
951 2686 1263 2743 inﬁrmitate
1292 2688 1549 2754 elideret;
1588 2699 1642 2743 et
1671 2706 1789 2754 nos,
1822 2689 1922 2745 de.

323 2777 494 2833 bitam
524 2777 780 2845 prccdam,
817 2791 912 2845 per
956 2776 1059 2829 indi
1080 2776 1245 2830 bilam
1271 2778 1445 2832 crucis
1474 2794 1710 2847 paruam,
1742 2794 1774 2832 a
1811 2778 1927 2833 fau-

323 2867 478 2920 cibus
526 2866 826 2936 impiissimi
881 2866 1092 2935 tyranni
1144 2875 1381 2921 erueret.
1433 2866 1598 2934 Cu,us
1650 2867 1928 2922 incarnata

326 2958 580 3011 divinitas
623 2958 920 3013 innumeris
948 2957 1201 3011 virtutum
1253 2956 1445 3010 claruit
1490 2956 1750 3023 ostentis,
1782 2957 1927 3011 omni

325 3051 608 3109 de‘ai’itate
654 3058 863 3111 curata.
896 3048 1045 3105 omni
1074 3049 1269 3103 virtute
1315 3058 1559 3117 patrata:
1591 3047 1760 3108 cmlo.
1786 3047 1928 3103 side-

2100 1869 2184 1923 18.
2220 1870 2263 1923 ll
2282 1886 2344 1925 rc
2373 1880 2429 1925 et
2467 1872 2551 1927 his
2596 1872 2790 1927 similia
2822 1873 3099 1928 salutifero
3126 1873 3424 1942 Augustino
3451 1876 3623 1930 disse-

2028 1971 2203 2027 rente,
2227 1962 2343 2030 ejus
2370 1962 2713 2031 sull‘raganei,
2747 1974 2906 2032 prout
2948 1964 3207 2019 Dominus
3251 1965 3419 2031 dedit,
3444 1965 3623 2033 plera—

2027 2067 2133 2122 que
2162 2054 2432 2109 addidere.
2465 2060 2535 2108 At
2582 2069 2697 2117 rex,
2729 2055 2798 2108 ab
2855 2054 3043 2108 inolito
3092 2069 3276 2108 errore
3333 2070 3438 2107 non
3471 2054 3624 2107 facile

2026 2142 2375 2208 extricabilis,
2411 2143 2689 2212 respondit
2718 2152 2775 2198 ut
2800 2158 2962 2212 aeger,
2992 2144 3179 2198 favens
3206 2143 3423 2212 quidem
3455 2144 3625 2197 medi-

2026 2235 2120 2300 cis,
2147 2233 2243 2288 sed
2275 2232 2504 2289 necdum
2536 2234 2750 2304 patiens
2778 2235 3073 2290 curationis
3112 2252 3125 2287 :
3156 2233 3381 2289 Pulchra
3409 2234 3623 2301 quidem
3680 2300 3681 2303 η

2027 2333 2084 2380 et
2121 2325 2186 2379 ad
2216 2325 2508 2394 quamdam
2555 2325 2781 2393 gloriam
2834 2324 3096 2379 inﬁnitam
3140 2335 3268 2379 sunt
3321 2324 3519 2377 invitat:
3546 2324 3623 2377 ria

2027 2431 2146 2485 qua:
2169 2416 2459 2486 suggeritis
2488 2416 2631 2469 dicta
2661 2424 2716 2471 et
2736 2417 3004 2485 promissa
3030 2434 3045 2468 :
3077 2417 3171 2471 sed
3200 2416 3454 2484 quoniam
3486 2430 3624 2468 nova

2027 2506 2289 2561 habentur
2318 2514 2374 2560 et
2403 2506 2664 2561 hactenus
2714 2506 3008 2575 incognita,
3039 2521 3146 2559 non
3194 2505 3324 2559 mihi
3371 2505 3625 2574 competit

2027 2596 2111 2649 his
2159 2596 2397 2649 animiin
2430 2595 2687 2661 subdere,
2716 2604 2772 2649 et
2827 2594 3091 2665 majorum
3141 2596 3275 2649 ritus
3324 2610 3419 2665 per
3458 2605 3626 2649 totam
3678 2596 3687 2604 ’

2028 2688 2271 2757 Angliam
2303 2694 2531 2743 eatenus
2586 2697 2832 2742 seivatos
2876 2690 3147 2742 deserere.
3183 2690 3428 2741 Attamen
3458 2686 3623 2740 bene-

2027 2780 2277 2836 volentia
2310 2789 2521 2843 vestrm,
2553 2794 2658 2847 qua
2689 2779 2757 2835 de
2788 2780 3081 2849 longinquo
3112 2780 3195 2848 (ut
3222 2777 3403 2847 video)
3433 2778 3498 2829 ad
3530 2792 3625 2839 nos

2027 2870 2233 2937 venire,
2279 2879 2586 2939 nostraeque
2612 2869 2794 2937 saluti,
2825 2878 2985 2936 prout
3014 2873 3186 2922 nostis
3212 2868 3390 2920 verius
3417 2881 3482 2919 ac
3511 2879 3623 2918 me-

2032 2959 2152 3025 liu=,
2184 2959 2433 3013 certastis
2465 2958 2768 3021 consulere,
2800 2973 2899 3011 nos
2927 2970 3267 3023 nequaquam
3303 2954 3499 3018 infesti,
3530 2952 3623 3005 sed

2031 3067 2132 3107 nec
2162 3050 2351 3119 ingrati
2384 3050 2647 3104 voluimus
2685 3048 2952 3102 existere:
3005 3046 3177 3114 magis
3206 3061 3333 3099 vero
3374 3053 3622 3113 (ptumus

326 3142 378 3199 ri'
415 3159 497 3207 us,
532 3153 693 3207 terra,
727 3142 859 3195 mari
882 3184 897 3205 ,
932 3140 1143 3196 inferno
1187 3156 1246 3196 se
1274 3140 1513 3196 omnium
1546 3140 1713 3195 Deum
1743 3148 1798 3195 et
1827 3140 1925 3195 do-
1950 3150 1995 3212 ρ
2029 3142 2257 3209 benigna
2288 3156 2386 3195 vos
2427 3138 2792 3208 hospitalitate
2842 3138 3048 3199 fovere,
3103 3144 3161 3189 et
3206 3136 3328 3188 vita:
3386 3134 3621 3187 subsidia

326 3236 532 3297 utilium
581 3234 851 3297 ostendit;
904 3239 1094 3288 ventos
1135 3242 1189 3286 et
1218 3246 1367 3287 mare
1410 3231 1637 3301 imperio
1677 3232 1921 3293 sedavit,

326 3325 522 3385 (luc'us
546 3324 709 3378 utaris
725 3324 877 3393 quasi
902 3324 1129 3379 solidum
1154 3339 1401 3391 αιιιηιιιιιι
1419 3322 1679 3377 calcavit:
1708 3322 1925 3377 tandem

302 3417 463 3468 .tlturi
499 3424 555 3468 ut
585 3415 747 3468 homo
779 3430 876 3483 pro
904 3414 1213 3468 hominibus
1256 3414 1537 3483 dignatus,
1589 3415 1640 3466 in
1691 3413 1865 3468 triduo
1891 3429 1923 3467 a

326 3513 506 3559 morte
532 3504 677 3558 sicut
704 3503 844 3558 Deus
877 3504 1137 3570 surrexit,
1160 3512 1214 3556 et
1235 3503 1428 3563 solem,
1451 3501 1539 3569 qui
1569 3504 1620 3554 in
1644 3502 1721 3555 sui
1746 3501 1925 3557 condi-

329 3601 464 3651 tnr's
502 3612 636 3651 nece
678 3595 1060 3651 obtencbratus
1100 3606 1215 3659 erit,
1255 3610 1355 3649 suo
1399 3593 1684 3669 splendore
1728 3593 1925 3648 clarius

327 3687 640 3743 illustravit.
688 3684 963 3748 Surrexit,
1013 3686 1259 3756 inquam,
1294 3692 1351 3739 ut
1392 3701 1490 3739 nos
1536 3694 1922 3749 resuscitaret:

329 3779 577 3843 ascendit
602 3778 671 3832 ad
711 3779 911 3840 cmlos,
944 3785 1002 3833 ut
1044 3778 1173 3833 illuc
1207 3792 1308 3831 nos
1349 3775 1744 3846 triumphantes
1800 3790 1927 3847 age-

328 3877 433 3926 ret.
470 3869 600 3924 lude
621 3868 789 3938 judex
829 3868 1068 3923 omnium
1106 3868 1428 3923 saeculorum
1456 3866 1669 3943 veniet,
1709 3874 1771 3929 ut
1806 3880 1926 3932 cre—

330 3958 521 4015 dentes
560 3960 613 4013 in
660 3972 825 4027 regno
850 3973 975 4023 suo,
1019 3956 1286 4013 damnatis
1327 3955 1638 4020 incredulis,
1666 3963 1926 4025 perpetuo

330 4051 582 4109 collocet.
631 4050 707 4105 Ne
754 4065 913 4119 ergo,
945 4065 979 4104 ο
1011 4049 1502 4119 przecellentissime
1529 4056 1807 4115 regnator,
1830 4063 1926 4103 311-.

332 4140 671 4208 perstitiosns
694 4156 792 4195 nos
824 4139 1053 4208 judices,
1091 4139 1235 4208 quod
1267 4154 1297 4193 a
1330 4138 1501 4193 Ruina
1539 4138 1591 4192 in
1623 4146 1745 4193 tuos
1791 4136 1923 4193 ﬁnes

333 4244 435 4290 una:
464 4243 789 4304 tuorumque
817 4233 1005 4288 salutis
1041 4234 1211 4301 gratia
1261 4233 1622 4288 laboravimus
1647 4232 1925 4295 devenire.

334 4323 606 4394 et'ignotis
626 4324 873 4391 gentibus
901 4324 1054 4393 quasi
1084 4322 1292 4391 ingrata
1325 4322 1583 4377 beneficia
1609 4323 1923 4390 subrogare.

338 4412 580 4479 Noveris,
625 4412 880 4482 piissime,
932 4427 1139 4481 magna:
1167 4412 1427 4466 claritatis
1476 4412 1797 4467 necessitate
1832 4427 1926 4465 ur-

2030 3230 2357 3286 sut‘ticienter
2403 3229 2643 3298 prmbere
2670 3246 2683 3281 :
2725 3227 2819 3283 sed
2849 3236 2905 3282 et
2932 3228 3037 3281 boe
3069 3225 3421 3296 permittimus
3449 3224 3624 3291 vobis,

2030 3332 2085 3377 ut
2115 3334 2466 3392 quoscunque
2496 3319 2722 3389 potestis
2776 3318 2831 3373 in
2882 3326 3117 3372 vestram
3149 3316 3306 3369 ﬁdem
3335 3324 3387 3368 ct
3414 3314 3623 3383 protes-

2027 3412 2240 3467 sionem
2273 3410 2616 3482 praedicando
2647 3419 2703 3464 et
2735 3408 3005 3464 hortando
3046 3417 3349 3462 assumats
3398 3405 3505 3458 iter
3537 3423 3623 3458 νι-

2025 3517 2094 3573 go
2127 3514 2233 3557 tam
2264 3504 2501 3557 clemrns
2528 3500 2851 3556 Christicolis
2874 3500 2925 3553 in
2956 3499 3283 3568 paganitate.
3315 3498 3435 3564 quis
3463 3496 3622 3562 digne

2028 3607 2293 3653 memoret
2313 3612 2471 3665 quam
2498 3606 2584 3651 est
2612 3596 2799 3657 dilata,
2820 3604 2876 3647 ut
2899 3608 2968 3649 ex
2988 3592 3305 3647 dillicultatc
3326 3591 3485 3643 beato
3514 3590 3621 3641 Au-

2026 3691 2242 3759 gustino
2262 3696 2539 3745 cresceret
2585 3701 2784 3742 corona
2801 3728 2815 3751 ,
2840 3697 2896 3740 et
2920 3700 2989 3740 ex
3010 3686 3284 3754 insperata
3309 3682 3483 3735 salute
3510 3696 3621 3733 ma-

2029 3783 2117 3850 jor
2144 3779 2401 3843 Ecclesiae
2432 3779 2527 3845 Dei
2561 3784 2876 3833 nasceretur
2906 3775 3110 3830 lmtitia.

2103 3870 2193 3937 19,-
2227 3870 2393 3939 Igitur
2420 3871 2564 3938 regis
2612 3866 3013 3934 benevolentia,
3046 3865 3153 3919 imo
3184 3862 3280 3919 Dei
3336 3859 3621 3931 providen-

2030 3963 2123 4029 tia,
2148 3963 2200 4017 in
2223 3961 2642 4031 metrttpolitana
2669 3959 2890 4025 civitate
2916 3955 3262 4011 Dorobernia:
3308 3952 3623 4006 conceditur

2027 4054 2231 4109 sanctis
2260 4052 2413 4115 locus
2444 4051 2793 4113 habitationis
2818 4061 3091 4117 congrum,
3145 4055 3199 4101 et
3226 4060 3487 4114 pronus~a
3521 4042 3621 4099 sti-

2028 4144 2222 4216 pendia
2250 4142 2553 4212 corporalis
2582 4142 2871 4209 alimoniae,
2902 4148 2958 4205 et
2986 4137 3311 4207 indulgentia
3367 4150 3474 4204 pne
3496 4136 3621 4188 lica.

2029 4236 2192 4291 tinnis
2221 4243 2439 4307 optatam
2472 4231 2655 4303 Itaque
2695 4232 3137 4303 apprOpiuquans
3175 4227 3511 4297 possidenda:
3540 4225 3621 4278 ei.

2030 4328 2182 4383 vitali
2233 4306 2439 4396 pacifer
2486 4323 2852 4393 Augustinus,
2898 4337 3021 4375 ctun
3070 4320 3228 4371 beato
3297 4316 3623 4379 Sanctorum

2029 4418 2220 4482 choro,
2249 4418 2392 4471 elato
2420 4430 2486 4470 ex
2517 4430 2667 4469 more
2692 4413 2870 4468 crucis
2900 4409 3110 4471 Domini
3131 4418 3403 4476 argentea:
3428 4407 3619 4458 trium~

336 4513 492 4572 gente
543 4503 598 4558 id
643 4519 744 4557 nos
786 4503 1097 4558 intendisse.
1141 4504 1521 4559 Desrdcramus
1564 4501 1734 4567 enim,
1765 4518 1930 4571 super
1955 4520 2004 4577 ο
2034 4509 2176 4577 pbali
2207 4507 2421 4567 vexillo,
2468 4520 2587 4561 cum
2619 4504 2847 4571 imagine
2876 4503 3084 4564 vivilica
3117 4501 3282 4570 ipsius
3310 4516 3348 4551 sc
3373 4496 3625 4567 mpiti-rnl

336 4611 548 4652 omnem
578 4596 759 4650 mundi
790 4596 1086 4664 appetitum
1115 4605 1171 4649 et
1199 4596 1450 4664 gloriam,
1479 4611 1636 4663 quam
1672 4595 1928 4665 plurimos

337 4688 388 4743 in
417 4704 586 4758 regno
627 4688 719 4742 Dei
752 4690 921 4743 nostri
951 4688 1203 4744 concives
1230 4687 1463 4752 habere;
1512 4696 1566 4741 et
1593 4687 1685 4756 qui
1718 4688 1769 4741 iu
1799 4703 1928 4751 san-

335 4788 544 4833 ctorum
588 4781 905 4849 angelorum
945 4779 1278 4836 consortium
1329 4778 1501 4848 possit
1545 4778 1831 4850 proﬁcere,
1862 4796 1931 4835 nc

334 4875 595 4935 pereant,
640 4868 772 4925 totis
828 4867 1033 4927 nisibus
1080 4878 1352 4924 certamus
1395 4869 1724 4938 prospicere.
1784 4868 1933 4924 lianc

335 4958 536 5030 quippe
569 4959 999 5016 benevolentiam
1037 4958 1235 5016 Christi
1286 4958 1451 5015 nostri
1505 4960 1824 5029 benignitas,
1863 4959 1933 5015 de

338 5044 696 5104 imtimabili
745 5049 1032 5106 dulcedine
1086 5050 1319 5121 Spiritus
1370 5052 1492 5117 sui,
1523 5052 1773 5107 omnibus
1824 5066 1935 5105 sua:

340 5140 581 5193 veritatis
621 5141 956 5209 praeconibus
995 5142 1193 5214 ubique
1223 5142 1435 5208 infudit,
1472 5150 1532 5203 ut
1574 5141 1807 5212 propriis
1835 5156 1932 5196 ne-

341 5230 686 5287 cessitatibus
716 5232 1033 5301 postpositis
1071 5232 1124 5287 in
1170 5232 1407 5288 omnium
1438 5233 1675 5300 gentium
1703 5230 1931 5285 salutem

342 5322 698 5379 exardescant
726 5363 741 5388 ,
787 5330 843 5378 et
881 5323 1149 5393 quaslibet
1194 5324 1473 5388 nationes,
1516 5332 1575 5376 ut
1602 5330 1850 5392 parentes
1878 5329 1935 5375 et

345 5410 504 5477 ﬁlios,
537 5423 595 5467 ut
626 5414 819 5469 fratres
847 5424 903 5469 ct
927 5423 1185 5483 cognatos
1214 5414 1450 5469 habeant
1476 5430 1490 5479 ;
1532 5422 1587 5468 et
1610 5428 1798 5467 omnes
1827 5429 1931 5468 una

347 5501 437 5556 Dei
464 5502 759 5560 dilectione
778 5504 1087 5576 amplexos,
1112 5504 1179 5559 ad
1216 5505 1419 5559 inﬁnita
1444 5505 1683 5568 omnium
1710 5501 1934 5571 gaudio-

347 5608 462 5646 rum
504 5610 569 5649 ac
614 5596 1014 5651 solemnitatum
1053 5597 1243 5661 saecula
1300 5596 1611 5665 pertrahere
1665 5602 1930 5661 satagunt.

347 5681 505 5738 Tales
535 5686 675 5747 regis
718 5688 984 5755 signiferi,
1014 5704 1134 5743 cum
1176 5687 1468 5741 innumeris
1510 5685 1780 5739 miraculis
1810 5682 1933 5739 f.tc=i

352 5788 518 5845 testes
561 5780 676 5848 Dci,
726 5798 823 5852 per
866 5783 1089 5853 gladios,
1122 5799 1217 5852 per
1243 5782 1411 5855 ignes,
1446 5795 1541 5851 per
1581 5778 1809 5843 belluas.
1838 5793 1933 5846 ρετ

2032 4596 2171 4663 regis
2199 4594 2322 4649 Jesu
2341 4593 2560 4655 Christi,
2588 4592 2806 4647 invocat
2836 4592 3148 4660 suppliciter
3169 4606 3329 4659 super
3357 4605 3473 4655 eun
3502 4586 3622 4640 Suis

2030 4688 2234 4743 vatoris
2279 4686 2622 4743 salvatricem
2654 4684 2995 4743 clementiam
3032 4700 3045 4736 :
3077 4694 3189 4736 tum
3232 4685 3371 4736 hanc
3413 4679 3621 4743 litaniao

2032 4780 2137 4838 lem
2179 4777 2533 4845 antiphonam
2578 4774 2886 4831 dulcimode
2933 4776 3161 4838 intonat,
3209 4782 3265 4826 et
3307 4787 3428 4826 eum
3474 4770 3605 4839 cxci;

2032 4872 2214 4944 piente
2245 4867 2511 4935 primitiva
2542 4865 2836 4933 Anglorum
2865 4865 3072 4920 nutrice
3095 4863 3354 4924 Ecclesia,
3384 4874 3621 4915 consona

2033 4960 2403 5017 modulatione
2429 4976 2493 5015 ac
2519 4958 2809 5017 devotione
2831 4957 3124 5013 decantat:
3158 4956 3518 5026 Deprecamur
3545 4963 3618 5018 te,

2038 5052 2279 5116 Domine,
2313 5050 2366 5105 in
2415 5050 2562 5105 omni
2594 5048 2965 5104 misericordia
2997 5058 3086 5103 tua
3106 5086 3124 5113 ,
3153 5055 3212 5101 ut
3240 5046 3514 5111 auferatur
3541 5044 3615 5103 fu-

2034 5158 2125 5196 ror
2156 5150 2279 5200 tuus
2308 5150 2365 5195 et
2393 5141 2468 5195 ira
2498 5148 2589 5194 tua
2620 5155 2651 5194 a
2697 5140 2914 5195 civitate
2954 5141 3075 5202 ista,
3117 5148 3171 5193 ct
3191 5153 3220 5191 a
3247 5137 3409 5195 domo
3434 5143 3619 5189 sancta

2034 5236 2146 5293 tua,
2186 5227 2442 5297 quoniam
2493 5226 2852 5295 peccavimus.
2886 5225 3031 5281 Bene
3058 5234 3240 5278 autem
3278 5221 3619 5282 addiderant,

2033 5316 2290 5387 quoniam
2321 5315 2681 5385 peccavimus,
2711 5316 2824 5385 qui,
2850 5330 2919 5371 ex
2957 5314 3157 5379 Christi
3182 5311 3462 5374 charitate,
3490 5309 3616 5363 alie-

2038 5423 2106 5466 na
2153 5414 2396 5477 peccata,
2448 5406 2600 5475 quasi
2652 5407 2867 5475 propria
2894 5446 2913 5476 ,
2955 5413 3215 5462 venerant
3259 5401 3619 5466 documentis,

2038 5500 2287 5567 precibus
2314 5510 2370 5553 et
2406 5498 2621 5552 ﬂetibus
2646 5498 2889 5567 abluere.
2924 5498 3057 5550 llinc
3083 5493 3324 5563 interim,
3372 5510 3480 5549 non
3512 5505 3622 5549 tam

2040 5606 2348 5652 exterorum
2378 5612 2530 5661 cura,
2562 5610 2725 5665 quam
2756 5591 3153 5663 dispensatione
3182 5592 3360 5646 divina
3401 5592 3452 5649 in
3485 5603 3621 5659 pace

2039 5686 2355 5754 compositi,
2400 5686 2749 5753 accinguntur
2798 5680 3053 5735 attentius
3083 5681 3151 5737 a‘tl
3194 5680 3421 5736 fructum
3466 5678 3612 5744 regni

2042 5776 2159 5831 Dei.
2191 5777 2449 5832 Vivebaut
2477 5792 2581 5830 non
2610 5772 2769 5828 modo
2797 5781 2855 5827 ut
2879 5772 3323 5843 ειδιλιιδυεωιιί,
3346 5771 3437 5829 scd
3461 5785 3604 5841 pror-
