4032 6186
364 306 435 364 65
1157 308 1466 367 SANC'I‘US
1503 305 1941 366 AUGUSTINUS
1978 305 2360 367 ANGLonUtt
2401 309 2817 368 APOSTOLUS.
3540 294 3612 368 ’σι

363 445 456 487 sus
485 439 535 484 ut
567 428 830 499 peregrini
863 427 1029 483 totius
1055 427 1236 482 mundi
1261 444 1277 494 ;
1322 427 1457 483 adeo
1485 425 1559 481 nil
1589 434 1833 491 terrente,
1860 422 1936 478 nil
1966 419 2015 481 A
2042 421 2107 480 lis
2128 439 2288 495 quam
2311 428 2779 497 prtedicationibus
2808 428 3057 482 tenebras
3078 425 3355 495 gentilium
3384 427 3615 483 illustra«

363 524 637 580 saecularis
666 522 934 577 illecebrae
960 520 1309 590 appetebam,
1339 527 1392 572 ut
1436 534 1541 573 non
1573 526 1678 573 tam
1708 533 1805 574 eos
1835 525 1942 571 ter-

366 616 601 680 rigenas,
631 627 791 680 quam
813 612 1104 680 cmligenas
1141 612 1572 679 obstupesceres.
1603 608 1940 678 Voluptates.

369 702 608 765 delicias,
636 702 867 763 divitias,
892 701 1146 764 honores,
1170 710 1226 754 et
1242 699 1498 770 quidquid
1520 699 1758 754 obstaret
1778 698 1945 754 cmlos

365 793 685 848 adeuntibus
725 791 960 846 funditus
988 789 1332 845 absciderunt
1381 807 1394 842 :
1422 789 1655 857 ieiunia,
1701 789 1944 856 vigilias,

365 882 661 947 orationes,
685 882 1058 952 eleemosynas
1083 896 1206 936 cum
1223 880 1541 937 castimonia
1559 888 1616 935 et
1629 881 1772 937 omni
1785 895 1945 936 sanc-

364 973 588 1028 timonia
619 972 981 1027 assiduabant.
1010 972 1171 1026 Arma
1200 972 1398 1028 Christi
1429 973 1493 1026 ad
1520 972 1773 1027 virtutem
1798 971 1944 1041 paci-

368 1062 488 1123 tica,
521 1063 573 1115 in
603 1061 747 1116 acies
791 1075 927 1116 vero
965 1060 1232 1115 scelerum
1273 1061 1526 1117 bellicosa
1575 1060 1946 1116 robustissima

366 1152 718 1215 exercebant,
767 1151 1103 1206 debellantes
1129 1166 1344 1207 onmem
1386 1149 1660 1217 perfidiam
1687 1169 1701 1213 ;
1733 1150 1800 1211 ad
1828 1165 1946 1204 om-

368 1259 489 1297 nem
521 1242 768 1312 iniuriam
797 1241 1193 1311 praetendentes
1216 1256 1312 1310 pro
1335 1241 1581 1296 Thorace
1603 1256 1816 1298 omnem
1848 1257 1938 1311 pa-

368 1336 610 1391 tientiam
636 1352 651 1399 ;
691 1335 756 1388 ad
798 1334 1062 1401 pericula,
1093 1333 1159 1387 ad
1188 1334 1472 1403 supplicia,
1503 1332 1568 1387 ad
1599 1334 1768 1403 ipsam
1810 1347 1945 1399 quo-

367 1440 474 1494 que
501 1433 736 1479 mortem
778 1423 1053 1479 ferendam
1102 1423 1509 1477 invictissimam
1548 1422 1947 1490 constantiam;

369 1514 436 1568 ad
463 1514 763 1584 indigentes
787 1514 1120 1569 vulneratam
1145 1514 1262 1583 (sic)
1281 1513 1651 1576 clementiam;
1677 1512 1743 1567 ad
1762 1526 1949 1567 omnes

372 1603 627 1659 homines
651 1611 708 1659 et
749 1603 817 1658 ad
868 1603 1013 1673 ipsos
1042 1602 1379 1658 adversarios
1406 1603 1726 1658 charitatem
1773 1602 1948 1659 visce-

370 1710 543 1751 rcam.
577 1694 755 1751 Liberi
788 1704 838 1750 et
870 1694 1107 1764 expediti
1135 1709 1165 1749 a
1196 1703 1411 1750 terrena
1450 1695 1683 1759 sarcina,
1715 1705 1776 1748 ut
1811 1709 1948 1764 pen-

2042 524 2185 572 rent.
2213 516 2516 573 Muleebant
2551 520 2795 589 stupidus
2833 520 3107 574 hominum
3136 534 3334 574 sensus
3373 519 3484 574 lucc
3513 533 3610 588 pe-

2043 609 2225 664 rennis
2252 611 2446 669 laetitia:
2479 615 2785 685 promissa;
2833 615 3193 670 verberabant
3221 612 3421 681 rigidos
3461 619 3609 667 tanta

2042 697 2270 768 fulgura,
2321 711 2380 756 ut
2407 702 2634 758 Domino
2659 705 2871 759 canitur
2897 720 2926 759 a
2956 701 3239 760 Psalmista
3267 720 3281 756 :
3315 701 3615 758 "luxerunt

2042 791 2446 849 coruscatioues
2483 802 2587 848 tua:
2642 792 2769 849 orbi
2790 803 2966 858 terrae,
2998 801 3266 850 commota
3293 801 3376 847 est
3403 802 3456 846 et
3483 806 3613 847 con-

2043 882 2263 937 tremuit
2291 890 2432 938 terra
2457 882 2683 955 (Psalm.
2711 900 2892 948 Lxxvt,
2926 882 3036 952 l9).
3053 881 3369 937 Clantabant
3394 881 3617 950 trepida

2044 976 2259 1044 plebes:
2280 976 2358 1031 Dii
2386 979 2606 1048 superni
2633 977 2852 1033 sedibus
2880 975 3268 1033 descendentes
3292 987 3618 1029 conversan-

2045 1073 2132 1119 tur
2160 1060 2300 1120 inter
2329 1066 2594 1122 homines.
2626 1065 2716 1122 Sic
2746 1074 2801 1121 et
2837 1065 3109 1135 quondam
3160 1071 3346 1131 gentes
3388 1062 3622 1117 admira-

2046 1162 2113 1208 tae
2145 1155 2236 1210 Dei
2275 1155 2566 1224 Apostolus
2595 1163 2808 1211 terrena
2837 1154 3302 1217 transcendentes,
3330 1152 3615 1208 dicebant:

2044 1244 2134 1300 Isti
2179 1255 2306 1301 sunt
2330 1247 2500 1301 sancti
2532 1247 2611 1301 Dii
2656 1255 2830 1301 terrm.
2857 1246 2968 1301 Nec
2988 1245 3388 1299 mentiebantur
3407 1258 3506 1297 suo
3534 1256 3620 1296 er-

2045 1352 2188 1401 rore,
2237 1337 2513 1392 Psalmista
2543 1344 2812 1392 testante:
2847 1336 2922 1391 Dii
2954 1336 3120 1391 fortes
3150 1344 3306 1389 terra:
3328 1333 3619 1388 vehemen-

2046 1435 2130 1482 ter
2155 1428 2347 1484 eievali
2394 1435 2520 1484 sunt
2546 1427 2771 1498 (Psalm.
2804 1443 2951 1488 vat,
2996 1426 3106 1495 10).
3135 1424 3409 1480 Hactenus
3438 1424 3620 1491 itaque

2047 1518 2303 1574 indomita
2318 1518 2463 1574 colla
2486 1533 2651 1573 suave
2670 1518 2856 1587 iugum
2884 1517 3093 1573 Domini
3117 1515 3421 1572 amabiliter
3440 1514 3620 1569 subie—

2047 1627 2128 1677 re,
2156 1627 2442 1683 suscepere
2473 1613 2716 1668 fmcunda
2742 1628 2877 1669 arva
2898 1613 2951 1667 in
2981 1620 3272 1682 perpetuos
3301 1610 3504 1666 fructus
3544 1609 3622 1662 vi-

2050 1711 2117 1758 tze
2142 1704 2372 1772 semina,
2396 1705 2673 1760 credidere
2698 1702 2935 1772 plurimi,
2965 1710 3024 1758 et
3051 1698 3351 1770 regenerati
3380 1701 3431 1755 in
3458 1698 3619 1754 Chri-

372 1795 496 1842 nata
520 1787 768 1843 animalia
791 1787 1119 1843 volabantad
1134 1789 1370 1852 mthera;
1403 1788 1514 1842 imo
1557 1802 1690 1843 vero
1737 1787 1950 1844 dicente
1979 1783 2027 1842 B
2051 1803 2135 1850 sto
2161 1794 2295 1848 fiunt
2318 1809 2383 1849 ex
2408 1795 2720 1863 alienigenis
2751 1794 2840 1849 lilii
2871 1793 3173 1862 adoptionis
3196 1791 3316 1848 Dei.

364 1878 657 1950 'Apostolo,
682 1877 874 1933 Nostra
900 1879 1241 1934 conversatio
1269 1879 1323 1933 in
1367 1879 1518 1935 cmlis
1546 1885 1650 1942 est,
1678 1878 1776 1933 nisi
1807 1878 1949 1946 quod

370 1965 546 2022 adhuc
566 1982 750 2022 amore
770 1966 1008 2033 gentium
1033 1967 1409 2035 salvaudarum
1432 1975 1601 2022 terras
1623 1966 1947 2036 incolebant,

371 2056 478 2126 iam
508 2067 690 2113 mente
714 2060 765 2114 in
796 2060 948 2116 ctelis
975 2061 1290 2117 habitabant
1316 2061 1534 2131 (Philip.
1563 2077 1641 2123 ιιι,
1670 2060 1783 2129 9-0).

439 2147 528 2202 20.
561 2148 701 2203 Ante
721 2149 1031 2225 \adventum
1060 2158 1238 2205 autem
1269 2150 1563 2220 Anglorum
1600 2148 1950 2219 possederant

378 2241 608 2297 Romani
631 2244 1038 2314 quadrirgentis
1081 2245 1298 2309 circiter
1323 2245 1477 2300 annis
1504 2242 1854 2306 Britanniam,
1898 2241 1952 2296 id

375 2343 461 2386 est
485 2349 515 2387 a
539 2343 779 2406 tempore
801 2336 913 2391 Caii
937 2336 1162 2393 Caesaris
1185 2351 1356 2407 usque
1383 2336 1450 2389 ad
1472 2334 1761 2389 Maximum
1784 2334 1952 2402 impe-

372 2432 611 2479 ratorem
636 2442 651 2487 ;
681 2427 771 2498 qui
794 2435 945 2497 rapta
971 2443 1203 2498 purpura
1226 2434 1411 2482 contra
1437 2424 1750 2480 Gratianum
1777 2423 1951 2479 etVa-

374 2508 723 2565 leutinianum
738 2516 775 2567 A
786 2522 1025 2581 ugu=tos,
1042 2513 1297 2569 euntibus
1308 2512 1481 2576 bellis,
1495 2514 1668 2580 ipsum
1680 2510 1951 2566 Oceanum

268 2610 278 2619 “
374 2596 633 2654 Roman’s
675 2601 935 2670 priesidiis
961 2602 1228 2658 exhausit.
1272 2601 1503 2656 Residua
1554 2616 1682 2656 vero
1712 2600 1954 2656 Ecclesia

373 2698 430 2741 et
469 2689 608 2744 beati
640 2689 886 2756 Martini,
919 2693 1047 2747 olim
1087 2693 1155 2747 ab
1195 2692 1322 2762 ipsis
1354 2691 1608 2746 Romanis
1632 2689 1954 2746 Christianis

374 2777 532 2832 condi
540 2774 755 2838 ta.‘tuuc
770 2780 1066 2835 illustrabat
1079 2780 1343 2841 Cantiam,
1362 2795 1482 2848 qua:
1501 2780 1762 2837 hactenus
1776 2788 1956 2834 manet

375 2868 602 2926 assiduis
622 2870 881 2926 ministris
896 2872 1155 2934 ofliciusa,
1175 2888 1274 2943 per
1298 2871 1575 2927 dimidium
1599 2870 1710 2927 fere
1725 2871 1955 2927 stadium

376 2959 579 3014 distans
606 2951 887 3017 orientalis
926 2962 994 3017 ab
1024 2962 1338 3018 authentica
1386 2954 1584 3017 Christi
1614 2959 1878 3016 Ecclesia.

429 3071 500 3128 .ln
525 3073 625 3128 hac
646 3075 834 3128 beatus
856 3073 1049 3143 prmsul
1074 3073 1351 3139 Letardus,
1368 3072 1518 3128 velut
1537 3070 1954 3142 apostolicorum

2117 1883 2205 1938 2L
2252 1881 2509 1939 Omnibus
2538 1898 2667 1953 ergo
2697 1884 2930 1939 intentus
2965 1882 3159 1937 summi
3204 1881 3346 1948 regis
3389 1879 3620 1947 armiger

2048 1974 2389 2042 Augustinus,
2410 1974 2485 2029 ad
2515 1974 2685 2043 ipsum
2717 1974 2950 2029 maxime
2984 1987 3250 2028 summum
3278 1971 3429 2040 regni
3456 1978 3620 2040 caput

2049 2066 2351 2120 machinam
2376 2066 2602 2120 intendit
2623 2066 2841 2127 subitis:
2868 2073 2929 2119 ut
2950 2066 3205 2121 subversa
3232 2077 3355 2118 arce
3380 2059 3619 2131 profani-

2051 2156 2195 2219 tatis,
2240 2164 2420 2211 arcem
2473 2155 2740 2211 sideream
2791 2155 3005 2209 attollat
3049 2151 3366 2217 sanctitatis,
3406 2158 3463 2205 et
3497 2164 3618 2203 cum

2049 2260 2178 2314 rege
2197 2263 2296 2301 suo
2317 2246 2583 2302 Salvatori
2612 2240 2926 2302 succumbat
2953 2245 3226 2310 subjectus
3252 2243 3419 2300 orbis.
3442 2240 3619 2312 Ipsum

2050 2354 2149 2410 per
2175 2340 2374 2407 regina:
2395 2339 2644 2404 ambitus,
2683 2353 2781 2408 per
2808 2337 3096 2406 legatarios
3124 2336 3375 2395 monitus.
3402 2349 3499 2404 per
3523 2348 3622 2402 op-

2050 2437 2312 2501 portunos
2330 2444 2602 2496 accessus,
2624 2444 2723 2499 per
2745 2429 2917 2484 dulcia
2944 2438 3158 2484 :cternre
3181 2426 3445 2483 felicitatis
3473 2425 3623 2480 blan-

2052 2520 2310 2588 dimenta,
2357 2534 2455 2589 per
2497 2519 2676 2574 omnia
2717 2519 2974 2573 virtutum
3006 2516 3251 2585 exempla
3287 2523 3342 2570 et
3390 2521 3623 2578 ostenta,

2053 2627 2152 2683 per
2177 2610 2395 2680 vigilata
2426 2608 2491 2663 ad
2520 2609 2689 2664 Deum
2718 2607 2959 2664 ecclesia:
3001 2606 3330 2677 precamina,
3356 2603 3623 2670 Redempo

2055 2701 2157 2755 tori
2185 2716 2284 2754 suo
2313 2699 2593 2769 acquirere
2619 2696 3154 2763 certavit;cerlavit,
3197 2703 3251 2749 et
3299 2695 3352 2749 in
3400 2691 3625 2748 Domino

2055 2794 2100 2849 D
2121 2808 2167 2848 ~o
2206 2792 2331 2847 \icit
2351 2801 2407 2846 et
2433 2791 2682 2845 obtinuit.
2712 2790 2900 2858 Iug-ns
2928 2788 3146 2858 elephas
3174 2797 3350 2851 teme,
3387 2793 3442 2841 et
3467 2798 3624 2839 enor-

2055 2885 2156 2941 mis
2183 2893 2334 2941 cetus
2380 2885 2552 2954 pelagi
2587 2892 2775 2952 captus
2796 2892 2879 2939 est
2909 2883 3299 2952 triumphaliter
3326 2876 3624 2949 apostolica

2056 2992 2272 3046 Sagena.
2305 2976 2509 3046 Captus
2536 2977 2677 3031 enim
2704 2984 2902 3032 aeterna
2941 2973 3242 3037 dulcedine,
3284 2971 3524 3026 eruditus
3550 2969 3625 3024 ir-

2057 3069 2361 3138 rel‘ragabi‘i
2388 3069 2635 3132 veritate,
2666 3067 2998 3123 illuminatus
3039 3074 3145 3120 tam
3176 3072 3361 3121 saneta
3391 3069 3447 3117 et
3474 3061 3626 3115 miri-

378 3163 674 3231 legatorum
704 3179 1002 3232 prmcursor
1032 3172 1127 3219 aut
1170 3164 1389 3232 ianitor,
1431 3163 1606 3231 primo
1633 3161 1828 3216 divinis
1870 3156 1953 3214 of-
1983 3156 2031 3219 C
2063 3160 2158 3216 lica
2187 3161 2219 3214 d
2243 3161 2378 3215 vina:
2405 3159 2755 3214 institutionis
2774 3157 3041 3221 claritate,
3069 3148 3314 3210 abdicata
3336 3152 3476 3208 avita
3497 3164 3626 3220 gen-

296 3288 307 3297 .
381 3252 513 3307 liciis
537 3260 592 3306 et
617 3253 968 3308 sacramentis
998 3253 1195 3321 reginae
1219 3253 1547 3321 christianr,
1576 3260 1636 3306 ut
1665 3250 1833 3305 ﬁdelis
1860 3266 1956 3320 pa-

379 3344 727 3413 ranymphus,
769 3359 888 3399 cum
936 3342 1046 3397 suis
1092 3343 1305 3398 clericis
1347 3343 1767 3409 obsequebatur,
1794 3350 1867 3403 et,
1900 3348 1960 3395 ut

381 3449 571 3488 cervus
611 3442 733 3502 post
759 3440 1070 3502 serpentum
1102 3433 1247 3487 virus
1276 3432 1558 3487 intendens
1599 3432 1714 3487 sitit
1742 3431 1806 3486 ad
1836 3431 1957 3484 fon-

383 3534 462 3578 tes
491 3539 746 3592 aquarum
770 3564 786 3590 ,
819 3524 890 3579 ita
918 3523 1144 3579 iniu-icis
1175 3521 1303 3577 iidei
1324 3522 1607 3578 venenosis
1631 3537 1957 3592 paganorum

382 3615 572 3671 ritibus
599 3624 918 3681 exmstuans,
950 3615 1017 3670 ad
1060 3615 1228 3685 ipsam
1258 3614 1563 3680 ecclesiam,
1611 3623 1862 3684 tauquam
1893 3612 1959 3667 ad

382 3703 506 3757 vite
558 3702 780 3770 fontem,
834 3721 956 3762 cum
1011 3705 1126 3774 ipsa
1158 3704 1371 3759 alumna
1417 3704 1600 3772 regina
1631 3704 1960 3775 rapiebatur,

383 3794 597 3862 quando
654 3794 881 3850 Romani
941 3795 1180 3864 magistri
1215 3837 1229 3857 ,
1280 3796 1431 3849 velut
1499 3809 1688 3849 aurum
1742 3804 1964 3860 argento

383 3886 758 3954 praelucentes,
792 3886 988 3941 ibidem
1010 3900 1129 3954 quae
1154 3884 1244 3939 Dei
1274 3892 1401 3938 sunt
1427 3884 1676 3951 agebant.
1705 3883 1840 3939 Nam
1868 3883 1966 3939 hos

378 3973 582 4028 Christi
633 3974 967 4042 peregrinos,
1025 3973 1165 4028 inter
1193 3972 1523 4040 alienigenas
1574 3972 1866 4037 solitarius,
1909 3970 1964 4026 in

387 4063 469 4117 his
497 4063 806 4119 rmlestibUs
835 4064 1056 4119 advenis
1082 4063 1178 4118 Dei
1218 4063 1389 4131 gratia
1420 4062 1704 4128 visitavit';
1733 4061 1968 4116 visitavit

385 4162 444 4208 ct
486 4154 696 4222 plebem
725 4169 877 4209 suam
928 4169 1024 4223 per
1064 4153 1209 4222 ipsos
1238 4152 1586 4220 credituram,
1616 4160 1675 4207 ut
1703 4160 1759 4207 et
1784 4152 1968 4220 regina

390 4258 500 4297 non
517 4242 688 4299 solum
704 4242 930 4313 licenter
955 4239 1226 4299 Christum
1243 4240 1469 4302 celeret,
1488 4255 1669 4295 verum
1694 4240 1854 4294 etiam
1872 4254 1971 4310 per

391 4341 572 4389 tantos
595 4334 897 4389 eruditores
924 4333 1092 4388 fidelis
1119 4332 1385 4388 inlidelem
1411 4331 1693 4399 coniugem
1714 4331 1967 4388 salvaret.

393 4420 452 4476 In
466 4423 765 4491 bocitaque
789 4423 1364 4490 nratorioAugustinus
1392 4438 1511 4478 cum
1538 4436 1636 4476 suo
1649 4422 1816 4476 choro
1843 4438 1972 4491 quo-

2059 3250 2251 3305 tilitate
2279 3264 2400 3303 eum
2447 3249 2637 3304 mortis
2663 3255 2903 3309 auctore,
2952 3246 3092 3300 ultro
3117 3260 3177 3300 se
3205 3243 3476 3314 mancipat
3504 3257 3627 3297 auc-

2059 3341 2160 3396 tori
2191 3341 2328 3395 vitm.
2363 3339 2581 3405 Eamus,
2613 3338 2803 3408 inquit,
2851 3347 2907 3391 et
2933 3351 3031 3391 nos
3059 3335 3124 3389 ad
3153 3348 3400 3403 magnum
3431 3331 3628 3402 princi-

2059 3447 2179 3501 pem
2225 3445 2431 3494 regum,
2486 3429 2550 3484 ad
2590 3428 2973 3497 amplissimum
3026 3425 3267 3481 datorem
3320 3436 3628 3492 regnorum,

2062 3536 2169 3577 non
2208 3521 2379 3576 solum
2421 3518 2817 3588 temporalium,
2859 3533 3043 3572 verum
3077 3518 3239 3571 etiam
3273 3523 3629 3573 aeternorum:

2062 3626 2160 3667 nec
2189 3609 2388 3681 pudeat
2412 3625 2511 3665 nos
2537 3608 2724 3664 saltem
2747 3607 2957 3664 venisse
2985 3617 3309 3676 postremos,
3347 3618 3485 3674 quos
3513 3616 3629 3657 me-

2060 3702 2166 3758 rito
2195 3700 2395 3770 pudeat
2419 3700 2557 3755 sicut
2603 3698 2656 3753 in
2701 3711 2887 3766 regno,
2931 3696 3010 3753 sic
3036 3705 3093 3751 et
3119 3696 3172 3750 in
3203 3693 3307 3750 fide
3333 3708 3441 3748 non
3471 3691 3633 3746 fuisse

2061 3795 2281 3866 primos.
2304 3792 2604 3863 Sequamur
2624 3789 2859 3859 tandem,
2876 3803 3012 3859 quos
3030 3786 3255 3842 decebat
3275 3781 3629 3855 prmcessisse;

2063 3885 2297 3940 maxime
2326 3899 2445 3939 cum
2476 3896 2597 3937 eum
2627 3894 2806 3951 regem
2836 3887 3100 3950 petamus,
3132 3876 3224 3946 qui
3254 3890 3362 3930 non
3388 3884 3631 3944 personae.

2063 3975 2148 4031 vel
2178 3975 2380 4030 ordinis
2397 3983 2583 4045 pensat
2606 3972 2940 4042 dignitatem,
2963 3969 3057 4025 sed
3072 3960 3634 4023 aniinaadevotiouem.

2136 4071 2223 4127 22.
2265 4070 2415 4127 Talia
2464 4070 2799 4140 prolocutus,
2832 4064 3329 4124 volebatsubstrata
3360 4060 3637 4131 regalita‘e

2069 4163 2296 4219 adorare.
2325 4160 2580 4216 famulum
2610 4158 2829 4222 Christi,
2863 4172 2961 4227 per
2988 4171 3147 4224 quem
3172 4155 3223 4209 in
3246 4151 3443 4207 Christi
3471 4149 3640 4204 famu-

2069 4251 2235 4307 latum
2288 4259 2340 4307 et
2376 4249 2718 4320 adoptionem
2764 4254 3065 4301 mereretur
3111 4257 3435 4311 regenerart.
3468 4241 3638 4308 Quem

2070 4341 2259 4396 salutis
2287 4340 2533 4394 minister
2561 4336 2797 4407 paternis
2821 4336 3115 4391 visceribus
3135 4333 3428 4403 excipiens,
3456 4332 3639 4384 horta-

2074 4441 2161 4487 tur
2216 4440 2275 4485 ut
2319 4431 2573 4503 pristinos
2628 4443 2842 4484 errores
2895 4425 3237 4493 abstinentia,
3294 4422 3641 4493 indulgentia,

390 4513 588 4570 tidiana
633 4515 838 4571 Domini
870 4518 1163 4572 ministeria
1191 4517 1539 4583 celebrabat;
1570 4516 1697 4571 etin
1728 4517 1968 4588 psalmis,
2004 4516 2048 4573 D
2074 4521 2429 4594 eleelnnsynis
2456 4535 2521 4574 ac
2545 4518 2756 4574 fletibus
2783 4518 2970 4583 diluat,
3015 4515 3330 4585 ueterisque
3382 4514 3484 4582 piis
3513 4527 3643 4580 ore.

392 4605 627 4674 hymnis,
654 4609 919 4674 precibus.
951 4618 1111 4677 atque
1133 4610 1183 4663 in
1210 4622 1345 4663 voce
1372 4609 1534 4673 tubae,
1564 4609 1758 4679 quibus
1785 4618 1965 4665 castra

392 4694 592 4749 diaboli
636 4696 935 4760 interirent,
968 4708 1151 4752 noctes
1170 4706 1226 4751 et
1244 4698 1361 4753 dies
1381 4698 1787 4755 laudcsDomini
1807 4701 1968 4755 attol-

392 4786 555 4840 lebat.
592 4785 800 4863 interea.
821 4798 925 4841 tam
955 4787 1231 4855 splendida
1247 4795 1553 4843 sanctorum
1579 4789 1969 4858 meritaingens

390 4878 665 4955 signorum
703 4886 759 4931 et
788 4877 1160 4932 mandatorum
1184 4877 1276 4931 Dei
1307 4877 1715 4932 commendabat
1754 4880 1924 4946 gratia
1951 4895 1965 4938 :

347 5021 362 5033 ,
392 4983 495 5022 nec
531 4967 892 5032 dissimulare,
936 4983 1037 5022 nec
1083 4967 1313 5023 reticere
1368 4967 1713 5037 imperatoria
1767 4967 1964 5024 Christi

396 5057 666 5128 praeconia
706 5064 955 5128 poterant
989 5075 1002 5111 :
1036 5058 1182 5113 illum
1221 5057 1463 5118 canticis,
1518 5056 1665 5111 illum
1715 5057 1971 5126 praedica-

396 5152 602 5203 tionum
649 5148 960 5215 tonitru,et
979 5148 1254 5216 signorum
1291 5147 1669 5203 coruscatione
1709 5148 1877 5217 magis
1905 5164 1972 5205 ac

396 5240 563 5306 magis
575 5238 1232 5308 personabant.Curabant
1249 5237 1482 5293 vicissim
1499 5251 1686 5291 omnes
1699 5236 1904 5294 debiles
1914 5244 1972 5292 et

398 5328 696 5396 languidos,
728 5328 811 5382 vel
845 5327 910 5382 ad
935 5343 995 5381 se
1023 5327 1253 5391 delatos,
1279 5325 1362 5380 vel
1389 5341 1418 5379 a
1445 5341 1506 5380 se
1532 5325 1812 5380 visitatus:
1835 5326 1971 5383 adeo

397 5428 494 5475 aut
516 5420 709 5480 nullus.
724 5430 817 5475 aut
832 5435 982 5474 rarus
995 5420 1045 5473 in
1064 5433 1226 5489 grege
1242 5417 1522 5485 Augustini
1540 5415 1861 5478 habebatur.
1876 5417 1969 5484 qui

400 5525 508 5566 non
533 5511 702 5579 gratia
730 5510 1022 5566 sanitatum
1048 5509 1296 5580 polleret,
1321 5515 1381 5562 ut
1402 5522 1509 5561 non
1538 5506 1714 5561 minus
1743 5504 1971 5573 miracu-

480 5652 503 5677 ιι
536 5641 733 5696 Eadem
781 5644 936 5697 habet
970 5642 1132 5707 Beda,
1180 5658 1245 5697 ex
1279 5641 1471 5704 quibus
1518 5639 1689 5705 liquet
1718 5648 1971 5706 antiquus

408 5712 583 5765 ruitus
630 5717 794 5766 sancti
827 5714 1063 5774 Martini,
1093 5712 1286 5767 mortui
1311 5725 1448 5765 anno
1512 5709 1640 5773 597,
1670 5711 1875 5764 scilicet
1903 5710 1970 5764 60

410 5783 585 5838 solum
608 5782 761 5836 annis
786 5792 1068 5848 antequam
1095 5783 1381 5849 lleugistus
1410 5789 1697 5846 occuparet
1725 5780 1969 5835 Cantium

2070 4617 2220 4671 ribus
2249 4615 2435 4669 faciem
2459 4613 2574 4680 eius
2601 4612 2691 4681 qui
2721 4610 2955 4683 baptizat
2979 4608 3032 4663 in
3061 4607 3264 4677 Spiritu
3289 4614 3477 4660 sancto
3506 4620 3643 4674 prte-

2072 4705 2274 4759 veuiat.
2322 4701 2427 4757 Iste
2455 4701 2695 4768 indulget
2737 4700 3007 4762 omnibus,
3052 4705 3112 4752 ut
3154 4696 3255 4752 sibi
3288 4695 3643 4764 iudulgeatur,

2072 4805 2130 4849 et
2157 4792 2405 4849 humanis
2450 4790 2723 4846 beneflciis
2752 4788 2820 4844 ad
2866 4786 3127 4843 beneficia
3156 4799 3387 4856 superna
3432 4792 3642 4853 praepa—

2070 4891 2223 4938 ratur
2247 4899 2260 4934 :
2290 4889 2473 4950 patent
2501 4894 2766 4947 carceres,
2795 4877 3047 4931 laxantur
3073 4875 3303 4941 vincula,
3350 4874 3643 4929 liberantur

2075 4972 2291 5042 captivi,
2324 4979 2379 5025 et
2425 4972 2546 5026 cuiu
2587 4969 2773 5024 amiéis
2799 4967 2939 5037 regis
2983 4966 3273 5035 epulantur
3298 4977 3562 5032 pauperes
3585 4967 3635 5014 et

2075 5054 2173 5119 rei.
2205 5063 2320 5118 Non
2344 5069 2521 5131 potest
2548 5075 2647 5115 nec
2675 5067 2797 5128 eget
2825 5057 3020 5127 exponi
3050 5064 3251 5126 quanto
3280 5054 3472 5123 gaudio
3501 5052 3640 5106 exulo

2076 5153 2270 5208 taverit
2308 5152 2360 5206 iu
2388 5152 2610 5206 salutem
2640 5150 2815 5218 gentis
2841 5149 3101 5203 hactenus
3127 5145 3316 5199 anhela
3348 5143 3491 5197 beati
3531 5142 3640 5196 Au-

2076 5245 2269 5315 gustini
2297 5243 2490 5308 anima,
2522 5256 2641 5310 quae
2669 5240 2959 5308 gratiarum
2990 5237 3101 5292 Deo
3126 5234 3483 5291 immolaverit
3506 5232 3642 5289 liba-

2077 5337 2239 5391 mina.
2294 5329 2409 5388 Jam
2465 5332 2611 5387 videt
2662 5345 2817 5385 suum
2869 5335 3245 5400 prosperatum
3299 5323 3643 5384 desiderium.

2078 5434 2274 5479 terram
2320 5438 2469 5484 suam
2499 5419 2711 5473 dedisse
2737 5418 2968 5472 fructum
3010 5430 3188 5482 suum,
3217 5427 3408 5469 onmes
3436 5411 3648 5467 labores

2075 5525 2129 5572 et
2150 5515 2364 5570 dolores
2384 5528 2448 5569 ac
2467 5509 2806 5566 difﬁcultates
2827 5514 3075 5577 partitum
3089 5521 3307 5565 suorum
3330 5510 3646 5575 perpetuum

2075 5663 2216 5771 aimo
2254 5645 2385 5714 457,
2435 5645 2514 5701 uti
2545 5642 2781 5699 referunt
2828 5639 3134 5697 Florentius
3171 5635 3564 5710 Wigornicusis
3590 5640 3643 5692 ei

2076 5732 2106 5771 a
2130 5734 2183 5771 ιι.

2076 5732 2183 5772 alll.
