4032 6186
398 322 466 372 67$
1597 324 1749 379 VITA
1793 321 2031 377 SANC'I‘I
2076 319 2468 387 AUGUSTINI.
3589 342 3659 397 66

412 436 496 488 sbi
548 436 815 503 peperisse
864 436 1134 504 gaudium,
1166 451 1286 492 eum
1320 436 1370 490 iu
1418 437 1534 505 ipso
1564 449 1690 503 rege
1716 449 1976 491 convcr~o
2011 444 2049 492 Α
2084 435 2217 491 Tum
2262 441 2532 509 cpiscopia
2580 451 2635 497 et
2681 447 3040 511 monasteria,
3094 457 3345 520 tanquam
3392 454 3659 511 dominica

400 535 571 580 totum
617 524 843 579 Domino
883 526 1015 595 jugo
1045 527 1274 580 ambiret
1302 526 1598 581 Oceanum.
1645 526 1824 579 Illuxit
1851 540 1979 594 ergo

398 622 530 684 dies,
575 621 758 690 Anglis
784 629 837 674 et
868 621 1085 690 Angelis
1134 622 1584 689 solemnissimus,
1614 637 1723 691 quo
1750 622 1859 677 Deo
1886 622 1980 676 de-

399 727 556 766 votus
585 727 679 765 rex
708 711 1109 778 Ethelhcrlus,
1140 712 1441 780 profanatis
1465 712 1624 767 idolis
1669 727 1733 767 ac
1759 712 1861 767 diis
1888 727 1982 781 pa-

399 803 532 875 triis,
560 812 872 857 nasceretur
898 803 1253 860 Christianus.
1282 802 1544 860 Convenit
1581 821 1686 859 nou
1717 807 1877 860 modo
1905 822 1984 861 re-

399 894 480 956 cia
540 894 840 964 principum
878 896 1024 950 curia
1066 903 1122 950 et
1162 903 1280 950 tota
1320 895 1530 962 Cantia,
1580 912 1766 951 verum
1818 898 1980 952 etiam

400 986 829 1052 frequentissima
860 986 1071 1055 Anglia,
1103 986 1289 1042 videre
1315 987 1865 1061 prtecellentissimum
1897 1003 1985 1044 re-

399 1077 489 1144 gni
515 1076 788 1131 dominum
818 1078 1232 1133 adventitiorum
1288 1093 1570 1134 servorum
1597 1078 1795 1134 Christi
1823 1081 1981 1135 subs-

402 1177 597 1222 tralum
624 1170 881 1239 vestigiis,
912 1178 967 1224 et
987 1170 1139 1240 quasi
1161 1171 1406 1226 ultimum
1436 1172 1762 1244 mancipium
1792 1188 1979 1229 eorum

400 1261 455 1312 in
509 1260 757 1314 omnibus
811 1260 1085 1317 deservire
1140 1262 1431 1331 imperiis;
1478 1272 1537 1317 ut
1583 1280 1743 1333 quam
1796 1273 1980 1319 extera

399 1363 564 1418 regna
610 1352 777 1406 armis
821 1352 1190 1416 formidarent,
1242 1353 1474 1411 inermes
1514 1371 1774 1427 pauperes
1816 1357 1981 1412 verbo

396 1441 697 1510 alligarent.
727 1441 959 1497 Ornatur
1005 1444 1253 1510 ecclesia,
1287 1444 1614 1500 decorantur
1641 1448 1976 1517 baptisteria,

392 1543 746 1588 consecratur
774 1533 1045 1589 Jordanici
1075 1544 1129 1589 et
1169 1534 1493 1592 Paradisiaci
1534 1535 1770 1592 ﬂurninis
1817 1554 1973 1592 urna.

394 1622 759 1692 interrogatus
775 1624 842 1676 ab
861 1623 1159 1692 Augustino
1178 1622 1357 1689 fidem,
1386 1641 1451 1680 an
1477 1627 1660 1681 credat
1689 1628 1740 1681 in
1764 1627 1978 1684 Patrem

393 1725 450 1771 et
477 1715 692 1781 Filium,
736 1725 791 1771 et
828 1716 1084 1786 Spiritum
1107 1727 1372 1783 sanctum,
1404 1728 1705 1790 cmteraque
1735 1738 1855 1792 quae
1883 1739 1975 1778 ve—

2082 530 2334 595 castclla,
2359 533 2553 599 quibus
2589 534 2915 591 dominicum
2959 554 3181 607 regnum
3221 550 3498 607 teneatur,
3528 546 3658 600 lihe-

2082 622 2265 677 raliter
2288 639 2351 678 ac
2379 626 2630 693 regaliter
2663 629 2859 698 passim
2899 632 3252 686 machinatur.
3287 633 3342 688 lu
3378 637 3660 705 metropoli

2082 728 2177 767 sua
2213 715 2509 771 Salvatoris
2534 717 2830 782 basilicam,
2861 719 3156 788 Augustino
3198 740 3294 778 suo
3329 725 3661 780 condendam

2083 812 2138 857 et
2165 805 2564 875 possidendam,
2596 808 3043 877 opitulantissime
3067 810 3405 867 determinat.
3433 814 3490 868 ln
3518 814 3665 882 ejus-

2083 894 2203 949 dem
2218 912 2346 951 vero
2368 897 3012 954 suburbiomouasterium
3037 902 3216 972 regale
3236 905 3659 972 etapostolicum

2083 987 2353 1053 sublimat,
2384 990 2527 1057 quod
2556 992 2853 1045 antistitum
2883 1001 2939 1047 et
2968 1007 3153 1062 regum
3183 1010 3411 1063 corpora
3446 998 3496 1051 iu
3520 998 3660 1052 diem

2085 1078 2304 1133 vivifica:
2332 1083 2738 1137 resurrectionis
2764 1084 3049 1138 custodiat.
3070 1085 3321 1139 Condidit
3347 1096 3400 1141 et
3430 1097 3455 1122 ⁸
3486 1087 3665 1141 Rholft

2081 1170 2487 1238 sulfmgancam,
2507 1184 2561 1228 et
2589 1173 2877 1229 Lundonia:
2900 1176 3259 1244 pontificalem
3277 1178 3630 1232 hierarchiam
3646 1219 3662 1244 ,

2080 1259 2306 1329 aliisque
2336 1261 2466 1315 locis
2493 1264 2813 1331 opportunis
2843 1264 3104 1319 ecclesias
3128 1281 3192 1319 ac
3220 1267 3487 1321 cmnobia.

2154 1349 2241 1403 2i.
2284 1352 2421 1405 Ante
2448 1354 2626 1404 omnia
2649 1361 2830 1406 autem
2849 1351 2958 1421 jam
2990 1355 3377 1409 electissimurn
3401 1371 3430 1408 a
3453 1372 3666 1410 summo

2081 1454 2217 1509 papa
2244 1438 2507 1507 Gregorio
2534 1440 2885 1507 Augu~tiuum
2913 1482 2927 1505 ,
2968 1459 3088 1498 cum
3122 1454 3229 1499 tota
3262 1454 3380 1514 patr
3403 1462 3430 1500 a
3452 1486 3467 1508 ,
3503 1447 3667 1501 iltSilll

2083 1532 2390 1585 consecrari
2417 1531 2516 1586 sibi
2540 1533 2862 1601 apostolum.
2888 1532 3084 1597 Atille,
3117 1535 3208 1602 qui
3243 1544 3392 1588 tanto
3424 1537 3663 1605 peregri-

2082 1621 2316 1676 nationis
2342 1621 2648 1676 disCrimiue
2679 1632 2946 1689 lautorum
2968 1625 3253 1693 qumsicrat
3278 1626 3542 1688 salutem,
3568 1644 3666 1696 pro

2080 1712 2275 1779 quibus
2290 1728 2395 1766 nou
2409 1723 2646 1781 surgeret
2671 1712 2873 1785 [Forte,
2896 1731 3002 1769 non
3025 1715 3250 1787 fugeret]
3276 1727 3526 1781 mortem,
3553 1737 3661 1774 non

395 1806 527 1861 ritas
582 1804 750 1875 exigit
820 1804 1095 1861 Catholica
1123 1848 1139 1874 ,
1198 1805 1371 1863 fidelis
1418 1809 1695 1864 confessor
1745 1810 1974 1873 Domini,
2011 1808 2053 1866 Β
2082 1802 2265 1857 abnuit
2288 1806 2634 1875 principalem
2659 1808 3169 1876 perferrelaboretn.
3198 1811 3278 1863 Ad
3295 1810 3666 1868 Arelatensem

395 1907 510 1954 toto
537 1898 704 1953 corde
728 1908 783 1952 et
811 1914 923 1962 ore,
945 1898 1143 1965 Credo,
1168 1902 1445 1971 respondit
1466 1903 1531 1959 ad
1556 1906 1756 1959 omnia.
1789 1905 1845 1960 lu
1878 1907 1979 1962 hac

392 2004 524 2057 ergo
552 1988 829 2043 Trinitatis
858 1990 1200 2046 confessione
1229 2002 1284 2046 et
1314 1992 1533 2049 nomine
1576 1994 1881 2065 baptizatur
1923 2006 1978 2053 et

396 2085 741 2142 regeneratur
761 2078 1161 2148 rexAngligena
1191 2098 1205 2134 :
1230 2079 1399 2137 factus
1419 2090 1501 2136 est
1521 2082 1589 2137 de
1605 2085 1771 2138 veteri
1802 2085 1976 2139 idolo-

394 2167 529 2219 latra
562 2182 734 2222 novus
750 2166 1096 2236 Christicola,
1123 2170 1189 2224 de
1210 2178 1347 2225 tetra
1372 2178 1528 2226 nocte
1556 2172 1637 2227 sui
1666 2174 1813 2230 orbis
1844 2174 1976 2228 latn-

396 2272 492 2324 pas
539 2258 821 2312 matutina.
880 2257 1126 2329 Baptizat
1173 2269 1359 2316 noster
1404 2263 1680 2333 Sylvester
1732 2275 1973 2321 nostrum

391 2347 811 2403 Constantinum
840 2366 963 2405 cum
1007 2352 1203 2423 inclyta
1232 2354 1389 2408 turba
1437 2354 1632 2410 ducum
1663 2364 1717 2410 et
1742 2358 1973 2426 optima-

392 2450 507 2493 tum
538 2452 699 2510 atque
725 2446 943 2511 copiosa
975 2443 1131 2513 plebe
1159 2445 1511 2500 credentium.
1547 2447 1626 2522 Ad
1657 2463 1841 2502 vocem
1880 2464 1973 2503 au-

393 2542 501 2586 tem
533 2534 759 2589 ministri
791 2534 884 2591 Dei
913 2535 1083 2606 aperti
1112 2545 1237 2592 sunt
1284 2539 1428 2603 cmli,
1459 2548 1513 2595 et
1542 2540 1797 2595 Dominus
1819 2540 1975 2597 Jesus

388 2624 699 2680 columbam
752 2642 923 2691 suam,
976 2642 1134 2696 quam
1187 2630 1454 2699 quondam
1508 2630 1607 2684 sibi
1660 2631 1711 2685 in
1740 2630 1975 2688 Iordane

388 2710 552 2769 Pater
572 2715 640 2770 de
669 2716 818 2772 εαξη.
843 2718 1156 2773 testificatus
1188 2718 1349 2773 filium
1374 2721 1539 2786 misit,
1577 2721 1698 2777 huic
1720 2722 1973 2793 adoptivo

388 2822 490 2861 suo
536 2806 747 2862 infudit.
778 2808 870 2862 llla
901 2808 1181 2865 descendit
1206 2811 1483 2881 splendido
1524 2814 1755 2868 candore
1798 2823 1854 2869 et
1883 2831 1971 2871 re-

390 2898 594 2965 quieiit
642 2898 695 2953 in
750 2910 1000 2969 suscepto
1032 2901 1161 2973 [Αι.,
1215 2901 1549 2974 susceptore]
1596 2904 1822 2973 simplici
1876 2921 1975 2975 pu-

394 2988 554 3042 ritate
612 2991 764 3057 quasi
827 2991 986 3047 modo
1051 2993 1232 3059 genito
1288 2993 1512 3047 infante.
1571 2993 1708 3050 llinc
1764 2997 1974 3051 novella

392 3075 650 3144 Ecclesia,
679 3091 803 3150 post
831 3080 1162 3137 Dominicum
1193 3083 1609 3152 primogenitum
1641 3101 1704 3140 ac
1733 3086 1973 3155 unigeni-

2081 1895 2554 1963 archiprzesuleml'
2572 1896 3243 1965 {Etheriunnordinandus
3259 1903 3326 1955 ab
3355 1917 3443 1967 eo,
3472 1906 3662 1958 transit

2081 2001 2248 2047 mare.
2267 1986 2524 2043 obcdiens
2536 1990 2743 2044 scilicet
2757 1990 3324 2062 electioniappstolica:
3345 2004 3399 2047 et
3421 1996 3665 2071 petitioni

2079 2077 2471 2146 ecclesiasticae,
2491 2080 2596 2134 imo
2614 2096 2742 2135 vero
2764 2085 3113 2153 assumptioni
3134 2084 3435 2140 dominiczn.
3458 2085 3666 2145 Pacul-

2078 2175 2271 2221 ncrant
2289 2168 2451 2223 etiam
2470 2185 2591 2224 eum
2610 2171 2955 2240 (iregoriana:
2977 2175 3241 2243 epistolae,
3259 2192 3472 2245 semper
3488 2192 3664 2246 proco

2078 2266 2132 2311 et
2156 2274 2253 2326 pro
2270 2260 2463 2314 amatis
2484 2260 2667 2329 Anglis
2698 2263 3129 2331 vigilantissimai.
3149 2264 3245 2319 Hic
3266 2266 3426 2335 igitur
3440 2268 3665 2336 primiti-

2076 2364 2174 2403 vus
2191 2351 2392 2418 Anglix
2410 2350 2711 2420 patriarcha
2731 2364 3097 2423 consecratur,
3122 2366 3177 2410 et
3201 2372 3321 2411 cum
3353 2360 3665 2427 apostolicis

2078 2444 2321 2513 insigniis
2335 2446 2385 2499 in
2399 2447 2782 2515 sempiternam
2806 2448 3233 2502 benedictionem
3247 2465 3352 2503 sua:
3366 2450 3615 2504 Iucredita
3625 2452 3664 2504 ti

2075 2538 2404 2601 regreditur,
2440 2553 2503 2593 ac
2525 2548 2723 2605 parata:
2738 2539 2849 2593 sedi
2878 2540 3220 2594 DOl‘ObCl‘l’lltB
3250 2541 3661 2596 inthronizatur.

2146 2644 2236 2700 25.
2280 2646 2414 2701 Tun
2447 2663 2577 2704 vero
2618 2649 2757 2704 inter
2796 2666 2983 2706 omnes
3028 2651 3391 2706 docendarum
3426 2656 3664 2721 gentium

2081 2735 2475 2792 sollicitudines
2503 2741 2678 2793 scelus
2707 2740 2998 2809 dcputahat
3030 2743 3272 2810 ignavia',
3290 2745 3331 2798 si
3362 2746 3503 2800 beati
3531 2745 3664 2800 Cre-

2075 2828 2210 2895 gorii
2233 2830 2452 2895 animm,
2485 2842 2671 2886 sancto
2690 2833 2954 2886 desiderio
2982 2850 3273 2904 suspcnsm,
3303 2846 3446 2890 tanta
3471 2840 3662 2906 gaudia

2074 2920 2329 2975 dominici
2361 2921 2488 2976 lucri
2510 2925 2749 2978 tardaret
2766 2927 3028 2979 nuntiare.
3051 2926 3277 2982 Mittitur
3293 2945 3420 2997 ergo
3440 2930 3662 2987 tlornam

2076 3011 2470 3064 sacratissimus
2519 3011 2878 3081 Laurentius,
2930 3024 3058 3071 tunc
3109 3020 3406 3089 presbyter,
3461 3012 3659 3077 deinde

2078 3098 2220 3152 beati
2260 3099 2541 3168 Augustini
2599 3118 2880 3159 successor
2932 3108 3202 3175 eximius;
3256 3119 3311 3163 et
3361 3123 3382 3149 ε
3434 3112 3662 3182 Petrus,

392 3179 502 3222 tum
543 3169 837 3236 Christum,
871 3172 1131 3239 gaudebat
1153 3174 1382 3242 psallere
1409 3177 1653 3245 amplexa
1699 3185 1969 3231 recentem
1996 3167 2044 3229 C
2076 3192 2266 3260 dignus
2281 3167 2641 3249 mmmam.
2661 3196 2973 3266 ρηειειῖοηε
3001 3202 3317 3269 monachus,
3339 3203 3428 3272 qui
3451 3167 3662 3274 Ausus:

394 3271 577 3313 natum
610 3278 623 3313 :
657 3259 795 3316 Puer
822 3271 974 3316 natu~
1002 3271 1084 3317 est
1123 3265 1294 3328 nobis,
1330 3264 1467 3319 filius
1496 3267 1652 3321 datus
1679 3274 1762 3321 est
1792 3266 1967 3321 nobis.

390 3347 481 3404 Sic
511 3347 753 3406 directus
775 3362 855 3406 est
878 3354 1096 3422 spiritus
1120 3355 1329 3409 Domini
1354 3358 1404 3410 in
1437 3368 1623 3412 nostro
1648 3358 1811 3413 David
1834 3373 1862 3413 a
1885 3358 1971 3413 die

389 3440 482 3495 illo
511 3451 565 3496 et
598 3444 650 3496 in
702 3455 1060 3514 perpetuum;
1106 3448 1461 3515 eamdemque
1501 3451 1867 3519 Salomoncm,
1917 3453 1969 3508 in

393 3533 567 3588 lucem
619 3537 801 3605 populi
847 3538 960 3603 sui,
994 3539 1087 3592 Dei
1138 3541 1397 3609 sapientia
1430 3542 1735 3597 illustravit.
1767 3542 1824 3599 In
1853 3546 1971 3602 solo

390 3633 585 3677 autem
604 3626 781 3694 priore
809 3627 974 3682 David
1001 3630 1189 3685 decem
1218 3631 1381 3685 millia
1408 3644 1809 3703 computantur,
1838 3649 1891 3693 et
1916 3640 1970 3693 in

391 3728 577 3769 nostro
606 3717 722 3771 solo
753 3718 991 3788 principe
1020 3721 1193 3789 ampla
1223 3722 1492 3778 Britannia
1518 3725 1732 3782 Christo
1761 3733 1969 3786 manci-

390 3815 566 3872 patur.
601 3806 736 3860 Cum
767 3821 895 3875 ergo
926 3809 976 3862 in
1009 3826 1113 3865 uno
1142 3824 1425 3880 peccatore
1451 3826 1696 3873 correcto
1725 3819 1972 3877 Salvator

395 3904 618 3949 testetur
632 3898 851 3967 angelos
872 3900 1124 3969 gaudere,
1146 3902 1283 3956 haud
1307 3906 1532 3961 absurde
1549 3910 1837 3978 credimus,
1857 3913 1969 3983 ipsa

389 4002 618 4054 superna
642 3991 851 4056 agmina
878 4029 895 4057 ,
926 3992 976 4045 in
1003 3992 1102 4047 hoc
1130 3995 1336 4050 salvato
1356 4000 1551 4067 capite,
1584 4010 1710 4058 tunc
1731 4019 1970 4064 consono

389 4078 554 4143 iubilo
568 4080 926 4147 proclamasse
945 4084 1151 4139 :Gloria
1171 4085 1395 4144 Domino
1416 4095 1617 4160 mundi,
1631 4097 1753 4164 quia
1772 4098 1969 4155 factum

388 4179 472 4224 est
511 4178 566 4225 et
596 4188 815 4241 regnum
846 4176 1135 4244 Anglorum
1168 4179 1377 4236 Domini
1407 4187 1575 4239 nostri
1596 4186 1721 4244 Jesu
1750 4191 1965 4249 Christi.

461 4261 547 4315 23.
590 4262 798 4320 Exinde
827 4281 955 4336 ergo
986 4270 1327 4338 evangelicus
1365 4284 1673 4332 sanctorum
1699 4282 1965 4349 alumnus,

392 4361 445 4405 et
476 4353 751 4422 Augustini
784 4361 1132 4427 pneceptoris
1160 4359 1375 4429 adjutor
1402 4366 1834 4439 robustissimus,
1857 4378 1967 4442 jam

396 4462 495 4500 non
553 4464 707 4502 suum
762 4466 983 4519 regnum
1014 4454 1244 4508 aestimat
1304 4458 1446 4527 quod
1517 4460 1964 4533 administrabat;

392 4553 572 4592 verum
603 4541 719 4607 ejus
746 4542 828 4595 cui
868 4557 927 4597 se
962 4559 1082 4597 cum
1114 4547 1360 4601 omnibus
1389 4549 1499 4604 suis
1527 4550 1836 4617 dediderat;
1865 4558 1961 4625 ipsi
1994 4543 2048 4606 Ῑ)
2073 4564 2405 4619 incrementa
2435 4568 2629 4621 lmtitia:
2660 4579 2924 4639 perpetuo
2955 4574 3363 4645 rolmrarentur,

392 4629 493 4697 (se)
532 4634 709 4699 potius
738 4633 998 4701 subjicere
1033 4650 1096 4690 ac
1134 4637 1359 4693 dilatare
1389 4642 1624 4706 anhelat,
1648 4652 1769 4712 quia
1791 4649 1969 4702 omnia

392 4722 570 4775 mundi
601 4736 762 4789 regna
783 4739 881 4777 suo
911 4735 1037 4780 nutu
1063 4726 1355 4795 justissime
1383 4733 1970 4806 dispensat;subjectos

389 4811 484 4863 sibi
516 4812 676 4865 etiam
707 4827 859 4881 reges
880 4826 928 4869 et
960 4818 1219 4889 populos,
1246 4837 1351 4876 non
1383 4824 1433 4876 vi
1455 4824 1547 4879 sed
1570 4826 1964 4896 benevolentia,

391 4912 446 4954 ut
475 4917 502 4954 a
533 4904 733 4957 sanctis
762 4904 1072 4964 doctoribus
1111 4910 1407 4977 didicerat,
1439 4915 1491 4968 in
1528 4916 1736 4972 dulcem
1773 4920 1966 4978 Christi

391 4990 643 5048 ditionem
673 4997 961 5052 transferre
987 4999 1420 5058 decertat.Tauta
1451 5023 1666 5078 quoque
1691 5021 1809 5066 erat
1836 5016 1961 5069 cha-

391 5087 517 5141 ritas
544 5087 596 5141 in
628 5101 815 5145 saneto
845 5106 909 5146 ac
951 5092 1061 5149 Deo
1088 5097 1300 5150 amabili
1335 5114 1489 5169 rege,
1522 5113 1580 5157 ut
1607 5107 1887 5166 credentes
1911 5111 1962 5165 in

394 5176 820 5249 Redemptorem,
846 5183 955 5250 jam
985 5200 1089 5239 non
1121 5186 1377 5243 clientum
1408 5192 1524 5247 vice
1560 5209 1835 5263 pensaret,
1869 5200 1963 5255 sed

393 5279 639 5339 tanquam
696 5272 888 5330 fratres
930 5284 984 5330 et
1034 5280 1282 5334 co::cives
1338 5294 1625 5353 perpetuos
1669 5292 1820 5359 regni
1870 5293 1961 5348 Dei

392 5376 573 5430 magna
630 5368 1089 5433 congratulatione
1136 5387 1200 5427 ac
1246 5374 1536 5432 dilectione
1583 5379 1958 5451 adstringeret.

458 5515 637 5598 fllmc
682 5522 1022 5598 contigrunt
1068 5541 1210 5598 anno
1245 5527 1339 5580 601
1390 5544 1498 5598 quo
1541 5543 1751 5589 sanctus
1780 5536 1961 5592 Justus

387 5588 597 5665 freatus
627 5600 707 5665 est
756 5589 1020 5665 “offensis
1056 5596 1358 5665 episcopus,
1409 5588 1464 5654 et
1492 5614 1698 5658 sanctus

388 5655 759 5746 Londineusis.
806 5661 973 5746 Hujus
1023 5655 1958 5746 vi":un_r'le_.!_i'mus247Aprilis—fde

384 5737 569 5781 sancto
597 5727 746 5785 JUsto
778 5727 1037 5799 agendum
1072 5737 1171 5788 erit
1200 5737 1259 5790 l0
1290 5739 1620 5797 Novembris.

2078 3285 2272 3339 tinensi
2317 3289 2645 3343 monasterio
2692 3298 2817 3358 post
2857 3290 3021 3345 abbas
3060 3294 3304 3361 prmluxit
3341 3298 3573 3366 primus,
3606 3306 3663 3355 u'.

2076 3375 2239 3430 etiam
2262 3376 2350 3430 hic
2380 3384 2579 3432 mutua:
2605 3381 3086 3447 emigratulationis
3110 3385 3327 3440 nuntius
3355 3392 3588 3455 graviter
3610 3394 3663 3446 in

2075 3467 2335 3535 plurimos
2391 3479 2731 3526 excresceret
2787 3471 3014 3528 fructus.
3073 3477 3431 3545 Augustinus,
3469 3482 3558 3550 qui
3609 3483 3663 3538 in

2076 3558 2242 3610 multa
2275 3559 2560 3613 laetabatur
2589 3576 2766 3616 messe
2791 3604 2808 3630 ,
2838 3565 2997 3619 anxie
3026 3568 3270 3633 queritur
3291 3569 3357 3623 de
3387 3574 3663 3639 operario-

2075 3662 2192 3700 rum
2258 3650 2566 3715 paueitate;
2614 3651 2679 3704 ad
2736 3652 2838 3707 hoc
2883 3654 2952 3709 de
3004 3656 3228 3712 diversis
3281 3663 3662 3727 qumstiouibus

2075 3739 2307 3817 consulit
2332 3740 2566 3796 divinum
2592 3743 2925 3810 magistrum,
2951 3746 3089 3802 unde
3112 3749 3368 3805 reformet
3390 3752 3660 3809 labantem

2075 3828 2355 3882 ecclesiam
2385 3840 2440 3884 et
2462 3833 2647 3885 rudem
2675 3835 2952 3903 populutn.
2980 3836 3049 3892 At
3078 3840 3158 3893 vir
3176 3852 3483 3898 sanctorum
3512 3847 3659 3903 desi-

2074 3920 2344 3976 deriorum
2376 3922 2695 3995 Gregorius,
2729 3928 2818 3982 ubi
2842 3944 3019 3999 regem
3050 3932 3339 3991 Britannia:
3373 3953 3659 3996 consecra-

2077 4022 2188 4069 tum
2214 4017 2430 4072 Christo
2460 4021 2643 4076 didicit
2670 4040 2791 4078 cum
2835 4043 2934 4083 suo
2981 4029 3147 4097 orbe,
3179 4032 3244 4086 ad
3283 4035 3508 4104 populos
3546 4048 3659 4092 tur-

2074 4108 2259 4162 matim
2316 4111 2648 4169 conﬂuentes
2712 4115 3096 4186 baptizantium
3151 4138 3342 4179 manus
3396 4127 3659 4195 deficere,

2070 4198 2314 4255 fecumlis
2342 4204 2484 4257 arvis
2512 4205 2745 4261 cultores
2777 4217 2983 4264 tantum
3012 4227 3075 4266 ac
3104 4215 3306 4268 semina
3346 4232 3658 4285 rarescere,

2073 4289 2341 4358 publicam
2400 4292 2591 4348 famem
2630 4297 2879 4352 audiendi
2940 4301 3160 4355 verbum
3215 4303 3425 4359 Domini
3480 4298 3661 4366 multis

2072 4381 2385 4438 doctoribus
2414 4398 2512 4452 ege
2543 4401 2574 4439 e
2600 4403 2614 4451 ;
2646 4397 2850 4455 quanto
2890 4390 3085 4457 gaudio
3116 4391 3447 4450 Altissimum
3492 4398 3659 4454 benc-

2072 4472 2301 4539 dixerit,
2343 4484 2542 4543 qumta
2591 4476 2872 4545 ﬂagrantia
2918 4483 3110 4537 mentis
3145 4494 3198 4537 et
3222 4488 3403 4553 vocis,
3447 4497 3506 4544 ut
3542 4490 3658 4547 haec

3396 4581 3658 4653 impreca-

2075 4661 2158 4707 tus
2192 4655 2295 4718 sit,
2320 4656 2440 4724 quis
2480 4656 2639 4724 digne
2678 4662 2965 4717 retulerit?
3012 4663 3115 4730 Te,
3165 4669 3366 4738 inquit,
3399 4672 3654 4741 Domine,

2072 4751 2353 4798 auctorem
2384 4747 2566 4801 salutis
2590 4749 2827 4804 omnium
2848 4792 2862 4815 ,
2894 4761 2946 4808 te
2968 4756 3265 4812 mirabilem
3288 4770 3339 4813 et
3361 4762 3655 4829 gloriosum

2070 4834 2124 4887 in
2162 4837 2359 4891 sanetis
2391 4839 2491 4893 tuis
2527 4848 2578 4894 et
2620 4841 2671 4895 in
2701 4844 2907 4897 cunctis
2949 4847 3055 4901 luis
3093 4849 3556 4922 mirerationihus,
3600 4866 3656 4910 ut

2070 4930 2288 4998 fragiles
2332 4931 2635 4988 laudatores
2694 4951 2790 5006 per
2828 4938 3006 4991 omnia
3052 4943 3473 5009 magnilicamus.
3518 4947 3656 5002 Ecce

2065 5022 2245 5082 enim,
2298 5037 2393 5090 per
2443 5023 2695 5077 humilem
2762 5025 2994 5095 legatum
3056 5038 3205 5084 tuum
3262 5034 3646 5103 Augustinum,

2063 5114 2335 5179 quondam
2368 5115 2635 5180 tumidus,
2662 5115 2772 5184 jam
2800 5117 3130 5176 substractus
3158 5135 3466 5181 sanctorum
3497 5131 3653 5198 pedi-

2073 5202 2174 5258 bus
2199 5206 2365 5258 servit
2392 5206 2670 5274 Oceanus;
2704 5215 2758 5261 et
2778 5208 3006 5266 barbara
3030 5214 3206 5284 lingua
3240 5216 3526 5271 Britannia:
3540 5220 3650 5286 jam

2068 5294 2118 5348 in
2163 5296 2273 5351 suis
2328 5296 2571 5354 laudibus
2616 5298 2861 5358 beamus
2908 5304 3119 5359 alleluia
3163 5310 3325 5377 cmpit
3373 5325 3649 5366 resonare.

2070 5385 2296 5456 Suscipe
2316 5429 2330 5455 ,
2359 5396 2508 5443 sator
2535 5390 2948 5450 beneficiorum.
2993 5395 3196 5451 fructus
3229 5388 3413 5466 gratiae
3452 5404 3646 5473 sempi-

2136 5540 2309 5616 1’lmo
2368 5544 2637 5614 Vigilium,
2683 5557 2740 5601 ut
2784 5560 2908 5603 ante
2946 5552 3199 5616 diximus,
3244 5554 3342 5608 nisi
3372 5555 3649 5616 :Etheritts

2068 5609 2448 5680 Lugdunensis
2463 5619 2529 5668 sit
2553 5609 2972 5673 substituendus.

2142 5697 2162 5723 ε
2196 5683 2377 5739 Sancti
2409 5686 2553 5740 Petri
2582 5688 2789 5742 abbatis
2818 5693 2947 5743 Acta
2973 5690 3214 5751 dedimus
3245 5694 3276 5749 0
3302 5694 3523 5759 Januar.
