4032 6186
373 335 439 392 (π
1178 329 1482 386 SANCTUS
1521 323 1956 383 AUGUSTINUS
1997 321 2364 380 ANCLORUM
2392 322 2819 380 'APOSTOLl’S.
3570 325 3640 382 6‘3

377 463 539 508 tenue
559 493 573 516 ,
603 464 762 519 quam
813 447 863 500 in
913 444 1074 515 iptius
1117 444 1388 498 uberrimo
1427 443 1678 513 plantastt
1706 448 1953 511 pectore;
1986 442 2030 496 Α
2059 447 2150 504 pos
2185 438 2398 492 ordinet
2427 446 2482 492 et
2503 437 2903 506 metropolitani
2932 435 3239 507 perimatur
3265 439 3642 511 honore;quia

307 605 310 609 _
375 545 585 612 suscipe
610 543 872 596 advenam
907 547 960 592 et
990 537 1248 607 pupillum
1278 547 1427 590 tuum
1457 551 1579 590 rum
1616 532 1956 604 loquentibus

369 633 624 689 fratribus
670 631 816 693 suis,
865 645 984 683 emn
1028 630 1221 698 quibus
1266 629 1454 683 re‘icta
1506 628 1706 688 domo,
1741 626 1912 696 patria
1939 665 1955 692 ,

371 725 691 790 cognatione
711 763 726 788 ,
758 722 1023 788 abnegato
1050 719 1230 788 seipso
1249 761 1262 781 ,
1295 727 1563 786 assumpta
1587 731 1774 778 crtn-e,
1805 731 1956 770 secu-

372 824 456 870 tas
487 799 570 866 cit
589 821 660 865 te.
697 809 896 866 Potens
923 825 981 863 es
1011 819 1064 864 et
1094 793 1264 878 ipsum
1297 808 1651 878 multiplicare
1675 807 1724 860 in
1743 816 1955 875 gentem

373 917 654 971 magnam,
704 909 822 970 post
869 900 1144 968 antiquum
1195 900 1497 954 auditorem
1540 908 1687 952 tuum
1735 898 1960 967 patriar-

371 995 527 1050 cbam
554 1009 570 1060 ;
617 1008 805 1046 omnes
846 1000 1023 1045 autem
1052 990 1394 1044 difﬁcultates
1423 999 1476 1043 et
1497 988 1769 1056 angustias
1796 1002 1958 1042 sanc-

377 1095 553 1139 torum
583 1093 763 1149 tuum,
796 1081 1051 1144 Domine,
1083 1096 1296 1148 semper
1334 1088 1417 1134 est
1458 1089 1795 1148 temperare,
1824 1087 1876 1131 et
1907 1077 1957 1130 in

373 1176 634 1230 inlinitutn
680 1175 884 1227 lucrum
916 1171 1207 1225 transferre
1234 1171 1571 1239 gaudiorum.
1601 1169 1713 1225 Hos
1740 1169 1960 1222 affectus

373 1276 610 1338 paterna:
646 1266 923 1319 t-harilatis
965 1264 1332 1318 sanctissimus
1387 1278 1522 1333 papa
1558 1262 1668 1316 Deo
1707 1262 1962 1338 aromati-

370 1376 514 1421 zans,
562 1357 706 1412 addit
764 1373 922 1410 orare
973 1356 1253 1408 Dominum
1305 1356 1520 1417 messis,
1571 1362 1628 1406 ut
1677 1351 1958 1421 consilium

369 1464 523 1502 soum
570 1448 792 1514 dirigat,
844 1461 950 1515 quo
992 1445 1100 1517 [ΑΙ.
1131 1487 1146 1511 ,
1202 1442 1362 1513 quos]
1404 1444 1630 1497 idoneos
1676 1442 1957 1512 operarios

370 1541 422 1594 in
450 1553 675 1592 messem
716 1553 864 1591 suam
902 1537 1078 1588 mittat
1111 1534 1241 1606 [_Al.,
1275 1531 1477 1602 mittit].
1499 1531 1664 1601 Igitur
1692 1532 1962 1600 aspirante

367 1645 596 1698 superna
619 1626 974 1698 providentia.
1018 1626 1358 1679 destinantur
1394 1639 1517 1678 cum
1561 1621 1961 1691 pneuominatis

371 1722 586 1787 legatis,
625 1718 910 1773 Laurcntio
958 1726 1012 1770 et
1057 1715 1236 1780 Petro,
1283 1715 1466 1768 eximii
1515 1717 1772 1784 virtutum
1821 1712 1960 1779 viri,

2060 527 2108 580 ei
2139 543 2374 597 quoque,
2408 529 2450 582 si
2475 530 2578 582 vita
2593 544 2774 584 comes
2803 529 2977 594 fuerit,
3002 529 3221 598 pallium
3255 530 3508 596 tribuere,
3539 532 3645 589 Duo

2059 616 2208 671 mino
2239 615 2475 679 favente,
2527 617 2891 687 disponimus:
2915 631 3074 686 quem
3106 624 3285 672 tamen
3316 625 3422 672 tua:
3448 619 3644 675 frater-

2060 706 2242 761 nitatis
2265 706 2508 761 volumus
2537 707 2872 776 dispositioni
2917 707 3217 774 subjacere.
3273 706 3400 769 Post
3436 709 3644 766 obitum

2061 813 2192 854 vero
2217 808 2365 852 tuum
2409 797 2480 851 ita
2526 799 2812 868 episcopis,
2863 813 3000 868 quos
3047 797 3393 864 ordinaverit,
3445 801 3644 869 praesit,

2059 898 2121 944 ut
2149 889 2540 944 Lundomensns
2589 887 2828 958 episcopi
2875 888 3020 943 nullo
3048 887 3208 942 modo
3255 888 3534 958 subiaceat
3561 889 3644 944 di-

2063 985 2235 1050 tioni:
2265 984 2333 1039 sit
2354 999 2483 1039 vero
2534 983 2674 1037 inter
2701 982 2994 1036 Lundonia:
3022 991 3077 1036 et
3128 980 3381 1036 Eboracze
3415 982 3644 1040 civitatis
3684 979 3696 1008 ’

2060 1076 2344 1145 episcopos
2374 1075 2720 1143 imposwrum
2752 1073 2974 1127 honoris
2997 1071 3097 1126 ista
3129 1072 3422 1138 distinctio,
3450 1082 3509 1126 ut
3533 1073 3651 1141 ipse

2062 1167 2211 1235 prior
2237 1165 2500 1218 habeatur
2526 1165 2616 1233 qui
2661 1165 2811 1234 prius
2843 1163 3000 1218 fuerit
3031 1163 3328 1218 ordinatus.
3359 1162 3645 1218 Communi

2063 1264 2240 1310 autem
2271 1257 2418 1310 consi
2444 1257 2496 1308 io
2523 1265 2578 1310 et
2602 1255 2860 1309 concordi
2903 1255 3114 1309 actione
3143 1269 3368 1324 quaeque
3395 1264 3520 1309 sunt
3551 1271 3646 1324 pro

2063 1346 2262 1401 Christi
2295 1346 2412 1400 zelo
2441 1347 2644 1414 agenda
2666 1346 2955 1416 disponant
2977 1347 3317 1411 unanimiter,
3349 1355 3499 1401 recte
3525 1360 3648 1402 sen-

2067 1439 2220 1504 tiant,
2249 1447 2305 1493 et
2337 1455 2400 1492 ea
2439 1453 2556 1506 qua:
2598 1439 2866 1492 senserint
2905 1454 3012 1492 non
3042 1437 3259 1493 sibimet
3295 1437 3648 1508 discrepando

2064 1531 2376 1602 perficiant;
2411 1539 2500 1585 tua
2532 1545 2661 1585 vero
2682 1529 2990 1585 fraternitas
3019 1545 3126 1584 non
3161 1529 3335 1585 solum
3376 1544 3472 1584 eos
3500 1529 3648 1600 epis-

2065 1637 2234 1692 copos
2259 1639 2394 1693 quos
2415 1622 2764 1687 ordinaverit,
2798 1636 2974 1692 neque
2999 1621 3100 1676 hos
3122 1620 3521 1686 tantummodo,
3555 1619 3648 1692 qui

2067 1728 2163 1785 per
2191 1713 2444 1769 Eboracte
2471 1713 2779 1783 episcopum
2827 1711 3026 1766 fuerint
3063 1711 3326 1778 ordinati;
3365 1711 3458 1766 sed
3484 1715 3646 1766 etiam

368 1811 619 1874 Meilitus,
653 1809 853 1872 Justus,
881 1818 905 1843 ι·
937 1807 1215 1867 Paulinus,
1250 1805 1584 1867 Rufinianus,
1609 1820 1703 1859 seu
1728 1813 1962 1873 quatuor
1991 1813 2036 1870 Β
2066 1821 2252 1862 omnes
2280 1806 2566 1860 Britanni-.1:
2595 1804 2906 1859 sacerdotes
2931 1803 3148 1870 habeat,
3182 1803 3295 1858 Deo
3323 1810 3379 1858 et
3417 1801 3647 1857 Domino

367 1900 766 1968 evangeliorum
817 1913 1111 1968 praicones.
1165 1895 1275 1950 llos
1313 1897 1602 1950 comitatur
1651 1910 1760 1950 non
1811 1893 1958 1948 rudis

368 1991 523 2045 turba
550 1990 984 2058 evangelicorum
1030 1987 1392 2041 ministrorum
1427 1995 1484 2041 et
1510 1996 1922 2057 eooperatorum
1941 2026 1958 2055 ,

367 2083 456 2150 qui
491 2081 712 2135 terribili
755 2080 872 2134 acie
910 2078 1166 2148 diripiant
1211 2085 1385 2132 castra
1426 2077 1751 2132 daemonum.
1797 2076 1960 2143 Quid-

369 2172 498 2240 quid
525 2171 665 2225 enim
701 2171 869 2224 visum
893 2178 977 2223 est
998 2177 1360 2238 opportunum
1387 2168 1438 2222 in
1461 2168 1607 2223 cultu
1638 2177 1692 2222 et
1721 2168 1961 2224 ministe-

366 2262 448 2314 rio
477 2260 744 2322 ecclesim,
767 2260 816 2312 in
851 2259 992 2312 vasis
1013 2259 1214 2323 sacris,
1245 2258 1295 2312 in
1325 2259 1653 2328 parameutis
1677 2258 1956 2325 altarium,

368 2354 419 2407 iu
451 2352 781 2406 ornamentis
801 2351 1167 2414 ecclesiarum,
1197 2351 1247 2403 in
1270 2351 1958 2419 sacerdotalibusinduviis,

366 2444 419 2498 in
454 2442 724 2512 \pretioitis
771 2450 1080 2495 sanctorum
1131 2442 1499 2510 apostolorum
1556 2451 1609 2496 et
1666 2448 1958 2512 martyrum

377 2534 619 2603 reliquiis
641 2573 656 2596 ,
702 2534 751 2587 in
779 2533 1058 2588 Codicibus
1101 2534 1342 2603 plurimis
1367 2577 1380 2598 ,
1430 2535 1481 2588 in
1511 2534 1751 2603 qualibet
1780 2551 1956 2589 rerum

367 2629 664 2682 divinarum
694 2626 958 2694 elegantia
982 2625 1003 2660 ι’
1025 2641 1245 2696 prorsus
1274 2627 1503 2694 aggessit
1521 2627 1787 2696 praeclaris
1803 2640 1960 2695 geru-

366 2721 430 2774 lis
459 2719 706 2773 litteralis
727 2719 845 2789 (sic)
874 2715 1117 2785 Gregorii
1151 2717 1442 2785 vigilantia.
1480 2717 1560 2771 Ad
1590 2717 1692 2772 hoc
1722 2717 1958 2786 praemis-

363 2823 546 2863 sarum
578 2816 931 2877 quaestionum
973 2823 1035 2862 ac
1081 2807 1560 2876 interrogationum
1591 2807 1768 2862 lucide
1793 2823 1959 2877 expo-

365 2899 466 2952 sita
512 2899 657 2954 misit
690 2912 970 2968 respousa,
1003 2913 1124 2967 quas
1161 2899 1247 2952 bic
1288 2907 1381 2952 aut
1411 2897 1576 2954 dilata
1607 2907 1705 2953 aut
1733 2907 1958 2968 puriter--

366 2989 561 3053 missa,
613 2989 768 3057 plene
821 2988 1057 3060 reperies
1106 2989 1157 3042 in
1214 2987 1380 3042 Beda.
1428 2987 1602 3060 Super
1623 2989 1738 3044 haec
1777 2988 1956 3044 omnia

366 3079 580 3135 additur
608 3079 721 3134 bare
747 3078 1062 3138 apostolicae
1094 3079 1462 3148 pmrogativm
1489 3077 1738 3147 epistola.

2069 1906 2255 1952 nostro
2281 1895 2407 1950 .lesu
2427 1894 2642 1951 Christo
2665 1893 3208 1963 auctore,‘subjectos
3233 1911 3248 1948 :
3278 1904 3551 1963 quatenus
3579 1907 3646 1948 ex

2063 1989 2241 2058 lingua
2272 1997 2329 2042 et
2371 1988 2483 2042 vita
2516 1996 2621 2042 tuae
2676 1987 2979 2042 sanctitatis
3017 1995 3073 2042 et
3111 1994 3259 2042 recte
3301 1985 3552 2041 credendi
3594 1992 3650 2040 et

2062 2083 2202 2137 bene
2243 2081 2457 2136 vivendi
2509 2081 2736 2142 formam
2786 2080 3123 2151 percipiant,
3183 2089 3345 2150 atque
3413 2079 3647 2135 ollicium

2062 2188 2217 2229 suum
2249 2171 2352 2227 fide
2383 2187 2446 2227 ac
2475 2172 2713 2226 moribus
2734 2179 3116 2243 exsequentes,
3142 2171 3207 2226 ad
3236 2170 3498 2236 chestia,
3523 2185 3648 2226 cum

2064 2264 2321 2318 Dominus
2351 2263 2598 2331 voluerit,
2630 2278 2793 2332 regna
2818 2264 3142 2334 pertingant.
3173 2262 3312 2319 Deus
3358 2270 3411 2317 te
3441 2262 3648 2317 incolu-

2062 2371 2185 2410 mcn
2214 2357 2484 2410 cu~todiat
2508 2395 2522 2419 ,
2557 2357 2989 2411 reverentissime
3022 2357 3206 2410 frater.
3256 2356 3387 2409 Data
3429 2355 3516 2410 die
3544 2354 3644 2410 de-

2062 2447 2198 2500 cima
2220 2443 2577 2500 Kalendarum
2607 2444 2888 2507 Juliarum,
2924 2445 3224 2513 imperante
3253 2443 3472 2498 domino
3517 2459 3643 2499 nos-

2065 2546 2147 2591 tro
2173 2536 2426 2591 Mauricio
2456 2535 2670 2590 Tiberio
2718 2535 2960 2605 piissimo
3010 2536 3270 2603 Augusto,
3303 2549 3446 2588 anno
3499 2548 3643 2586 nono

2061 2629 2295 2693 decimo,
2328 2636 2448 2697 post
2487 2628 2822 2683 consulatum
2855 2627 3093 2695 ejusdem
3137 2625 3342 2681 domini
3371 2638 3512 2678 anno
3555 2638 3647 2678 oc-

2063 2729 2185 2774 tavo
2207 2718 2440 2786 decium,
2471 2719 2761 2773 indictione
2783 2725 2971 2786 quarta
3002 2714 3051 2769 δ.

2131 2830 2220 2884 27.
2263 2827 2378 2884 Jam
2419 2839 2670 2885 onu.tum
2719 2828 3028 2902 apostolicis
3075 2826 3267 2898 Opibus
3307 2825 3643 2880 Dominicum

2061 2921 2472 2977 contubernium
2502 2919 2713 2988 longius
2741 2924 3069 2984 excesserat,
3120 2931 3218 2970 nec
3256 2915 3464 2969 animus
3508 2911 3644 2968 Gre-

2061 3013 2196 3085 gorii
2243 3022 2434 3068 euntes
2462 3011 2712 3083 prosequi
2743 3019 2951 3076 cessat,
3006 3009 3130 3079 quia
3162 3008 3392 3061 rbaritas
3441 3005 3643 3059 infinita

2066 3105 2220 3159 finire
2269 3104 2438 3159 nescit
2495 3101 2751 3171 obsequia
2785 3100 2921 3173 (Lib.
2957 3117 3033 3166 ιιι,
3062 3117 3143 3165 ep.
3170 3098 3284 3170 Ἠ).
3342 3098 3536 3154 lterum
3578 3097 3642 3152 de

435 3190 522 3245 26.
545 3190 1008 3246 Reverendissimo
1033 3198 1086 3244 et
1109 3189 1453 3244 sanctissimo
1482 3188 1631 3243 fratri
1661 3189 1957 3258 Augustino
1983 3189 2033 3254 C
2065 3192 2362 3260 Augustino
2391 3208 2511 3256 suo,
2543 3191 2738 3245 iterum
2794 3191 2860 3244 de
2885 3189 2993 3244 suis
3020 3189 3205 3256 Anglis
3253 3187 3434 3242 unicas
3487 3201 3643 3259 curas

367 3282 688 3351 coepiscopo
716 3279 1027 3348 Gregorius,
1053 3295 1242 3334 servus
1265 3296 1543 3335 servorum
1569 3279 1663 3334 Dei
1691 3279 1828 3349 (Lib.
1862 3296 1957 3348 xu,

279 3375 286 3386 '
367 3373 536 3444 Epist.
571 3370 680 3443 15).
733 3369 868 3424 Cum
899 3381 1104 3426 certum
1151 3372 1260 3434 sit,
1294 3387 1392 3440 pro
1422 3372 1794 3442 omnipotente
1849 3373 1959 3428 Deo

367 3463 736 3518 laborantibus
785 3460 1070 3516 ineffabilia
1118 3463 1305 3516 interni
1335 3463 1486 3532 regni
1531 3464 1749 3532 prtemia
1780 3478 1958 3518 reser-

367 3554 511 3608 vari:
543 3552 697 3606 nobis
727 3555 905 3606 tamen
931 3551 1010 3607 eis
1043 3567 1262 3607 necesse
1289 3560 1372 3607 est
1401 3553 1665 3607 honorum
1696 3552 1958 3608 beneficia

367 3646 626 3711 tribuere,
656 3654 716 3700 ut
738 3645 993 3714 spiritalis
1013 3643 1191 3713 operis
1218 3645 1398 3700 studio
1430 3661 1499 3700 ex
1523 3646 1960 3700 remuneratione

367 3737 534 3791 velint
579 3735 665 3808 [At
709 3774 725 3799 ,
755 3734 989 3806 valeant]
1037 3735 1383 3805 multiplicius
1430 3736 1698 3791 insuzlare.
1734 3736 1802 3790 Et
1835 3736 1960 3806 quia

369 3844 508 3883 nova
553 3828 844 3896 Anglorum
901 3827 1127 3881 ecclesia
1158 3826 1224 3879 ad
1269 3827 1656 3897 omnipotentis
1703 3827 1798 3883 Dei
1839 3840 1955 3896 gra-

369 3919 521 3979 tiam,
567 3917 757 3971 eodem
797 3916 1026 3970 Domino
1048 3916 1308 3986 largiente
1343 3925 1399 3971 et
1421 3925 1473 3972 te
1503 3918 1798 3982 laborante,
1832 3933 1958 3988 per-

370 4006 528 4060 ducta
544 4014 657 4072 est;
686 4020 839 4058 usum
867 4005 958 4060 tibi
987 4005 1138 4074 pallii
1166 4005 1216 4059 in
1237 4020 1299 4058 ea
1329 4005 1394 4059 ad
1425 4007 1540 4060 sola
1563 4006 1842 4061 missarum
1869 4023 1959 4061 so-

370 4095 564 4151 lemnia
586 4095 788 4162 agenda
813 4095 1198 4161 concedimus,
1243 4096 1316 4150 ita
1349 4103 1407 4150 ut
1453 4111 1548 4166 per
1591 4097 1706 4152 loca
1753 4097 1958 4166 singula

372 4185 657 4240 duodecim
690 4184 976 4254 episcopos
1003 4185 1170 4240 ordia
1192 4201 1238 4252 s,
1293 4186 1382 4256 qui
1413 4193 1514 4240 tua:
1539 4187 1850 4256 subjaceant
1877 4187 1960 4242 dio

368 4275 542 4330 tioni:
575 4285 843 4345 quatenus
878 4273 1274 4330 Lundoniensis
1324 4287 1347 4314 ο
1401 4275 1630 4332 civitatis
1675 4276 1959 4347 episcopus

366 4382 583 4437 semper
610 4368 662 4421 in
689 4375 961 4437 posterum
990 4382 1021 4422 a
1049 4365 1254 4439 synodo
1291 4368 1504 4438 propria
1537 4368 1733 4424 debeat
1761 4383 1956 4425 conse-

370 4459 529 4522 crari,
556 4466 717 4526 atque
745 4458 966 4513 honoris
989 4457 1208 4528 pallium
1230 4458 1297 4513 ab
1325 4460 1425 4514 bac
1454 4468 1638 4513 saneta
1665 4467 1721 4513 et
1741 4468 1960 4529 aposto-

2066 3293 2325 3352 renovat;
2360 3284 2499 3338 unde
2529 3291 2583 3338 et
2613 3285 2749 3338 hanc
2778 3283 3058 3354 epistolam
3087 3291 3498 3352 praememorato
3542 3297 3636 3336 ve~

2065 3375 2288 3429 nerabili
2338 3374 2539 3428 Mellito
2569 3373 2820 3428 destinat.
2873 3373 3234 3429 Dilectissimo
3282 3372 3393 3427 filio
3442 3371 3642 3427 Mellito

2063 3465 2262 3532 abbati,
2298 3465 2605 3533 Gregorius,
2646 3479 2833 3519 servus
2854 3479 3133 3519 servorum
3158 3464 3271 3520 Dei.
3297 3463 3425 3518 Post
3447 3463 3644 3520 disces-

2062 3558 2270 3614 sionem
2300 3555 2736 3627 congregationis
2766 3563 2982 3621 nostrae,
3017 3571 3134 3626 quae
3162 3563 3338 3610 tecum
3366 3562 3465 3620 est,
3490 3553 3643 3608 valde

2063 3661 2252 3703 sumus
2307 3646 2555 3716 suspensi
2584 3646 2801 3712 redditi,
2826 3647 2952 3715 quia
2993 3647 3122 3700 nihil
3171 3645 3238 3701 de
3285 3645 3644 3716 prosperitate

2066 3741 2235 3796 vestri
2269 3741 2473 3794 itineris
2496 3740 2709 3794 audisse
2756 3755 2853 3794 nos
2882 3740 3126 3806 contigit.
3159 3738 3293 3793 Cum
3345 3752 3472 3807 ergo
3506 3737 3643 3792 Deus

2063 3834 2407 3904 omnipotens
2435 3847 2530 3886 vos
2560 3831 2626 3885 ad
2649 3830 3156 3886 reverendissimum
3202 3830 3372 3883 virum
3420 3827 3640 3881 fratrem

2065 3933 2306 3979 nostrum
2332 3923 2694 3991 Augustinum
2742 3921 3054 3991 episcopum
3095 3918 3428 3989 perduxerit,
3478 3917 3641 3972 dicite

2062 4015 2111 4070 ei
2159 4013 2287 4082 quid
2341 4013 2429 4067 diu
2493 4027 2704 4067 mecum
2734 4011 2800 4066 de
2831 4027 2992 4066 causa
3047 4009 3342 4080 Anglorum
3401 4009 3642 4076 cogitans

2063 4106 2322 4171 tractavi;
2358 4105 2622 4168 videlicet,
2677 4105 2801 4176 quia
2843 4102 2965 4158 fana
3011 4103 3281 4158 idolorum
3326 4101 3531 4156 destrui
3587 4101 3638 4154 in

2050 4196 2252 4253 eadem
2281 4204 2440 4264 gente
2471 4197 2693 4251 minime
2713 4196 2963 4263 debeant,
2996 4194 3091 4250 sed
3143 4195 3258 4265 ipsa
3306 4209 3425 4265 quae
3449 4193 3507 4249 in
3562 4193 3642 4248 eis
3715 4231 3722 4240 .

2061 4299 2187 4346 sunt
2235 4289 2376 4345 idola
2431 4291 2799 4356 destruantur,
2848 4305 2987 4360 aqua
3025 4289 3311 4345 benedicta
3339 4289 3390 4345 in
3437 4288 3638 4344 eisdem

2060 4380 2200 4436 fanis
2228 4390 2562 4450 aspergatur,
2590 4381 2775 4435 altaria
2797 4388 3202 4449 construantur,
3225 4379 3464 4451 reliquis:
3490 4394 3641 4435 com-

2060 4481 2349 4543 ponantur.
2383 4471 2516 4539 Quia
2540 4472 2584 4526 si
2614 4471 2735 4525 fana
2765 4471 2954 4526 eadem
2987 4471 3128 4526 bene
3155 4480 3465 4527 constructa
3491 4480 3638 4536 sunt,

368 4548 503 4612 lica,
535 4549 622 4605 cui
670 4548 784 4603 Deo
811 4557 1034 4605 auctore
1074 4550 1341 4616 deservio,
1368 4551 1496 4607 sede
1542 4553 1829 4623 percipiat.
1879 4554 1956 4609 Ad

2067 4579 2288 4620 necesse
2316 4572 2398 4618 est
2427 4572 2544 4618 uta
2584 4562 2729 4618 cultu
2758 4562 3060 4619 daemonum
3107 4563 3160 4618 in
3209 4562 3465 4634 obsequia
3523 4562 3638 4619 veri

369 4639 668 4696 Eboracum
697 4655 824 4696 vero
848 4641 1118 4696 civitatem
1143 4651 1195 4696 te
1221 4644 1465 4698 volumus
1486 4643 1798 4714 episcopum
1827 4646 1949 4699 mit-

369 4739 486 4786 tere
507 4745 668 4798 quem
693 4730 804 4800 ipse
819 4730 1142 4799 judicaveris
1171 4732 1302 4805 [Al.,
1320 4733 1660 4806 iudicaveris]
1677 4735 1946 4791 ordinari:

369 4823 443 4878 ita
475 4823 752 4886 duntaxat,
785 4822 906 4878 utsi
931 4821 1120 4877 eadem
1145 4823 1335 4878 civitas
1363 4839 1485 4878 eum
1535 4823 1775 4882 finitimis
1822 4827 1952 4884 locis

370 4911 602 4967 Verbum
625 4912 718 4968 Dei
741 4912 1026 4982 receperit,
1058 4913 1171 4982 ipse
1195 4928 1412 4984 quoque
1438 4914 1721 4972 duodecim
1742 4917 1952 4987 episeo-

442 5099 467 5125 ἰ
497 5087 573 5142 Ex
601 5089 686 5142 his
705 5096 913 5142 sanctus
951 5086 1232 5152 Paulinus,
1265 5098 1453 5158 postea
1481 5087 1836 5148 Eboracensis
1861 5108 1950 5147 ar-

372 5158 748 5227 chiepiscopus
770 5166 1008 5222 creatus,
1046 5159 1242 5213 colitur
1273 5159 1336 5212 10
1365 5159 1630 5213 Octobris.

443 5231 466 5266 ιι
498 5228 553 5281 ln
584 5229 909 5282 monasterio
941 5228 1357 5300 Aldinghoﬂ‘ensi
1403 5227 1732 5282 Padcrbonze
1753 5228 1951 5300 duplex

367 5300 634 5365 portatilis
657 5315 747 5351 ara
771 5299 938 5353 instar
959 5299 1139 5352 arcula
1159 5308 1422 5364 servatur,
1448 5307 1502 5352 et
1528 5299 1952 5367 utroque'credi-

370 5377 457 5421 tur
503 5385 570 5423 ex
614 5385 675 5424 ea
728 5369 1099 5436 suppel'ectile
1140 5383 1292 5424 sacra
1319 5384 1470 5434 esse,
1518 5384 1683 5436 quant
1735 5380 1954 5427 sanctus

369 5436 657 5508 Gregorius
681 5439 976 5504 Augustino
1009 5439 1152 5492 misit
1178 5455 1193 5492 :
1223 5439 1437 5506 utrique
1460 5454 1488 5490 a
1517 5440 1601 5508 pia
1634 5440 1953 5504 posteritate

367 5507 578 5579 additus
615 5518 988 5576 argento-arum
1032 5509 1366 5562 braetearum
1425 5517 1481 5562 et
1520 5507 1769 5577 ’Iapidum
1825 5527 1951 5579 pre-

364 5576 625 5631 tiosorum
694 5589 952 5641 ornatus,
997 5579 1210 5646 utrique
1261 5579 1422 5632 varia:
1466 5576 1683 5632 inclusa:
1737 5576 1952 5636 sancto-

363 5660 487 5701 rum
523 5647 789 5721 reliqui-as,
835 5650 1053 5721 utrique
1104 5648 1364 5721 versibus
1393 5647 1624 5721 _l_.eouini
1661 5663 1764 5721 con
1795 5651 1951 5721 cripti

363 5717 635 5842 grati-grtes
687 5736 699 5770 :
760 5718 914 5774 unius
967 5717 1162 5774 autem
1223 5719 1474 5775 notabilis
1534 5719 1816 5789 inscriptio
1874 5717 1952 5779 sic

408 5802 435 5839 a
478 5807 506 5841 υ
547 5806 562 5840 :

408 5802 532 5841 τιυιξι
547 5806 562 5840 ἔ

2056 4653 2186 4728 [Αι.,
2219 4653 2342 4726 viri]
2377 4655 2474 4710 Dei
2499 4654 2728 4709 debeant
2763 4653 3104 4721 commutari,
3143 4663 3200 4708 ut
3227 4653 3352 4708 dum
3375 4669 3506 4724 gens
3525 4653 3638 4724 ipsa

2054 4745 2242 4800 eadem
2273 4743 2391 4798 fana
2423 4759 2517 4799 sua
2548 4759 2654 4799 non
2683 4744 2829 4798 videt
2853 4743 3076 4812 destrui,
3117 4743 3185 4798 de
3213 4744 3374 4800 corde
3400 4759 3640 4799 errorem

2053 4833 2315 4904 deponat;
2347 4843 2401 4888 et
2429 4833 2597 4889 Deum
2641 4849 2825 4888 verum
2848 4849 3178 4904 cognoscens
3207 4835 3542 4898 etadorans,
3575 4834 3640 4891 ad

2053 4922 2171 4978 loca
2214 4936 2334 4992 qua:
2387 4924 2667 4979 consuevit
2713 4924 3027 4980 familiarius
3072 4936 3378 4980 concurrat.
3413 4923 3477 4980 Et
3516 4925 3639 4996 quia

2183 5096 2291 5145 Prae
2313 5094 2497 5144 cunctis
2520 5093 2616 5140 aris
2639 5091 2744 5140 haec
2769 5090 3072 5154 Gregoriana
3095 5092 3300 5154 vocaris,

2245 5158 2289 5207 Δ
2309 5169 2408 5216 quo
2427 5155 2652 5214 sacraris,
2678 5166 2802 5216 gens
2825 5153 2949 5213 petit
2973 5153 3151 5216 Angla,
3173 5153 3304 5202 duris
3326 5164 3336 5177 '

2183 5221 2299 5270 Post
2323 5215 2415 5266 hoc
2437 5217 2663 5276 por-turis,
2691 5215 2770 5276 hic
2791 5217 2986 5264 ossibus
3006 5216 3281 5274 associaris,

2243 5281 2360 5333 Cum
2384 5275 2560 5341 quibus
2585 5289 2695 5326 esse
2721 5275 2833 5324 faris
2855 5280 2924 5324 vis
2947 5278 3207 5339 meritique
3235 5275 3364 5338 paris

2133 5379 2154 5407 ε
2185 5365 2312 5420 Erat
2332 5361 2607 5419 notissima
2629 5361 2724 5425 uti,
2751 5361 2987 5414 etianum
3009 5369 3093 5416 est
3115 5361 3241 5415 urbs
3265 5358 3638 5426 Londiiiensts,

2059 5440 2146 5494 cui
2173 5436 2417 5505 designat
2437 5433 2624 5505 s_ed_em_
2651 5430 3198 5505 areltiepiscopalem,
3225 5431 3638 5505 _verum_sedu|i~

2059 5517 2170 5563 tate
2225 5501 2396 5561 sancti
2422 5501 2748 5557 IEtbelberti
2805 5501 2973 5570 regis,
3026 5509 3081 5556 et
3133 5501 3328 5555 civium
3378 5501 3639 5556 charitatc

2057 5587 2246 5648 captus
2292 5583 2511 5648 sanctus
2549 5571 2901 5648 Augustinus,
2951 5571 3288 5648 Cantuariam
3316 5572 3536 5648 __elegit.
3588 5581 3638 5626 et

2057 5641 2137 5705 ibi
2151 5646 2309 5702 sedes
2328 5641 2798 5713 arcbiepiscopalis
2822 5656 2945 5695 cum
2961 5643 3103 5699 sedis
3120 5641 3429 5713 apostolica:
3444 5657 3637 5713 appro-

2056 5718 2277 5776 batione
2307 5712 2622 5784 permansit.

2129 5789 2156 5826 ά
2181 5787 2228 5844 Is
2247 5780 2331 5844 est
2359 5799 2531 5839 anuus
2550 5780 2751 5839 Christi
2777 5781 2899 5838 60L
