3976 6178
319 309 387 361 liD
764 328 777 337 ‘
1551 317 1700 371 \'lT.-\
1744 318 1824 372 SA
1834 317 1904 372 Ν(

2030 320 2419 378 Αιίουδτιδῑι.
2476 308 2479 311 ’
3528 336 3597 391 7o

311 434 481 490 boves
510 432 688 488 solent
711 431 763 485 in
791 431 1051 486 sacrificio
1069 430 1379 485 Dmmonum
1411 428 1607 483 multos
1635 429 1903 492 occidere,
1939 436 1982 491 Α

315 527 479 577 debet
508 525 673 579 etiam
703 524 785 576 his
805 524 871 576 de
889 539 945 576 re
966 523 1064 575 hac
1081 523 1257 590 aliqua
1282 520 1909 584 solemnitasimmutari;

317 626 375 670 ut
406 616 497 670 die
539 613 903 668 dedicationis
934 612 1015 666 vel
1062 612 1317 665 natalitiis
1344 619 1650 664 sanctorum
1705 618 1910 679 marty-

312 722 453 768 rum,
472 720 707 774 quorum
732 704 841 759 illic
868 703 1107 774 reliquis:
1133 712 1424 773 ponuntur,
1447 701 1787 756 tabernacula
1809 701 1911 756 sibi

312 798 459 851 circa
481 795 703 851 easdem
728 796 982 851 ecclesias
1007 810 1127 865 quae
1146 810 1216 849 ex
1239 795 1373 850 fanis
1398 803 1744 849 commutate
1764 805 1906 861 sunt,

314 890 383 943 de
412 889 575 943 ramis
604 889 858 943 arborum
890 888 1119 954 faciant,
1142 897 1197 942 et
1241 888 1503 955 religiosis
1528 889 1792 944 conviviis
1814 904 1906 944 so-

317 978 650 1032 lemnitatem
676 977 987 1033 celebrent:
1022 992 1122 1031 nec
1148 977 1361 1031 diabolo
1388 977 1498 1046 jam
1523 978 1771 1032 animalia
1813 979 1910 1032 im-

315 1068 542 1134 molent,
567 1066 662 1122 sed
691 1067 758 1121 ad
790 1067 1000 1122 laudem
1050 1065 1142 1121 Dei
1178 1068 1228 1121 in
1253 1083 1405 1121 esum
1459 1084 1610 1122 suum
1659 1068 1909 1122 animalia

316 1162 591 1228 occidant,
619 1171 673 1223 et
703 1160 951 1215 donatori
984 1160 1221 1215 omnium
1264 1161 1331 1213 de
1359 1161 1607 1215 satietate
1649 1176 1744 1213 sua
1789 1175 1911 1229 gra--

320 1254 425 1307 tias
453 1252 723 1317 referant;
756 1261 812 1305 ut
833 1251 959 1305 dum
988 1251 1066 1306 eis
1096 1252 1273 1321 aliqua
1304 1252 1543 1307 exterius
1596 1252 1790 1319 gaudia
1823 1266 1911 1305 re-

317 1351 629 1405 servantur,
662 1341 731 1395 ad
785 1339 1043 1395 interiora
1095 1342 1290 1409 gaudia
1348 1342 1655 1395 consentire
1703 1340 1911 1397 facilius

314 1428 553 1483 valeant.
578 1427 735 1491 Nam,
768 1426 919 1481 duris
972 1427 1240 1482 mentibus
1269 1427 1426 1480 simul
1479 1428 1657 1481 omnia
1700 1428 1909 1481 abscin-

312 1519 447 1573 dere
478 1517 808 1588 impossibile
829 1531 950 1573 esse
981 1533 1088 1572 non
1118 1517 1339 1572 dubium
1378 1526 1489 1571 est:
1520 1516 1641 1586 quia
1673 1525 1725 1571 et
1753 1518 1794 1570 is
1823 1532 1911 1589 qui

313 1623 587 1663 summum
616 1608 792 1685 locum
823 1607 1117 1662 ascendere
1148 1608 1353 1673 nititur,
1386 1608 1640 1676 gradibus
1676 1608 1758 1663 vel
1783 1624 1905 1676 pas-

312 1697 488 1763 sibus,
523 1714 632 1753 non
659 1706 841 1753 autem
875 1698 1120 1763 saltibus,
1175 1698 1435 1753 elevatur.
1485 1698 1575 1753 Sic
1612 1699 1911 1754 Israelitico

314 1787 522 1860 populo
544 1786 597 1840 in
626 1785 864 1858 Egypto
896 1786 1151 1841 Dominus
1179 1802 1236 1842 se
1261 1788 1477 1857 quidem
1523 1787 1786 1841 innotuit:
1819 1786 1911 1841 sed

318 1886 502 1933 tamen
534 1877 615 1932 eis
639 1876 1024 1932 sacrificiorum
1076 1893 1228 1932 usum
1248 1919 1262 1942 ,
1288 1892 1447 1947 quem
1499 1876 1716 1933 diabolo
1767 1878 1907 1932 sole-

310 1968 451 2023 bant
481 1968 763 2035 exhibere,
798 1968 848 2021 in
874 1967 1022 2023 cultu
1052 1969 1270 2038 proprio
1300 1970 1592 2024 reservavit
1617 2010 1632 2038 ,
1666 1978 1722 2023 ut
1750 1971 1826 2025 eis
1858 1970 1908 2024 in

312 2072 419 2111 suo
450 2056 720 2112 sacrificio
743 2056 993 2111 animalia
1022 2058 1301 2113 immolare
1330 2058 1646 2129 praeciperet
1672 2077 1688 2115 :
1718 2070 1909 2129 quate—

312 2164 420 2204 nus
473 2163 573 2203 cor
623 2156 897 2204 mutantes
952 2148 1095 2202 aliud
1149 2150 1216 2204 de
1267 2150 1532 2205 sacrificio
1578 2152 1906 2217 amitterent,

312 2234 461 2291 aliud
483 2236 810 2303 retinerent,
846 2245 903 2291 ut
927 2238 1028 2292 etsi
1054 2238 1167 2307 ipsa
1196 2248 1378 2294 essent
1406 2241 1655 2294 animalia
1686 2258 1802 2312 quae
1832 2245 1911 2297 ol-

313 2328 460 2382 ferre
482 2338 899 2395 consueverant,
933 2345 1062 2385 vero
1095 2339 1270 2384 tamen
1297 2332 1405 2386 Deo
1432 2332 1548 2388 haec
1574 2343 1627 2388 et
1659 2351 1764 2389 non
1790 2335 1907 2390 ido-

310 2418 382 2472 lis
410 2418 773 2485 immolantes,
808 2419 918 2488 jam
944 2421 1205 2476 sacrificia
1238 2422 1350 2492 ipsa
1375 2439 1479 2478 non
1532 2434 1735 2479 essent.
1785 2425 1911 2481 [hec

314 2511 483 2579 igitur
512 2511 861 2567 di'ectionem
908 2522 1052 2567 tuam
1078 2514 1333 2583 pnedicto
1364 2514 1511 2569 fratri
1542 2532 1764 2573 necesse
1819 2527 1905 2572 est

313 2600 499 2657 dicere
525 2643 543 2670 ,
592 2610 652 2657 ut
681 2602 796 2671 ipse
853 2603 905 2657 in
937 2604 1185 2673 pra-senti
1216 2604 1321 2659 illic
1350 2606 1558 2674 positus
1613 2608 1911 2676 perpendat

314 2691 551 2760 qualiter
570 2692 751 2746 omnia
791 2693 987 2748 debeat
1015 2694 1349 2763 dispensare.
1389 2695 1528 2749 Deus
1589 2707 1641 2749 te
1696 2697 1906 2751 incolu-

314 2796 461 2836 mem
496 2780 787 2848 custodiat,
834 2782 1177 2838 dilectissime
1209 2784 1300 2837 fili.
1329 2784 1461 2838 Data
1487 2786 1572 2839 die
1602 2789 1789 2856 quinto
1815 2787 1905 2842 dc—

315 2869 461 2923 cimo
477 2867 838 2925 Kalendarum
871 2871 1226 2940 Augustarum
1253 2873 1381 2945 [Αι.,
1414 2872 1718 2944 Juliarumj,
1752 2878 1911 2945 impe-

316 2966 475 3013 rante
492 2958 718 3015 domino
758 2969 944 3015 nostro
973 2960 1228 3017 Mauricio
1260 2962 1475 3018 Tiberio
1532 2964 1769 3033 piissimo
1814 2982 1908 3019 au-

312 3058 502 3119 gusto,
533 3065 678 3107 anno
700 3067 848 3107 nono
873 3052 1108 3116 decimo,
1138 3063 1261 3125 post
1290 3056 1627 3110 consubtum
1668 3056 1905 3125 ejusdem

314 3139 529 3197 domini
554 3156 702 3199 anno
731 3151 929 3200 octavo
958 3144 1189 3213 decimo,
1208 3146 1498 3203 indictione
1518 3156 1728 3216 quarta.

950 3265 1178 3322 CAPUT
1206 3266 1294 3322 ΙΙΙ.

320 3376 588 3432 litanda
616 3385 845 3449 patrata.
864 3375 1122 3450 Epistola:
1141 3378 1307 3450 sancti
1336 3377 1569 3447 Gregorii
1584 3394 1756 3450 papa’.
1780 3381 1908 3435 Acta

712 3464 822 3501 sunt
856 3447 1151 3502 Britonibus
1182 3448 1512 3503 Christianis.

394 3562 488 3617 28.
527 3562 684 3618 Tunc
713 3570 873 3617 etiam
905 3564 1099 3617 auditis
1151 3571 1230 3617 tot
1257 3572 1471 3631 tamque
1510 3565 1734 3618 assndms
1762 3566 1905 3620 beati

312 3653 602 3721 Augustini
630 3653 919 3716 miraculis,
951 3653 1088 3707 sicut
1122 3654 1360 3721 gaudens
1387 3654 1439 3707 in
1468 3652 1676 3707 laudem
1703 3655 1794 3709 Dei
1822 3672 1908 3709 ea-

313 3744 576 3809 clamitat,
606 3744 679 3797 ita
702 3744 895 3799 timens
918 3744 1162 3798 humanae
1192 3744 1543 3799 imbecillitati
1585 3761 1653 3800 ne
1683 3746 1906 3801 insoles-

318 3842 433 3901 cat,
465 3834 567 3889 bac
614 3834 764 3889 illum
815 3835 1043 3904 epistola
1085 3844 1411 3905 attemperat
1441 3836 1580 3905 (Lib.
1614 3853 1686 3901 ix,
1731 3836 1900 3907 Epist.

309 3924 435 3994 58):
488 3923 675 3980 Gloria
705 3925 757 3980 in
779 3925 1006 3981 excelsis
1036 3925 1168 3991 Deo,
1200 3934 1250 3979 et
1278 3926 1330 3979 in
1363 3936 1503 3981 terra
1538 3943 1642 3996 pax
1671 3928 1902 3981 homini-

312 4014 415 4069 bus
444 4014 601 4069 boua:
632 4016 949 4081 voluntatis,
974 4015 1097 4085 quia
1128 4029 1354 4085 granum
1400 4015 1652 4071 frumenti
1702 4016 1903 4072 cadens

310 4105 368 4159 in
399 4113 542 4160 terra
574 4114 846 4161 mortuum
877 4117 980 4176 est,
1030 4123 1097 4162 ne
1125 4108 1299 4162 solum
1346 4116 1595 4178 regnaret
1642 4110 1693 4163 in
1739 4109 1901 4177 etelo,

308 4195 472 4264 cujus
519 4204 704 4251 morte
731 4197 994 4261 vivimus,
1025 4197 1177 4266 cujus
1223 4196 1532 4252 infirmitate
1561 4197 1899 4264 roborantur,

307 4286 469 4355 cujus
491 4287 746 4355 passione
792 4301 822 4340 a
852 4288 1108 4357 passione
1152 4288 1473 4354 eximimur,
1513 4288 1664 4357 cujus
1719 4304 1901 4343 amore

311 4376 370 4429 in
399 4374 677 4431 Britannia
729 4376 926 4433 fratres
978 4378 1271 4447 quaerimus
1308 4394 1444 4447 quos
1496 4380 1896 4447 ignorabamus,

306 4465 468 4535 cujus
489 4481 717 4524 munere
765 4483 901 4539 quos
929 4471 1231 4525 nescientes
1258 4470 1629 4539 qumrebamus
1654 4511 1668 4536 ,
1694 4472 1899 4526 inveni-

308 4573 451 4614 mus.
483 4557 617 4626 Quis
637 4568 818 4615 autem
846 4574 1067 4616 narrare
1090 4560 1321 4616 sufﬁciat
1355 4571 1554 4630 quanta
1587 4561 1672 4616 hic
1714 4562 1893 4616 laetitia

2011 455 2135 509 dum
2164 457 2494 523 ostenderet,
2529 475 2639 513 non
2662 462 2922 531 sapientia
2954 464 3252 530 hominum,
3283 468 3375 522 sed
3405 484 3499 524 sua
3530 488 3591 527 se

2016 548 2212 600 virtute
2280 558 2629 613 convertere,
2687 553 3067 619 pnedicatores
3140 570 3297 620 suos,
3327 572 3465 627 quos
3536 561 3587 614 in

2013 636 2272 689 mundum
2302 637 2468 700 misit,
2497 638 2616 692 sine
2664 640 2858 695 litteris
2879 641 3068 710 elegit;
3098 643 3209 697 han:
3237 646 3402 698 etiam
3430 649 3593 700 modo

2015 723 2237 790 iaciens,
2265 724 2391 792 quia
2420 726 2474 780 in
2504 726 2798 795 Anglorum
2827 738 2988 796 gente
3032 732 3185 786 fortia
3232 734 3482 801 dignatus
3509 745 3597 793 est

2016 828 2112 881 ιιι-τ
2142 813 2382 873 infirmos
2420 817 2652 885 operari.
2681 816 2786 871 Sed
2812 819 2865 871 in
2887 818 2990 873 isto
3017 820 3161 876 dono
3203 824 3407 879 ctelesti
3435 866 3451 889 ,
3485 825 3596 881 fra-

2020 913 2100 958 ter
2123 905 2457 971 cbarissime,
2492 907 2633 975 quod
2663 923 2785 962 cum
2834 922 3027 976 magno
3074 912 3267 979 gaudio
3306 916 3595 971 vehemen-

2019 996 2222 1051 tissime
2250 996 2443 1053 debeat
2470 996 2741 1052 formidari
2764 1001 2818 1053 ".
2848 998 2972 1054 Scio
2991 1003 3133 1056 enim
3160 1004 3305 1071 quod
3342 1008 3593 1077 onmipo-

2021 1098 2140 1143 lens
2193 1090 2339 1145 Dens
2387 1106 2481 1157 per
2529 1091 2878 1145 dilectionem
2908 1101 3053 1147 tuam
3108 1094 3157 1149 in
3207 1106 3389 1165 gente,
3434 1115 3593 1167 quam

2018 1180 2141 1249 eligi
2166 1182 2353 1246 voluit,
2386 1197 2577 1252 magna
2614 1184 2873 1237 miracula
2900 1185 3162 1240 ostendit:
3188 1188 3330 1242 unde
3369 1205 3592 1245 necesse

2018 1283 2201 1339 est,ut
2222 1274 2288 1328 de
2318 1274 2509 1330 eodem
2535 1275 2677 1330 dono
2727 1276 2930 1331 coalesti
2957 1287 3015 1331 et
3054 1279 3290 1333 timendo
3336 1281 3592 1348 gaudeas,

2018 1372 2069 1417 et
2097 1364 2382 1432 gaudendo
2435 1367 2823 1435 pertimescas:
2874 1367 3105 1432 gaudeas
3150 1369 3419 1434 videlicet,
3470 1372 3594 1440 quia

2019 1454 2312 1523 Anglorum
2343 1456 2533 1510 animze
2560 1473 2657 1527 per
2684 1458 2955 1512 exteriora
2987 1459 3243 1513 miracula
3269 1460 3336 1513 ad
3364 1460 3596 1515 interio-

2025 1561 2135 1599 iem
2165 1545 2393 1613 gratiam
2422 1548 2847 1615 pertrahuntur;
2874 1550 3222 1617 pertimescas
3250 1564 3398 1613 vero,
3422 1567 3489 1606 ne
3519 1553 3598 1606 in-

2024 1648 2105 1692 ter
2132 1638 2280 1706 signa
2308 1653 2426 1708 qua:
2449 1640 2603 1706 fiunt,
2627 1639 2866 1696 infirmus
2887 1643 3094 1696 animus
3114 1642 3163 1697 in
3190 1644 3272 1697 sui
3302 1658 3598 1715 praesump-

2023 1729 2222 1782 tionem
2253 1744 2313 1783 se
2343 1730 2514 1795 levet,
2545 1739 2599 1785 ιι
2629 1733 2770 1786 unde
2797 1730 2926 1786 foris
2961 1734 3013 1787 in
3065 1733 3270 1789 honore
3300 1735 3594 1800 extollitur,

1948 1840 1987 1899 υ
2025 1819 2146 1873 inde
2179 1836 2273 1887 per
2302 1820 2511 1875 inanem
2538 1821 2767 1889 gloriam
2794 1822 2935 1876 intus
2957 1823 3132 1878 cadat.
3169 1823 3473 1879 Meminisse
3514 1835 3597 1879 et-

2018 1909 2162 1963 enim
2194 1908 2453 1964 debemus
2473 1910 2616 1980 quod
2638 1912 2881 1981 discipuli
2911 1928 3030 1968 cum
3060 1914 3253 1982 gaudio
3284 1930 3313 1968 a
3345 1915 3599 1986 praedica-

2016 2001 2161 2055 tinne
2187 2000 2494 2065 redeuntes.
2524 2020 2645 2058 cum
2668 2006 2872 2061 cmlcsti
2901 2005 3153 2076 Magistro
3180 2007 3456 2062 dicerent:
3489 2007 3595 2063 Do-

2013 2094 2180 2159 mine,
2228 2094 2392 2149 etiam
2420 2095 2470 2149 in
2498 2103 2591 2151 tuo
2620 2096 2837 2151 nomine
2864 2097 3129 2152 dmmoaia
3160 2097 3323 2153 Nobis
3350 2096 3593 2166 subjecta

2013 2194 2169 2250 sunt;
2205 2186 2448 2253 protinus
2477 2186 2787 2240 audierunt:
2818 2186 2992 2242 Nolite
3020 2186 3253 2257 gaudere
3272 2202 3433 2256 super
3462 2188 3590 2252 hoc,

2014 2275 2106 2329 sed
2139 2275 2317 2343 potius
2343 2276 2573 2342 gaudete
2602 2276 2728 2345 quia
2760 2276 2977 2331 nomina
3008 2287 3183 2333 vestra
3214 2279 3411 2348 scripta
3464 2287 3595 2333 sunt

2013 2367 2065 2420 in
2097 2367 2233 2421 caelo
2266 2365 2413 2436 (Luc.
2450 2384 2501 2430 χ,
2536 2367 2649 2439 17).
2681 2368 2738 2423 ln
2761 2370 2967 2438 privata
3008 2372 3207 2426 etenim
3237 2381 3291 2425 et
3310 2372 3592 2441 temporali

2013 2459 2198 2513 laetitia
2227 2466 2460 2513 mentem
2494 2469 2806 2529 posuerant,
2846 2462 2936 2530 qui
2964 2462 3033 2516 de
3081 2462 3351 2517 miraculis
3389 2463 3595 2532 gaude-

2010 2548 2171 2602 bant:
2196 2551 2289 2605 sel
2318 2550 2383 2603 de
2409 2551 2615 2619 privata
2641 2550 2707 2604 ad
2728 2554 3090 2618 communem,
3122 2553 3191 2606 de
3218 2553 3502 2623 temporali
3526 2555 3592 2608 ad

2009 2650 2264 2695 :eternam
2296 2641 2536 2695 ltetitiam
2576 2653 2919 2708 revocantur,
2953 2644 3145 2713 quibus
3160 2643 3381 2699 dicitur:
3407 2644 3463 2699 In
3493 2646 3596 2701 hoc

2009 2732 2255 2800 gaudete,
2286 2732 2409 2800 quia
2432 2734 2647 2787 nomina
2661 2742 2835 2788 vestra
2858 2734 3055 2804 scripta
3072 2745 3195 2790 sunt
3222 2735 3274 2789 in
3297 2736 3456 2792 cwlo.
3481 2737 3598 2793 Non

2010 2823 2150 2877 enim
2179 2823 2335 2877 electi
2361 2838 2549 2879 omnes
2572 2824 2827 2879 tniracula
2854 2825 3069 2891 faciunt,
3092 2828 3183 2881 sed
3208 2835 3383 2882 tamen
3408 2844 3593 2884 eorum

2010 2914 2224 2968 nomina
2256 2914 2305 2967 in
2339 2914 2476 2969 caelo
2523 2922 2775 2969 tenentur
2805 2915 3092 2985 adscripta.
3146 2916 3397 2971 Veritatis
3447 2918 3591 2973 enim

2009 3004 2282 3073 discipulis
2310 3021 2427 3060 esse
2448 3006 2703 3074 gaudium
2735 3022 2839 3060 non
2870 3007 3050 3072 debet,
3083 3008 3183 3062 nisi
3232 3009 3300 3061 de
3343 3025 3410 3063 eo
3449 3011 3591 3065 bono

2008 3097 2149 3165 quod
2173 3112 2457 3151 commune
2483 3112 2604 3151 eum
2633 3099 2881 3151 omnibus
2911 3097 3129 3163 habent,
3151 3109 3205 3153 et
3227 3098 3278 3152 in
3300 3114 3406 3166 quo
3436 3099 3592 3153 linem

2016 3186 2211 3240 laetitia:
2245 3201 2349 3241 non
2382 3186 2600 3242 habent.
2628 3185 2815 3241 Restat
2842 3186 3053 3256 itaque,
3079 3186 3240 3241 frater
3259 3187 3591 3253 charissime,

2014 3288 2073 3332 ut
2093 3279 2230 3333 inter
2259 3294 2346 3346 ea,
2369 3292 2488 3347 qum
2514 3286 2773 3348 operante
2796 3277 2906 3333 Deo
2925 3280 3162 3334 exterius
3190 3278 3342 3347 facis,
3380 3296 3594 3350 semper

2013 3379 2066 3426 te
2094 3369 2318 3424 interius
2347 3369 2616 3424 subtiliter
2657 3368 2870 3437 judices
2919 3383 2983 3424 ac
3010 3369 3272 3424 subtiliter
3304 3371 3432 3424 intel
3457 3372 3590 3440 igas,

2011 3472 2061 3515 et
2090 3461 2433 3529 temetipsum
2461 3460 2549 3530 qui
2570 3459 2675 3527 sis,
2704 3467 2760 3512 et
2785 3467 2985 3527 quanta
3029 3459 3080 3514 in
3105 3459 3289 3513 eadem
3319 3468 3479 3529 gente
3523 3460 3593 3517 sit

2010 3553 2201 3622 gratia,
2236 3568 2330 3622 pro
2350 3551 2501 3620 cujus
2530 3550 2881 3605 conversione
2922 3550 3082 3603 etiam
3134 3550 3493 3605 faciendorum
3521 3550 3593 3605 si-

2010 3658 2234 3713 gnorum
2279 3641 2418 3695 dona
2471 3640 2777 3710 percipisti.
2827 3639 2893 3694 Et
2934 3641 2976 3694 si
3005 3642 3218 3709 quando
3254 3650 3305 3696 te
3349 3642 3590 3697 Creatori

2010 3745 2196 3792 nostro
2228 3749 2322 3789 seu
2356 3748 2452 3803 per
2490 3733 2726 3799 linguam
2774 3748 2868 3785 seu
2902 3746 2995 3799 per
3040 3747 3204 3801 opera
3234 3734 3592 3788 reminisceris

2008 3826 2314 3894 deliquisse,
2370 3838 2582 3894 semper
2612 3824 2725 3878 inec
2778 3825 2845 3878 ad
2891 3823 3202 3877 memoriam
3250 3839 3489 3890 revoces,
3532 3834 3590 3879 ut

2007 3926 2312 3984 surgentem
2343 3915 2522 3969 cordis
2575 3914 2799 3982 gloriam
2836 3912 3095 3967 memoria
3122 3920 3305 3969 reatus
3355 3926 3584 3983 premat,

2007 4017 2055 4061 et
2070 4005 2329 4075 quidquid
2350 4005 2415 4059 de
2437 4004 2693 4060 faciendis
2721 4020 2748 4060 s
2768 4005 2885 4073 guis
2911 4005 3181 4074 acceperis
3206 4004 3289 4060 vel
3310 4006 3585 4075 accepisti,

2006 4099 2121 4153 inec
2146 4114 2251 4153 non
2278 4082 2381 4152 tibi
2402 4135 2416 4159 ,
2448 4095 2539 4151 sed
2586 4096 2690 4151 illis
2718 4096 2943 4166 deputes
2984 4095 3202 4162 donata,
3226 4113 3325 4168 pro
3357 4113 3587 4166 qnerum

2006 4189 2100 4243 tibi
2132 4189 2303 4245 salute
2328 4189 2522 4243 collata
2547 4196 2688 4244 sunt.
2719 4186 2961 4242 Occurrit
2984 4195 3163 4241 autem
3177 4186 3339 4242 menti
3362 4188 3458 4241 ista
3488 4203 3587 4243 co-

2005 4281 2216 4351 gitanti,
2245 4279 2391 4349 quod
2435 4278 2501 4333 de
2550 4295 2656 4333 uno
2688 4279 2780 4334 Dei
2830 4278 3028 4333 famulo
3071 4286 3248 4333 actum
3304 4277 3374 4332 sit
3422 4279 3587 4334 etiam

2004 4373 2216 4442 egregie
2254 4372 2452 4426 electo.
2483 4369 2643 4425 Certe
2692 4369 2818 4423 dum
2870 4368 3082 4437 Moyses
3110 4368 3203 4423 Dei
3232 4369 3487 4438 populum
3516 4384 3585 4425 ex

2005 4463 2239 4535 Aigypto
2270 4464 2542 4527 educeret,
2576 4463 2708 4515 mira
2742 4461 2905 4531 [sicut
2950 4469 3037 4514 tua
3076 4460 3386 4515 fraternitas
3416 4463 3585 4533 novit]

2007 4559 2156 4626 signa
2185 4556 2237 4610 in
2260 4554 2497 4625 IEgypto
2519 4563 2770 4622 operatus
2794 4561 2892 4606 est.
2923 4552 2978 4604 ιιι
3003 4551 3126 4605 Sina
3150 4561 3334 4608 monte
3354 4555 3585 4622 quadra-

306 4650 367 4704 in
393 4622 637 4706 omnium
683 4653 850 4708 corde
890 4652 1121 4707 fidelium
1153 4655 1310 4708 fuerit
1349 4622 1533 4708 exorta
1573 4654 1719 4722 quod
1766 4668 1896 4723 gens
1926 4622 1976 4680 D
2000 4622 2141 4721 ginta
2161 4622 2429 4703 diebus,
2460 4644 3324 4715 noc1ibusjvjuuanslegistabulas
3344 4646 3584 4714 accepit;

310 4740 606 4811 Anglorum
626 4781 641 4806 ,
675 4754 935 4812 operante
979 4745 1369 4815 Omnipotentis
1397 4747 1567 4815 gratia
1597 4758 1648 4800 et
1681 4758 1767 4800 tua
1796 4748 1900 4801 fra-

308 4832 571 4887 ternitate
596 4832 906 4902 laborante,
936 4835 1173 4905 expulsis
1202 4852 1447 4892 errorum
1480 4837 1711 4893 tenebris
1739 4846 1898 4894 tanta:

310 4917 436 4976 ﬁdei
472 4922 595 4979 luce
624 4924 839 4995 perfusa
867 4935 984 4993 est,
1009 4904 1155 4997 qdod
1182 4938 1364 4984 mente
1409 4933 1750 5003 integerrima
1786 4932 1896 5001 jam

310 5009 491 5067 calcat
517 5013 683 5081 idola,
706 5017 901 5087 quibus
932 5018 1078 5086 prius
1106 5035 1304 5075 vesano
1332 5021 1525 5075 timore
1548 5023 1897 5091 subjacebat;

306 5101 456 5169 quod
482 5104 839 5175 omnipotenti
857 5106 968 5163 Deo
996 5123 1131 5179 puro
1160 5111 1321 5165 corde
1341 5112 1724 5179 substernitur;
1754 5116 1899 5184 quod

307 5194 512 5263 aptavi
544 5198 724 5267 operis
751 5197 987 5269 lap-ibus
1038 5209 1239 5257 sanctae
1279 5205 1671 5272 przedicationis
1715 5207 1897 5275 regula

311 5287 543 5355 ligatur;
570 5290 714 5358 quod
737 5293 1021 5362 praeceptis
1050 5293 1245 5349 divinis
1272 5296 1452 5350 animo
1474 5296 1714 5365 subjacet
1734 5306 1789 5351 et
1813 5298 1895 5352 in-

313 5379 532 5435 tellectu
560 5381 903 5449 sublevatur;
933 5386 1077 5454 quod
1103 5401 1271 5454 usque
1295 5388 1359 5441 ad
1389 5397 1585 5441 terram
1616 5404 1674 5442 se
1702 5389 1752 5442 in
1776 5404 1898 5443 ora-

313 5470 464 5525 tione
492 5471 756 5539 humiliat,
786 5488 856 5528 ne
885 5484 1063 5529 mente
1089 5474 1268 5544 jaceat
1298 5477 1352 5530 in
1396 5488 1565 5541 terra;
1598 5477 1752 5546 cujus
1798 5477 1901 5531 huc

308 5578 446 5632 opus
488 5573 573 5617 est
595 5564 695 5618 nisi
724 5579 842 5633 ejus
869 5567 958 5634 qui
987 5568 1092 5620 ait:
1126 5568 1286 5622 Pater
1313 5584 1465 5623 meus
1519 5584 1688 5638 usque
1733 5568 1894 5623 modo

311 5663 566 5719 operatur
592 5666 647 5710 et
668 5672 771 5725 ego
818 5673 1014 5725 operor
1030 5659 1206 5718 (Idan.
1240 5677 1313 5725 ιιι,
1342 5662 1469 5733 l7)?
1520 5662 1619 5729 Qui
1648 5670 1703 5717 ut
1730 5676 1888 5717 uiuu-

380 5766 401 5791 ⁶
441 5768 651 5840 Aliquid
676 5771 864 5829 deesse
893 5773 1121 5828 videtur.
1156 5772 1309 5829 Ευιτ.

2002 4743 2140 4796 inter
2160 4754 2414 4794 coruscos
2443 4738 2709 4793 tonitruos
2751 4735 2880 4805 [Αιη
2912 4744 2967 4791 et
2996 4733 3270 4805 tonitrua],
3302 4735 3585 4804 pertimes-

2001 4840 2156 4887 cente
2184 4831 2329 4885 onmi
2366 4829 2595 4900 populo,
2627 4828 3010 4897 omnipotentis
3032 4826 3125 4880 Dei
3152 4826 3368 4881 servitio
3398 4826 3543 4880 solus
3564 4867 3580 4891 ,

2000 4924 2250 4979 familiari
2280 4924 2441 4979 etiam
2470 4923 2833 4979 collocutione
2858 4919 3176 4988 conjunctus
3199 4928 3312 4982 est;
3341 4918 3576 4973 Rubrum

2003 5031 2154 5071 mare
2181 5016 2410 5086 aperuit,
2442 5015 2494 5069 in
2522 5014 2714 5069 itinere
2742 5013 2933 5068 ducem
2964 5011 3151 5066 habuit
3189 5012 3343 5065 nubis
3374 5010 3581 5064 colum-

2001 5123 2145 5171 nam,
2178 5107 2432 5162 esurienti
2458 5106 2656 5176 populo
2677 5120 2883 5169 manna,
2902 5103 2967 5158 de
2997 5104 3134 5159 cmlo
3159 5102 3435 5172 deposuit,
3460 5115 3580 5155 car-

2003 5215 2096 5254 nes
2125 5198 2548 5254 desiderantibus
2580 5210 2750 5265 usque
2795 5194 2862 5248 ad
2903 5194 3209 5248 satietatem
3264 5191 3479 5244 nimiam
3530 5190 3580 5243 in

2002 5305 2184 5346 eremo
2215 5304 2309 5360 per
2337 5287 2647 5343 miraculum
2680 5285 3002 5341 ministravit
3043 5302 3055 5337 :
3098 5283 3190 5337 sed
3217 5298 3337 5338 cum
3365 5280 3476 5349 jam
3505 5279 3580 5333 si-

2002 5383 2069 5438 tis
2096 5388 2337 5453 tempore
2363 5380 2428 5435 ad
2461 5388 2665 5450 petram
2706 5388 2923 5434 ventum
2982 5378 3187 5443 luisset,
3235 5374 3440 5428 diﬂisus
3464 5380 3579 5437 est;

2004 5487 2169 5543 seque
2198 5471 2265 5525 de
2319 5470 2503 5526 eadem
2559 5486 2750 5541 aquam
2782 5468 3013 5524 educere
3068 5480 3225 5537 posse
3279 5462 3580 5527 dubitavit,

2002 5576 2162 5630 quam
2189 5562 2410 5631 juheute
2440 5561 2665 5615 Domino
2696 5562 2856 5628 largis
2899 5559 3080 5626 utique
3111 5555 3321 5609 fluentis
3346 5555 3580 5625 aperuit.

1999 5657 2206 5725 Quanta
2236 5666 2411 5713 autem
2432 5666 2552 5727 post
2577 5655 2687 5712 lucc
2716 5670 2809 5726 per
2833 5653 3044 5720 triginta
3082 5657 3137 5704 et
3178 5658 3301 5706 octo
3330 5665 3499 5706 annos
3526 5647 3579 5703 iu
