4032 6186
355 313 415 368 7‘l
1135 300 1441 358 SANCTUS
1481 294 1915 354 AUGUSTINUS
1955 289 2331 348 ANCLORUM
2375 285 2793 345 APOSTOLUS.
3540 285 3614 342 Η

351 431 566 489 deserto
593 423 801 485 fecerit,
828 419 946 490 quis
966 431 1304 483 enumerare,
1332 413 1450 484 quis
1479 412 1799 478 investigare
1824 406 1932 466 suf-
1962 408 2005 466 Α
2038 405 2215 473 igitur,
2245 402 2490 458 dicamus
2519 415 2706 454 omnes
2733 416 2747 452 :
2771 396 2955 452 Gloria
2994 395 3048 452 in
3075 395 3306 452 excelsis
3339 395 3450 453 Deo
3475 407 3530 454 et
3557 400 3613 456 in

341 523 532 578 'liciat?
569 518 791 586 Quoties
827 529 916 569 res
943 511 1104 567 dubia
1134 510 1370 563 animum
1401 506 1668 575 pulsasset
1693 545 1709 571 ,
1741 518 1930 558 recur-

355 629 479 670 rens
516 611 579 665 ad
609 606 1010 663 tabernaculum
1041 609 1252 656 secreto
1279 599 1561 654 Dominum
1584 595 1929 666 requirebat,

2037 505 2182 552 terra
2212 511 2317 566 pax
2349 493 2657 548 hominibus
2686 491 2840 546 home
2868 489 3180 544 voluntatis.

2103 586 2194 642 ‘29.
2237 585 2395 655 [legis
2447 599 2664 653 quoque
2716 581 3038 636 IEihclberti
3095 581 3249 635 alma:
3297 580 3418 635 fidei
3473 579 3614 636 idem

355 714 516 774 atque
544 701 612 755 de
640 716 703 755 ca
733 698 972 768 protinus
995 695 1104 748 Deo
1127 693 1380 762 loquente
1393 689 1706 744 docebatur.
1737 685 1934 740 Iratum
2034 692 2172 774 papa
2193 676 2560 774 con-gaudens,
2582 673 2688 728 hoc
2709 672 2896 774 ordine
2924 688 3044 774 cum
3070 671 3168 742 piis
3193 672 3365 726 xeniis
3385 671 3623 774 scripsit.

357 796 640 850 Dominum
672 790 870 862 populo
892 787 1139 861 placabat
1165 799 1276 839 sua:
1296 782 1468 854 precis
1503 779 1934 842 interventione;

355 897 632 955 surgentes
657 884 708 937 in
730 880 977 950 superbia
1017 875 1258 944 atquein
1304 873 1573 929 discordia
1621 869 1938 926 dissidentes

356 950 682 1033 dehiscentis
708 982 864 1028 terrae
911 969 1132 1041 (hiatus)
1163 966 1516 1030 absorbebat,
1547 963 1788 1018 victoriis
1815 950 1956 1032 pre-K

357 1073 538 1126 mehat
566 1068 770 1132 hostes,
791 1065 942 1131 signa
963 1060 1293 1116 monstrabat
1317 1058 1520 1112 civibus
1539 1073 1553 1109 :
1573 1049 1808 1111 sed'cum
1827 1052 1938 1122 jam

358 1165 424 1218 ad
446 1157 879 1232 repromissionis
919 1165 1114 1210 terram
1146 1153 1334 1207 fuisset
1363 1159 1610 1214 ventum,
1632 1157 1859 1204 vocatus
1886 1149 1940 1204 in

359 1262 598 1310 montem
621 1259 723 1310 est,
753 1257 806 1302 et
835 1262 995 1316 quam
1041 1244 1255 1313 culpam
1287 1251 1414 1296 ante
1467 1241 1684 1310 triginta
1715 1247 1770 1293 et
1815 1246 1942 1293 octo

360 1359 532 1398 annos
557 1348 636 1409 (ut
664 1337 796 1409 dixi)
851 1334 1076 1399 fecerat,
1123 1332 1348 1397 audivit,
1379 1331 1505 1399 quia
1550 1331 1618 1385 de
1664 1329 1942 1384 educenda

363 1450 498 1503 aqua
528 1430 826 1490 dubitavit;
861 1436 914 1482 ct
943 1434 1164 1496 propter
1193 1424 1316 1486 hoc,
1361 1423 1484 1492 quia
1523 1431 1719 1476 terram
1758 1436 1947 1492 repro-

362 1524 632 1580 missionis
656 1523 856 1576 intrare
887 1535 993 1573 non
1022 1525 1223 1587 posset,
1252 1515 1489 1584 agnovit.
1519 1514 1632 1580 Qua
1665 1515 1716 1568 in
1739 1530 1799 1568 re
1814 1529 1947 1568 con-

363 1613 708 1670 siderandum
734 1611 1016 1675 nobisest,
1045 1624 1207 1678 quam
1257 1607 1550 1662 timemlum
1591 1607 1660 1660 sit
1700 1607 1948 1676 omnipo-

364 1706 528 1761 tentis
557 1705 646 1757 Dei
673 1702 954 1771 judieiuin,
978 1699 1068 1768 qui
1102 1713 1200 1768 per
1228 1698 1372 1752 illum
1405 1697 1661 1751 famulum
1691 1706 1770 1751 tot
1794 1698 1947 1764 signa

2038 769 2266 839 Propter
2290 768 2393 823 hoc
2418 767 2758 836 omnipotens
2787 764 2927 818 Deus
2956 765 3129 818 bonos
3153 777 3403 834 quosque
3431 763 3496 818 ad
3528 778 3624 832 po-

2038 851 2288 931 pulorum
2343 857 2598 925 regimina
2644 854 2886 926 perducit
2916 893 2932 918 ,
2965 863 3024 908 ut
3065 869 3150 922 pci
3205 867 3301 907 eos
3337 853 3623 918 omnibus,

2038 952 2231 1020 quibus
2279 948 2482 1020 praelati
2511 947 2747 1013 fuerint,
2779 946 2921 1001 dona
2943 961 3060 1002 suae
3089 944 3303 1012 pietatis
3330 944 3624 1014 impendat.

2040 1042 2197 1108 Quod
2243 1042 2298 1096 in
2340 1040 2630 1108 Anglorum
2673 1047 2835 1108 gente
2883 1038 3235 1102 cognovimus
3266 1038 3463 1092 fartum
3491 1080 3508 1106 ,
3541 1039 3629 1093 cui

2041 1144 2219 1192 vestra
2249 1135 2416 1203 gloria
2450 1133 2650 1188 idcirco
2671 1141 2753 1187 est
2781 1131 3067 1202 prmposita
3089 1171 3103 1194 ,
3138 1140 3195 1185 ut
3222 1147 3318 1200 per
3345 1131 3483 1185 bona
3511 1145 3629 1200 qua:

2041 1228 2196 1282 vobis
2218 1241 2476 1282 concessa
2515 1214 2676 1290 sunt,
2709 1225 2872 1279 etiam
2904 1223 3156 1292 ειιιιῇιδςιω
3184 1223 3336 1276 vobis
3363 1223 3508 1291 genti
3537 1237 3631 1276 su-

2043 1333 2210 1390 perna
2239 1317 2500 1372 beneﬁcia
2525 1322 2930 1387 praestarentur.
2963 1314 3032 1367 Et
3063 1314 3182 1369 ideo
3207 1355 3220 1379 ,
3263 1314 3494 1382 gloriose
3525 1313 3633 1380 illi,

2045 1425 2164 1464 eam
2193 1423 2355 1478 quam
2385 1407 2640 1476 accepisti
2671 1407 2923 1460 divinitus
2954 1407 3178 1473 gratiam
3203 1405 3430 1459 sollicita
3457 1413 3636 1459 mente

2045 1503 2258 1558 custodi
2287 1543 2302 1566 ,
2340 1501 2697 1556 Christianam
2751 1499 2909 1554 iidem
2956 1498 3008 1552 in
3039 1496 3254 1567 pupulis
3285 1494 3379 1549 tibi
3411 1494 3636 1550 subditis

2049 1592 2340 1649 extendere
2382 1591 2572 1645 festina
2592 1631 2607 1655 ,
2642 1589 2816 1644 zelum
2865 1587 3203 1642 rectitudinis
3234 1596 3336 1640 tuze
3366 1587 3418 1641 in
3449 1602 3636 1642 eorum

2049 1683 2408 1739 conversione
2447 1682 2739 1752 multiplica
2767 1722 2783 1748 ,
2820 1679 3082 1734 idolorum
3113 1679 3285 1734 cultus
3317 1679 3596 1747 insequere
3619 1719 3638 1748 ,

367 1795 616 1856 faciebat,
649 1769 801 1860 cujus
847 1791 1060 1858 culpam
1122 1799 1227 1842 tam
1272 1789 1433 1856 longo
1488 1795 1732 1858 tempore
1771 1788 1948 1842 adhuc
1984 1787 2022 1842 Β
2052 1772 2296 1828 fanorum
2313 1770 2538 1827 acdiﬁcia
2563 1781 2745 1830 everte
2773 1769 3143 1836 ;subditorum
3169 1783 3348 1823 mores
3371 1769 3422 1822 in
3446 1782 3638 1837 magna

368 1885 623 1940 servabat
643 1883 694 1937 in
725 1881 1074 1949 cogitatione.
1108 1877 1163 1932 Si
1196 1878 1375 1947 igitur,
1405 1876 1572 1932 frater
1611 1879 1944 1943 charissime,

368 1984 423 2028 et
449 1975 597 2028 illum
648 1971 988 2040 agnoscimus
1026 1977 1146 2038 po.~t
1169 1969 1318 2036 signa
1347 1984 1443 2038 pro
1472 1969 1629 2039 culpa
1655 1979 1947 2038 mortuum,

368 2081 528 2135 quem
561 2064 628 2117 ah
665 2061 1048 2131 Omnipotente
1109 2060 1355 2114 novimus
1393 2060 1658 2128 prmcipue
1686 2061 1948 2126 electum;

340 2175 344 2178 ·
371 2172 574 2225 quanto
605 2170 704 2208 nos
730 2153 988 2208 debemus
1033 2161 1178 2206 metu
1204 2151 1654 2218 contremiscere,
1705 2152 1795 2219 qui
1827 2169 1955 2208 nec-

369 2249 498 2301 dum
528 2247 702 2300 adlmc
748 2245 993 2298 novimus
1017 2244 1062 2298 si
1101 2243 1259 2297 electi
1303 2243 1527 2297 sumus?
1578 2242 1652 2297 De
1695 2244 1955 2312 reprobo-

374 2353 492 2392 ru-m
515 2352 645 2391 vero
677 2335 945 2390 miraculis
968 2333 1095 2402 quid
1118 2333 1297 2388 dicere
1321 2333 1515 2400 debeo,
1549 2349 1671 2388 eum
1702 2343 1791 2387 tua
1816 2335 1954 2390 bene

375 2429 681 2482 fraternitas
710 2425 920 2480 noverit
972 2425 1116 2494 quod
1147 2426 1199 2479 in
1229 2423 1519 2492 Evangelia
1561 2423 1771 2480 Veritas
1797 2425 1952 2478 dicit:

377 2521 525 2574 lllulti
559 2521 773 2574 venient
802 2519 853 2572 in
884 2518 971 2573 die
999 2517 1088 2572 illa
1118 2517 1360 2573 dicentes
1409 2517 1562 2584 mihi,
1608 2516 1849 2587 Domine,
1904 2517 1957 2571 in

379 2621 472 2666 tuo
496 2611 714 2666 nomine
737 2610 1193 2678 pmphetavimus,
1244 2618 1301 2664 et
1329 2609 1380 2663 in
1407 2617 1500 2663 tuo
1521 2609 1738 2662 nomine
1765 2609 1961 2663 daemo-

382 2703 468 2754 nia
499 2700 774 2769 ejccim..s,
807 2708 862 2754 et
891 2699 941 2752 in
971 2707 1062 2753 tuo
1113 2700 1330 2754 nomine
1354 2699 1581 2767 virtutes
1611 2700 1806 2754 multas
1827 2698 1957 2754 feci-

381 2807 541 2857 mus;
572 2791 664 2846 sed
690 2789 813 2845 dico
868 2790 972 2844 illis
992 2831 1006 2853 ,
1039 2789 1230 2845 Nescio
1257 2791 1347 2858 qui
1377 2792 1526 2856 estis,
1558 2791 1792 2845 recedite
1819 2806 1848 2844 a
1874 2805 1961 2846 me

380 2904 594 2954 CllllleS,
627 2887 860 2957 operarii
889 2887 1183 2956 iniquitatis
1228 2887 1441 2956 (Matth.
1471 2889 1589 2954 vn).
1620 2887 1789 2942 Valde
1833 2901 1960 2953 ergo

383 2981 709 3050 premendus
754 2988 837 3034 est
898 2982 1107 3035 animus
1136 2980 1275 3034 inter
1318 2981 1467 3048 signa
1494 2990 1550 3036 et
1589 2981 1861 3040 miracula.
1897 2995 1963 3034 ne

384 3072 611 3127 fortasse
649 3073 702 3126 in
734 3072 798 3126 iis
825 3073 1053 3139 gloriam
1083 3074 1355 3143 propriam
1385 3083 1610 3142 quaerat.
1651 3083 1706 3128 et
1754 3074 1961 3143 privato

2050 1864 2174 1919 vita:
2228 1863 2490 1918 munditia
2539 1860 2880 1917 exhortando
2903 1901 2918 1926 ,
2966 1859 3219 1915 terrendo
3244 1902 3260 1926 ,
3286 1859 3638 1924 blandiendo,

2052 1955 2400 2024 corrigvndo,
2425 1963 2482 2009 ct
2501 1954 2626 2009 boni
2657 1953 2834 2023 operis
2856 1952 3102 2021 exempla
3133 1953 3485 2007 monstrando
3507 1951 3639 2004 tedi-

2055 2045 2152 2099 lica
2176 2085 2192 2111 ,
2224 2056 2281 2098 ut
2312 2044 2461 2098 illum
2500 2043 2878 2111 retsibutorem
2920 2039 3160 2094 invenias
3189 2039 3240 2092 in
3273 2039 3413 2094 cmlo
3438 2077 3453 2101 ,
3487 2037 3642 2102 cujus

2055 2151 2251 2189 nomin
2291 2145 2454 2203 atque
2500 2133 2862 2201 cognitionem
2891 2131 3200 2185 dilataveris
3241 2130 3293 2183 in
3331 2139 3494 2185 terra.
3528 2130 3643 2198 Ipse

2055 2226 2197 2280 enim
2229 2235 2418 2280 vestrae
2458 2225 2639 2293 gloriae
2671 2238 2866 2278 nomen
2896 2223 3059 2278 etiam
3101 2223 3329 2291 posteris
3349 2222 3639 2290 gloriosius

2054 2316 2281 2382 reddet,
2324 2315 2474 2383 cujus
2500 2329 2593 2368 vos
2641 2313 2901 2367 honorem
2943 2312 3180 2382 qumritis
3223 2323 3278 2366 et
3327 2311 3558 2366 servatis
3587 2311 3641 2365 in

2057 2407 2324 2476 gentibus.
2357 2403 2447 2458 Sic
2495 2402 2694 2457 etenim
2725 2401 3138 2466 Constantinus,
3168 2401 3436 2469 quondam
3466 2399 3645 2469 piissi-

2060 2516 2178 2554 mus
2205 2501 2515 2569 imperator,
2550 2496 2846 2552 Romanam
2897 2495 3278 2565 rempublicam
3322 2510 3352 2547 a
3380 2494 3645 2564 perversis

2061 2590 2327 2646 idolorum
2357 2588 2584 2642 cultibus
2605 2602 2881 2651 revocans,
2904 2586 3256 2656 omnipotenti
3283 2585 3392 2639 Deo
3420 2583 3645 2638 Domino

2063 2691 2251 2735 nostro
2277 2676 2401 2731 Jesu
2432 2677 2644 2732 Christo
2674 2691 2856 2730 secum
2888 2675 3157 2738 subdidit,
3186 2689 3350 2743 seque
3371 2689 3490 2728 cum
3517 2674 3646 2728 sub-

2058 2768 2216 2839 jertis
2260 2766 2469 2838 populis
2511 2775 2621 2820 tota
2666 2766 2732 2820 ad
2777 2781 2898 2820 eum
2949 2774 3127 2819 mente
3173 2766 3458 2819 convertit.
3493 2763 3648 2819 Unde

2063 2857 2263 2913 factum
2285 2867 2368 2912 est
2415 2868 2472 2911 ut
2510 2857 2851 2925 antiquorum
2875 2850 3173 2927 princ’pum
3205 2871 3396 2910 nomen
3426 2856 3536 2910 suis
3566 2855 3648 2910 vir

2067 2950 2154 3004 ille
2184 2945 2430 3002 laudibus
2468 2947 2706 3001 vinceret
2728 2988 2743 3011 ,
2767 2954 2824 3000 et
2850 2953 3001 3000 tanto
3047 2947 3099 3000 in
3130 2945 3382 3016 opinione
3420 2959 3648 3014 praeces-

2064 3052 2216 3093 sores
2256 3053 2382 3090 suos
2406 3077 2421 3102 ,
2454 3045 2656 3104 quanto
2689 3044 2746 3090 et
2787 3036 2838 3090 in
2870 3035 3014 3090 bono
3043 3050 3207 3104 opere
3257 3043 3550 3104 superaret.
3583 3033 3650 3089 Et

383 3178 496 3217 suae
546 3123 890 3217 exaltationuis
935 3123 1131 3231 gaudio
1187 3123 1444 3218 exsultei.
1475 3123 1780 3231 Per'signa
1992 3157 2036 3218 C
2071 3143 2214 3231 1"“?
2248 3125 2870 3231 “aqlﬁu‘ms‘f‘aﬁ'0m
2914 3126 3274 3231 θθδξῄίίθηίῖἷῃ
3321 3125 3477 3179 “nius
3514 3123 3648 3227 Dei}

387 3253 682 3306 animarum
712 3251 861 3306 lucra
883 3253 1166 3322 quaerenda
1187 3262 1329 3316 sunt,
1357 3262 1411 3307 et
1432 3254 1569 3308 illius
1595 3255 1785 3320 gloria,
1818 3255 1970 3323 cujus

389 3353 586 3406 virtute
615 3352 727 3421 ipsa
749 3351 937 3407 eadem
961 3353 1108 3420 signa
1123 3361 1398 3422 geruntur.
1417 3352 1587 3407 Unum
1603 3371 1732 3409 vero
1761 3356 1969 3421 signum

391 3455 648 3509 Dominus
671 3454 824 3508 nobis
851 3454 1086 3508 ostendit
1117 3497 1132 3521 ,
1157 3454 1224 3509 de
1246 3469 1352 3523 quo
1382 3461 1437 3508 et
1465 3455 1812 3509 vehementer
1835 3469 1971 3524 gau-

392 3547 520 3600 dere
546 3554 602 3600 et
628 3546 906 3602 electionis
937 3547 988 3600 in
1013 3547 1166 3600 nobis
1191 3547 1416 3615 gloriam
1450 3563 1734 3616 possumus
1777 3562 1973 3616 agnos-

393 3654 537 3702 cere,
570 3638 782 3692 dicens:
809 3636 865 3690 In
899 3637 1004 3692 hoc
1032 3638 1231 3692 scietur
1251 3638 1373 3706 quia
1393 3638 1635 3707 discipuli
1683 3639 1786 3692 mei
1821 3640 1971 3707 estis,

395 3730 440 3784 si
471 3729 810 3784 dilectionem
841 3728 1138 3783 habueritis
1185 3728 1252 3782 ad
1279 3729 1504 3784 invicem
1539 3728 1717 3800 (Joun.
1753 3746 1860 3795 χιιι,
1894 3730 1971 3797 5).

397 3822 549 3888 Quod
575 3823 780 3888 signum
812 3823 1073 3891 propheta
1105 3825 1412 3891 requirebat
1436 3839 1554 3878 cum
1601 3823 1838 3879 diceret:
1870 3824 1976 3881 Fac

399 3926 626 3973 mecum,
662 3911 903 3976 Domine,
927 3911 1133 3979 signum
1159 3913 1210 3965 in
1237 3913 1398 3977 bono,
1424 3923 1482 3967 ut
1503 3913 1716 3968 videant
1738 3915 1826 3982 qui
1850 3917 1977 3970 ode-

399 4010 526 4056 runt
555 4016 641 4054 me
667 4013 722 4055 et
746 4001 1139 4056 confundantur
1194 3995 1419 4073 (Psalm.
1453 4021 1649 4069 Lxxxv,
1697 4006 1808 4070 l7).
1853 4004 1980 4063 Hmc

403 4103 583 4148 autem
607 4093 746 4157 dico,
771 4091 893 4162 quia
921 4092 1178 4148 auditoris
1205 4093 1308 4146 mei
1341 4095 1575 4148 animum
1602 4095 1653 4148 in
1681 4094 1982 4151 humilitate

403 4192 647 4238 sternere
676 4182 855 4251 cupio.
880 4179 984 4236 Sed
1018 4181 1129 4252 ipsa
1159 4183 1430 4240 humilitas
1489 4195 1578 4238 tua
1610 4185 1804 4240 habeat
1844 4186 1981 4242 tilu-

405 4279 542 4332 ciam
574 4291 756 4341 suam;
783 4271 906 4329 nam
933 4286 1183 4344 peccator
1220 4290 1320 4345 ego
1349 4277 1646 4332 certissima
1677 4291 1772 4347 spe
1801 4287 1982 4344 teneo,

405 4368 528 4436 quia
557 4383 654 4436 per
680 4368 1065 4438 omnipotentis
1093 4365 1366 4422 Creatoris
1389 4383 1452 4422 ac
1479 4368 1852 4440 Redemptoris
1891 4387 1986 4426 no-

407 4467 503 4521 stri
534 4466 627 4520 Dei
647 4466 998 4522 DominiJcsu
1022 4467 1218 4524 Christi
1242 4469 1614 4538 gratiam,jam
1645 4481 1864 4541 peccata
1894 4480 1983 4526 tua

2071 3216 2245 3272 Patris
2274 3227 2330 3272 et
2369 3216 2483 3284 Filii
2515 3225 2570 3271 et
2599 3215 2830 3287 Spiritus
2868 3216 3035 3269 sancti
3064 3257 3079 3283 ,
3110 3216 3324 3284 regibus
3351 3230 3414 3270 ac
3441 3216 3653 3286 pepu’is

2072 3311 2290 3366 sibimet
2333 3309 2588 3378 subjectis
2635 3308 2851 3363 festinet
2880 3308 3196 3374 infundere;
3231 3319 3289 3362 ut
3316 3317 3371 3362 et
3407 3307 3654 3378 antiquos
3707 3352 3726 3364 .

2072 3400 2246 3470 gentis
2291 3415 2401 3453 sua:
2451 3412 2603 3468 reges
2649 3398 2894 3453 laudibus
2939 3414 3004 3454 ac
3042 3400 3248 3453 meritis
3293 3407 3566 3464 transeat;
3599 3406 3656 3452 et

2073 3500 2274 3561 quanto
2306 3490 2357 3543 in
2387 3488 2639 3556 subjectis
2661 3489 2769 3542 suis
2791 3489 2951 3542 etiam
2974 3489 3147 3544 aliena
3168 3496 3390 3561 peccata
3416 3489 3658 3544 deterse-

2075 3582 2174 3648 rit,
2203 3589 2350 3634 tanto
2375 3589 2537 3634 etiam
2567 3584 2634 3634 de
2675 3579 2911 3649 peccatis
2959 3581 3191 3650 propriis
3239 3588 3364 3634 ante
3407 3580 3656 3650 omnipo-

2076 3672 2238 3726 tentis
2271 3671 2364 3724 Dei
2394 3670 2631 3724 terribile
2661 3685 2891 3724 examen
2913 3671 3156 3725 securior
3177 3671 3289 3724 fiat.
3318 3669 3659 3725 Reverentis-

2077 3761 2244 3816 simus
2265 3771 2443 3814 autem
2470 3759 2632 3813 frater
2658 3767 2842 3813 noster
2871 3759 3198 3827 Augustinus
3217 3799 3234 3823 ,
3257 3759 3308 3812 in
3340 3759 3654 3813 monasterii

2080 3853 2262 3923 regula
2292 3853 2516 3908 edoctus
2543 3893 2558 3917 ,
2590 3866 2756 3906 sacra:
2801 3849 3090 3919 Scriptura:
3133 3850 3356 3904 scientia
3385 3850 3621 3918 repletus
3641 3888 3657 3913 ,

2080 3944 2235 3998 bonis
2265 3952 2488 3998 auctore
2533 3942 2644 3996 Deo
2673 3941 2925 4011 operibus
2971 3940 3224 4009 praeditus
3250 3977 3264 4003 ,
3296 3954 3522 4009 qumque
3568 3955 3664 3992 vos

2083 4035 2339 4091 admonet
2369 4036 2594 4090 libenter
2634 4034 2820 4089 audite
2842 4073 2858 4099 ,
2887 4032 3080 4088 devote
3125 4033 3399 4101 peragite,
3427 4031 3664 4087 studiose

2085 4127 2138 4182 in
2166 4128 2424 4182 memoria
2452 4137 2726 4182 reservate
2752 4145 2763 4179 :
2798 4127 2922 4196 quia
2952 4127 2996 4180 si
3027 4141 3126 4181 vos
3153 4141 3275 4180 eum
3300 4167 3316 4193 ,
3341 4126 3394 4179 in
3427 4140 3494 4180 eo
3518 4124 3663 4194 quod

2086 4233 2187 4289 pro
2216 4217 2579 4286 omnipotenti
2613 4218 2721 4271 Deo
2768 4217 3025 4286 loquitur,
3059 4216 3292 4280 auditis;
3325 4216 3463 4269 idrm
3491 4215 3665 4270 omni-

2088 4318 2280 4379 potens
2327 4308 2467 4362 Deus
2494 4308 2637 4362 hunc
2668 4323 2763 4377 pro
2791 4308 2942 4362 vobis
2978 4316 3221 4361 orantem
3244 4306 3473 4360 celerius
3501 4320 3666 4360 exau‘

2090 4401 2238 4463 diet;
2267 4399 2310 4453 si
2355 4407 2532 4452 autem
2559 4398 2732 4468 (quod
2763 4399 2936 4467 absit)
2969 4397 3130 4451 verba
3160 4398 3277 4464 ejus
3308 4383 3666 4464 postponitis,

2094 4491 2365 4562 quomodo
2409 4506 2533 4546 eum
2563 4491 2905 4560 omnipotens
2947 4489 3086 4543 Deus
3116 4489 3316 4558 peterit
3360 4486 3547 4541 audire
3575 4501 3669 4554 pro

408 4565 625 4619 dimissa
648 4575 792 4619 sunt.
815 4567 874 4620 Et
907 4567 1102 4622 idcirco
1119 4568 1320 4623 electus
1343 4578 1504 4633 cs,.ut
1527 4579 1690 4639 perte
1711 4571 1987 4626 dimittan-
2024 4543 2070 4603 υ
2097 4543 2496 4654 Epig—{quem
2542 4543 2942 4652 vnrsrnegligitis
2979 4543 3166 4636 audire
3211 4596 3308 4650 pro
3355 4579 3506 4635 Deo?
3535 4543 3669 4632 Tota

412 4667 499 4710 tur
528 4656 734 4730 aliena:
792 4671 890 4710 nec
930 4657 1151 4710 habebis
1203 4658 1401 4722 luctum
1449 4659 1514 4714 de
1540 4661 1780 4730 quolibet
1834 4672 1986 4718 reatu

412 4729 784 4815 imposterum,
817 4746 905 4814 qui
929 4746 994 4799 de
1022 4747 1310 4800 multorum
1343 4729 1695 4806 conversione
1733 4754 1982 4820 gaudium

412 4838 626 4892 conaris
665 4839 839 4891 lacere
863 4838 914 4891 in
944 4838 1102 4892 caelo.
1135 4838 1276 4892 Idem
1323 4856 1452 4894 vero
1481 4841 1741 4898 Conditor
1785 4855 1841 4900 et
1884 4846 1990 4902 lle-

415 4929 662 4998 demptor
699 4937 902 4993 noster,
945 4944 1063 4982 cum
1090 4931 1157 4985 de
1185 4931 1497 5000 paenitentia
1539 4935 1771 4991 hominis
1799 4937 1989 5006 loque-

415 5028 585 5087 retur,
619 5021 718 5074 ait:
739 5019 973 5083 lta,dico
988 5021 1163 5087 vobis,
1181 5021 1356 5090 majus
1377 5023 1625 5090 gaudium
1650 5025 1749 5079 erit
1772 5026 1821 5080 in
1852 5027 1992 5083 ccelo

418 5127 582 5182 super
607 5127 712 5166 uno
735 5120 1017 5182 peccatore
1047 5113 1412 5180 paenitentiam
1444 5124 1664 5182 agente,
1712 5131 1871 5185 quam
1900 5133 1996 5173 su-

419 5233 517 5288 per
538 5216 823 5283 nonaginta
849 5229 1037 5267 novcm
1062 5213 1241 5282 justis,
1262 5215 1454 5284 quibus
1479 5232 1584 5270 non
1607 5231 1740 5285 Opus
1759 5218 1860 5272 erit
1884 5234 1998 5288 pa:-

424 5311 646 5366 nitentia
675 5308 824 5380 (Luc.
861 5324 944 5372 xv,
973 5309 1045 5373 7).
1080 5307 1143 5360 Et
1168 5309 1210 5362 si
1243 5309 1308 5363 de
1335 5325 1440 5363 uno
1470 5311 1764 5379 paruitente
1794 5314 1998 5381 grande

428 5399 485 5452 lit
513 5401 766 5468 gaudium
799 5400 849 5454 in
891 5399 1051 5461 ccelo,
1082 5399 1244 5467 quale
1273 5401 1524 5467 gaudium
1575 5401 1851 5458 credimus
1883 5403 1998 5460 lac-

427 5502 539 5546 tum
563 5491 628 5545 de
658 5499 807 5545 tanto
831 5489 1054 5559 populo,
1100 5505 1128 5541 a
1161 5505 1260 5542 suo
1283 5504 1469 5544 errore
1497 5506 1780 5558 converso,
1812 5493 1902 5561 qui
1927 5493 1994 5548 ad

427 5582 585 5634 lldcm
625 5585 863 5650 veniens,
898 5581 1032 5635 mala
1057 5597 1173 5650 qum
1195 5581 1301 5648 egit
1330 5583 1637 5650 pmnitendo
1687 5585 1997 5641 damnavit?

427 5671 484 5726 In
516 5673 618 5725 hoc
647 5673 823 5740 itaque
872 5675 990 5728 cmli
1033 5683 1086 5728 ct
1115 5673 1424 5742 angelorum
1470 5675 1664 5743 gaudio
1693 5686 2000 5747 repetamus

432 5764 572 5836 ipsas
599 5778 731 5831 quas
761 5765 1108 5833 praemisimus
1159 5781 1319 5823 voccs
1372 5768 1713 5838 angelorum;
1763 5767 2004 5826 dicamus

2096 4675 2255 4743 igitur
2300 4683 2477 4728 mente
2523 4687 2644 4728 cum
2674 4687 2739 4728 eo
2775 4687 2872 4726 vos
2919 4671 2970 4725 in
3003 4670 3211 4725 fervore
3241 4669 3362 4722 lidei
3390 4668 3630 4737 stringite
3652 4707 3671 4735 ,

2097 4777 2258 4836 atque
2305 4765 2548 4820 adnisum
2591 4764 2731 4820 illius
2775 4764 2972 4819 virtute
3013 4779 3173 4834 quam
3222 4763 3373 4817 vobis
3417 4762 3673 4816 Divinitas

2097 4859 2284 4913 tribuit
2327 4859 2595 4926 adjuvate,
2629 4865 2686 4912 ut
2724 4857 2874 4925 regni
2917 4872 3000 4912 sul
3056 4872 3154 4911 vos
3202 4858 3314 4923 ipse
3356 4854 3517 4908 laciat
3555 4867 3676 4908 esse

2101 4949 2389 5020 participes
2413 4991 2428 5015 ,
2458 4948 2614 5017 cujus
2651 4964 2746 5003 vos
2779 4948 2933 5003 tidem
2965 4948 3016 5003 in
3064 4961 3230 5015 regno
3279 4955 3460 5000 vestro
3509 4945 3675 5014 recipi

2102 5042 2274 5097 facitis
2301 5049 2356 5096 et
2403 5041 2680 5096 custodiri.
2711 5039 2977 5094 Praeterea
3015 5039 3154 5094 scire
3191 5047 3420 5091 vestram
3449 5036 3675 5104 gloriam

2101 5137 2375 5201 volumus,
2407 5136 2530 5204 quia
2577 5137 2714 5190 sicut
2769 5135 2822 5190 in
2869 5134 3140 5204 Scriptura
3191 5148 3342 5188 sacra
3383 5148 3450 5186 ex
3501 5132 3678 5185 verbis

2104 5225 2312 5280 Domini
2363 5224 2745 5294 onu'iipotentis
2780 5221 3160 5293 agnoscimus,
3195 5222 3468 5291 [:ncsentis
3497 5221 3678 5275 mttndi

2097 5315 2209 5386 jam
2241 5317 2495 5372 terminus
2523 5315 2775 5383 estjuxta
2800 5353 2817 5378 ,
2849 5323 2905 5368 et
2947 5323 3252 5368 sanctorum
3297 5325 3516 5380 regnum
3548 5327 3680 5366 ven-

2107 5417 2281 5461 turum
2309 5417 2411 5469 est,
2433 5407 2574 5475 quod
2601 5405 2746 5460 nullo
2771 5419 3003 5472 unquam
3028 5405 3226 5473 poterit
3252 5404 3358 5457 line
3378 5401 3678 5456 terminari.

2104 5497 2580 5568 Appropinquante
2607 5504 2788 5550 autem
2816 5495 3004 5551 eodem
3036 5494 3216 5549 mundi
3243 5492 3491 5555 termino,
3516 5491 3679 5544 multa

2105 5591 2405 5654 imminent,
2429 5603 2548 5657 qua:
2573 5596 2729 5641 antea
2759 5602 2866 5642 non
2897 5587 3149 5651 fuerunt;
3184 5595 3263 5640 tot
3296 5583 3546 5638 videlicet
3575 5583 3674 5638 im~

2109 5680 2430 5734 mutationes
2463 5679 2983 5748 aeris,terroresque
3009 5677 3076 5732 de
3103 5687 3274 5742 cmio,
3298 5685 3353 5730 et
3378 5685 3565 5730 contra
3593 5689 3686 5727 or-

2108 5771 2286 5828 dinem
2331 5780 2630 5843 temporum
2679 5779 3049 5843 tempestates,
3077 5772 3215 5828 bella
3242 5814 3256 5838 ,
3290 5769 3484 5835 fartres,
3519 5765 3679 5838 pesJ-
