3976 6178
226 348 306 402 73

1452 338 1610 395 Vl'l‘A
1668 336 1911 394 sane“
1952 336 2336 394 aucusrmt.
3441 350 3511 405 π
3550 328 3553 329 ί

229 458 615 524 tenuatum
642 460 823 509 motus
853 466 951 523 per
980 452 1126 506 loca:
1152 465 1270 520 quae
1293 459 1472 507 tamen
1504 468 1610 506 non
1647 452 1825 517 omnia
1859 454 1905 511 A
1933 450 2276 506 dilectionem
2332 450 2645 505 Christianm
2702 452 2821 508 ﬁdei
2875 456 3250 515 adhortatione
3300 462 3512 519 assidua

230 547 433 604 nostris
474 546 668 601 diebus
710 554 938 599 ventura
967 551 1135 611 sunt,
1173 543 1268 598 sed
1314 550 1437 613 post
1475 552 1690 597 nostros
1718 542 1843 603 dies

227 640 654 709 subsequentur.
690 636 801 691 V'os
847 635 1027 703 itaque
1053 674 1069 698 ,
1100 634 1146 688 si
1192 648 1298 704 qua
1326 650 1391 689 ex
1422 634 1505 689 bis
1533 634 1750 705 evenire
1781 635 1833 687 in

228 739 377 786 terra
407 738 587 785 vestra
607 728 954 797 cognoscitis,
976 726 1125 783 nullo
1148 727 1308 783 modo
1334 737 1569 783 vestrum
1599 726 1833 782 animum

231 819 746 891 perturbetis:quia
779 818 978 874 idcirco
1025 818 1141 873 hth
1191 819 1338 888 signa
1387 818 1455 873 de
1503 818 1608 873 fine
1653 817 1833 874 saeculi

231 912 660 981 praemittuntur,
687 919 747 964 ut
774 909 841 965 de
868 909 1149 963 animabus
1173 910 1372 964 nostris
1399 910 1686 964 debeamus
1716 924 1835 963 esse

231 1000 454 1057 solliciti
482 1041 497 1065 ,
526 1000 595 1055 de
623 999 815 1054 mortis
847 999 979 1052 hora
1008 999 1245 1068 suspecti
1278 1041 1292 1065 ,
1316 1010 1371 1053 et
1398 1008 1627 1054 venturo
1668 998 1833 1066 judici

234 1093 291 1147 in
334 1092 497 1148 bonis
534 1091 745 1146 actibus
793 1090 1131 1145 inveniamur
1176 1106 1295 1146 esse
1343 1093 1650 1162 praeparati.
1711 1091 1835 1146 llaec

232 1199 401 1245 nunc,
432 1181 671 1250 gloriose
694 1179 788 1245 ﬁli,
807 1180 995 1251 paucis
1026 1180 1238 1236 locutus
1266 1189 1477 1247 sum,ut
1503 1198 1624 1236 cum
1653 1180 1836 1237 Chris-

234 1276 379 1329 tiana
404 1273 537 1328 ﬁdes
559 1272 611 1326 in
642 1286 812 1341 regno
836 1278 1019 1326 vestro
1040 1273 1370 1337 excreverit,
1404 1281 1588 1328 nostra
1618 1254 1885 1343 quoque.

234 1365 379 1434 apud
407 1380 507 1419 vos
539 1363 743 1419 locutio
775 1363 935 1419 latior
965 1373 1279 1431 excrescat;
1311 1371 1369 1419 et
1412 1372 1565 1420 tanto
1607 1367 1858 1436 amplius;

243 1458 391 1525 loqui
441 1456 604 1510 libeat
632 1495 649 1520 ,
701 1463 904 1525 quanto
933 1471 993 1512 se
1022 1457 1075 1510 in
1104 1464 1287 1511 mente
1326 1467 1509 1512 nostra
1544 1458 1738 1526 gaudia
1769 1460 1837 1513 de

238 1548 414 1615 gentis
434 1555 633 1601 vestra!
650 1544 885 1613 perfecta
898 1546 1252 1601 conversione
1267 1546 1647 1616 multiplicant.
1664 1547 1836 1603 Parva

236 1645 418 1692 autem
452 1636 613 1691 xenia
650 1636 921 1690 transmisi
946 1676 961 1699 ,
1004 1651 1123 1706 quae
1149 1637 1307 1692 vobis
1332 1651 1498 1707 parva
1526 1652 1633 1691 non
1654 1647 1831 1704 erunt,

236 1743 360 1784 cum
402 1742 435 1782 a
477 1728 632 1782 vobis
661 1741 731 1783 ex
766 1726 912 1783 beati
966 1726 1111 1783 Petri
1142 1728 1378 1798 apostoli
1428 1728 1626 1783 fuerint
1671 1729 1836 1785 bene-

1934 541 2217 608 roborate,
2249 548 2423 594 vestra
2456 541 2527 594 ili
2574 542 2877 599 sollicitudo
2927 556 3269 616 augmentum
3301 552 3354 606 in
3374 543 3512 607 ‘Dco

1935 630 2134 683 amoris
2177 629 2446 696 infundat;
2477 640 2639 701 atque
2688 633 2759 686 ita
2799 636 3006 691 animos
3041 638 3158 707 ejus
3198 641 3361 695 etiam
3415 659 3514 712 pro

1935 719 2191 789 subjecta:
2218 721 2317 776 sibi
2356 724 2530 789 gentis
2559 723 2867 794 plenissima
2898 730 3249 786 conversione
3285 747 3512 787 succcn-

1935 812 2028 866 dat
2056 853 2072 879 ,
2101 820 2161 866 ut
2187 823 2242 867 et
2270 828 2520 882 magnum
2569 816 2923 885 omnipotenti
2953 819 3065 875 Deo
3090 822 3391 880 devotionis
3419 841 3517 881 ve-

1936 916 2061 961 stra:
2097 907 2275 961 studio
2303 908 2627 963 saerilicium
2655 909 2914 978 offeratis,
2939 923 2991 967 et
3023 928 3084 968 ea
3119 930 3237 984 qua:
3265 916 3332 971 de
3369 919 3522 975 vobis

1937 1008 2152 1052 narrata
2177 1009 2321 1061 sunt,
2354 1008 2410 1054 et
2436 1010 2717 1067 crescant,
2747 1012 2803 1056 et
2832 1019 2958 1057 vera
2987 1020 3105 1060 esse
3135 1006 3309 1061 modis
3336 1011 3512 1064 omni-

1936 1088 2036 1142 bus
2076 1088 2458 1158 approbentur.
2497 1091 2630 1158 Quia
2673 1092 2811 1147 bona
2858 1103 3037 1149 vestra
3066 1112 3173 1151 non
3202 1099 3377 1154 solum
3403 1101 3516 1170 jam

1937 1178 2076 1248 apud
2104 1179 2502 1251 Romanos,qui
2531 1198 2630 1253 pro
2654 1184 2759 1238 vita
2784 1193 2960 1240 vestra
2992 1184 3181 1243 fortius
3202 1199 3517 1255 oraverunt.

1937 1272 2031 1326 sed
2061 1273 2222 1327 etiam
2253 1289 2351 1343 per
2372 1274 2582 1329 diversa
2612 1276 2729 1331 loca
2757 1285 2812 1332 et
2843 1293 3009 1347 usque
3034 1281 3099 1333 ad
3134 1279 3522 1339 Constantino-

1939 1362 2100 1431 polim
2132 1363 2199 1417 ad
2218 1363 2621 1421 serenissimum
2650 1367 3348 1439 principempervencrunt.
3374 1372 3528 1430 Unde

1939 1460 2025 1516 ut,
2056 1453 2196 1507 sicut
2224 1454 2381 1509 nobis
2409 1454 2477 1509 de
2503 1455 2906 1512 ebristianitatis
2937 1468 3127 1515 vestrte
3155 1462 3359 1518 solatiis
3388 1464 3529 1519 lrtie

1940 1539 2011 1593 tia
2040 1540 2177 1595 facta
2208 1549 2321 1608 est,
2370 1541 2442 1595 ita
2473 1557 2689 1612 quoque
2717 1544 2785 1599 de
2813 1544 3047 1615 perfecta
3080 1552 3398 1619 operatione
3424 1569 3525 1608 ve-

1940 1638 2052 1684 stra
2080 1631 2282 1699 angelis
2311 1632 2403 1685 ﬁat
2426 1632 2679 1701 gaudium
2712 1635 2764 1689 in
2793 1637 2967 1704 etelis;
2996 1639 3073 1695 sic
3102 1656 3199 1696 vos
3230 1643 3281 1697 in
3310 1644 3525 1712 adjuto-

1941 1717 2077 1771 rium
2117 1718 2410 1788 supradicti
2450 1723 2870 1779 reverentissimi
2922 1725 3100 1783 fratris
3128 1737 3185 1783 et
3213 1731 3522 1803 coepiscopi

235 1820 476 1875 dictione
504 1825 780 1888 suscepta.
810 1815 1165 1888 Omnipotens
1204 1818 1386 1886 itaque
1415 1818 1556 1873 Deus
1594 1818 1647 1873 in
1681 1818 1833 1873 vobis

1945 1809 2113 1865 nostri
2138 1851 2153 1877 ,
2179 1819 2233 1865 et
2260 1826 2539 1866 servorum
2571 1813 2665 1869 Dei
2694 1829 2832 1883 quos
2856 1817 2981 1873 illuc
3008 1819 3277 1889 misimus,
3309 1822 3363 1884 in
3390 1838 3524 1879 con-
3574 1860 3575 1863 η

234 1912 467 1980 gratiam
493 1925 679 1974 suam,
712 1924 873 1979 quam
903 1910 1103 1979 ctepit,
1149 1906 1398 1979 perﬁciat
1424 1948 1440 1975 ,
1471 1917 1636 1980 atque
1669 1909 1834 1965 vitam

234 2011 474 2058 vestram
526 2011 583 2056 et
628 2001 717 2056 ltic
758 2015 859 2070 per
908 2001 1202 2055 multorum
1255 2016 1522 2054 annorum
1571 2000 1836 2055 curricula

231 2092 531 2157 extendat,
554 2098 609 2147 et
634 2099 754 2161 post
782 2091 939 2158 longa
972 2100 1216 2160 tempora
1248 2091 1300 2146 in
1332 2091 1567 2153 coelestis
1614 2106 1711 2146 vos
1740 2106 1837 2161 pa-

230 2185 352 2237 trize
397 2182 825 2252 congregatione
869 2181 1154 2251 suscipiat.
1211 2180 1537 2237 Incolumem
1568 2181 1840 2236 excellen-

232 2276 370 2329 tiam
401 2283 641 2329 vestram
670 2274 841 2344 gratia
873 2287 1106 2341 superna
1151 2272 1454 2338 custodiat,
1486 2271 1712 2327 Domine
1741 2271 1836 2326 ﬁli.

230 2368 371 2422 Data
421 2367 512 2422 die
564 2366 775 2422 decima
824 2364 1187 2421 Kalendarum
1230 2363 1488 2419 Juliarum
1537 2366 1840 2435 imperante

230 2460 465 2515 domino
494 2469 680 2515 nostro
720 2458 981 2514 Mauricio
1012 2458 1271 2526 Tiberiof,
1300 2458 1545 2528 piissimo
1573 2468 1836 2528 augusto,

225 2567 380 2607 anno
408 2566 554 2607 nono
592 2552 805 2607 decimo
823 2589 840 2616 ,
897 2558 1019 2621 post
1048 2551 1358 2605 consulatus
1378 2549 1617 2619 ejusdem
1641 2550 1843 2607 domini

246 2659 399 2700 anno
424 2654 623 2699 octavo
650 2644 881 2709 decimo,
911 2643 1206 2699 indictione
1235 2652 1450 2713 quarta.

305 2734 400 2790 50.
440 2733 817 2789 Venerabilem
842 2734 1186 2789 nihilominus
1206 2733 1445 2802 reginam
1476 2734 1689 2790 Bertam
1725 2736 1841 2806 ipse

228 2826 765 2898 pmllcntissimus
782 2825 1073 2880 illustrator
1092 2824 1437 2881 ecclesiarum
1459 2824 1699 2896 gratiﬁce
1724 2826 1839 2881 lau-

231 2919 330 2972 dat
352 2918 458 2973 hac
486 2916 766 2989 epistulari
794 2916 934 2972 serie
954 2958 973 2984 ,
1011 2925 1117 2970 tam
1145 2932 1245 2987 pro
1273 2917 1414 2986 regis
1443 2917 1798 2973 conversione
1819 2957 1836 2983 ,

231 3022 399 3076 quam
430 3006 654 3077 propria
681 3019 808 3074 erga
835 3005 1053 3060 beatum
1076 3005 1428 3075 Augustinum
1453 3020 1686 3074 suosque
1709 3020 1840 3060 con~

235 3106 419 3153 sortes
444 3096 827 3168 procuratione
851 3134 867 3158 ,
898 3095 1253 3165 hortaturque
1277 3095 1389 3150 hmc
1414 3095 1617 3151 famosa
1648 3095 1838 3150 merita

1937 1902 2186 1958 versione
2207 1903 2381 1971 gentis
2393 1912 2586 1960 vestra:
2605 1905 2800 1962 devote
2814 1923 2878 1963 ac
2893 1909 3017 1964 totis
3028 1910 3230 1968 viribus
3249 1914 3526 1981 exhibete;

1938 2000 1999 2047 ut
2026 2001 2081 2047 et
2119 1992 2207 2049 hic
2256 1993 2485 2051 feliciter
2511 2011 2633 2051 cum
2662 1997 2900 2066 glorioso
2930 1999 3038 2057 ﬁlio
3059 2011 3266 2070 nostro,
3295 2007 3527 2075 conjuge

1938 2093 2158 2149 vestro,
2190 2085 2426 2152 regnetis
2452 2095 2551 2151 ,‘et
2594 2096 2717 2157 post
2770 2088 2929 2159 longa
2979 2105 3243 2148 annorum
3288 2103 3529 2167 tempora

1939 2170 2130 2227 futurae
2157 2188 2372 2243 quoque
2399 2176 2593 2244 gaudia
2618 2178 2760 2248 vitaz,
2778 2194 2896 2250 qua),
2924 2180 3084 2236 ﬁnem
3113 2182 3317 2242 habere
3340 2190 3521 2244 nesci-

1940 2264 2042 2328 vit,
2074 2264 2317 2335 capiatis.
2360 2266 2586 2323 Oramus
2632 2278 2812 2326 autem
2844 2272 3265 2343 omnipotentem
3315 2278 3483 2335 Deum
3507 2320 3527 2347 ,

1941 2362 2001 2407 ut
2045 2354 2231 2422 glorim
2267 2366 2457 2411 vestra:
2482 2372 2581 2413 cor
2642 2369 2699 2415 et
2734 2362 2799 2415 ad
2845 2365 3115 2433 operanda
3144 2381 3264 2436 quae
3296 2368 3528 2424 diximus

1941 2445 2125 2512 gratia:
2152 2460 2262 2500 sua:
2291 2447 2582 2502 succendat
2607 2490 2622 2517 ,
2650 2457 2709 2503 et
2753 2459 2967 2505 (eterna:
2997 2456 3260 2511 mercedis
3298 2456 3529 2514 fructum

1942 2538 2097 2593 vobis
2133 2539 2201 2593 de
2229 2539 2425 2609 placita
2454 2540 2555 2595 sibi
2585 2556 2719 2613 oper
2757 2543 2904 2599 tione
2929 2546 3219 2603 concedat.

2012 2627 2101 2681 51.
2145 2628 2255 2695 Hos
2296 2630 2579 2687 mellilluos
2619 2633 2851 2702 ﬁerigeri
2894 2633 3139 2705 Gregorii
3176 2637 3327 2694 favos
3355 2683 3370 2707 ,
3418 2642 3532 2698 lucc

1942 2718 2251 2787 apostolicae
2271 2728 2326 2774 et
2353 2719 2609 2777 Romanae
2637 2722 2993 2780 allactationis
3021 2727 3345 2785 nutrimenta
3369 2747 3539 2802 quam

1941 2808 2030 2879 pia
2058 2809 2314 2864 aviditate
2327 2810 2654 2867 desideriosa
2672 2813 2950 2883 Augustini
2975 2814 3252 2885 ﬂagrantia
3272 2820 3531 2888 hauserit,

1944 2914 2146 2970 pauper
2166 2916 2352 2955 sensus
2374 2917 2474 2957 nec
2496 2918 2690 2973 rapere
2714 2919 2815 2959 nec
2834 2906 3085 2974 expedire
3102 2906 3318 2964 sufﬁcit.
3343 2910 3399 2965 In
3426 2913 3531 2968 hac

1940 2988 2120 3044 divina
2168 2999 2510 3061 paternarum
2562 2994 2857 3048 litterarum
2899 3005 3166 3061 armatura
3211 2999 3528 3068 jamdudum

1943 3082 2198 3137 emeritus
2240 3083 2480 3150 agonista
2527 3082 2622 3137 Dei
2667 3084 2808 3155 [Al.,
2834 3084 3042 3159 Deum]
3091 3103 3150 3144 se
3179 3090 3522 3159 oblectabat;

234 3187 503 3243 attentius
528 3200 728 3257 augere
748 3184 888 3256 (Lib.
910 3201 956 3251 ι,
978 3186 1127 3257 epist.
1156 3184 1265 3257 59).
1290 3185 1390 3252 Qui
1420 3192 1544 3255 post
1569 3192 1836 3241 terrenam
1864 3210 1914 3272 ο
1943 3171 1996 3272 ill
2029 3173 2130 3272 Ιξοο
2169 3173 2539 3272 ῘξίηΡίξῘίεεξῐηο
2573 3177 2793 3246 Speculo
2816 3217 2832 3243 ο
2860 3188 2985 3235 δηίθ
3022 3181 3210 3238 oculos
3247 3184 3535 3254 ειεςεηιῑε-

234 3291 565 3353 potestatem
589 3279 999 3348 cmlestiszregni
1027 3278 1248 3348 gloriam
1278 3278 1426 3348 cupit
1450 3277 1750 3349 acquirere,
1772 3277 1840 3333 ad

237 3373 546 3431 faciendum
591 3372 803 3427 lucrum
846 3370 1079 3426 creatori
1130 3384 1229 3424 suo
1258 3368 1419 3425 debet
1448 3370 1657 3424 enixius
1695 3370 1843 3424 labo-

247 3479 371 3520 rare
396 3506 415 3533 ,
442 3468 506 3518 ut
532 3463 603 3518 de
626 3477 690 3519 ea
719 3476 841 3533 qum
869 3460 1140 3516 desiderat
1169 3460 1502 3530 operationis
1528 3475 1638 3515 suae
1657 3461 1842 3529 gradi-

241 3554 345 3609 bus
375 3553 551 3623 possit
573 3551 886 3617 ascendere,
905 3552 1043 3606 sicut
1063 3566 1159 3606 vos
1182 3550 1373 3606 fecisse
1397 3551 1710 3619 gaudemus.
1737 3550 1843 3605 Re—

243 3652 493 3699 meantes
522 3645 684 3714 igitur
722 3642 1100 3697 dilectissimus
1129 3642 1267 3697 filius
1313 3650 1495 3698 noster
1522 3641 1845 3697 Laurentius

239 3735 529 3805 presbyter
549 3742 609 3790 et
634 3733 827 3789 Petrus
853 3732 1357 3801 monachus,qualis
1379 3746 1506 3801 erga
1528 3731 1845 3789 reverentis-

242 3827 434 3879 simum
466 3821 687 3878 fratrem
707 3832 763 3877 et
790 3822 1175 3893 coepiscopum
1207 3832 1449 3878 nostrum
1488 3822 1840 3893 Augustinum

242 3914 413 3982 gloria
438 3922 622 3968 vestra
647 3913 921 3981 extiterit,
943 3922 1250 3982 quantaque
1278 3913 1352 3967 illi
1377 3913 1567 3969 solatia
1594 3912 1675 3967 vel
1705 3928 1842 3982 qua-

244 4005 348 4060 lem
375 4004 700 4060 cbaritatem
739 4003 1097 4073 impenderit,
1125 4004 1459 4073 retulerunt,
1491 4012 1545 4059 et
1590 4004 1840 4074 omnipo--

244 4104 447 4152 tentem
477 4094 649 4151 Deum
676 4096 1048 4151 benediximus
1076 4137 1090 4162 ,
1123 4096 1215 4165 qui
1244 4097 1646 4152 conversionem
1668 4098 1842 4166 gentis

245 4187 543 4256 Anglorum
576 4187 811 4241 mercedi
851 4196 1043 4242 vestra;
1070 4187 1318 4256 dignatus
1346 4194 1429 4241 est
1458 4189 1720 4257 propitius
1750 4203 1841 4243 re-

243 4295 481 4336 servare.
513 4278 650 4334 Nam
692 4279 832 4333 sicut
866 4294 962 4350 per
997 4279 1343 4335 recordandre.
1369 4280 1644 4333 memorize
1683 4279 1844 4336 llele-

243 4387 371 4427 nam
399 4408 419 4437 ,
449 4380 677 4426 matrem
729 4370 953 4441 piissimi
984 4368 1321 4426 Constantini
1363 4372 1704 4443 imperatoris
1725 4414 1739 4438 ,
1773 4371 1839 4426 ad

241 4463 599 4519 christianam
624 4461 781 4517 fidem
804 4462 963 4517 corda
992 4462 1358 4519 Romanorum
1383 4464 1661 4530 accendit,
1692 4465 1763 4518 ita
1785 4473 1841 4519 et

1941 3266 2061 3321 simi
2092 3267 2231 3336 regis
2259 3269 2337 3322 sui
2361 3310 2377 3335 ,
2408 3268 2657 3326 decorem
2686 3279 2741 3326 et
2767 3281 2986 3328 ornatus
3014 3289 3141 3331 suos
3176 3279 3530 3336 consulebat:

1944 3359 1996 3414 in
2020 3361 2119 3416 hac
2148 3371 2298 3417 state:
2315 3363 2508 3433 a,’qnid
2538 3366 2944 3435 vergeret,quid
2970 3378 3253 3439 superaret
3274 3371 3341 3428 de
3360 3375 3536 3444 pretio

1942 3451 2323 3517 suo,librabat.
2339 3453 2436 3508 Cui
2467 3470 2590 3510 cum
2612 3464 2796 3511 sancta
2824 3459 3154 3515 conscientia
3180 3469 3261 3518 tot
3279 3464 3529 3523 virtutum

1942 3543 2231 3611 praeconiis
2260 3545 2631 3612 responderet,
2658 3547 2837 3601 omnia
2867 3548 2933 3602 ad
2959 3551 3383 3610 emolumentum
3413 3572 3536 3627 gra-

1944 3632 2137 3685 tiaram
2162 3632 2459 3702 reponebat
2486 3634 2539 3687 in
2580 3636 2753 3690 sinum
2807 3638 3075 3706 largitoris
3104 3642 3367 3700 bonorum
3394 3666 3408 3700 :
3435 3664 3535 3706 nec

1942 3724 2230 3778 verebatur
2258 3739 2325 3779 ne
2349 3740 2450 3780 suo
2479 3727 2746 3798 triumpho
2772 3730 3111 3800 obrueretur,
3135 3736 3227 3803 qui
3253 3752 3359 3791 non
3387 3740 3487 3795 sibi
3516 3784 3533 3808 ,

1943 3814 2037 3870 sed
2058 3816 2265 3870 auctori
2283 3832 2381 3872 suo
2404 3816 2750 3875 innitebatur.
2766 3820 2881 3876 Non
2899 3822 3072 3879 labem
3097 3825 3318 3883 timebat
3333 3869 3347 3893 ,
3372 3845 3536 3899 quem

1944 3908 2105 3963 timor
2127 3909 2336 3964 Domini
2358 3920 2571 3966 sanctus
2593 3912 2929 3982 possederat,
2950 3928 3110 3984 quem
3134 3932 3297 3988 supra
3328 3919 3534 3977 ﬁrmam

1943 4006 2151 4068 petram
2181 3998 2456 4054 fundatum
2479 4015 2580 4056 nec
2605 4001 2776 4070 gloria
2805 4017 2905 4059 nec
2934 4004 3224 4073 ignominia
3250 4007 3532 4075 flectebat,

1942 4090 2031 4158 qui
2057 4104 2160 4145 non
2189 4091 2241 4145 in
2263 4105 2340 4157 se,
2371 4092 2466 4146 sed
2487 4093 2537 4147 in
2552 4092 2779 4149 Domino
2799 4095 3005 4150 stabat:
3030 4111 3131 4152 nec
3159 4096 3374 4154 Petrum
3399 4116 3535 4170 pne-

1943 4186 2248 4255 sumptione
2275 4186 2509 4251 labilem,
2539 4188 2633 4243 sed
2672 4188 2775 4244 ﬁde
2800 4190 3045 4247 stabilem
3070 4232 3085 4258 ,
3115 4192 3450 4262 Paulumque
3480 4195 3532 4248 in

1945 4276 2338 4333 inﬁrmitatibus
2367 4280 2686 4363 gloriantem
2716 4282 2786 4337 ob
2814 4282 3009 4337 Christi
3041 4284 3295 4339 virtutem
3320 4326 3336 4351 ,
3362 4300 3535 4339 aemu-

1943 4370 2154 4426 labatur
2177 4372 2243 4426 ad
2270 4371 2569 4427 claritatem
2599 4372 3065 4429 interminabilem.
3098 4374 3379 4433 Postremo
3407 4378 3536 4447 quid

1938 4464 2142 4532 jactare
2162 4464 2403 4529 deberet,
2425 4465 2516 4533 qui
2542 4479 2755 4520 omnem
2784 4474 2964 4536 typum
2982 4464 3254 4536 jactantia:
3282 4470 3531 4537 eliscrat,

242 4569 347 4626 per
385 4554 575 4625 gloria
612 4562 809 4609 vestra:
848 4555 1082 4609 studium
1127 4555 1179 4608 in
1212 4556 1504 4623 Anglorum
1535 4565 1694 4625 gente
1722 4556 1838 4624 ejus
1867 4581 1920 4644 ι)
1943 4556 2033 4624 qui
2063 4562 2355 4623 egestatem
2384 4563 2439 4610 et
2459 4555 2719 4609 vilitatem
2742 4570 2845 4625 pro
2861 4558 3030 4625 gloria
3054 4561 3367 4629 appetebat,
3383 4562 3537 4631 cujus

243 4644 676 4702 misericordiam
701 4645 1021 4701 confidimus
1051 4646 1285 4717 operari.
1304 4646 1371 4699 Et
1391 4647 1605 4715 quidem
1631 4646 1843 4715 jamdu-

243 4736 375 4792 dum
397 4736 619 4805 gloriosi
645 4735 736 4790 ﬁlii
766 4739 968 4802 nostri,
992 4736 1235 4805 conjugis
1254 4736 1417 4791 vestri
1444 4779 1459 4804 ,
1482 4739 1689 4790 animos
1715 4752 1843 4807 pru-

244 4828 445 4882 dentize
474 4834 669 4881 vestrae
696 4826 840 4882 bono
859 4864 873 4889 ,
899 4826 1037 4881 sicut
1058 4841 1244 4880 revera
1270 4826 1606 4891 Christianae,
1631 4827 1844 4882 debuis-

246 4923 316 4975 tis
346 4920 622 4975 intlectere
645 4961 660 4985 ,
682 4930 741 4974 ut
766 4936 864 4990 pro
884 4920 1034 4988 regni
1062 4927 1117 4974 et
1141 4920 1333 4974 animrc
1352 4935 1462 4975 suae
1483 4920 1655 4976 salute
1685 4919 1843 4977 ﬁdem

244 5028 409 5083 quam
460 5013 640 5068 colitis
679 5022 1030 5081 sequeretur;
1062 5021 1328 5082 quatenus
1369 5022 1425 5068 et
1461 5013 1529 5069 de
1556 5029 1622 5070 eo
1651 5023 1707 5070 et
1748 5030 1845 5084 per

245 5119 375 5160 eum
407 5146 424 5172 ,
450 5104 521 5159 de
568 5104 731 5158 totius
770 5105 945 5173 gentis
989 5106 1343 5161 conversione
1366 5146 1382 5172 ,
1417 5107 1575 5175 digna
1605 5108 1758 5162 vobis
1788 5108 1840 5163 in

249 5196 571 5252 celestibus
596 5196 806 5265 gaudiis
838 5197 1122 5251 retributio
1164 5207 1498 5254 nasceretur.
1528 5198 1660 5252 Nam
1694 5208 1843 5268 post-

248 5302 453 5357 quam,
483 5287 625 5341 sicut
671 5286 944 5353 diximus,
976 5296 1032 5341 et
1084 5297 1231 5343 recta
1286 5287 1389 5343 ﬁde
1442 5288 1611 5358 gloria
1663 5298 1840 5345 vestra

248 5381 455 5435 munita
482 5420 496 5443 ,
528 5388 585 5434 et
614 5380 805 5434 litteris
835 5380 990 5435 docta
1024 5389 1109 5435 est
1139 5421 1154 5445 ,
1187 5381 1291 5435 hoc
1320 5382 1472 5436 vobis
1504 5396 1601 5437 nec
1631 5383 1840 5437 tardum

249 5489 355 5529 nec
389 5473 581 5528 debuit
631 5488 751 5528 esse
778 5472 1016 5528 difficile.
1060 5472 1125 5527 Et
1170 5474 1423 5542 quoniam
1474 5475 1586 5530 Deo
1627 5476 1842 5533 volente

249 5576 434 5631 aptum
457 5582 603 5621 nunc
626 5574 834 5636 tempus
858 5573 960 5629 est,
980 5566 1120 5636 agite
1155 5576 1213 5622 ut
1239 5567 1416 5622 divina
1446 5569 1614 5637 gratia
1640 5584 1839 5639 coope-

251 5672 408 5717 rante
458 5677 584 5717 cum
641 5671 930 5731 augmento
968 5662 1186 5730 possitis
1236 5662 1381 5732 quod
1438 5662 1735 5731 neglectum
1764 5669 1846 5716 est

253 5768 535 5825 reparare.
582 5750 766 5821 Itaque
796 5759 1032 5807 mentem
1072 5752 1289 5822 gloriosi
1328 5752 1570 5822 conjugis
1598 5752 1759 5809 vestri
1790 5752 1843 5807 in

546 5909 816 5971 Paraoc.
850 5905 1109 5970 LXXX.

1947 4644 2319 4698 architectura:
2347 4642 2687 4697 fundamenta
2727 4652 2872 4699 tanta
2917 4647 3229 4704 humilitatis
3258 4649 3539 4707 altitudine

1946 4746 2072 4790 sunt
2094 4736 2344 4805 depressa
2374 4750 2439 4789 ac
2462 4734 2691 4790 molibus
2713 4737 2822 4792 suis
2847 4737 3074 4793 solidata
3098 4781 3115 4806 ,
3137 4749 3195 4794 ut
3215 4740 3343 4796 dum
3371 4744 3537 4798 turris

1946 4827 2062 4896 ejus
2091 4842 2223 4881 auro
2250 4827 2450 4882 mundo
2478 4834 2533 4882 et
2567 4828 2712 4883 omni
2742 4827 2917 4899 lapide
2960 4831 3198 4900 pretioso
3225 4841 3534 4889 constructa

1947 4922 2000 4975 in
2031 4920 2222 4976 ccelum
2252 4928 2573 4989 assurgeret,
2598 4920 2835 4975 omnium
2858 4928 3236 4992 tempestatum
3264 4924 3401 4978 ictus
3431 4924 3533 4978 im-

1947 5018 2092 5065 mota
2121 5017 2176 5064 et
2197 5008 2357 5065 illzesa
2379 5009 2619 5064 rideret?
2641 5007 2755 5064 Rex
2782 5024 2998 5080 quoque
3018 5009 3389 5069 [Ethelbertus
3417 5021 3537 5066 tan.

1948 5110 2061 5155 tum
2107 5101 2416 5173 apostolicis
2462 5101 2656 5156 summi
2683 5100 2926 5170 Gregorii
2957 5103 3251 5159 resultabat
3274 5104 3531 5159 exhorta-

1949 5194 2182 5249 tionibus
2204 5234 2219 5258 ,
2251 5200 2509 5262 quantum
2551 5207 2611 5247 se
2642 5193 2790 5246 novit
2816 5194 3108 5261 gratiarum
3145 5194 3443 5249 debitorem
3477 5194 3530 5247 in

1945 5285 2159 5341 Christo
2186 5285 2493 5354 redemptus
2521 5325 2535 5347 ,
2567 5285 2710 5354 quod
2739 5283 2807 5338 de
2834 5293 3032 5339 :eterna
3063 5284 3361 5354 perditione
3391 5285 3533 5341 filius

1947 5377 2251 5449 ad0ptionis
2298 5377 2391 5430 Dei
2436 5385 2577 5431 esset
2621 5373 2859 5430 enectus.
2899 5374 3067 5442 Quem
3098 5374 3199 5429 nisi
3228 5374 3351 5444 quia
3383 5374 3531 5444 regia

1942 5471 2179 5540 potentia
2199 5467 2455 5524 dilatandi
2482 5467 2630 5536 regni
2651 5466 2844 5520 Christi
2870 5479 3209 5535 summopere
3222 5453 3534 5521 'habebatur

1947 5562 2307 5623 necessarius,
2357 5559 2621 5613 credimus
2665 5559 2866 5613 servire
2905 5573 3063 5626 quam
3106 5557 3372 5627 imperare
3419 5574 3533 5613 ma-

1946 5656 2107 5710 luisse
2134 5652 2443 5707 monasticis
2481 5650 2931 5711 institutionibus,
2960 5656 3120 5716 atque
3148 5662 3312 5703 coron
3330 5666 3360 5699 υ
3380 5651 3531 5717 regni

1946 5760 2202 5805 coronam
2245 5758 2557 5816 prmponere
2609 5741 2772 5797 Petri.
2813 5740 3010 5795 Verum
3058 5740 3203 5809 quod
3250 5749 3377 5796 tunc
3425 5756 3531 5794 nnn

3097 5898 3137 5959 3

3441 5965 3451 5971 ⁸
3478 5968 3504 5976 .-
