4032 6186
442 344 510 398 75
1236 326 1542 381 SANCTDS
1580 322 2010 380 aoousrmus
2051 321 2427 378 sucronem
2468 318 2878 379 amaror-ms.
3611 328 3681 379 75

437 450 841 527 ῃρτιῐκίιώξδῑυΐ
867 442 981 499 ﬁeri
1000 438 1178 495 ofﬁcio
1207 446 1425 510 apparet
1446 452 1585 493 nunc
1611 405 1771 492 fuisse
1800 434 1998 490 animo.
2030 433 2075 489 A
2106 432 2197 527 sine
2241 434 2513 527 dictatasl
2537 438 2645 527 .41.,
2673 434 2898 506 dicatas]
2927 452 2941 502 ;
2988 450 3181 527 verum
3205 449 3233 488 a
3274 436 3475 492 sanctis
3522 442 3685 509 patvi-
3776 502 3783 511 κ

438 543 542 598 Sed
588 550 641 595 et
685 539 855 592 Bertcc
883 531 1331 589 christianissimm
1381 531 1576 597 regina:
1615 543 1721 583 non
1751 533 1828 581 est
1869 531 2014 594 post-

439 629 681 704 poncnda
710 625 954 689 devotio,
976 636 1135 692 quam
1167 627 1342 675 tantus
1369 633 1505 688 papa
1532 617 1775 671 similiter
1801 615 2012 683 dignam

438 723 644 778 mnsuit
688 717 971 790 praemissa:
1021 711 1262 783 epistolae
1315 711 1500 766 favore
1544 717 1601 764 et
1650 707 2009 778 apologctico.

441 816 573 870 Nam
607 817 724 866 erat
756 809 921 877 janua
965 803 1069 859 luci
1110 801 1458 873 pcrvia,’per
1503 813 1663 868 quam
1706 795 2016 866 splendidus

445 901 650 958 Domini
672 893 1066 968 paranymphus
1086 890 1427 960 Augustinus,
1459 903 1642 944 verum
1681 887 1848 943 solem
1870 883 2016 940 Chri-

446 1001 587 1046 stum
617 987 748 1057 regii
769 985 933 1041 animi
959 981 1149 1037 infudit
1173 978 1555 1051 penetralibus.

511 1081 602 1134 33.
641 1078 774 1135 Cum
803 1091 932 1146 ergo
972 1076 1058 1130 hic
1082 1074 1177 1128 Dei
1215 1073 1420 1129 amicus
1442 1070 1675 1143 claviger
1702 1078 1845 1128 esset
1873 1069 2017 1123 ﬁdis~

442 1174 608 1229 simus
647 1169 823 1227 cordis
862 1167 992 1237 regii
1024 1165 1178 1237 (ejus
1212 1165 1419 1221 scilicet
1445 1164 1617 1232 regis,
1645 1161 1799 1232 cujus
1842 1175 1937 1217 cor
1966 1160 2020 1215 in

443 1277 606 1316 manu
651 1258 857 1315 Domini
886 1259 904 1327 )
932 1254 1120 1310 diﬁusa
1158 1255 1420 1310 charitate
1469 1264 1525 1308 et
1576 1253 1797 1309 dilatata
1844 1261 2021 1308 mente

444 1352 741 1409 extendens
768 1349 1016 1406 affectum
1056 1348 1109 1401 in
1156 1346 1394 1402 omnium
1434 1345 1700 1408 salutem,
1731 1344 1841 1413 egit
1882 1343 2022 1413 apud

446 1447 615 1515 ipsum
643 1438 1134 1497 obedientissimum
1159 1436 1474 1507 principem,
1501 1444 1559 1491 ut
1577 1434 1855 1505 pontiﬁces
1890 1434 2023 1505 [Αι.,

445 1534 780 1605 pontiﬁcum}
801 1531 1077 1586 Britonum
1107 1528 1173 1584 ab
1204 1526 1569 1584 ecclesiastica
1597 1526 1778 1595 regula
1805 1526 2021 1580 exorbi-

448 1635 622 1681 tantes
674 1623 827 1696 [Αι.,
861 1618 1341 1689 exorbitantium],
1388 1617 1455 1672 ad
1494 1632 1648 1673 suum
1678 1616 2025 1673 convenirth

446 1714 799 1784 colloquium:
844 1727 966 1765 nam
1007 1711 1074 1765 ab
1120 1710 1202 1764 his
1239 1708 1505 1763 Britannis
1548 1707 1719 1777 patria
1762 1707 1875 1762 haec
1901 1715 2025 1760 ante

2113 522 2210 577 bus
2236 526 2364 589 suis,
2390 525 2483 578 Dei
2510 526 2691 580 amicis
2719 535 2773 580 ct
2802 526 3172 595 apostolorum
3192 528 3532 595 sequacibus,
3553 529 3681 583 bac.

2116 624 2269 670 tenus
2288 617 2597 671 observatas
2615 657 2633 683 ,
2653 632 2787 685 quas
2817 634 2923 673 non
2951 619 3210 674 deberent
3234 627 3439 673 mutare
3466 631 3684 691 propter

2115 719 2282 762 novos
2304 704 2670 776 dogmatistas.
2685 707 2820 772 Quid
2835 707 2898 761 ad
2913 708 3025 763 haec
3040 707 3381 762 eruditissimi
3410 710 3685 779 Augustini

2114 811 2215 866 pru
2234 796 2391 852 lentia
2422 798 2776 868 responderit,
2800 814 2949 855 mens
2971 801 3272 870 perspicax,
3306 815 3413 856 non
3442 800 3685 870 pertinax

2116 886 2359 954 colligat:
2381 886 2563 943 Sancti
2591 886 2777 945 Patres
2798 889 2980 955 vestri,
2998 889 3045 944 si
3074 890 3188 946 hate
3212 891 3506 962 apostolica
3530 893 3688 962 scita,

2116 991 2236 1047 quae
2261 977 2480 1033 ferimus
2508 1019 2525 1046 ,
2549 977 2662 1047 jam
2685 979 2831 1034 omni
2875 979 3072 1034 mundo
3095 990 3344 1051 suscepta
3372 1020 3388 1046 ,
3419 984 3687 1039 sanctiora

2117 1082 2238 1123 esse
2259 1068 2718 1138 comprobassent,
2743 1068 2885 1125 ultro
2914 1069 3250 1137 elicuissent,
3280 1079 3337 1126 et
3362 1071 3689 1140 ignorantias

2118 1174 2244 1215 snas
2290 1167 2452 1228 atque
2496 1160 2817 1231 irregulares
2871 1161 3235 1216 observantiae
3287 1163 3686 1220 correxissent:

2121 1248 2355 1317 alioquin
2386 1264 2490 1303 non
2529 1250 2720 1314 sancti,
2761 1249 2856 1304 sed
2900 1250 3170 1306 sanctitati
3201 1253 3427 1308 rebelles
3462 1268 3690 1324 appare-

2121 1347 2262 1393 rent.
2293 1337 2361 1394 Et
2386 1338 2600 1407 quidem
2642 1340 2873 1408 apostoli
2916 1340 3127 1395 Domini
3174 1340 3228 1395 in
3254 1341 3544 1411 primordio
3571 1342 3692 1399 ﬁdei

2124 1431 2225 1486 hoc
2255 1445 2420 1486 unum
2445 1446 2581 1500 opus
2601 1430 2798 1500 ubique
2822 1431 3165 1499 exercebant,
3216 1441 3273 1487 ut
3303 1448 3490 1488 omnes
3508 1443 3694 1504 gentes

2125 1522 2177 1576 in
2206 1521 2536 1578 Salvatorcm
2574 1522 2754 1578 mundi
2795 1523 3016 1579 credere
3038 1565 3055 1591 ,
3085 1536 3140 1580 et
3164 1531 3421 1581 mternam
3447 1528 3610 1582 vitam
3639 1528 3695 1583 in

2126 1612 2242 1684 ipso
2262 1628 2478 1682 sperare
2500 1612 2777 1688 docerent.
2807 1612 2897 1669 Sic
2920 1629 3024 1669 non
3049 1615 3362 1671 mortalibus
3387 1617 3568 1683 armis,
3598 1618 3693 1673 sed

2128 1703 2178 1757 in
2206 1704 2351 1758 omni
2381 1705 2635 1774 patientia
2663 1714 2718 1762 et
2745 1708 3017 1775 signorum
3046 1722 3107 1762 ac
3136 1717 3445 1765 sanctorum
3472 1724 3692 1780 operum

447 1798 1488 1872 Anglosestantiquitusappcllatamue
1506 1796 2022 1853 ctabolimeristo
2052 1799 2100 1857 B
2127 1793 2335 1848 indiciis
2376 1809 2590 1850 onmem
2636 1798 2819 1851 mundi
2869 1798 3068 1854 Christi
3112 1801 3390 1871 subiecere
3436 1800 3692 1869 vestigiis.

447 1904 564 1952 erat
594 1894 818 1948 initiata.
861 1893 1014 1947 Anno
1037 1889 1232 1959 quippe
1261 1887 1521 1945 incarnati
1549 1886 1710 1942 Verbi
1736 1900 1779 1940 c'
1801 1885 2030 1939 ntesimo

452 1984 894 2059 quinquagesimo
922 1990 1077 2037 sexto
1099 2021 1114 2044 ,
1147 1980 1324 2034 Marco
1373 1977 1610 2032 Antonio
1636 1976 1780 2032 Vero
1808 1977 1875 2033 ab
1916 1976 2028 2030 Au-

390 2062 393 2067 ’
452 2087 609 2148 gusto
649 2083 849 2146 quarto
874 2072 1082 2128 decimo
1124 2085 1244 2126 cum
1287 2067 1451 2125 fratre
1494 2066 1710 2123 Aurelio
1735 2066 2032 2122 Commodo

449 2177 708 2239 regnante
735 2207 753 2231 ,
792 2179 885 2221 rex
935 2163 1127 2219 borum
1172 2161 1450 2216 Britonum
1482 2169 1507 2197 α
1540 2159 1736 2215 Lucius
1786 2167 2032 2215 sanctum

452 2259 815 2315 Eleutherium
839 2266 964 2311 tunc
987 2254 1245 2324 temporis
1267 2267 1458 2323 papam
1483 2265 1581 2321 per
1605 2251 1887 2320 epistolam
1906 2265 2032 2318 sup-

452 2352 661 2422 pliciter
679 2347 902 2417 expetiit
929 2354 983 2401 et
1007 2351 1282 2416 gratanter
1303 2343 1551 2409 obtinuit,
1566 2351 1827 2412 quatenus
1853 2340 2034 2395 ﬁdeles

451 2443 701 2497 docta-res
716 2437 1129 2504 destinaret,qui
1159 2450 1218 2492 se
1242 2449 1305 2490 ac
1320 2443 1535 2503 gentem
1560 2448 1709 2488 suam
1740 2433 1793 2487 in
1821 2432 2035 2487 Christo

451 2537 846 2601 rcgenerarent.
880 2526 990 2583 Nec
1017 2524 1265 2582 defecere
1291 2524 1530 2579 Britanni
1561 2539 1591 2580 a
1632 2531 1894 2592 suscepta:
1920 2523 2036 2592 pie-

458 2622 582 2676 tatis
606 2619 907 2689 integritate
933 2655 949 2679 ,
982 2630 1148 2685 usque
1171 2616 1225 2670 in
1255 2623 1627 2683 tempestatem
1650 2612 2036 2684 persecutionis

459 2711 768 2768 Diocletiani
816 2719 870 2765 et
904 2706 1248 2771 Maximiani,
1278 2720 1383 2775 qua
1405 2705 1584 2775 plures
1624 2714 1748 2759 sunt
1791 2702 2037 2773 passione

456 2801 718 2857 coronati.

528 2891 633 2948 Sed
662 2900 718 2946 et
744 2890 996 2959 deinceps
1026 2888 1080 2942 in
1118 2885 1223 2942 ﬁde
1263 2885 1532 2941 dominica
1586 2897 2033 2954 perseveravere,

455 2984 589 3038 adeo
613 2991 670 3037 ut
697 2995 797 3037 nec
821 2980 1011 3035 haeresi
1040 2977 1295 3033 cederent
1323 2975 1621 3043 Pelagianm
1645 3012 1662 3038 ,
1690 2974 1781 3028 sed
1811 2988 1905 3041 per
1944 2988 2035 3029 ac-

455 3074 681 3131 cersitos
714 3071 998 3143 episcopos
1041 3066 1318 3124 Gallorum
1345 3106 1362 3133 ,
1389 3064 1665 3121 convictos
1709 3062 1942 3130 perﬁdos
1966 3070 2040 3117 ’et

2127 1877 2334 1932 Interea
2366 1894 2470 1932 non
2499 1887 2747 1949 poterant
2771 1881 2986 1937 lunares
3011 1883 3191 1955 cyclos
3218 1883 3428 1955 publice
3455 1885 3693 1949 tradere,

2128 1985 2196 2025 ne
2225 1969 2461 2027 cmlestia
2490 1972 2751 2040 promissa
2781 1974 3005 2028 terrenis
3042 1974 3511 2030 azillicitationibus
3535 1974 3698 2030 ullus-

2129 2069 2314 2118 carent
2333 2070 2386 2118 et
2406 2071 2658 2118 evacuata
2684 2078 2843 2118 cruce
2855 2062 3050 2120 Christi
3079 2064 3695 2122 inaniter-cucurrissent.

2134 2152 2292 2210 Pauci
2320 2164 2412 2209 aut
2438 2155 2544 2208 rari
2575 2162 2701 2209 tunc
2738 2155 2805 2211 de
2832 2153 3034 2211 Pascha
3062 2155 3436 2227 disputabant,
3468 2158 3699 2212 maxime

2132 2261 2253 2300 cum
2298 2245 2463 2301 totius
2505 2246 2686 2301 mundi
2733 2248 2909 2304 rabies
2946 2263 3159 2303 omnem
3211 2248 3442 2304 animam
3487 2248 3700 2304 Christo
3794 2246 3807 2261 ‘

2133 2337 2440 2394 credentem
2468 2338 2697 2408 puniret.
2721 2340 2789 2393 At
2817 2339 2906 2395 ubi
2931 2339 3224 2408 subiugatis
3248 2340 3460 2395 Christo
3488 2340 3702 2409 regibus

2134 2437 2190 2484 et
2216 2430 2450 2499 tyrannis
2469 2427 2702 2484 Ecclesia
2733 2444 2956 2496 regnare
2982 2431 3165 2500 cmpit,
3187 2438 3313 2486 tunc
3339 2431 3546 2500 publice
3572 2446 3701 2486 con-

2135 2519 2271 2575 ciliis
2304 2518 2499 2574 habitis
2542 2518 2609 2574 de
2640 2517 2840 2573 Pascha
2889 2519 3037 2573 etde
3079 2520 3286 2575 caeteris
3325 2519 3702 2576 ecclesiasticis

2136 2610 2485 2666 sacramentis
2514 2610 2728 2665 decreta
2757 2611 3052 2680 apostolica
3082 2612 3482 2681 qumrebantur;
3503 2624 3557 2667 et
3583 2626 3703 2681 qn:e

2138 2709 2297 2755 antea
2327 2702 2566 2770 neglecta
2601 2710 2791 2765 erant,
2823 2701 2906 2756 vel
2951 2702 3173 2759 diversis
3221 2704 3273 2758 in
3313 2703 3459 2759 locis
3481 2703 3706 2759 diversis

2139 2792 2312 2848 modis
2334 2792 2644 2860 agebantur,
2658 2792 2909 2862 quidquid
2933 2792 3000 2847 ad
3027 2793 3182 2853 unius
3205 2793 3323 2849 ﬁdei
3345 2794 3705 2860 integritatem

2138 2885 2500 2955 poscebatur,
2548 2885 2701 2941 unius
2752 2884 3000 2940 Ecclesiae
3054 2884 3245 2941 incude
3297 2885 3701 2941 inl'ormabatur.

2141 2975 2276 3031 lluic
2298 2991 2426 3046 ergo
2439 2976 2664 3043 regulari
2678 2976 3088 3031 christianitatis
3108 2976 3464 3033 communicet
3494 2977 3705 3042 unitati,

2142 3068 2382 3138 quisquis
2410 3083 2441 3123 a
2483 3066 2699 3124 Christo
2741 3084 2849 3123 non
2889 3068 3004 3124 vult
3047 3067 3306 3125 abscindi.
3338 3070 3433 3125 llis
3459 3072 3710 3126 omnibus

457 3168 661 3232 hostes,
690 3165 1035 3237 proﬂigarent
1062 3179 1093 3220 a
1128 3179 1208 3220 se.
1236 3158 1614 3218 Verumtamen
1644 3157 1794 3227 luxu,
1825 3156 2038 3211 tandem
2067 3177 2112 3238 ρ
2144 3160 2381 3217 Britanni
2411 3174 2704 3236 repugnare
2732 3159 2903 3233 magis
2922 3178 3079 3233 quam
3110 3163 3451 3232 acquiescere
3476 3171 3705 3218 certant.

458 3268 516 3314 et
533 3256 835 3326 arrogantia
857 3253 1118 3324 corrupti,
1133 3252 1258 3307 dum
1280 3252 1422 3309 vitiis
1446 3251 1649 3306 malunt
1667 3245 1855 3319 subjici
1877 3259 2037 3320 quam

455 3352 582 3422 iugo
613 3350 856 3419 Domini,
876 3348 1061 3418 gladio
1089 3347 1368 3416 gentilium
1393 3346 1594 3413 deleti,
1624 3353 1677 3402 et
1701 3347 1888 3416 paucis
1915 3347 2039 3402 reli-

458 3447 579 3516 quis
611 3445 767 3521 jAl.,
809 3445 862 3498 in
904 3442 1091 3514 paucis
1128 3440 1407 3513 reliquiis]
1463 3457 1601 3512 pene
1640 3457 1672 3497 a
1715 3451 1827 3498 tota
1866 3443 2038 3512 patria

459 3534 697 3606 propulsi
720 3573 736 3600 ,
768 3533 823 3590 in
849 3532 1113 3589 silvestria
1139 3540 1195 3589 et
1228 3532 1430 3588 sterilia
1458 3532 1576 3588 loca
1603 3540 1730 3588 sunt
1757 3533 2036 3588 coarctati.

462 3622 555 3677 llis
583 3636 712 3692 ergo
763 3620 1086 3694 apostolicus
1112 3620 1321 3690 legatus
1345 3620 1555 3678 Domini
1595 3621 1919 3691 Augustinus
1946 3639 2040 3680 crr-

461 3712 613 3782 piens
659 3710 886 3778 mederi,
941 3710 1247 3781 Anglosque
1306 3719 1362 3766 et
1416 3711 1560 3780 ipsos
1610 3727 1771 3767 unam
1824 3720 2039 3781 gentem

462 3817 729 3871 unumque
756 3817 950 3875 corpus
972 3801 1186 3858 efﬁcere
1204 3800 1422 3868 Christi,
1453 3790 2041 3860 convocatisillustrio-

463 3892 610 3945 rilms
652 3890 827 3958 gentis
849 3931 866 3958 ,
894 3890 1060 3959 erepit
1104 3889 1354 3945 insistere
1382 3890 1529 3944 omni
1557 3891 1774 3947 suadela
1803 3901 2041 3963 paternae

463 3982 761 4038 dulcedinis
784 4024 801 4050 ,
834 3982 1082 4037 mnibus
1109 3981 1401 4037 visceribus
1440 3983 1716 4039 charitatis
1736 4025 1752 4050 ,
1776 3992 2041 4054 quatenus

466 4090 683 4129 onmem
698 4073 845 4128 Cirris
855 4082 911 4129 to
931 4072 1294 4131 adversariam
1311 4073 1697 4131 dissensionem
1708 4075 2037 4144 abdicantes,

466 4166 638 4223 Deum
683 4166 831 4238 pacis
877 4165 1255 4232 admitterent,
1283 4174 1338 4221 et
1367 4182 1471 4220 una
1516 4181 1698 4223 secum
1751 4168 1863 4223 Deo
1903 4168 2042 4226 filios

462 4261 767 4332 adoptionis
793 4259 998 4330 sibique
1022 4258 1330 4316 cobtnredes
1357 4259 1589 4316 caelestis
1616 4260 1764 4329 regni
1793 4262 2041 4330 acquire-

465 4361 603 4407 rent.
636 4352 870 4409 Instabat
913 4353 1075 4409 etiam
1119 4353 1329 4411 obnixis
1357 4353 1604 4424 precibus
1632 4362 1688 4409 et
1726 4354 1943 4408 monitis
1985 4362 2044 4409 ut

465 4441 785 4498 dominicum
814 4442 843 4481 ι»
876 4443 1077 4502 Pascha
1125 4444 1399 4501 communi
1442 4445 1608 4501 totius
1657 4445 1802 4501 orbis
1843 4461 1940 4501 usu
1987 4455 2043 4501 et

2145 3257 2244 3313 Vix
2269 3270 2504 3327 unquam
2548 3251 2862 3311 crediderim
2890 3267 3192 3323 praeconem
3231 3252 3327 3309 Dei
3357 3251 3709 3320 Augustinum

2138 3362 2168 3401 a
2204 3360 2472 3417 quoquam
2501 3358 2833 3415 paganorum
2872 3340 3064 3411 majori
3104 3341 3383 3412 fatigatum
3420 3340 3710 3396 verborum

2139 3437 2360 3506 ambage
2387 3453 2401 3489 :
2433 3434 2572 3491 adeo
2615 3433 2745 3488 nihil
2780 3432 2977 3487 sacvius
3005 3442 3089 3487 est
3115 3432 3415 3488 domestico
3444 3432 3596 3487 hoste
3626 3431 3713 3484 vri

2137 3528 2280 3586 civili
2322 3526 2828 3584 irrationabilitate:
2862 3538 2985 3578 nam
3027 3524 3131 3579 hoc
3166 3530 3249 3578 est
3285 3521 3352 3577 ad
3388 3520 3585 3578 bestias
3612 3536 3715 3590 pu-

2137 3632 2301 3689 gnare
2317 3658 2333 3684 ,
2358 3617 2442 3673 vel
2465 3617 2716 3674 intestina
2747 3615 2884 3671 bella
2912 3614 3071 3671 ferre.

2208 3708 2298 3764 55.
2319 3708 2425 3764 Sed
2446 3708 2648 3764 assecla
2669 3706 2898 3770 Domini,
2923 3714 3045 3776 post
3064 3702 3334 3761 Christum
3355 3710 3411 3757 et
3439 3700 3717 3772 apostolos

2140 3799 2329 3855 doctus
2355 3798 2571 3854 vincere
2596 3796 2879 3867 patientia,
2929 3794 3111 3851 omnia
3157 3791 3334 3849 studet
3361 3790 3619 3860 experiri,
3652 3798 3714 3843 ut

2138 3889 2226 3946 vel
2269 3890 2449 3946 divino
2488 3888 2682 3945 cedant
2726 3886 2986 3951 examini,
3016 3884 3109 3954 qui
3156 3882 3433 3940 dominicae
3460 3883 3717 3937 resistunt

2140 3981 2411 4049 legationi.
2440 3980 2483 4034 A
2508 3978 2639 4044 Deo,
2669 3978 2857 4048 inquit,
2889 3976 3034 4047 pacis
3061 3984 3116 4031 et
3141 3974 3401 4040 veritatis,
3432 3972 3521 4041 qui
3562 3971 3717 4028 habi-

2144 4082 2257 4128 tare
2302 4071 2432 4128 facit
2476 4070 2756 4126 unanimes
2811 4070 2864 4123 in
2914 4071 3102 4143 domo,
3151 4065 3333 4121 doceri
3385 4063 3718 4134 postulemus

2140 4166 2398 4222 evidentia
2426 4165 2561 4232 signi
2600 4163 2826 4230 indicio,
2865 4176 3091 4231 quorum
3121 4161 3354 4216 sanctior
3380 4160 3450 4214 sit
3495 4165 3716 4213 senten-

2143 4259 2252 4325 tia,
2298 4273 2416 4327 qua:
2463 4256 2515 4311 in
2565 4255 2668 4311 hac
2708 4252 3073 4311 controversia
3129 4249 3360 4307 tenenda
3422 4248 3493 4304 sit
3551 4247 3714 4302 linea.

2142 4350 2376 4417 Qumrite
2403 4349 2455 4403 in
2494 4347 2672 4417 aliquo
2700 4360 2840 4415 mgro
2867 4344 2949 4399 vel
2978 4343 3139 4400 debili
3167 4342 3404 4399 veritatis
3435 4340 3717 4410 experien-

2147 4442 2291 4507 tiam,
2321 4439 2410 4509 qui
2441 4452 2622 4496 coram
2648 4436 2911 4491 admissus
2937 4434 3129 4505 probet
3156 4435 3207 4488 in
3248 4433 3465 4488 nomine
3505 4429 3715 4485 Domini

465 4533 750 4588 concordia
774 4549 872 4589 suo
917 4542 1159 4607 tempore
1201 4536 1575 4604 celebrarent,
1605 4535 1792 4591 relicto
1834 4536 2039 4591 scilicet
2069 4535 2120 4595 D
2146 4531 2405 4587 curatoris
2429 4529 2509 4584 sui
2532 4528 2879 4585 assertionem
2902 4540 3105 4585 veram.
3128 4522 3277 4579 lianc
3291 4524 3714 4595 propositionem

466 4637 685 4689 errore,
723 4637 828 4691 quo
867 4640 898 4678 a
941 4625 1337 4694 quartadecima
1377 4627 1501 4682 luna
1530 4641 1697 4696 usque
1746 4625 1814 4681 ad
1850 4625 2042 4696 vigesi-

466 4727 607 4767 mam
654 4712 769 4767 hinc
818 4712 950 4768 testa
981 4716 1344 4784 usurpabant,
1375 4729 1486 4784 quo
1535 4716 1736 4770 ambitu
1765 4716 2038 4784 octoginta

466 4813 695 4871 quatuor
716 4805 842 4859 armi
877 4804 1228 4872 calculantur;
1260 4814 1515 4875 prauerea
1544 4806 1597 4861 in
1625 4808 1808 4862 multis
1830 4808 1946 4863 aliis
1972 4807 2039 4861 ab

467 4894 828 4957 ecclea'astica
857 4893 1037 4967 regula
1075 4898 1351 4953 deviantes
1373 4940 1388 4966 ,
1427 4898 1741 4968 resipiscere
1765 4899 2040 4968 postulan-

468 4994 575 5042 tur.
618 4987 688 5043 At
730 4987 968 5045 Britanni
1017 5005 1126 5059 quo
1164 4990 1342 5044 mitius
1391 4996 1668 5059 petuntur,
1698 5002 1765 5043 eo
1813 4988 2040 5044 ferocius

470 5079 808 5147 renituntur:
836 5088 891 5136 et
917 5096 1040 5135 cum
1069 5096 1193 5137 suas
1221 5080 1624 5136 observationes
1652 5079 1899 5136 omnibus
1926 5079 2044 5136 aliis

468 5166 864 5242 praistantiores
908 5187 1027 5227 esse
1079 5172 1380 5241 glossentur
1443 5171 1562 5245 [ΑΙ.
1589 5213 1606 5241 ,
1668 5170 2040 5242 grassentur],

468 5262 614 5319 anlla
640 5261 863 5317 rationis
890 5261 1148 5316 modestia
1175 5260 1479 5317 flectuntur.
1509 5259 1892 5315 Autorisabant
1917 5274 2044 5314 suas

469 5352 855 5418 (mremonias,
883 5366 989 5406 non
1028 5351 1201 5405 solum
1248 5366 1280 5406 a
1321 5360 1510 5406 sancto
1556 5349 1865 5405 Eleutherio
1903 5364 2042 5419 papa

471 5441 643 5507 primo
688 5441 988 5497 institutore
1017 5456 1115 5496 suo
1137 5482 1153 5507 ,
1185 5441 1253 5496 ab
1296 5441 1409 5510 ipsa
1436 5455 1574 5512 pene
1602 5440 1824 5495 infantia
1849 5438 2039 5496 Eccle—

544 5562 570 5589 ⁸
608 5520 870 5610 coluntur
914 5561 1122 5608 sanctus
1155 5551 1339 5606 Lucius
1386 5551 1421 5605 5
1462 5550 1717 5606 Decemb.
1752 5558 1809 5604 et
1834 5563 2040 5609 sanctus

477 5619 797 5693 ιῖΙινιηΙιριῆηε
823 5639 959 5693 papa
1007 5624 1107 5679 hac
1144 5622 1215 5676 26
1246 5622 1364 5677 Maii
1392 5638 1408 5676 :
1441 5621 1506 5675 ad
1556 5619 1711 5689 cujus
1737 5621 1897 5675 vitam
1928 5625 2041 5680 haec

475 5690 628 5744 latins
657 5690 1010 5758 exponuntur.

547 5761 571 5796 λ’
612 5761 686 5813 De
716 5763 814 5814 hac
838 5764 1201 5819 controversia
1227 5763 1420 5834 passim
1452 5760 1591 5822 Beda
1638 5769 1687 5819 et
1712 5760 1801 5817 alii
1830 5771 1992 5834 agunt
2018 5762 2061 5833 ,'

2146 4623 2393 4677 omnibus
2440 4619 2892 4690 approbantibus,
2961 4625 3016 4672 ct
3075 4617 3201 4686 ipsis
3261 4616 3547 4672 rebellibus
3591 4615 3716 4668 licet

2143 4715 2357 4780 invitis,
2385 4714 2530 4768 vertit
2556 4712 2622 4766 ad
2660 4725 2875 4765 manum
2920 4706 3133 4777 quidam
3180 4722 3245 4761 ex
3295 4706 3514 4775 Anglis,
3561 4704 3717 4771 cujus

2142 4807 2310 4861 oculis
2329 4806 2564 4862 extincta
2594 4811 2744 4858 erant
2780 4800 2970 4870 gaudia
3017 4800 3170 4854 lueis.
3217 4798 3413 4864 Credo,
3460 4797 3716 4853 Deinqu
3801 4850 3813 4867 κ

2144 4897 2389 4950 inventus
2435 4903 2517 4948 est
2562 4892 2864 4962 angligena,
2907 4903 2973 4943 ne
3024 4888 3328 4943 Britonibus
3372 4888 3464 4959 (si
3511 4886 3577 4941 de
3603 4886 3714 4941 suis

2143 4986 2324 5057 esset)
2371 4987 2752 5042 extuberarent
2784 4982 3085 5052 supercilia.
3128 4979 3331 5035 Horum
3360 4994 3489 5047 ergo
3534 4992 3716 5032 sacer-

2143 5080 2354 5136 dotibus
2397 5077 2640 5147 primitus
2679 5075 2934 5142 ingeritur
2981 5087 3154 5128 caecus
3181 5071 3482 5136 curandus,
3531 5078 3590 5123 ut
3630 5069 3714 5124 his

2142 5170 2512 5229 deﬁcientibus
2539 5183 2696 5222 verus
2726 5166 2876 5223 testis
2915 5164 3155 5219 veritatis
3179 5171 3235 5219 et
3278 5177 3434 5219 verus
3479 5161 3715 5216 clareret

2142 5263 2397 5318 medicus.
2420 5258 2572 5314 Omni
2601 5259 2779 5326 itaque
2792 5254 3089 5311 temeritate
3116 5254 3358 5319 confusa,
3389 5252 3715 5319 Augustinus

2145 5352 2361 5408 humilis
2395 5349 2563 5405 flectit
2610 5360 2814 5415 genua;
2845 5359 3004 5399 orans
3046 5359 3200 5399 suum
3229 5342 3712 5412 compertissimum

2090 5514 2094 5518 Α
2145 5445 2441 5499 auditorem
2489 5448 2545 5496 et
2591 5437 2999 5493 illustrissimum
3042 5436 3225 5491 mundi
3268 5435 3711 5495 illuminatorem,

2147 5563 2201 5608 et
2228 5568 2325 5608 nos
2354 5553 2407 5607 in
2436 5551 2599 5607 variis
2646 5547 2779 5603 actis
2824 5564 2839 5600 :
2889 5546 2964 5601 uti
3020 5548 3187 5600 sancti
3231 5546 3426 5600 Commi
3467 5544 3710 5613 episcopi

2149 5622 2589 5677 Lindisfarnensis
2638 5620 2704 5672 ib
2736 5617 3005 5671 Feli'uarii
3032 5657 3048 5679 ,
3079 5620 3243 5671 sancti
3276 5616 3509 5686 Wufridi
3536 5616 3711 5671 archi-

2147 5694 2381 5764 episcopi
2414 5691 2786 5754 Ehoracensis,
2819 5686 2885 5739 2i
2916 5688 3110 5757 Aprilis
3174 5698 3223 5741 et
3253 5689 3496 5741 aliorum.
