3976 6178
233 368 310 425 ’Π
1450 363 1607 418 ἯΤΛ
1642 360 1888 420 δΛΝΟΤΙ
1929 359 2315 417 AUGUSTINI.
3441 362 3509 414 τε

240 487 302 535 ut
322 493 472 536 (meo
497 479 685 533 reddat
714 479 934 541 lumina,
961 492 1070 548 quo
1101 478 1154 532 in
1200 477 1302 531 lidc
1343 486 1397 531 et
1432 479 1692 547 spirituali
1721 492 1834 547 gra-
1863 480 1909 537 Δ
1937 475 2018 528 vir
2043 474 2253 529 Domini
2278 474 2527 529 omnibus
2554 474 2727 529 modis
2756 477 2927 530 adimo
2953 485 3166 529 certans
3189 477 3414 541 lucrari,
3443 479 3512 530 tie

240 570 314 624 tia
354 568 648 624 multorum
710 569 1086 623 illuminentur
1127 578 1373 637 pectora.
1435 569 1586 624 Tunc
1630 570 1832 623 homini

238 662 398 729 signo
423 660 599 715 crucis
625 660 898 729 imposito,
929 674 1050 714 cum
1077 659 1182 714 hoc
1215 659 1335 715 fidei
1366 660 1560 727 verbo,
1594 680 1611 711 ι
1642 660 1701 715 ln
1730 661 1834 715 hoc

237 752 399 821 signo
443 751 696 807 ostendat
738 751 994 806 Dominus
1040 766 1258 816 rerum,
1306 752 1460 821 cujus
1524 753 1717 821 dogma
1768 753 1835 807 sit

238 856 463 905 verum,
504 861 522 892 ι
566 856 743 896 caecus
790 841 1042 896 reseratis
1073 842 1341 911 palpebris
1382 843 1730 911 illuminatur,
1779 850 1835 897 et

241 940 367 1002 post
390 932 603 999 longam
627 941 841 985 noctem
866 946 1062 986 sereno
1088 932 1174 986 die
1216 932 1524 986 infunditur.
1569 934 1649 985 Ah
1688 934 1834 986 onmi

246 1021 454 1091 populo
483 1022 602 1075 laus
642 1021 873 1077 Domino
903 1023 1233 1076 acclamatur
1252 1066 1267 1090 ,
1300 1033 1353 1077 et
1383 1024 1516 1077 fidus
1566 1025 1715 1077 testis
1743 1024 1833 1077 Dei

241 1128 306 1168 ac
330 1128 499 1167 verax
522 1114 636 1167 veri
690 1114 956 1182 dogmatis
984 1122 1222 1170 assertor
1246 1116 1573 1183 Augustinus
1603 1115 1839 1170 celebra-

242 1211 367 1267 tur;
399 1204 497 1271 ipsi
524 1203 686 1258 etiam
724 1204 1009 1273 Britones,
1054 1213 1202 1260 tanta
1252 1206 1371 1260 lucc
1398 1208 1609 1271 obruti,
1655 1207 1836 1261 favent

240 1294 439 1359 modo;
480 1305 698 1361 ettvera
749 1310 866 1349 esse
909 1304 1233 1352 attestantur
1262 1296 1672 1367 przedicamenta
1700 1297 1831 1366 ejus,

241 1392 396 1438 tanto
424 1383 580 1453 signo
604 1383 874 1439 declarata
901 1402 915 1437 :
946 1386 1041 1439 sed
1070 1400 1128 1440 se
1158 1402 1262 1441 non
1290 1402 1446 1457 posse
1472 1388 1586 1440 sine
1614 1401 1834 1441 suorum

241 1475 508 1543 majorum
537 1476 783 1531 consultu
830 1486 881 1531 et
926 1492 1153 1531 assensu
1187 1479 1387 1547 patrias
1411 1479 1555 1547 leges
1583 1478 1831 1547 abjicere.

241 1564 377 1621 Hinc
404 1569 587 1637 petitae
636 1578 688 1621 et
728 1568 866 1621 datae
898 1568 1154 1634 inducite,
1185 1569 1309 1623 dum
1344 1583 1458 1639 synt
1482 1569 1582 1624 dus
1612 1569 1836 1623 iterare-

241 1665 350 1722 tur,
376 1666 436 1711 et
457 1656 700 1726 pluribus
726 1658 1169 1713 convenientibus
1190 1658 1316 1728 quid
1342 1659 1669 1728 sequendum
1693 1667 1836 1716 esset

241 1757 585 1803 tractaretur.
618 1748 745 1803 [hec
773 1760 892 1803 acta
923 1760 1290 1804 memorantur
1319 1751 1369 1804 in
1404 1751 1522 1805 loco
1553 1752 1640 1805 ubi
1666 1766 1834 1820 usque

1937 564 2155 630 multis,
2206 566 2395 635 quibus
2449 566 2867 623 adversabantur
2908 566 3157 621 Ecclesia:
3206 569 3511 631 universali,

1938 658 2040 713 tria
2078 660 2357 729 proposuit
2379 659 2730 727 observanda,
2754 669 2811 715 ut
2838 674 3028 716 cetera
3048 662 3263 716 tolerari
3294 673 3515 732 possent

1936 751 2203 806 contraria
2239 769 2252 803 :
2283 750 2537 807 videlicet
2578 762 2635 807 ut
2692 752 2889 821 pascha
2931 767 3031 806 suo
3084 761 3324 822 tempore
3372 754 3519 807 sicut

1938 857 2125 897 omnes
2152 840 2405 896 Ecclesia:
2426 842 2789 908 celebrarent,
2821 849 2876 893 ut
2905 842 3152 909 baptismi
3176 852 3511 896 sacramenta

1937 933 2306 987 ecclesiastico
2334 934 2519 987 ordine
2549 943 2883 1003 peragerent,
2914 941 2970 986 ct
3002 932 3182 1000 Anglis
3211 948 3313 987 una
3334 948 3515 987 secum

1937 1024 2352 1091 cvangelizando
2382 1025 2571 1079 fratres
2610 1034 2667 1078 et
2712 1026 2960 1079 concives
3005 1026 3155 1094 regni
3195 1025 3288 1080 Dei
3333 1028 3517 1095 actiui-

1937 1125 2136 1171 rereut.
2188 1118 2492 1172 Adversarii
2536 1133 2663 1173 vero
2708 1118 2886 1172 omnia
2913 1118 3187 1186 abjiciunt,
3215 1134 3313 1173 nec
3342 1121 3516 1174 solum

1936 1220 1994 1260 se
2034 1206 2152 1273 ejus
2199 1206 2462 1260 mandatis
2515 1206 2597 1260 vel
2650 1206 2898 1276 precibus
2944 1206 3320 1276 obtemperare
3350 1209 3513 1273 nolle,

1936 1296 2031 1349 si‘d
2060 1312 2159 1351 nec
2196 1297 2507 1365 episcopum
2552 1312 2673 1351 eum
2724 1297 2923 1351 habere
2953 1298 3090 1351 velle
3117 1308 3385 1353 asserunt.
3414 1299 3518 1367 Qui

1936 1387 2106 1453 enim,
2136 1388 2385 1455 aiebant,
2429 1386 2834 1441 advenientibus
2884 1386 3039 1441 nobis
3090 1386 3408 1456 dedignatus
3438 1401 3519 1444 est

1935 1492 2245 1546 assurgere,
2279 1486 2479 1543 quanto
2503 1476 2668 1544 magis
2697 1492 2795 1531 nos
2825 1477 3094 1546 Opprimet
3135 1477 3179 1532 si
3226 1478 3517 1533 subdantur

1936 1569 2125 1625 ditioni
2152 1569 2302 1623 sum?
2333 1567 2526 1636 Liquet
2558 1581 2686 1635 ergo
2714 1581 2875 1635 quam
2904 1565 3017 1620 miti
3045 1576 3100 1621 et
3145 1566 3329 1620 humili
3355 1569 3518 1622 corde

1937 1659 2123 1728 jugum
2169 1658 2368 1713 Christi
2392 1655 2574 1712 tulerit
2621 1657 2709 1710 ille
2738 1656 2947 1711 Domini
2996 1657 3164 1719 fidelis
3194 1667 3247 1713 et
3287 1658 3518 1727 prudens

1936 1744 2193 1808 vicarius,
2243 1744 2333 1813 qui
2363 1742 2667 1807 assidebat;
2711 1751 2767 1797 et
2806 1758 2970 1811 quam
3020 1746 3152 1797 dura
3199 1746 3408 1801 cervice
3454 1763 3519 1801 ac

239 1837 401 1893 hodie
433 1839 608 1906 lingua
642 1839 814 1908 Anglo
846 1856 935 1893 um
984 1840 1373 1909 Augustine-ac,
1417 1842 1469 1895 id
1515 1850 1597 1895 e-t
1638 1841 1820 1896 Robur
1856 1846 1896 1904 Β
1926 1834 2127 1891 tumido
2154 1836 2315 1889 corde
2341 1849 2400 1889 se
2444 1835 2574 1902 jugo
2612 1833 2823 1889 Domini
2852 1835 3111 1890 rebellare
3158 1836 3517 1905 prodiderint,

239 1929 560 1996 Augustini,
582 1930 635 1983 in
663 1930 898 1984 confinio
926 1929 1252 1985 Wicciorum
1286 1940 1311 1967 "
1341 1942 1395 1985 et
1416 1930 1831 1987 occidentalium

236 2018 518 2073 Saxonum
547 2019 879 2088 appellatur,
913 2019 1001 2073 ubi
1025 2021 1273 2090 contigua
1290 2030 1371 2075 est
1396 2021 1626 2074 maxima
1654 2021 1831 2075 Brito-

238 2124 370 2163 num
401 2109 697 2178 provincia.

309 2201 402 2257 δι.
436 2201 655 2271 Septem
686 2217 817 2270 ergo
846 2201 1119 2258 Britonum
1167 2203 1446 2274 pontifices
1472 2248 1488 2272 ,
1518 2219 1635 2259 cum
1665 2207 1827 2276 pluri-

236 2295 342 2348 bus
370 2293 751 2349 eruditissimis
784 2295 932 2361 viris,
965 2297 1196 2351 maxima
1227 2296 1294 2352 de
1322 2298 1657 2353 nobilissimo
1687 2300 1833 2369 ipso-

236 2401 363 2440 rum
413 2386 784 2449 monastcrio,
838 2388 982 2454 quod
1027 2387 1052 2426 δ
1109 2387 1580 2442 Bancornhabarlte
1629 2391 1836 2459 anglice

236 2476 577 2547 appellatur,
605 2478 692 2531 cui
725 2486 849 2532 tunc
878 2478 1046 2532 abbas
1088 2478 1281 2532 Dinoot
1313 2489 1573 2549 prmerat,
1607 2480 1669 2535 ad
1703 2497 1834 2537 con-

234 2571 422 2624 silium
450 2572 599 2632 ituri,
632 2568 941 2641 quemdam,
974 2572 1353 2626 anachoretica
1385 2574 1490 2626 vita
1525 2575 1662 2643 apud
1693 2576 1835 2644 ipsos

237 2660 541 2729 insignem,
589 2663 762 2715 virum
806 2672 1049 2715 sanctum
1096 2678 1160 2716 ac
1209 2663 1553 2732 prudentem,
1581 2665 1838 2720 adeuntes

236 2762 295 2808 et
334 2753 415 2807 rei
445 2753 690 2807 ordinem
727 2763 1057 2821 exponentes
1096 2756 1415 2822 consulunt,
1449 2772 1516 2811 an
1555 2756 1835 2828 Augustini

235 2842 546 2897 doctrinam
569 2843 828 2897 sectanda
853 2846 1054 2913 patrias
1076 2844 1484 2902 observationes
1506 2847 1832 2904 abdicarent.

235 2931 450 3000 Quibus
488 2932 580 2987 ille
621 2949 635 2985 :
668 2932 800 2998 Dei,
844 2934 1048 3003 inquit,
1099 2935 1355 2990 lamulum
1406 2938 1451 2991 si
1489 2940 1833 3007 cognovitis,

234 3022 549 3078 sectamini.
574 3022 686 3078 Nos
714 3037 843 3077 vero
870 3065 885 3090 ,
929 3026 1113 3089 aiunt,
1166 3026 1306 3081 unde
1356 3032 1837 3096 rccognescemus?

236 3110 374 3167 Tun
407 3113 529 3168 ille:
566 3114 756 3169 Audite
778 3152 793 3178 ,
825 3115 1091 3185 inquit,et
1119 3116 1309 3173 discite
1338 3134 1367 3172 a
1396 3117 1622 3174 Domino
1652 3123 1837 3189 praeei-

1937 1926 2027 1995 qui
2056 1926 2321 1980 astabant.
2353 1925 2614 1985 Nec.vero
2646 1927 2697 1980 in
2729 1927 2968 1982 sessione
2996 1929 3081 1982 vel
3103 1930 3516 1993 assurrectiom-,

1936 2017 2028 2071 sed
2053 2017 2105 2070 in
2136 2016 2545 2071 mansuetudine
2573 2032 2639 2072 ac
2665 2018 2952 2072 dilectione
2980 2018 3214 2074 fraterna
3232 2024 3521 2089 cognosci-

1939 2116 2023 2160 tur
2077 2107 2243 2161 homo
2287 2106 2380 2161 Dei
2409 2149 2424 2175 ,
2463 2122 2585 2163 cum
2628 2116 2685 2162 et
2725 2108 2918 2163 sedens
2945 2108 3392 2165 clementissimus
3416 2150 3432 2175 ,
3461 2121 3518 2166 et

1935 2207 2083 2253 stans
2110 2198 2430 2253 sa:vi.simus
2469 2197 2637 2267 possit
2665 2198 2888 2268 reperiri
2920 2217 2932 2252 :
2965 2208 3223 2269 praeterea
3264 2201 3520 2258 indecens

1938 2292 2230 2346 haberetur
2254 2292 2520 2347 sanctioni
2557 2292 2974 2356 ecclesiasticis,
3024 2302 3084 2347 ut
3131 2302 3237 2347 tam
3281 2295 3422 2349 feros
3466 2306 3523 2350 et

1938 2399 2194 2439 erroneos
2223 2383 2435 2439 inﬂaret
2461 2385 2807 2454 assurgendo,
2839 2400 2977 2454 quos
3017 2387 3196 2456 potius
3220 2388 3519 2455 corrigeret

1938 2476 2283 2545 increpando.
2338 2476 2575 2532 Tandem
2605 2491 2734 2531 vero
2755 2476 3055 2532 dominicus
3084 2478 3332 2546 armiger,
3357 2459 3521 2549 super

1939 2568 2328 2636 incorrigibiles
2357 2568 2573 2624 vibrans
2601 2568 2833 2638 gladium
2866 2568 3095 2635 Domini,
3135 2569 3275 2624 hanc
3301 2579 3520 2625 senten-

1940 2660 2067 2711 tiam
2099 2658 2402 2728 promulgat
2430 2660 2619 2729 spiritu
2648 2668 2705 2715 et
2732 2675 2827 2715 ore
2856 2661 3155 2731 prophetali
3187 2680 3200 2715 :
3226 2661 3300 2725 Si,
3327 2662 3517 2730 inquit,

1940 2764 2046 2801 non
2098 2749 2461 2817 acquiescitur
2515 2751 2793 2815 monenti,
2847 2751 3051 2806 credite
3097 2753 3457 2807 interminanti
3502 2792 3520 2818 ,

1938 2839 2062 2907 quia
2090 2855 2226 2909 quos
2263 2840 2553 2909 repudiatis
2580 2842 2779 2896 habere
2807 2841 3056 2911 paciﬁcos
3086 2842 3308 2906 fratres,
3351 2842 3521 2897 habe-

1940 2928 2065 2982 bitis
2086 2928 2404 2982 smvissimos
2429 2930 2639 2995 hostes;
2672 2941 2727 2985 et
2768 2932 2961 2999 quibus
2988 2931 3242 2986 invidetis
3289 2932 3521 2986 societa-

1941 3029 2047 3073 tem
2073 3019 2221 3086 regni
2251 3019 2374 3084 Dei,
2403 3020 2470 3073 ab
2500 3022 2600 3074 hac
2628 3022 2732 3074 vita
2762 3032 2817 3075 et
2844 3037 3009 3090 regno
3059 3022 3187 3091 ipsis
3213 3023 3522 3077 debellanti—

1940 3110 2038 3165 bus
2058 3110 2207 3165 eritis
2234 3110 2529 3165 auferendi.
2563 3110 2653 3166 Sic
2679 3112 2906 3167 rebelles
2928 3112 3157 3177 veritati,
3183 3113 3520 3182 veriloquum

235 3203 421 3273 piente
453 3224 465 3257 :
500 3203 697 3260 Tollite
720 3206 906 3275 jugum
941 3224 1115 3265 meum
1168 3227 1331 3282 super
1356 3229 1472 3282 vos,
1505 3224 1559 3270 et
1582 3217 1774 3273 discite
1803 3236 1832 3273 ει
1867 3212 1909 3272 ι]
1940 3211 2117 3257 vatem
2164 3203 2377 3258 tandem
2423 3212 2548 3258 sunt
2608 3206 2834 3275 experti.
2887 3216 2909 3245 ε
2964 3204 3243 3261 Postremo
3286 3222 3521 3278 namque

234 3308 325 3347 me
353 3295 479 3362 quin
510 3296 656 3351 mitis
684 3312 801 3351 sum
831 3307 887 3353 et
914 3300 1130 3358 humilis
1152 3306 1315 3360 corde
1357 3305 1568 3372 (Matth.
1602 3326 1673 3372 xi,
1722 3309 1835 3378 59).

239 3384 313 3440 Ex
351 3387 470 3441 miti
503 3402 632 3456 ergo
662 3398 715 3442 et
740 3390 925 3444 humili
960 3393 1123 3447 corde
1146 3397 1507 3463 cognoscibile
1539 3400 1689 3455 vobis
1714 3402 1836 3467 erit,

235 3476 604 3545 Augustinum
636 3479 823 3547 jugum
855 3481 1064 3541 Domini
1097 3484 1269 3553 ferre,
1300 3498 1355 3542 et
1383 3488 1678 3546 ferentibus
1716 3509 1839 3547 con-

232 3567 596 3623 descendere.
627 3570 685 3624 Si
716 3585 845 3626 vero
874 3570 1127 3628 ferociam
1156 3578 1239 3630 vel
1267 3582 1659 3635 contumaciam
1708 3599 1838 3654 pra:-

235 3659 493 3725 tenderit,
525 3663 803 3731 quomodo
852 3679 975 3719 eum
1027 3666 1120 3721 Dei
1174 3668 1442 3725 hominem
1489 3674 1574 3727 th
1616 3675 1683 3730 de
1725 3677 1836 3732 Deo

236 3768 358 3809 esse
383 3755 703 3809 constabit?
732 3756 838 3811 Illis
880 3767 1056 3813 autem
1089 3760 1244 3831 hujus
1268 3764 1631 3834 intelligentiae
1660 3783 1837 3822 exem-

240 3846 400 3917 plum
475 3848 823 3916 poscentibus
875 3867 887 3903 :
948 3849 1154 3918 Sinite,
1225 3855 1338 3931 ait,
1391 3856 1539 3911 illum
1586 3860 1834 3929 primitus

234 3936 509 4006 synodum
542 3939 776 4004 intrare,
824 3940 869 3994 si
910 3941 1065 3995 vobis
1106 3946 1606 4013 supervenientibus
1656 3966 1834 4006 assur-

234 4027 462 4089 rexerit,
497 4038 559 4082 ut
587 4028 681 4084 Del
728 4029 929 4086 famulo
960 4046 1269 4090 reverenter
1299 4038 1588 4107 obaudite;
1620 4042 1663 4096 si
1703 4058 1831 4098 vero

234 4118 528 4175 residendo
553 4135 651 4175 vos
678 4122 827 4177 socio
865 4123 1089 4191 honore,
1122 4142 1241 4181 cum
1272 4130 1389 4185 sitis
1413 4135 1827 4201 numerosiores,

239 4208 496 4278 excipere
514 4213 922 4281 contempserit,
936 4223 989 4268 et
1006 4214 1120 4283 ipse
1137 4217 1288 4272 vobis
1308 4223 1723 4292 contemptibilis
1738 4228 1825 4284 sit.

305 4300 401 4356 35.
433 4301 527 4356 llis
570 4304 638 4357 ad
668 4304 938 4359 interitum
987 4321 1141 4361 suum
1178 4311 1340 4366 armis
1370 4315 1662 4384 pnecincti,
1702 4320 1828 4373 dum

235 4407 417 4448 coram
470 4393 793 4459 adveniunt,
858 4397 1210 4468 Augustinum
1259 4401 1313 4457 in
1362 4406 1652 4477 episcopali
1696 4411 1826 4467 sella

234 4482 564 4539 residentem
584 4527 598 4553 ,
625 4500 727 4541 nec
751 4487 849 4543 sibi
882 4504 1099 4558 prorsus
1128 4505 1495 4563 assurgentem
1526 4498 1821 4558 olfendunt.

1944 3305 2219 3365 tempore,
2262 3309 2538 3367 assumpto
2586 3298 2698 3367 jam
2756 3300 2823 3353 ad
2873 3300 3155 3355 Dominum
3203 3299 3516 3369 Augustulo,

1941 3389 2267 3456 armipotens
2295 3391 2585 3459 Anglorum
2616 3407 2709 3446 rex
2738 3392 3094 3448 Ethelfridus
3117 3434 3132 3459 ,
3164 3410 3284 3449 cum
3318 3396 3519 3463 ingenti

1939 3480 2093 3549 copia
2142 3481 2412 3536 civitatem
2443 3484 2737 3551 Legionum
2792 3485 2992 3539 invadit
3035 3500 3170 3554 qum,
3223 3487 3289 3541 ab
3338 3486 3517 3554 Anglii

1938 3574 2080 3643 Lega
2128 3575 2397 3639 Cestra,.a
2443 3576 2747 3632 Britonibus
2794 3586 2973 3631 autem
3021 3579 3217 3634 rectius
3240 3578 3517 3633 Carlezion

1939 3664 1962 3701 ἀ
1996 3678 2354 3734 nuncupatur.
2386 3666 2728 3721 Convenerat
2758 3668 2826 3721 ibi
2856 3669 3071 3735 grandis
3104 3680 3275 3724 cattus
3305 3670 3515 3724 Dilan-

1938 3771 2128 3812 norum
2158 3765 2213 3811 et
2241 3757 2581 3813 sacerdotum
2612 3766 2667 3812 et
2714 3760 3101 3814 monachorum
3140 3760 3206 3813 ad
3250 3760 3515 3815 orandum

1935 3855 2121 3904 contra
2154 3848 2294 3917 regis
2325 3848 2581 3917 impetum
2607 3865 2621 3903 :
2652 3848 2719 3904 de
2745 3852 3071 3906 monasterio
3097 3861 3275 3905 autem
3311 3850 3520 3907 Bancor

1937 3946 2117 3995 tantus
2144 3949 2261 3995 erat
2286 3956 2564 4009 numerus,
2589 3949 2647 3995 ut
2673 3942 2725 3996 in
2756 3950 2965 4013 septem
2988 3952 3190 3998 turmas
3214 3944 3516 4007 distinctus,

1936 4032 1987 4086 in
2020 4032 2161 4087 nulla
2191 4033 2439 4103 portione
2469 4034 2646 4089 minus
2671 4037 2925 4091 trecentis
2952 4036 3256 4092 hominibus
3286 4037 3516 4093 habere-

1936 4132 2039 4189 tur,
2068 4124 2160 4192 qui
2189 4138 2377 4178 omnes
2402 4123 2587 4179 labore
2614 4140 2868 4180 manuum
2907 4127 3255 4192 victitabant;
3288 4142 3517 4196 quorum

1931 4228 2141 4268 summa
2171 4214 2307 4269 ultra
2330 4214 2437 4271 duo
2462 4216 2624 4271 millia
2654 4218 2991 4272 censebatur.
3025 4217 3091 4272 Hi
3135 4232 3354 4282 omnes,
3389 4233 3515 4272 ora-

1932 4304 2135 4360 tionum
2162 4313 2218 4360 et
2244 4306 2685 4377 triduanijejunii
2724 4308 2883 4363 armis
2908 4317 3095 4363 contra
3132 4310 3343 4364 hostem
3373 4310 3515 4363 mili-

1930 4398 2145 4465 tabant;
2174 4414 2310 4469 quos
2335 4400 2388 4454 in
2418 4401 2617 4455 tutiore
2645 4402 2766 4456 loco
2787 4401 3115 4470 compositos
3144 4400 3233 4456 ubi
3260 4417 3354 4457 rex
3383 4402 3517 4458 vidit

1929 4499 1985 4544 et
2013 4504 2228 4545 causam
2255 4490 2563 4559 perpendit:
2611 4489 2784 4546 Proh!
2818 4491 3028 4561 inquit,
3074 4502 3261 4548 contra
3292 4509 3391 4549 nos
3429 4493 3516 4549 isti

234 4575 377 4631 Tum
412 4592 546 4632 vero
594 4578 703 4647 ira,
759 4579 1087 4650 indignatio,
1154 4584 1470 4655 despectus,
1527 4593 1826 4663 repudium,

1939 4582 2123 4637 inermi
2167 4581 2383 4648 dextra,
2416 4582 2509 4637 sed
2539 4591 2744 4637 armata
2777 4584 3022 4640 oratione
3051 4593 3317 4655 pugnant,
3351 4597 3515 4655 atque

236 4665 361 4719 lites
383 4703 399 4727 ,
449 4667 827 4723 contentiones
856 4668 1177 4727 inhorruere
1198 4714 1213 4739 ,
1260 4689 1359 4730 nec
1394 4675 1653 4735 barbarus
1684 4686 1834 4743 furor

234 4756 468 4824 mitigari
500 4767 710 4824 poterat
732 4759 839 4814 ulla
862 4762 1029 4829 patris
1053 4766 1497 4836 mansuetudine;
1525 4786 1627 4827 nec
1654 4775 1828 4833 solum

234 4847 583 4916 patiebantur
618 4848 761 4903 hunc
809 4849 1030 4915 audire,
1077 4868 1265 4910 verum
1313 4860 1474 4913 etiam
1505 4863 1684 4919 omnia
1715 4867 1832 4937 ejus

236 4937 660 5006 praediumenta
690 4940 927 4997 refutare
955 4946 1131 4999 conati
1156 4956 1280 5002 sunt
1309 4958 1365 5005 et
1390 4952 1653 5011 refellere.
1684 4957 1830 5025 Quos

312 5058 339 5142 ξ
380 5048 546 5142 QJnia1
551 5045 756 5142 ’lt'icci'l
799 5054 1237 5142 ὰεορὺειιιιινᾞῌ
1285 5064 1672 5125 Cornaviorum
1717 5075 1829 5142 agri

384 5121 451 5206 ald
498 5120 929 5206 Wigornie‘nsem
990 5133 1322 5206 provinciam
1382 5120 1672 5206 spectavit,
1705 5120 1829 5200 [iiii-ti

236 5192 482 5279 “9'3":
514 5194 580 5279 ad,
606 5208 735 5279 alin“
767 5198 897 5279 tio"
921 5192 1090 5279 ."i’m-
1121 5204 1180 5269 ⁵,
1220 5192 1431 5260 Videtui'
1456 5192 1823 5279 Augustine—ar,

231 5262 345 5348 jam
365 5260 508 5348 ‘dici,
539 5273 835 5348 “cont-racte
854 5308 867 5331 ,
890 5270 1082 5348 .Ausric
1105 5312 1119 5333 ,
1168 5260 1276 5348 pro
1320 5260 1826 5348 Angustiits'ric",

235 5331 633 5416 flstAugustini
665 5336 825 5403 ditio,
859 5340 959 5393 sita
984 5342 1035 5395 in
1056 5331 1297 5412 margine
1318 5331 1609 5416 Wigorniae

236 5398 658 5457 llet‘estordiam.

298 5470 385 5553 ,δ’
417 5471 662 5528 Banchor
705 5490 799 5531 seu
852 5478 1063 5553 Bangor
1118 5484 1215 5539 fuit
1262 5488 1667 5545 celeberrimum
1721 5509 1833 5547 am-

237 5539 647 5623 plissiutumque
688 5539 1103 5623 ntonastcri'um,
1154 5558 1218 5608 ad

238 5618 1065 5694 aestuarium.marisllibernici,
1090 5618 1157 5679 Vin
1201 5626 1450 5681 Flmtensi
1482 5634 1736 5687 comitatu
1767 5636 1832 5688 ad

239 5683 371 5736 lines
401 5684 657 5763 Cestria},
681 5689 833 5763 cujus
866 5694 1023 5747 modo
1051 5683 1136 5749 'vix
1168 5698 1271 5751 ulla
1301 5683 1501 5753 rudera
1522 5683 1736 5758 extant:

237 5766 306 5830 eo
346 5756 551 5830 egimus
594 5757 663 5830 €59
706 5756 943 5815 Januarii
988 5763 1052 5815 ad
1096 5767 1258 5819 vitam
1298 5780 1495 5824 sancta:
1545 5756 1835 5829 Gildmlsia;

244 5826 433 5889 1vict;tis
455 5824 484 5897 ς
510 5826 561 5880 '2.
596 5827 944 5899 Appellantur
974 5846 1151 5892 autem
1183 5824 1619 5915 Bunchornaburp

1942 4671 1995 4726 in
2021 4686 2120 4727 nos
2146 4672 2314 4727 Deum
2343 4688 2497 4728 suum
2527 4672 2671 4728 omni
2715 4687 2887 4743 pugna
2926 4676 3172 4732 acerbius
3202 4677 3514 4746 exagitant;

1938 4762 2076 4816 hanc
2102 4762 2539 4831 perniciosiorem
2575 4763 2745 4819 aciem
2789 4765 3018 4834 primum
3046 4766 3197 4822 miles
3225 4768 3427 4836 disjiee,
3460 4779 3519 4824 et

1937 4856 2003 4910 ad
2034 4854 2449 4910 internecionem
2473 4856 2612 4911 dele.
2640 4855 2735 4913 His
2764 4856 3015 4914 defensor
3045 4869 3163 4914 erat
3184 4861 3269 4915 cui
3316 4878 3514 4917 nomen

1937 4946 2340 5013 Broithmailus,
2386 4947 2478 5017 qui
2526 4948 2682 5003 hoste
2715 4947 2957 5004 irruente
3005 4948 3241 5018 fugiens,
3295 4951 3516 5007 relictos

1940 5077 2005 5129 ad
2059 5077 2458 5133 distinctionem
2508 5078 2841 5133 celeberrimi
2890 5081 3197 5136 monasterii
3221 5080 3508 5147 Hiberniae,

1931 5149 2093 5231 etiam
2124 5147 2363 5231 Βαιιςζιον
2391 5163 2484 5229 seu
2513 5148 2783 5231 Beenchor
2808 5150 2934 5231 dicti
2960 5193 2975 5218 ,
3026 5152 3232 5231 in_quo
3265 5150 3364 5206 sub
3382 5166 3519 5231 san-

1930 5227 2017 5271 cto
2046 5217 2323 5279 Comgallo
2354 5218 2453 5271 tria
2479 5219 2645 5272 millia
2676 5220 3065 5275 monachorum
3090 5217 3251 5275 fuisse
3282 5221 3511 5275 traditur

1928 5287 1996 5340 l5
2045 5288 2258 5355 Martii,
2308 5290 2360 5342 in
2411 5288 2519 5341 vita
2566 5288 3105 5345 sanctiMochremoci
3136 5306 3230 5343 seu
3277 5288 3511 5344 Pulcha-

1926 5358 1987 5409 rii
2037 5356 2264 5425 abbatis,
2314 5373 2462 5413 num.
2513 5357 2600 5412 14.
2631 5358 2865 5415 Consule
2906 5361 3104 5416 ibidem
3131 5369 3314 5414 nostra
3345 5376 3515 5417 annm

1924 5436 2052 5480 tata.

2012 5512 2029 5532 ι’
2065 5496 2437 5565 Chronologus
2464 5499 2925 5569 Anglosaxonicus
2967 5502 3070 5556 hoc
3116 5499 3313 5555 bellum
3346 5501 3507 5558 relert

1938 5566 2002 5621 ad
2044 5583 2257 5635 annum,
2289 5570 2412 5625 607.

2008 5637 2032 5675 ἀ
2065 5639 2329 5723 ϐᾳςνιεῃίο
2359 5642 2475 5723 aliis
2497 5643 2633 5723 ,nubi
2682 5639 2991 5723 sedesplim
3041 5641 3516 5723 archiepiscopalis

1938 5706 2035 5762 fuit
2060 5710 2125 5781 ad
2156 5706 2321 5781 lscam
2363 5712 2477 5766 sive
2500 5706 2698 5768 Oscam
2742 5710 2955 5781 fluvium
2990 5727 3003 5781 ;
3034 5706 3311 5766 verum'ea
3342 5706 3519 5781 digni—

1939 5778 2113 5853 tasad
2153 5779 2451 5853 Meneviam
2492 5780 2887 5853 translatafuit
2922 5780 3026 5853 sub,
3050 5794 3240 5836 sancto
3280 5778 3505 5853 Davi'de,

1938 5857 1995 5904 ut
2026 5849 2260 5921 lltlartii,
2298 5853 2324 5921 §
2370 5850 2419 5920 1,
2445 5851 2511 5908 ad
2549 5851 2704 5922 hujus
2728 5851 2892 5909 vitam
2931 5851 3266 5913 deduximus.
