4032 6186
410 332 480 386 79
1239 325 1544 384 SANCTUS
1584 327 2020 385 AUGUSTINUS
2056 325 2426 386 ANClMRUM
2468 330 2888 391 AI’OSTOLUS.
3597 337 3687 394 -πὸ

408 441 671 508 inermes,
710 452 846 508 quos
883 435 1216 503 defensaret,
1257 438 1446 507 gladiis
1474 441 1741 510 exposuit.
1767 440 1844 505 Ex
1873 456 1995 494 ora-
2026 441 2071 498 A
2104 441 2358 505 victores,
2389 445 2641 514 copiosos
2667 448 2894 517 populos
2924 448 3137 504 Christo
3180 449 3414 522 undique
3439 453 3687 522 acquire-

409 532 616 588 toribus
639 529 784 584 mille
812 528 1025 583 ducenti
1049 530 1204 596 exesi,
1229 531 1609 601 quinquaginta
1637 541 1844 586 tantum
1865 531 1986 600 fuga

407 623 578 693 erepti
608 621 940 686 referuntur;
966 630 1076 676 tum
1103 629 1325 675 emteras
1349 621 1561 692 perfida:
1586 621 1786 676 militia}
1807 621 1990 692 copias

406 714 548 781 justa
579 711 800 767 victoris
827 711 1029 766 delevit
1077 711 1404 768 immanitas.
1445 712 1538 768 Sic
1588 727 1718 783 ergo
1748 713 1988 783 perversi

404 813 691 860 senserunt
742 804 796 859 in
846 819 1004 874 paena
1051 819 1151 859 sua
1216 805 1619 872 Augustinum,
1663 805 1822 872 longe
1866 812 1990 874 post

405 898 730 969 triumphata
760 897 936 952 sidera
971 898 1131 953 fuisse
1160 899 1490 963 veridicum,
1535 898 1689 967 cujus
1726 897 1904 960 adhuc
1934 895 1988 948 in

403 1002 632 1058 corpore
659 989 818 1058 positi
849 997 1284 1058 contempserant
1326 988 1678 1052 vaticinium;
1716 986 1859 1058 quod
1886 985 1992 1041 sci-

405 1080 531 1136 licet
557 1081 954 1136 dcbcllarentur
981 1081 1048 1135 ab
1079 1080 1264 1150 Anglis
1305 1081 1585 1147 hostibus,
1627 1095 1748 1138 cum
1797 1078 1992 1149 quibus

404 1173 456 1227 in
497 1172 713 1229 Christo
764 1187 954 1243 pacem
1001 1173 1207 1226 nollent
1259 1170 1537 1227 fratribus.

477 1315 482 1322 .
1021 1260 1250 1317 CAPUT
1296 1260 1385 1317 IV.

404 1353 722 1409 Praedicatio
763 1362 812 1407 et
851 1353 1116 1408 conversio
1173 1370 1266 1423 per
1321 1369 1556 1426 regnum.
1616 1350 1780 1407 Varia
1824 1351 1990 1406 mira-

1135 1445 1276 1501 cula.

471 1535 562 1591 '58.
597 1537 694 1593 Ubi
723 1551 852 1607 ergo
897 1536 988 1592 ille
1015 1537 1256 1593 veritatis
1301 1545 1452 1593 vates
1480 1538 1596 1594 haec
1635 1549 1778 1594 mata
1803 1536 1996 1607 impla-

399 1630 662 1686 cubilibus
692 1629 941 1700 praedixit
969 1629 1309 1696 Britonibus,
1357 1629 1424 1684 ad
1470 1629 1768 1685 Eburacam
1813 1629 1996 1684 civita-

401 1727 533 1785 tem,
566 1729 627 1774 ut
649 1721 888 1776 omnium
915 1720 1201 1787 sollicitus,
1229 1729 1314 1776 est
1343 1721 1638 1792 profectus.
1664 1719 1861 1775 Totum
1892 1719 1994 1775 iter

2097 534 2216 600 bat;
2263 533 2400 588 adeo
2428 537 2656 602 scilicet,
2684 549 2738 592 ut
2769 539 2822 593 in
2853 539 2941 593 illa
2969 541 3164 597 natalis
3201 541 3412 597 Domini
3436 543 3546 608 die,
3563 559 3689 598 om-

2096 623 2243 677 nium
2273 624 2533 694 ccclorum
2573 629 2924 684 concentibus
2951 631 3252 698 celebrata,
3283 633 3567 704 plusquam
3593 633 3688 692 do-

2092 729 2209 769 cem
2241 715 2406 770 millia
2437 717 2731 788 Anglorum
2757 762 2774 787 ,
2803 722 3005 791 absque
3034 725 3379 792 parvulorum
3405 740 3469 782 ac
3496 726 3689 782 mulie-

2091 822 2210 861 rum
2240 806 2448 863 inlinito
2471 825 2723 880 numero,
2753 813 2807 866 in
2835 811 2998 868 ﬂuvio
3027 815 3118 885 qui
3151 825 3177 853 ι
3208 816 3440 873 Sirarios
3481 817 3690 887 anglice

2090 895 2287 953 dicitur
2312 940 2330 967 ,
2379 913 2794 958 renascerentur
2838 906 2979 960 sacri
3031 906 3383 977 baptismatis
3427 909 3642 965 lavacro
3667 947 3686 975 .

2091 988 2238 1042 velut
2286 1005 2395 1045 uno
2445 992 2686 1048 ecclesia:
2729 1004 2886 1064 partu
2936 1003 2991 1051 et
3029 1007 3202 1053 utero.
3254 997 3356 1066 Qui
3401 1000 3469 1054 ad
3517 1000 3691 1070 impe-

2091 1077 2230 1132 rium
2277 1078 2441 1135 divini
2489 1083 2878 1153 prmceptoris,
2927 1092 3181 1156 tanquam
3231 1089 3298 1142 ad
3349 1104 3538 1144 vocem
3586 1105 3688 1144 an-

2092 1167 2200 1236 geli
2239 1169 2308 1226 de
2353 1172 2493 1228 coelo
2521 1173 2824 1239 clamantis,
2859 1191 3049 1232 omnes
3079 1179 3278 1248 pariter
3307 1179 3418 1235 bini
3461 1189 3518 1236 et
3550 1181 3688 1246 bini,

2093 1258 2361 1317 minacem
2411 1261 2649 1320 ﬂuminis
2677 1265 3095 1336 profunditatem
3125 1285 3190 1325 ac
3214 1270 3258 1325 si
3283 1270 3513 1326 solidum
3539 1287 3692 1326 cam-

2093 1365 2220 1420 pum
2263 1352 2667 1421 ingrediuntur;
2699 1355 2877 1426 ibique
2906 1357 2958 1411 in
2990 1372 3114 1413 vera
3146 1355 3250 1414 fide
3267 1367 3323 1414 et
3349 1358 3695 1416 conlessione

2092 1455 2315 1496 summa:
2331 1442 2556 1498 invicem
2575 1444 2872 1514 Trinitatis,
2886 1446 3022 1502 alter
3042 1447 3110 1502 ab
3130 1448 3321 1514 altero,
3339 1464 3532 1518 aquam
3551 1449 3694 1506 duce

2094 1534 2390 1602 apostolico
2419 1535 2804 1602 benedicente,
2855 1539 3215 1608 baptizantur.
3261 1540 3305 1594 0
3348 1548 3547 1610 quanta
3598 1556 3695 1595 so-

2095 1621 2371 1678 lemnitas!
2403 1635 2662 1694 quantum
2688 1628 2973 1697 gaudium!
3000 1645 3168 1699 quam
3195 1632 3494 1701 jucundum
3533 1647 3696 1703 spec-

2100 1715 2336 1770 taculum
2380 1716 2579 1771 civium
2638 1719 2936 1775 caelestium
3011 1735 3076 1775 ac
3135 1721 3502 1777 terrestrium!
3567 1736 3691 1776 cum

403 1811 520 1880 ejus
569 1812 674 1866 hoc
724 1811 1006 1880 satagebat
1045 1811 1190 1880 quod
1229 1813 1467 1878 mansio,
1516 1820 1580 1866 ut
1618 1811 1820 1882 ubique
1852 1811 2000 1866 viam
2032 1806 2079 1867 B
2105 1807 2438 1877 capacissimi
2465 1807 2602 1863 alvei
2631 1808 2782 1864 sinus
2823 1816 2985 1865 tantae
3026 1811 3353 1867 multitudini
3402 1827 3511 1867 non
3545 1811 3693 1867 sull-

404 1911 610 1959 rectam
659 1909 716 1957 et
761 1901 972 1972 plebem
1015 1900 1308 1972 perfectam
1353 1909 1568 1972 pararet
1597 1901 1845 1957 Domino.
1871 1900 1994 1956 Ibat
2029 1923 2034 1926 ·

401 2007 615 2064 semper
643 1990 808 2064 pedes
863 1993 1068 2064 absque
1112 1992 1402 2060 vehiculo;
1452 1992 1663 2063 patiens
1708 1991 1992 2056 laborum,

401 2083 538 2154 (qui)
567 2091 627 2140 ut
648 2098 806 2140 verus
834 2083 1036 2138 assecla
1072 2091 1383 2138 sanctorum
1429 2082 1830 2152 apostolorum,
1861 2081 1994 2138 nihil

400 2193 586 2234 secum
615 2176 811 2232 tulerat
836 2176 890 2232 in
918 2175 1021 2232 hac
1048 2175 1234 2231 mundi
1256 2177 1341 2231 via
1377 2167 1455 2231 ide
1499 2175 1794 2246 cupiditate
1839 2191 1996 2231 mun-

406 2269 567 2324 dana.
598 2268 762 2324 Liber
792 2277 848 2324 et
876 2266 1163 2338 expeditus
1184 2283 1282 2339 per
1308 2268 1686 2324 mandatorum
1705 2267 1802 2324 Dei
1832 2268 1995 2324 semi-

402 2368 484 2415 tas
513 2359 767 2415 currebat
812 2358 880 2415 ad
925 2359 1200 2426 ccclestia,
1247 2361 1470 2416 trahens
1515 2374 1699 2416 secum
1742 2359 1995 2430 sequacia

403 2452 636 2520 agmina.
668 2450 959 2506 Vallabant
985 2449 1304 2508 [Ethereum
1348 2452 1540 2508 ducem
1569 2451 1852 2507 auxiliaria
1877 2467 1998 2507 san-

403 2550 612 2598 ctorum
653 2540 876 2597 fratrum
906 2542 1159 2623 collegia,
1187 2557 1312 2598 cum
1357 2543 1691 2599 credentium
1721 2543 1876 2598 turba
1901 2559 1915 2608 ;
1941 2550 1997 2596 et

402 2650 510 2704 quo
541 2635 750 2702 longius
790 2635 1152 2705 procedebat,
1192 2651 1258 2692 eo
1305 2637 1551 2707 ampliori
1589 2637 1906 2708 sequentia,
1936 2643 1997 2690 ut

404 2727 542 2794 ignis
569 2728 709 2783 vires
739 2727 968 2796 acquirit
995 2727 1195 2792 eundo,
1226 2729 1526 2786 crescebat.
1557 2727 1690 2796 Quis
1713 2728 1857 2784 enim
1887 2743 1994 2782 non

403 2817 722 2873 anhelanter
765 2826 1116 2873 concurreret
1162 2817 1229 2873 ad
1261 2827 1370 2874 tam
1415 2820 1502 2890 pia
1525 2820 1831 2883 consortia,
1864 2817 1996 2872 nihil

403 2907 698 2962 demnn-lo
757 2917 953 2977 prmter
999 2908 1276 2964 hominum
1330 2909 1495 2965 etiam
1555 2909 1995 2980 persequentium

401 2996 629 3052 salutem
661 2996 1042 3064 desiderantia,
1086 2999 1152 3054 ad
1185 3010 1294 3056 tam
1341 3009 1489 3056 certa
1520 3001 1820 3057 cmlestium
1865 3015 1997 3071 gau-

403 3087 617 3143 diorum
663 3089 972 3158 promissa?
1019 3090 1213 3160 quibus
1260 3090 1418 3147 fidem
1465 3092 1666 3147 dabant
1705 3100 1762 3147 et
1795 3102 1996 3148 sancta:

2097 1912 2221 1953 cere
2250 1897 2550 1965 videretur,
2583 1906 2769 1968 totque
2817 1909 3114 1955 turmarum
3145 1909 3202 1956 et
3229 1901 3497 1970 agminum
3528 1914 3697 1971 gene-

2095 1989 2234 2046 ratio
2260 1989 2414 2059 quasi
2445 2005 2549 2044 una
2579 1989 2758 2061 proles
2788 1993 2942 2047 unius
2971 1992 3210 2063 parentis
3241 1994 3362 2048 alvo
3390 1991 3697 2049 eli'undere-

2097 2090 2204 2152 tur,
2237 2091 2386 2137 tanta
2411 2083 2695 2153 progenies
2725 2083 2779 2138 in
2812 2084 3010 2140 caelum
3051 2083 3121 2140 de
3166 2083 3438 2156 profundo
3469 2085 3696 2154 gurgitis

2095 2174 2438 2231 nasceretur!
2467 2173 2692 2242 Quantis
2714 2184 2963 2232 natorum
2992 2176 3282 2233 luminibus
3299 2185 3428 2233 tunc
3451 2177 3694 2232 omnium

2096 2267 2433 2324 nascentium
2483 2267 2599 2324 dies
2644 2276 2701 2324 et
2745 2268 2915 2338 gloria
2964 2270 3140 2326 illuxit
3184 2271 3436 2327 nativitas
3455 2268 3693 2326 Christi!

2095 2367 2298 2428 quanta
2328 2357 2512 2413 lmtitia
2541 2373 2730 2414 omnes
2756 2360 2929 2428 angeli
2968 2360 3097 2425 Dei,
3127 2360 3220 2431 qui
3265 2361 3503 2430 gaudent
3528 2375 3698 2430 super

2097 2462 2206 2502 uno
2234 2448 2560 2518 pcenitente,
2593 2457 2719 2504 tunc
2747 2450 3088 2505 exsultabant
3124 2465 3288 2520 super
3309 2459 3458 2507 tanto
3500 2451 3697 2506 divina:

2096 2540 2287 2596 messis
2309 2541 2550 2608 germine
2571 2582 2588 2606 ,
2615 2549 2872 2598 canentes
2910 2542 2963 2597 in
3003 2551 3132 2598 nato
3173 2543 3477 2609 salvatore,
3507 2541 3694 2598 Gloria

2098 2630 2211 2686 Dso
2241 2631 2294 2685 in
2318 2631 2624 2700 altissimis,
2672 2640 2728 2689 et
2756 2631 2810 2686 in
2859 2643 3000 2689 terra
3041 2648 3146 2704 pax
3187 2633 3496 2691 hominibus
3535 2634 3694 2690 bona

2097 2722 2411 2778 voluntatis.

2168 2813 2256 2868 38.
2289 2813 2422 2869 Cum
2449 2814 2640 2884 quibus
2669 2815 2948 2883 omnibus,
2978 2815 3028 2871 id
3067 2823 3152 2872 est
3177 2816 3428 2886 supernis
3457 2815 3689 2884 civibus,

2097 2905 2236 2960 adeo
2257 2905 2597 2964 beatissimus
2617 2921 2752 2977 papa
2789 2906 3080 2976 Gregorius
3126 2906 3603 2976 eongratulabatur
3632 2906 3687 2961 in

2097 2996 2300 3068 Spiritu
2326 3007 2540 3067 sancto,
2571 3010 2630 3053 ut
2657 2997 2724 3052 de
2751 3006 2862 3054 tam
2892 2999 3150 3070 pneclaro
3178 2997 3409 3052 fidelium
3439 3011 3688 3064 numero,

2103 3098 2295 3146 sancto
2323 3088 2417 3145 Dei
2473 3091 2668 3156 amico,
2695 3092 2899 3161 pariter
2923 3091 3384 3159 congratulatum,
3413 3087 3695 3159 epistolam

405 3182 832 3238 conversationis
861 3183 1108 3252 exempla
1134 3223 1152 3250 ,
1180 3193 1238 3238 et
1285 3182 1466 3238 divina
1501 3184 1775 3253 signorum
1799 3184 1996 3251 gratia,
2030 3184 2075 3246 C
2109 3183 2350 3238 mitteret
2375 3182 2738 3238 Alexandrino
2763 3181 3081 3253 patriarchae
3111 3180 3358 3252 Eulogio.
3387 3179 3503 3235 Hoc
3527 3180 3690 3235 etiam

405 3283 462 3329 et
490 3273 819 3329 unanimitas
845 3289 943 3345 pro
969 3275 1195 3330 veritate
1225 3276 1364 3331 mori
1405 3285 1615 3346 parata.
1643 3275 1810 3345 Igitur
1853 3277 1997 3332 circa

383 3355 539 3419 "fines
567 3359 860 3428 Eboracas,
885 3363 1038 3433 juxta
1061 3365 1172 3420 iter
1191 3379 1300 3435 quo
1328 3365 1740 3422 seminiverbius
1786 3364 2000 3421 Domini

406 3453 690 3518 tendebat,
718 3452 910 3518 homo,
943 3461 1059 3509 toto
1086 3469 1318 3524 corpore
1347 3454 1703 3526 paralyticos,
1750 3463 1806 3510 et
1853 3455 2000 3525 ipso—

407 3560 528 3600 rum
556 3543 837 3601 oculorum
875 3543 1077 3600 lumine
1102 3544 1392 3600 destitutus
1414 3560 1478 3602 ac
1504 3545 1781 3602 mendicus
1799 3587 1816 3614 ,
1839 3561 2000 3602 accu-

409 3637 610 3704 babat;
665 3635 759 3708 qui
805 3636 871 3692 ad
909 3635 1192 3708 strepitum
1237 3637 1610 3708 prmtereuntis
1659 3637 1844 3709 populi
1900 3637 2001 3693 via:

407 3738 682 3784 auctorem
707 3727 1111 3797 percunctando
1139 3726 1384 3791 edoctus,
1415 3727 1620 3784 crebris
1647 3728 1701 3784 in
1754 3736 2000 3784 sanctum

409 3820 577 3874 fertur
594 3818 918 3875 clamoribus
941 3835 954 3871 :
979 3817 1198 3882 Sancte,
1227 3818 1422 3888 inquit,
1445 3819 1764 3890 Augustine,
1788 3819 2002 3876 famosa:

411 3909 623 3980 pietatis
670 3916 773 3965 tua:
818 3909 1096 3978 largitate,
1140 3909 1267 3965 huic
1295 3911 1531 3977 homini,
1571 3927 1751 3967 rerum
1780 3920 1837 3967 et
1861 3910 2003 3967 salu-

412 4001 479 4055 tis
509 4000 712 4069 indign,
741 4013 1013 4055 succurre.
1063 3999 1144 4054 Ad
1183 3999 1298 4057 hcce
1337 3999 1783 4058 clementissimus
1830 4009 2002 4072 pater,

412 4108 621 4148 memor
667 4091 876 4147 Domini
921 4105 1120 4146 caecum
1171 4091 1224 4147 in
1266 4091 1556 4160 Evangelia
1601 4093 1882 4160 curantis,
1935 4093 2004 4150 ad

411 4184 718 4255 languidum
748 4182 1006 4248 accessit;
1037 4190 1092 4237 et
1114 4197 1246 4238 voce
1275 4182 1538 4238 Domiuiei
1559 4183 1812 4253 clavigeri
1836 4183 2002 4253 Petri,

411 4289 571 4343 quem
599 4281 658 4328 ut
684 4271 976 4344 patrimum
1018 4271 1137 4343 (sic)
1169 4272 1530 4328 institutorem
1573 4281 1686 4329 tota
1715 4273 2004 4332 devotione

412 4365 786 4431 aemulabatur,
807 4363 942 4418 dixit
967 4379 981 4418 :
1009 4362 1300 4434 Argentum
1323 4370 1379 4418 et
1398 4378 1588 4418 aurum
1611 4380 1718 4419 non
1740 4372 1826 4420 est
1849 4365 2001 4432 mihi,

412 4454 557 4524 quod
583 4468 762 4510 autem
801 4454 976 4508 habeo
1023 4454 1123 4508 hoc
1170 4453 1262 4508 tibi
1291 4453 1397 4521 do;
1448 4469 1608 4524 surge
1635 4470 1796 4510 sanus
1822 4455 1876 4510 in
1905 4471 2004 4511 no-

2097 3271 2354 3342 gauzlium
2395 3271 2654 3341 prmclaro
2693 3280 3055 3341 t-xaggeratur
3101 3269 3406 3336 miraculo;
3443 3267 3588 3338 quod
3636 3267 3695 3323 in

2099 3369 2250 3417 tanta
2281 3361 2597 3416 irruentium
2636 3361 2913 3416 turbarum
2944 3376 3227 3432 pressura,
3253 3360 3306 3415 in
3339 3369 3447 3414 tam
3479 3359 3695 3414 diverso

2097 3461 2261 3508 staxus
2289 3458 2345 3508 et
2368 3460 2585 3507 relatum
2622 3460 2786 3522 atque
2812 3450 3146 3506 infirmorum
3193 3449 3527 3514 distrimine,
3569 3463 3694 3504 eum

2100 3559 2288 3600 omnes
2317 3559 2415 3616 per
2453 3543 2584 3599 illud
2627 3543 3085 3599 intransvadabile
3126 3541 3451 3612 profundum
3485 3539 3730 3616 transiy

2100 3635 2422 3704 rent,nullus
2434 3635 2658 3692 omnino
2671 3634 3033 3705 periit,nullus
3053 3648 3110 3689 se
3123 3641 3387 3689 arctatum
3405 3631 3491 3687 vel
3506 3631 3691 3686 [meum

2101 3726 2347 3797 planxit;
2377 3725 2472 3782 sed
2493 3740 2682 3781 omnes
2709 3733 2928 3781 renatos
2957 3725 3009 3780 in
3040 3724 3286 3788 Christo,
3316 3731 3372 3779 et
3399 3730 3460 3777 ut
3503 3734 3699 3790 greges

2104 3826 2378 3874 tonsarum
2403 3817 2756 3874 ascendentes
2781 3815 2851 3872 de
2873 3816 3123 3883 lavacro,
3153 3828 3343 3868 manus
3392 3812 3606 3868 Domini
3638 3811 3697 3866 in

2104 3909 2422 3966 ulteriorem
2449 3909 2621 3978 ripam
2655 3907 2945 3963 transmisit
2969 3946 2982 3970 ,
3013 3915 3071 3962 ut
3101 3919 3289 3962 omnes
3318 3918 3482 3960 unum
3525 3901 3699 3958 habe-

2104 4009 2224 4058 rent
2251 4009 2308 4057 et
2333 4000 2530 4056 Christi
2559 4007 2614 4055 et
2637 4001 2917 4070 pmprium
2945 3997 3000 4052 in
3027 3997 3242 4053 Christo
3265 3995 3464 4051 natale.
3499 3993 3697 4048 Parum

2113 4092 2243 4159 dixi,
2280 4092 2480 4147 nullum
2507 4091 2583 4146 ibi
2607 4090 2824 4158 lassum;
2854 4105 3042 4146 omnes
3065 4089 3285 4159 aegroti,
3315 4088 3452 4144 sicut
3491 4100 3700 4141 anima.

2105 4200 2246 4250 rum,
2277 4185 2348 4239 ita
2375 4193 2430 4239 et
2453 4198 2742 4252 corporum
2785 4183 3059 4238 molestias
3085 4182 3137 4236 in
3187 4195 3323 4250 aqua
3354 4178 3693 4249 deposuere;

2105 4284 2163 4332 et
2190 4289 2311 4332 cum
2337 4274 2510 4329 salute
2539 4274 2816 4343 utriusque
2854 4273 3120 4339 hominis,
3166 4280 3226 4326 ut
3275 4269 3502 4341 populus
3533 4267 3698 4324 Israel

2105 4369 2173 4424 de
2199 4367 2383 4422 Rubro
2421 4364 2556 4420 mari
2583 4363 2665 4419 vel
2695 4364 2764 4420 de
2810 4364 2987 4419 medio
3033 4361 3283 4417 Jordauis
3319 4375 3442 4415 eum
3489 4357 3698 4414 caelesti

2108 4459 2342 4530 tripudio
2367 4457 2634 4514 candidati
2662 4457 2929 4512 exercitus
2955 4469 3300 4526 processere.
3346 4451 3468 4507 Stat
3511 4450 3702 4504 hacte-

415 4545 558 4598 mine
602 4543 813 4598 Domini
851 4541 976 4600 Jesu
1018 4543 1214 4598 Christi
1257 4543 1395 4614 (Act.
1427 4559 1506 4613 ιιι,
1531 4544 1609 4615 6).
1642 4545 1740 4601 Vix
1767 4545 2011 4602 elocutus
2041 4550 2090 4608 D
2114 4568 2215 4608 nus
2243 4551 2295 4605 in
2323 4549 2511 4606 eodem
2540 4549 2662 4604 loco
2683 4548 2944 4612 ecclesia,
2987 4549 3039 4602 in
3073 4547 3234 4615 hujus
3256 4544 3493 4614 praeclari
3523 4543 3700 4612 bapti~

415 4644 551 4701 erat,
583 4643 637 4691 et
659 4633 916 4700 infirmus,
938 4635 1030 4702 qui
1049 4650 1106 4690 se
1126 4635 1383 4692 hactenus
1403 4652 1620 4693 movere
1640 4655 1747 4694 non
1776 4647 2006 4710 poterat,

418 4733 564 4778 tanta
595 4725 744 4778 verbi
774 4723 1016 4794 potentia
1049 4733 1269 4780 curatus
1307 4725 1503 4782 exsiliit
1527 4769 1544 4796 ,
1566 4729 1831 4798 simulque
1877 4733 2010 4786 rei-

418 4811 669 4868 Iientibus
707 4813 983 4868 oculorum
1031 4812 1301 4883 palpebris
1338 4815 1542 4872 clarum
1599 4817 1738 4875 diem
1791 4821 2007 4886 hausit;

419 4901 751 4974 credensque
811 4901 1052 4973 gratifice
1111 4904 1164 4958 in
1226 4920 1386 4974 quem
1443 4908 1770 4978 Augustinus
1831 4913 2012 4968 docuit

421 4994 784 5058 Salvatorem,
837 5009 957 5048 cum
1009 4994 1166 5063 pleno
1209 4998 1450 5066 corporis
1493 5000 1676 5069 vigore
1723 5000 2012 5058 feliciorem

423 5085 611 5140 animm
639 5085 872 5154 suscepit
907 5086 1154 5140 salutem.

493 5175 582 5229 37.
625 5174 712 5230 Sic
743 5189 918 5246 prznco
962 5174 1192 5240 Domini,
1243 5185 1297 5232 et
1345 5178 1398 5233 in
1446 5181 1807 5249 processionc,
1856 5192 1910 5238 et
1961 5184 2012 5238 in

426 5267 748 5322 Eboracensi
805 5267 1043 5330 civitate,
1096 5279 1151 5324 et
1206 5269 1508 5340 ubicunque
1559 5271 1808 5339 devenit,
1868 5275 2010 5344 quod

426 5359 666 5412 doctrina
701 5359 996 5424 intonabat,
1029 5360 1405 5430 multiplicibus
1456 5363 1726 5434 signorum
1757 5380 2010 5420 corusca-

431 5451 662 5504 tiunibus
708 5449 1062 5506 confirmabat
1103 5469 1115 5504 :
1151 5451 1495 5523 gaudensque
1538 5470 1787 5511 successu
1811 5494 1826 5519 ,
1873 5457 2014 5512 sicut

429 5541 519 5612 qui
547 5545 791 5602 Iactantur
816 5548 869 5602 in
901 5561 1096 5613 messe,
1117 5556 1172 5601 et
1190 5547 1327 5603 sicut
1353 5548 1624 5606 exsultant
1647 5558 1802 5621 capta
1829 5551 2010 5621 praeda

506 5705 530 5733 ⁸
570 5695 707 5775 Urbs
749 5697 1038 5775 Eboracum
1081 5707 1165 5775 est
1203 5699 1286 5775 ad
1313 5700 1484 5775 ΔΠινιιιιι
1550 5703 1793 5775 fluvium,
1846 5706 2004 5775 vulgo

437 5762 594 5833 Ome,
626 5769 676 5821 in
707 5783 863 5835 quem
895 5772 1027 5828 alius
1053 5773 1226 5827 minor
1255 5771 1448 5828 ibidem
1486 5775 1657 5831 inlinit
1704 5762 1870 5832 Fossa
1895 5762 2007 5849 jain

2117 4651 2214 4698 sta:
2243 4640 2520 4710 Augustini
2554 4641 2759 4696 honore
2784 4650 2840 4694 et
2867 4638 3083 4694 nomine
3103 4636 3318 4692 condita
3345 4651 3410 4690 ac
3429 4633 3698 4698 dedicata,

2117 4747 2235 4802 qua:
2265 4739 2426 4786 tantm
2451 4732 2635 4788 salutis
2682 4730 2989 4800 frequentes
3036 4728 3219 4782 turbas
3265 4723 3506 4781 curando
3551 4722 3699 4778 cele-

2119 4825 2348 4881 berrima
2371 4829 2591 4896 praestat
2618 4821 2830 4876 indicla.
2862 4819 2968 4875 Sed
3020 4828 3076 4874 et
3122 4819 3189 4872 de
3215 4815 3518 4885 supradicta
3544 4827 3701 4883 pars

2119 4914 2363 4985 Gregorii
2388 4915 2453 4970 ad
2483 4913 2761 4982 Eulogium
2807 4911 3032 4980 epistola
3075 4911 3188 4966 haec
3215 4907 3528 4978 subiicimus
3573 4904 3700 4962 fidei

2118 5008 2286 5077 gratia
2319 5004 2454 5076 (Lib.
2489 5022 2558 5061 vn
2581 5047 2594 5070 ,
2623 5003 2773 5070 epist.
2803 5003 2916 5073 '50).

2184 5099 2271 5153 59.
2316 5098 2527 5154 Gratias
2565 5096 2914 5167 omnipotenti
2946 5093 3174 5149 Domino
3211 5092 3416 5163 agimus
3441 5090 3565 5160 quia
3595 5087 3698 5144 int-

2119 5192 2318 5260 pictum
2351 5190 2400 5244 in
2443 5189 2596 5244 vobis
2643 5188 2886 5242 videmus
2936 5201 3054 5240 csse
3099 5183 3241 5254 quod
3283 5184 3540 5252 scriptum
3587 5189 3694 5245 est;

2117 5281 2207 5335 uhi
2239 5281 2480 5351 plurima:
2503 5287 2712 5348 segetes
2733 5320 2748 5345 ,
2774 5278 2842 5331 ibi
2875 5275 3152 5330 manifesta
3207 5271 3464 5328 fortitudo
3509 5272 3694 5326 boum.

2115 5375 2168 5430 Si
2216 5375 2357 5430 enim
2406 5373 2502 5427 bos
2549 5371 2702 5426 fortis
2747 5378 2985 5423 aratrum
3027 5367 3215 5434 lingua:
3259 5365 3313 5420 in
3341 5375 3480 5419 terra
3516 5361 3698 5419 cordis

2115 5466 2442 5522 audientium
2467 5481 2573 5519 non
2597 5463 2870 5528 traxisset,
2891 5469 3033 5514 tanta
3053 5459 3284 5514 fidelium
3301 5471 3456 5525 seges
3475 5454 3701 5509 minime

2111 5559 2446 5613 surrexisset.
2478 5555 2742 5623 Quoniam
2774 5568 2902 5608 vero
2953 5553 3004 5606 in
3034 5551 3190 5606 bonis
3234 5564 3354 5620 qua:
3397 5546 3552 5617 agitis
3578 5543 3699 5600 scio

2109 5709 2272 5836 gietla,
2303 5715 2357 5791 et
2397 5705 2608 5764 videtur
2653 5706 2738 5762 hic
2783 5704 3006 5762 Suarios
3050 5699 3174 5757 dici.
3228 5700 3285 5756 ιη
3335 5697 3526 5753 Minori
3576 5693 3691 5750 vita

2151 5796 2213 5835 ua
2237 5795 2341 5835 nvr.

2151 5795 2341 5835 uatnw.
