3976 6178
305 288 371 343 Si
1553 290 1702 349 VITA
1740 294 1894 352 SAM

2017 297 2399 359 AUGUSTINI.
3513 321 3583 376 εξ

310 398 456 473 quod
503 400 625 458 aliis
662 398 1264 471 congaudetis,vestra:
1294 403 1449 460 vobis
1495 406 1682 474 gratiae
1729 407 1901 464 vicem
1930 410 1977 470 A
2008 411 2303 481 largitatem
2351 432 2656 473 sermonum
2706 421 2927 491 ambage
2984 429 3295 483 moremur?
3344 429 3582 491 Accessit

311 490 513 556 reddo,
557 500 616 545 et
655 506 763 546 non
808 490 1085 547 dissimilia
1137 493 1345 549 nuntio.
1422 494 1557 561 Quia
1595 496 1722 551 dum
1771 512 1904 568 gens

310 568 627 650 Anglorum,
660 581 715 635 in
743 581 930 635 mundi
951 582 1148 650 angulo
1175 584 1371 653 posita,
1396 585 1449 640 in
1472 586 1617 641 cultu
1640 588 1903 658 lignorum

313 685 379 727 ac
418 669 654 740 lapidum
695 668 901 741 perﬁda
933 688 1077 728 nunc
1106 688 1276 743 usque
1310 686 1649 745 remaneret,
1693 694 1758 733 ex
1808 695 1902 736 ve~

302 768 435 814 st'm
483 758 616 815 mihi
664 760 930 816 orationis
975 762 1243 830 adjutorio
1290 764 1525 835 placuit,
1576 776 1636 822 ut
1685 769 1753 823 ad
1783 784 1903 825 eam

312 853 630 910 monasterii
677 853 785 910 mei
833 855 1186 923 monachum,
1237 846 1562 927 religiosum:
1595 876 1660 916 ac
1687 861 1797 917 Deo
1819 862 1900 916 di-

311 957 475 1013 gnum
534 943 922 1012 Augustinum,
985 944 1041 999 in
1095 945 1481 1014 praedicatione
1537 951 1904 1030 transmittere

311 1043 537 1090 auctore
564 1033 677 1089 Deo
721 1033 1219 1105 debuissechui,
1246 1036 1369 1091 data
1410 1053 1574 1100 ame
1599 1039 1838 1107 licentia,
1869 1056 1901 1097 a

310 1132 339 1161 ι
386 1122 824 1178 Germaniarum.
853 1124 1123 1193 episcopis
1163 1127 1452 1198 episcopus
1500 1127 1673 1184 factus
1713 1170 1729 1197 ,
1779 1145 1899 1186 cum

308 1229 501 1271 eorum
524 1229 746 1285 quoque
790 1214 1002 1271 solatiis
1030 1216 1098 1271 ad
1125 1218 1432 1287 prtedictam
1458 1230 1672 1290 gentem
1712 1222 1764 1276 in
1797 1223 1903 1279 tlne

308 1306 495 1361 mundi
524 1307 812 1376 perductus
838 1316 945 1363 est.
985 1306 1053 1364 Et
1076 1309 1188 1377 jam
1218 1326 1363 1366 nunc
1399 1312 1471 1368 de
1506 1312 1623 1383 ejus
1651 1315 1823 1371 salute
1846 1325 1903 1372 et

305 1411 477 1467 opere
504 1396 570 1450 ad
596 1412 696 1452 nos
722 1397 922 1468 scripta
952 1411 1343 1468 pervenerunt,
1383 1404 1509 1471 quia
1537 1405 1699 1461 tantis
1737 1407 1899 1463 mira-

305 1488 444 1544 culis
463 1527 482 1553 ,
504 1488 761 1560 velipse,
794 1490 882 1545 vel
911 1490 947 1544 ii
966 1490 1058 1558 qui
1087 1507 1212 1546 cum
1237 1507 1305 1547 eo
1332 1495 1631 1551 transmissi
1659 1504 1811 1563 sunt,
1844 1498 1897 1553 in

306 1579 497 1636 eadem
534 1589 696 1649 gente
717 1591 1038 1647 coruscant,
1094 1591 1153 1638 ut
1188 1586 1557 1653 apostolorum
1593 1589 1819 1645 virtutes
1844 1592 1897 1647 in

306 1670 474 1740 signis
491 1685 612 1740 qua:
631 1673 890 1729 exhibent
916 1674 1112 1729 imitari
1138 1676 1442 1733 videantur.
1465 1678 1524 1733 In
1555 1681 1898 1741 solemnitate

2006 505 2228 573 supplex
2295 507 2603 572 morbidus,
2668 510 2825 580 eique
2872 513 3128 584 prodigus
3191 517 3582 580 benedictionis

2008 589 2251 650 Pontifex
2311 597 2616 665 benedixit;
2665 599 2850 670 sicque
2911 603 3106 661 Christi
3151 612 3432 675 prtesentia
3474 615 3583 670 ani-

2005 681 2331 737 matusdixit
2363 701 2376 737 :
2408 683 2464 739 ln
2496 684 2707 741 Domini
2734 687 3027 747 Salvatoris
3053 696 3287 762 nomine,
3322 702 3583 760 mundare

2004 768 2244 824 ab'ctnni
2273 771 2433 842 lepra:
2475 785 2577 829 ttre
2608 776 2809 832 illuvie.
2861 779 3003 835 Dixit
3032 790 3084 837 et
3112 786 3366 843 continuo
3406 791 3583 849 omnis

2002 860 2278 919 calamitas
2321 865 2489 933 putidi
2518 866 2760 925 humoris
2790 880 2846 924 ut
2873 872 3040 929 nubes
3068 876 3302 945 aufugit;
3337 881 3582 951 eutisque

2003 953 2228 1020 munda,
2260 955 2511 1026 absorpta
2543 974 2761 1027 prorsus
2790 960 3121 1019 immunditia
3145 1007 3161 1033 ,
3193 976 3365 1023 totum
3404 970 3578 1031 homi-

2005 1059 2126 1099 nem
2160 1047 2392 1102 vestivit.
2433 1047 2549 1104 Non
2585 1058 2693 1105 tam
2733 1052 2842 1108 cito
2886 1054 3172 1112 mundatus
3220 1066 3303 1113 est
3344 1058 3579 1117 Naamau

2003 1133 2190 1205 Cyrus,
2221 1150 2381 1206 quem
2410 1147 2567 1195 antea
2598 1143 2797 1211 septies
2824 1144 2987 1199 lavari
3016 1145 3070 1202 in
3097 1145 3329 1204 Jordane
3350 1150 3585 1219 iusserat

2000 1235 2223 1280 curator
2272 1226 2513 1285 Elisteus.
2564 1230 2759 1286 Verum
2789 1233 3137 1303 Augustinus,
3190 1238 3244 1293 in
3273 1240 3437 1295 verbo
3468 1242 3583 1310 ejus

2000 1316 2092 1383 qui
2120 1315 2256 1370 dixit
2282 1316 2335 1371 in
2364 1316 2672 1388 Evangelia,
2697 1320 2754 1375 Μ
2758 1324 2973 1390 undare,
2999 1325 3284 1384 velocitate
3306 1331 3583 1400 praevaluit

1954 1443 1963 1451 .
2002 1404 2192 1475 (Marc.
2224 1423 2267 1473 ι,
2307 1407 2420 1479 41).
2464 1410 2746 1469 Obeatam
2790 1422 2846 1468 et
2893 1415 3215 1489 locupletem
3263 1419 3316 1474 in
3368 1419 3583 1478 Christo

2000 1499 2281 1567 apostolici
2339 1502 2703 1571 praedicatoris
2748 1508 3092 1578 pauperiem,
3139 1512 3387 1568 omnibus
3425 1522 3583 1571 terra:

2001 1588 2194 1657 opibus
2236 1589 2517 1647 ditiorem!
2544 1592 2920 1653 Othesaurum
2948 1599 3447 1670 opulentissimum,
3488 1604 3580 1660 ubi

2001 1696 2110 1735 non
2138 1696 2328 1739 aurum
2354 1686 2525 1743 avidis
2560 1689 2899 1757 mortalibus,
2938 1708 3124 1749 verum
3148 1694 3583 1766 incomparabilis

303 1771 489 1817 autem
532 1761 815 1818 dominicae
853 1764 1153 1823 Nativitatis
1179 1781 1299 1837 qua:
1327 1768 1428 1823 hac
1455 1767 1481 1805 ι)
1510 1771 1683 1843 prima
1728 1773 1899 1832 indic-
1932 1782 1979 1844 Β
2006 1784 2137 1828 auro
2158 1774 2388 1841 gratuita
2416 1777 2713 1833 animarum
2743 1788 2799 1836 et
2831 1796 3120 1852 corporum
3161 1761 3451 1844 effunditur
3490 1804 3581 1844 sa-

304 1853 457 1909 tione
482 1860 754 1909 transacta
779 1862 881 1921 est,
906 1855 1187 1925 plusquam
1231 1858 1417 1915 decem
1460 1862 1625 1917 millia
1651 1864 1808 1936 Angli
1833 1868 1901 1923 ab

222 1974 229 1979 -
301 1944 499 1999 eodem
521 1945 765 2000 nuntiata
793 1955 919 2001 sunt
943 1946 1107 2004 fratre
1129 1959 1184 2004 et
1202 1951 1527 2023 coepiscopo
1556 1968 1745 2014 nostro
1767 1958 1902 2030 bap~

303 2033 478 2087 tizati.
501 2033 654 2099 Quod
681 2034 883 2091 idcirco
930 2039 1168 2106 narravi,
1213 2048 1274 2094 ut
1316 2044 1675 2114 cognoscatis,
1702 2046 1828 2117 quid
1849 2049 1902 2104 in

302 2122 673 2179 Alexandrino
726 2124 927 2194 populo
973 2125 1277 2197 loquendo,
1326 2138 1383 2185 et
1414 2132 1555 2201 .quid
1612 2133 1666 2190 in
1717 2137 1903 2194 mundi

302 2214 505 2270 finibus
529 2215 687 2284 agitis
709 2217 935 2273 orando.
968 2217 1172 2275 Vestrae
1210 2221 1353 2276 enim
1390 2225 1668 2282 orationes
1692 2240 1817 2283 sunt
1844 2229 1901 2286 in

296 2319 372 2359 eo
400 2304 525 2361 loco
553 2305 643 2360 ubi
669 2322 775 2361 non
812 2308 976 2375 estis;
1023 2324 1253 2378 quorum
1305 2314 1653 2382 operationes
1697 2327 1900 2375 sancta:

298 2404 677 2451 monstrantur
706 2397 759 2451 in
787 2390 854 2453 eo
888 2398 1011 2455 loco
1042 2400 1131 2455 ubi
1158 2403 1305 2458 estis.
1339 2403 1417 2460 De
1455 2406 1539 2463 his
1585 2409 1753 2465 etiam
1780 2426 1899 2481 qua:

299 2483 641 2540 Francorum
665 2486 932 2558 episcopis
966 2491 1181 2562 scripsit
1210 2493 1352 2550 idem
1398 2512 1537 2567 papa
1588 2500 1894 2572 mellifluus,

299 2573 423 2630 btee
450 2590 620 2646 pauca
643 2578 954 2648 excipimus.
984 2578 1135 2636 Sicut
1154 2581 1289 2651 ignis
1310 2599 1442 2641 aura
1468 2584 1633 2645 ﬂante
1651 2589 1711 2646 fit
1734 2604 1898 2662 gran-

296 2664 458 2731 dior,
488 2665 561 2720 ita
592 2665 749 2722 bona:
776 2670 970 2725 mentis
994 2671 1170 2727 studia
1218 2677 1687 2737 commendatione
1732 2681 1898 2754 proﬁ-

297 2750 474 2811 ciunt.
506 2758 620 2826 Qua
650 2760 813 2830 igitur
841 2762 1218 2836 Redemptoris
1255 2770 1425 2826 nostri
1469 2774 1641 2842 gratia
1690 2750 1893 2847 coope-

302 2857 483 2917 rante,
513 2859 663 2907 tanta
691 2854 760 2909 de
788 2854 1084 2925 Anglorum
1111 2867 1271 2927 gente
1314 2863 1380 2916 ad
1410 2864 1718 2923 christianze
1765 2869 1891 2926 tldei

299 2943 535 3010 gratiam
570 2945 858 3003 multitudo
904 2952 1272 3017 convertitur,
1320 2963 1379 3009 ut
1418 2961 1891 3019 reverentissimus

300 3032 473 3089 frater
522 3043 578 3090 et
623 3038 978 3111 coepiscopus
1019 3051 1206 3099 noster
1252 3046 1611 3118 Augustinus,
1659 3068 1757 3109 eos
1797 3056 1891 3126 qui

2008 1861 2120 1917 lus.
2169 1863 2252 1921 An
2298 1863 2450 1923 Cresi
2497 1868 2583 1924 vel
2641 1870 2784 1926 Darii
2836 1872 3055 1943 infinitis
3111 1875 3302 1947 opibus
3353 1878 3583 1950 sospitas

2006 1954 2234 2010 mercari
2281 1965 2465 2027 posset
2521 1959 2938 2028 languentibus?
3003 1964 3278 2022 Attollitur
3332 1983 3465 2037 ergo.
3513 1970 3583 2026 de

2007 2049 2155 2099 tanto
2182 2045 2336 2115 signo
2367 2047 2679 2106 admirantis
2701 2053 2883 2123 populi
2911 2054 3119 2112 clamor
3153 2057 3206 2112 in
3249 2046 3477 2129 omium,
3523 2070 3581 2117 et

2005 2130 2237 2203 undique
2260 2136 2599 2192 concurritur
2622 2139 2689 2193 ad
2733 2139 3053 2210 baptismum
3081 2144 3368 2202 vivitlcum.

2074 2222 2162 2277 41.
2194 2223 2285 2280 Sic
2306 2235 2559 2296 operatus
2588 2228 2896 2288 Dcminicus
2944 2235 3247 2303 negotiator
3283 2236 3337 2291 in
3369 2238 3581 2301 itinere.

2002 2312 2054 2368 in
2083 2312 2481 2373 Oecidentalem
2534 2318 2602 2373 ab
2644 2321 2943 2390 aquilonari
2989 2324 3143 2395 plaga
3189 2326 3432 2395 divertit;
3473 2346 3581 2384 non

2004 2412 2111 2458 tam
2133 2405 2355 2462 viatoris
2381 2422 2542 2478 quam
2570 2411 2842 2467 venatoris
2887 2422 2980 2468 aut
3006 2418 3229 2487 aucupis
3256 2433 3458 2474 morem
3487 2435 3581 2488 ge-

2000 2508 2156 2561 rens;
2186 2510 2293 2551 non
2320 2504 2429 2552 tam
2452 2498 2710 2557 festinans
2736 2503 2807 2558 'ad
2836 2506 3049 2576 propria
3070 2546 3085 2571 ,
3133 2522 3293 2577 quam
3322 2520 3581 2581 expetens

1996 2584 2267 2644 dominica
2294 2588 2472 2658 lucra;
2504 2591 2615 2650 illic
2661 2595 2884 2653 tendens
2923 2599 3092 2666 retia,
3123 2614 3229 2670 qua
3268 2604 3581 2672 proveniret

1996 2674 2174 2732 divina
2205 2687 2445 2750 captura.
2476 2680 2718 2753 Cumque
2769 2686 3099 2757 provinciam
3123 2730 3139 2757 ,
3188 2703 3310 2760 qua:
3356 2692 3582 2751 DorSvte

1994 2769 2334 2840 appellatur,
2361 2772 2625 2843 attigisset
2645 2814 2663 2841 ,
2695 2786 2750 2833 et
2776 2778 2975 2849 ubique
3022 2789 3081 2835 ut
3106 2782 3328 2852 angelus
3366 2783 3579 2840 Domini

1995 2860 2347 2930 reciperetur,
2376 2863 2643 2935 simulque
2680 2868 2983 2925 auditorum
3030 2870 3133 2926 fide
3177 2887 3313 2943 quos
3338 2883 3582 2940 pasceret

1994 2959 2328 3019 pasceretur,
2369 2953 2559 3009 incidit
2580 2955 2636 3010 in
2654 2960 2939 3026 quamdam
2964 2959 3163 3023 villam,
3195 2960 3340 3015 velut
3371 2962 3422 3015 in
3442 2961 3575 3015 Tar-

1994 3049 2198 3097 taream
2236 3041 2479 3100 Plutonis
2525 3046 2731 3101 sedem.
2785 3047 2859 3103 lbi
2906 3051 3059 3119 plebs
3100 3051 3290 3122 impia,
3342 3054 3580 3109 tenebris

299 3139 484 3179 εεεαη
514 3135 641 3183 sum
668 3130 735 3183 ai
766 3130 870 3186 hoc
897 3146 1033 3202 opus
1068 3138 1510 3206 augendumr
1539 3156 1639 3212 per
1684 3144 1895 3203 diversa
1922 3158 1965 3220 ο
1997 3133 2107 3187 suis
2150 3142 2420 3189 excmeata
2440 3175 2457 3202 ,
2484 3143 2541 3190 et
2566 3136 2799 3192 divinam
2823 3138 2994 3195 lucem
3025 3154 3221 3209 exosa,
3255 3157 3363 3197 non
3401 3143 3575 3199 solum

302 3216 423 3273 loca
451 3228 657 3275 asserat
678 3236 786 3277 non
817 3238 980 3294 posse
1016 3224 1298 3296 sufﬁcere;
1340 3230 1645 3302 aliquantcs
1673 3236 1739 3292 ad
1768 3252 1893 3295 eum

301 3311 632 3377 monachos,
676 3327 800 3369 cum
842 3314 1206 3374 dilectissimis
1251 3328 1309 3376 et
1363 3325 1738 3383 communibus
1768 3329 1890 3387 tiliis

303 3400 599 3460 Laurentio
623 3407 941 3479 presbytero
961 3418 1018 3465 et
1044 3409 1249 3469 Mellito
1290 3413 1517 3479 abbate,
1546 3418 1892 3487 prmvidimus

298 3492 747 3552 transuittendos
776 3496 916 3568 (Lib.
945 3515 1020 3567 ιι,
1050 3502 1199 3571 epist.
1237 3500 1348 3574 52).
1378 3504 1444 3559 Et
1472 3507 1599 3564 ideo
1641 3507 1891 3566 fraterni-

301 3589 388 3637 tas
413 3591 593 3638 vestra
619 3585 699 3642 eis
718 3586 1059 3657 eharitatem,
1085 3606 1244 3661 quam
1265 3594 1439 3663 decet,
1470 3597 1735 3655 exhibeatt
1760 3601 1890 3670 Quae

299 3672 465 3729 etiam
496 3677 607 3745 regi
638 3676 968 3737 Francorum
998 3682 1275 3753 Lothario,
1327 3688 1395 3743 de
1431 3699 1741 3747 sanctorum
1794 3709 1890 3750 su-

298 3767 775 3839 sceptione;.qn;c
819 3773 1019 3843 regina:
1065 3776 1451 3849 Bruniebildze,
1520 3782 1587 3840 de
1648 3785 1885 3857 ipsorqu

298 3854 504 3926 ubique
550 3862 691 3915 notis
730 3862 1030 3931 miraculis,
1080 3870 1338 3937 gratiliois
1395 3873 1611 3945 scriptis
1660 3854 1882 3947 sugges—

297 3947 461 4012 serit,
496 3963 658 4018 quam
707 3953 864 4009 dulce
908 3968 1051 4013 esset
1096 3968 1379 4031 retexere,
1427 3974 1483 4019 et
1521 3967 1673 4023 avida
1720 3985 1883 4028 manu

1996 3221 2182 3278 audire
2229 3223 2487 3293 nequibat
2532 3226 2741 3283 vivitica
2792 3228 3152 3295 documenta,
3210 3247 3397 3289 verum
3462 3244 3577 3291 tota

1994 3312 2344 3370 ludibriorum
2369 3323 2427 3371 et
2451 3318 2861 3388 opprobriorum
2907 3328 3228 3392 tempestate
3274 3323 3327 3378 in
3360 3333 3578 3381 sanctos

1992 3406 2087 3462 Dei
2113 3406 2441 3464 debacchata
2462 3450 2479 3477 ,
2514 3409 2671 3479 longe
2696 3411 2977 3481 proturbat
3023 3428 3120 3469 eos
3165 3415 3234 3470 ab
3272 3416 3418 3470 omni
3448 3431 3575 3487 pos-

1989 3497 2229 3553 sessione
2256 3513 2387 3565 sua;
2413 3515 2515 3555 nec
2539 3515 2699 3555 manu
2720 3503 3036 3572 pepercisse
3076 3505 3310 3560 creditur
3347 3505 3577 3561 ell‘rzenis

1991 3588 2237 3644 audacia.
2289 3589 2359 3644 At
2397 3589 2493 3645 Dei
2534 3592 2805 3658 nuntius,.
2819 3591 2971 3661 juxta
2999 3593 3323 3649 dominicum
3369 3609 3575 3665 prtcec-

1988 3685 2137 3749 ptum
2163 3686 2218 3734 et
2238 3679 2606 3750 apostolorum
2647 3681 2983 3753 exemplum,
3011 3697 3242 3739 excusso
3265 3684 3426 3740 etiam
3455 3686 3576 3755 pul-

1988 3781 2116 3823 vere
2139 3766 2337 3838 pedum
2369 3768 2422 3823 in
2444 3782 2564 3839 eos,
2588 3767 2802 3839 dignam
2848 3770 2962 3827 suis
2998 3772 3203 3827 meritis
3249 3774 3571 3831 sententiam

1991 3855 2133 3926 (non
2161 3854 2534 3912 maledicentis
2554 3865 2714 3924 voto,
2744 3858 2835 3927 qui
2874 3858 3113 3914 omnium
3140 3861 3370 3917 salutem
3414 3872 3571 3933 opta-

1986 3947 2096 4015 bat,
2124 3947 2221 4004 sed
2250 3948 2431 4005 divine
2452 3947 2656 4018 judicio
2699 3958 2756 4006 et
2782 3948 2911 4006 Elite
2950 3956 3099 4023 typo)
3128 3954 3401 4011 atrocibus
3435 3954 3571 4025 inje-

297 4042 382 4090 tot
411 4041 725 4107 margaritas
754 4052 808 4097 et
836 4044 989 4102 favos
1014 4047 1233 4117 legere?
1273 4050 1377 4107 Sed
1408 4054 1883 4127 obtemperantium

2000 4037 2061 4093 :it
2082 4076 2098 4104 ,
2121 4046 2387 4108 quatenus
2412 4047 2721 4094 sanctorum
2750 4048 3181 4111 contemptores,
3216 4052 3326 4098 tam
3355 4047 3409 4099 in
3439 4045 3568 4115 ipsis

295 4136 382 4182 est
402 4129 486 4183 vrl
511 4130 777 4190 desidiose
804 4136 889 4191 vel
910 4136 1183 4196 fastidiose
1205 4142 1462 4212 audienti,
1480 4162 1602 4201 cum
1632 4148 1886 4220 pleraque
1985 4127 2231 4238 quam‘in
2263 4127 2510 4238 ofmiibns
2555 4129 2786 4238 90,519,“
2823 4130 2967 4238 8258’
2994 4129 3171 4238 ἀφίιέ
3201 4147 3358 4202 pmna
3377 4134 3569 4238 ’

294 4217 640 4286 reperiantur
667 4221 723 4277 in
766 4225 993 4294 registro
1023 4226 1190 4298 ipsius
1226 4232 1521 4289 beatissimi
1572 4251 1721 4307 papa:
1750 4217 1883 4296 Gre-
1984 4221 2453 4327 εξεξθξνίιιιίινῑιπ
2473 4221 3082 4327 ωθηξίθίδῖθρηιίδῆθηιο
3120 4223 3284 4327 Ῑθαηξδ
3305 4225 3563 4327 ρδῑννίηοε

294 4310 457 4377 gorii.
1983 4311 2417 4378 eifulminandos,
2446 4312 2813 4383 prominentes
2838 4314 3167 4370 marinorum
3187 4314 3412 4385 piscium
3435 4331 3565 4372 cau-

368 4398 455 4454 40.
504 4398 700 4469 Igitur,
748 4412 807 4459 ut
838 4406 1087 4477 superius
1124 4408 1226 4465 iter
1270 4419 1607 4482 repetamus,
1662 4417 1881 4475 tandem

2000 4404 2081 4460 las
2124 4404 2333 4459 sanctis
2376 4402 2728 4474 appendisse;
2776 4412 2834 4459 et
2897 4404 3002 4460 illis
3054 4405 3292 4499 quidem.
3335 4406 3560 4511 gloriam

296 4486 600 4556 Evangelus
620 4490 829 4547 Domini
851 4494 1204 4564 Augustinus,
1234 4499 1512 4569 egrediens
1536 4503 1604 4558 ab
1633 4502 1878 4563 Eboraca

2000 4496 2363 4566 tempiteruam
2412 4495 2737 4566 peperisse,
2778 4495 2832 4550 in
2901 4510 2962 4552 se
3024 4512 3154 4552 vero
3216 4488 3563 4568 ignominiam

294 4590 416 4632 cum
460 4590 767 4636 sanctorum
813 4584 1082 4641 sociorum
1138 4596 1193 4643 et
1249 4589 1581 4647 assidnarum
1628 4594 1881 4653 virtutum

2000 4602 2281 4658 perennem
2325 4585 2654 4652 retorsisse,.
2687 4596 2748 4641 ut
2785 4587 2889 4643 hoc
2931 4588 3165 4647 dedecus
3212 4589 3561 4658 degenerant!
3604 4627 3611 4636 -

288 4670 583 4737 comitatu,
614 4672 826 4728 obviam
874 4677 1095 4748 excepit
1129 4678 1413 4748 quemdam
1461 4682 1761 4753 leprosum,
1799 4687 1883 4743 ul-
1982 4679 2199 4749 generi.
2232 4692 2339 4734 ιιοη
2376 4678 2648 4734 innoceo“
2699 4686 2756 4734 εί
2798 4692 3077 4749 εθιιετοεω
3123 4681 3417 4753 imputem"
3461 4698 3559 4754 Pa‘

286 4772 476 4814 cerosa
498 4774 563 4815 ac
587 4763 866 4831 purulenta
893 4764 1131 4823 foeditate
1160 4767 1539 4827 deformatum.
1575 4770 1879 4833 lnclamitat
1980 4771 2115 4827 Irim-

288 4848 455 4904 miser
476 4851 867 4909 miserabilibus
907 4857 1184 4925 questibus
1210 4858 1468 4916 ultronea:
1503 4863 1691 4921 salutis
1717 4865 1871 4935 baju-
2048 4860 2134 4915 43-
2168 4859 2264 4918 Πῖο
2283 4861 2426 4918 enim
2454 4861 2811 4933 οοπεριῖοηίε
2833 4871 3201 4932 argumentum
3221 4878 3557 4935 ωηεθίῐυθη·

289 4942 401 4998 lum
429 4944 800 5015 Augustinum.
831 4949 967 5017 Quid
999 4952 1138 5018 dixi,
1174 4954 1510 5012 inclamitat?
1537 4961 1625 5015 eui
1657 4963 1874 5032 pestifer

2000 4970 2059 5011 er
2084 4953 2504 5010 subnectendnm
2552 4954 2791 5022 videtur,
2820 4955 2964 5025 quod
3014 4957 3066 5011 in
3096 4957 3199 5012 alia
3252 4958 3557 5016 incredulo-

285 5034 513 5091 morbus
540 5052 730 5093 vocem
779 5042 1086 5110 ademerat,
1132 5044 1217 5099 cui
1266 5044 1452 5101 sibilus
1491 5064 1589 5117 pro
1636 5051 1869 5122 loquela.
1975 5062 2094 5101 rum
2119 5053 2278 5115 $6018
2306 5060 2368 5101 ea
2399 5052 2721 5116 ιεωρεειθιθ
2748 5045 2992 5102 salutifer
3010 5046 3336 5116 AUEIISliHUS
3361 5064 3556 5119 ορεη·

285 5124 374 5179 cui
408 5133 642 5181 taratara
673 5143 771 5198 pro
812 5130 1051 5186 clamore
1088 5142 1226 5190 erat.
1267 5134 1381 5190 Non
1422 5136 1649 5208 indiguit
1696 5141 1872 5199 indice
1975 5146 2060 5194 tus
2086 5137 2359 5193 recitatur.
2389 5135 2483 5191 ille
2520 5151 2736 5207 quoque
2775 5138 3039 5207 populus.
3083 5137 3378 5195 ίηνεῐθηῑει
3424 5156 3553 5210 PN"

283 5223 506 5270 curator
552 5217 871 5284 benevolus,
921 5235 1029 5277 non
1076 5223 1242 5280 multa
1287 5241 1449 5295 prece
1500 5243 1635 5301 opus
1682 5231 1871 5289 habuit
1972 5226 3550 5300 fanitatedmmonibusincorporatus,tenebrarum(amore)

282 5305 576 5362 miseratcr
615 5311 1195 5381 compatientissimus;
1261 5318 1561 5385 angustiam
1625 5320 1863 5390 languidi
1973 5318 2177 5373 amicos
2220 5317 2352 5372 luris
2399 5331 2624 5380 £10505.
2677 5317 2851 5387 quiin
2882 5319 3193 5375 ίηίίάειίυιῑθ
3220 5320 3555 5377 δυωάίεετει

280 5393 580 5462 sentiebat,
634 5412 793 5467 quem
829 5400 1074 5467 videbat;
1122 5412 1177 5457 ct
1224 5413 1283 5459 ut
1309 5420 1609 5463 :erumnoso
1636 5410 1864 5466 salutem
1974 5408 2124 5463 Deo:
2166 5407 2381 5463 Recede
2426 5422 2457 5462 a
2524 5408 2705 5475 nobis.
2748 5410 3025 5466 scientiam
3090 5412 3295 5466 viarum
3340 5419 3552 5468 ῐυπιιιιι

282 5494 635 5555 operaretur,
685 5488 920 5547 charitas
948 5490 1145 5547 Christi
1175 5497 1417 5565 urgebat.
1468 5496 1605 5565 Quid
1634 5500 1864 5556 celerem
1971 5499 2251 5569 nolumus,
2281 5506 2493 5569 pactum
2522 5516 2644 5554 cum
2689 5509 2865 5565 morte
2904 5500 3125 5557 fecimus
3166 5501 3303 5572 (ha.
3360 5518 3552 5574 xxvm,

358 5650 381 5677 ι
415 5639 537 5715 lmo
566 5638 903 5715 Calliamm_:
940 5643 1036 5699 sed
1061 5654 1281 5715 propter
1324 5647 1592 5712 Francos,
1637 5665 1701 5704 ex
1730 5649 1865 5706 Gor-

285 5712 460 5765 mania
506 5712 784 5771 oriundos.
836 5713 1009 5771 Gallia
1061 5712 1176 5774 Sub
1208 5714 1497 5775 Germania
1545 5722 1862 5786 contineba-

288 5790 392 5836 tur.

2040 5656 2070 5696 δ
2108 5656 2324 5713 Scilicet
2347 5671 2487 5712 anno
2518 5655 2639 5711 59R.
2672 5656 2775 5712 Sed
2804 5656 3047 5710 videntur
3072 5657 3187 5715 hmo
3208 5659 3276 5717 de
3307 5660 3550 5720 (lamna.

1972 5727 2224 5785 riensium
2252 5729 2601 5784 conversione
2627 5727 2805 5798 potius
2832 5727 3189 5799 intelligenda.
