4032 6186
390 266 459 318 33
1127 235 1133 240 ’
1229 269 1538 327 sanares
1567 271 1997 330 aucusnxus
2036 275 2413 333 sannosum
2455 278 2869 337 arosrows.
3587 291 3661 351 si

385 382 511 455 15),
562 385 858 453 angelicum
911 385 1221 454 doctorem,
1279 389 1518 457 angelica
1564 392 1975 448 conversatione
2003 396 2051 452 Λ
2149 388 2237 443 45.
2285 391 2366 446 Ab
2407 392 2510 447 hoc
2556 408 2685 463 ergo
2730 395 2918 451 similis
2966 396 3118 457 furia:
3161 401 3425 474 justmqne
3475 419 3667 467 mm-

387 486 442 530 et
463 476 734 546 signorum
762 477 1071 533 fulminibus
1094 478 1397 534 doctrinam
1417 497 1600 536 veram
1628 483 1969 552 probantem,

387 581 493 621 non
544 567 717 622 solum
768 566 1156 638 repudiabant,
1202 585 1390 625 verum
1448 572 1611 628 etiam
1653 581 1745 627 aut
1783 573 1972 644 gladiis

382 655 653 723 excidere,
684 666 777 712 aut
817 658 1027 727 ignibus
1063 659 1183 715 vita:
1210 660 1412 717 latores
1449 662 1598 720 vivos
1626 678 1853 720 exurere
1880 680 1971 720 ar-

383 745 603 801 debant.
655 746 921 819 Quidquid
968 752 1231 818 benignus
1274 752 1595 822 praedicator
1631 755 1972 811 credentibus

380 833 772 905 pollicebatur,
823 838 899 894 illi
955 841 1296 910 expuebant;
1351 839 1608 913 quidquid
1653 846 1971 916 prophetico

382 941 512 1003 typo
540 933 999 1004 comminabatur,
1027 936 1104 990 illi
1131 937 1551 993 subsannabant.
1584 940 1718 1006 Quid
1760 940 1812 996 in
1861 950 1970 997 tam

378 1023 802 1093 desperabilibus
831 1032 956 1082 tunc
984 1026 1146 1082 faciat
1185 1027 1274 1082 illa
1305 1028 1418 1085 Deo
1460 1030 1706 1086 amabilis
1729 1032 1968 1088 omnium

379 1115 606 1171 salutem
634 1117 937 1186 parturiens
966 1119 1142 1175 anima
1162 1157 1178 1182 ,
1206 1134 1326 1189 qum
1353 1136 1414 1176 se
1459 1122 1622 1177 etiam
1646 1139 1746 1194 pro
1777 1125 1970 1181 talibus

378 1207 509 1262 dare
533 1206 693 1262 vellet
716 1208 766 1263 in
794 1208 1059 1265 cbaritate
1087 1213 1384 1281 perpetua?
1422 1223 1478 1269 et
1507 1215 1635 1285 quid
1661 1221 1821 1272 tantm
1847 1217 1968 1273 fidei

384 1296 714 1366 impossibile
762 1307 817 1352 et
847 1306 954 1353 tam
984 1300 1105 1355 forti
1153 1302 1440 1358 dilectione
1482 1305 1586 1358 erit
1632 1305 1969 1365 invincibile?

377 1387 566 1458 Itaque
614 1387 925 1458 confugiens
969 1391 1036 1445 ad
1084 1393 1452 1450 inexhaustam
1494 1395 1693 1450 Christi
1733 1397 1969 1455 clemen-

377 1481 546 1546 tiam,
578 1490 697 1536 orat
728 1489 784 1536 ut
830 1483 974 1538 illam
1023 1484 1186 1539 ollam
1236 1487 1522 1542 mundialis
1558 1488 1864 1557 petulantia:
1907 1506 1969 1548 ac

383 1574 666 1629 diabolica:
713 1577 966 1642 cultum,
1015 1579 1228 1648 qualem
1275 1581 1538 1651 propheta
1579 1583 1713 1638 vidit
1757 1599 1788 1638 a
1834 1584 1966 1641 facie

376 1665 658 1734 Aquilonis
702 1667 1034 1735 ferventem,
1078 1672 1130 1726 in
1178 1671 1320 1740 virga
1372 1674 1542 1730 ferrea
1589 1682 1844 1744 tanquam
1871 1692 1966 1731 vas

2072 481 2147 550 pti
2174 481 2268 534 :vnis
2293 483 2630 550 diverticulo,
2662 495 2722 540 ut
2763 490 3097 558 superiorem
3131 494 3273 549 viam
3303 500 3662 568 peragendam

2071 580 2404 640 repetamus,
2474 575 2794 632 sanctissimi
2860 579 2955 635 Dei
3001 583 3270 640 veredarii
3337 586 3663 657 AuguStinus

2071 662 2293 732 ejusque
2337 665 2531 720 sociia
2581 668 3058 739 suprame‘moratis
3104 673 3508 744 injuriatoribus
3553 683 3662 738 suis

2070 754 2307 824 quinque
2337 757 2617 823 milliariis,
2647 774 2745 828 per
2773 761 2888 816 loca
2918 763 3158 820 solitaria
3199 767 3250 821 in
3279 776 3420 824 terra
3449 772 3659 831 deserta

2071 853 2126 898 et
2156 845 2411 914 inaquosa
2440 848 2662 918 egressi,
2693 852 2841 919 gravi
2870 853 2959 907 siti
3003 862 3056 909 et
3095 847 3230 912 mStu
3256 860 3354 914 sub
3375 860 3498 917 divo
3527 877 3651 918 eon-

2069 939 2257 992 selere
2284 937 2498 994 defessi.
2522 938 2658 1011 Spes
2685 943 3018 1002 moribundis
3047 960 3152 1001 una
3179 949 3394 1016 salutis,
3439 953 3491 1007 in
3539 953 3651 1010 Deo

2069 1037 2126 1082 et
2152 1027 2433 1099 Augustini
2459 1033 2544 1086 sui
2596 1034 2820 1090 meritis.
2851 1035 2964 1103 ille,
2995 1053 3103 1094 non
3133 1049 3240 1095 tam
3271 1057 3462 1112 prose,
3494 1059 3656 1115 quam

2069 1132 2168 1186 pro
2199 1117 2452 1176 fratribus
2473 1130 2724 1191 aestuans,
2754 1124 2822 1180 ad
2844 1125 3146 1183 beneficum
3175 1130 3447 1187 dominum
3476 1149 3654 1202 suum,

2070 1209 2124 1263 in
2147 1211 2293 1265 omni
2317 1213 2575 1281 petitione
2596 1229 2812 1286 semper
2831 1230 3135 1290 expertum,
3167 1223 3292 1280 fecit
3328 1240 3447 1281 cum
3477 1230 3653 1284 omni.

2069 1299 2169 1354 bus
2193 1302 2453 1357 orationis
2483 1302 2810 1374 confugium.
2855 1309 3041 1365 Oranti
3075 1312 3254 1383 itaque
3279 1315 3539 1373 Dominus
3562 1318 3650 1375 Jeo

2067 1404 2180 1456 sus,
2205 1394 2535 1462 compatiens
2564 1399 2782 1470 martyri
2809 1415 2908 1457 suo
2951 1401 3270 1475 (martyrem
3298 1409 3440 1462 enim
3461 1417 3516 1465 et
3541 1410 3658 1469 sine

2069 1482 2320 1550 passione
2365 1483 2494 1540 facit
2537 1488 2747 1545 animus
2792 1502 3012 1560 paratus
3060 1499 3316 1568 martyrio
3349 1517 3362 1554 :
3394 1500 3658 1574 hujusque

2069 1577 2382 1646 martyrium
2411 1588 2550 1648 erat,
2581 1581 2718 1636 inter
2749 1585 3081 1644 insecutores
3109 1592 3318 1661 patiens
3347 1603 3400 1649 et
3428 1596 3655 1667 benigna

2067 1669 2440 1739 conversatio)
2494 1670 2746 1728 ineffabili
2795 1674 3080 1732 clementia
3133 1681 3222 1736 hic
3269 1695 3328 1737 se
3370 1687 3656 1745 ostendere

377 1757 520 1827 ﬁguli
571 1768 846 1826 congerat;
893 1771 987 1816 ειη
1028 1763 1172 1817 illam
1235 1779 1466 1819 massam
1508 1780 1603 1820 sua
1653 1764 1872 1823 fornace
1915 1769 1966 1822 in
2004 1757 2044 1814 li
2073 1766 2155 1811 est
2182 1758 2457 1830 dignatus,
2505 1764 2692 1833 sicque
2737 1779 2860 1822 eum
2907 1769 3153 1826 familiari
3205 1775 3529 1834 allocutione
3573 1789 3656 1837 est

375 1851 568 1905 melius
604 1859 906 1921 excoquat,
936 1861 990 1906 et
1039 1841 1337 1923 perditione
1383 1853 1576 1924 dignos
1623 1856 1963 1927 correptione

373 1945 602 2000 redimat
647 1946 875 2014 (.Ierem.
950 1951 1018 2013 ι).
1090 1946 1341 2001 Protinus
1399 1947 1654 2003 inusitato
1701 1949 1961 2020 supplicio

371 2036 662 2106 corripitur
692 2037 937 2091 universa
969 2035 1055 2089 illa
1102 2035 1428 2107 conspiratio
1465 2051 1874 2108 perversorum,
1903 2047 1962 2094 ut

371 2127 485 2180 sola
533 2128 748 2182 vexatio
778 2127 981 2182 auditui
1008 2128 1096 2182 det
1127 2128 1477 2183 intellectum.
1525 2128 1730 2184 Ardent
1772 2144 1960 2187 omnes

373 2227 399 2254 ο
451 2218 557 2285 igni
604 2218 888 2281 invisibili;
936 2235 1041 2273 non
1092 2220 1232 2274 sicut
1276 2221 1554 2289 quartanis
1600 2221 1838 2278 febribus
1866 2233 1959 2278 aut

371 2309 489 2363 aliis
541 2310 849 2364 morborum
919 2310 1180 2365 incenliis
1229 2319 1548 2377 a‘stnantes,
1595 2312 1716 2378 sed,
1763 2314 1956 2368 mirum

371 2399 514 2453 dictu
545 2408 600 2452 et
624 2399 867 2454 mirabile
896 2399 1012 2452 visu
1038 2399 1050 2451 !
1076 2409 1264 2454 exusta
1287 2410 1410 2456 cute
1435 2410 1491 2457 et
1519 2401 1956 2460 crudescentibns

368 2493 661 2559 carnibus,
715 2495 1124 2564 sanguinolenta
1167 2496 1391 2564 vestigia
1435 2504 1491 2552 et
1538 2495 1740 2552 femora
1794 2512 1954 2553 exesa

368 2586 810 2642 ostendebantur.
861 2587 918 2641 in
969 2596 1080 2642 tota
1121 2603 1251 2643 vero
1298 2589 1387 2643 illa
1440 2589 1637 2644 furiosa
1677 2591 1866 2659 plebe,
1897 2599 1955 2645 ut

363 2691 526 2730 nemo
549 2686 665 2730 erat
693 2678 782 2746 qui
823 2678 1184 2747 resipisceret,
1207 2680 1286 2734 sic
1324 2694 1482 2735 nemo
1507 2690 1622 2735 erat
1647 2681 1735 2750 qui
1760 2682 1953 2737 evade-

365 2775 468 2819 ret.
500 2765 654 2820 tEtas
681 2774 736 2821 et
773 2781 953 2834 sexus,
993 2781 1149 2823 senes
1178 2776 1234 2822 et
1277 2768 1536 2825 lactantes
1557 2811 1574 2837 ,
1622 2778 1871 2838 parentes
1899 2781 1953 2826 et

365 2856 556 2922 liberi,
603 2872 704 2912 una
753 2873 940 2913 omnes
985 2873 1157 2928 poena:
1204 2860 1470 2916 sententia
1533 2861 1945 2931 plectebantur:

369 2949 564 3020 ubique
611 2950 848 3016 clamor,
891 2953 1163 3020 gemitus,
1209 2962 1264 3008 et
1318 2954 1549 3011 ululatus
1600 2957 1949 3011 crutiatuum

356 3041 680 3108 jzietabatur.
715 3041 865 3098 Tunc
919 3043 1133 3098 demum
1186 3044 1472 3102 redeuntes
1513 3047 1949 3116 prmvaricatores

2067 1852 2375 1908 consolatus
2407 1870 2420 1906 :
2453 1854 2788 1923 Conlortare,
2821 1859 2892 1912 mi
2921 1861 3061 1915 bone
3104 1877 3260 1919 serve
3289 1874 3344 1922 et
3366 1866 3566 1938 fidelis,
3598 1880 3654 1928 et

2066 1943 2288 2000 viriliter
2314 1962 2412 2016 age
2445 1990 2460 2014 ,
2491 1950 2614 2024 quia
2666 1960 2845 2007 tecum
2885 1970 3003 2009 sum
3040 1955 3295 2014 Dominus
3339 1960 3480 2018 Deus
3509 1971 3648 2030 tuus,

2064 2034 2116 2088 in
2147 2038 2292 2092 omni
2343 2048 2432 2093 tua
2470 2040 2784 2110 effectione;
2851 2054 2907 2100 et
2944 2061 3101 2103 aures
3153 2065 3287 2106 mea:
3351 2053 3418 2108 ad
3467 2069 3652 2125 preces

2063 2133 2200 2190 tuas,
2239 2138 2505 2196 quatenus
2557 2148 2773 2204 semper
2810 2150 2909 2206 pro
2953 2138 3355 2212 quibuscunque
3413 2147 3649 2215 petieris,

2061 2217 2322 2275 obtincas.
2357 2219 2474 2276 Tibi
2512 2224 2653 2278 enim
2695 2224 2855 2294 ianua
2901 2237 3049 2297 patet
3091 2241 3307 2288 mternce
3359 2234 3511 2304 vine,
3561 2239 3650 2293 ubi

2059 2321 2268 2362 mecum
2295 2311 2553 2378 gaudebis
2591 2315 2708 2370 sine
2759 2317 2883 2372 fine.
2932 2319 3102 2375 Tanta
3157 2321 3447 2381 Dominicre
3489 2328 3651 2383 visio-

2058 2400 2139 2455 nis
2193 2408 2248 2455 et
2299 2403 2640 2462 allocutionis
2690 2409 3014 2467 charismata
3063 2422 3176 2470 tota
3229 2419 3647 2487 praecordiorum

2055 2493 2245 2550 beatus
2289 2499 2616 2566 Augustinus
2657 2503 2879 2559 ebibens
2924 2505 3230 2576 ﬂagrantia,
3283 2510 3482 2568 oblitus
3525 2529 3648 2569 cor-

2054 2599 2232 2653 porete
2278 2588 2421 2653 sitis,
2455 2589 2622 2659 magis
2667 2607 2732 2648 ac
2775 2594 2944 2664 magis
2972 2597 3187 2653 sitiebat
3231 2609 3500 2670 guStatam
3529 2603 3646 2660 dul-

2054 2675 2325 2745 cedinem,
2373 2680 2590 2748 suisque
2629 2681 2878 2755 laerymis
2924 2697 3197 2754 gratanter
3243 2705 3640 2763 occurrentem,

2055 2768 2392 2826 uberioribus
2421 2771 2632 2831 fletibus
2661 2779 3088 2848 prosequebatur
3113 2783 3421 2841 abeuntem.

2123 2857 2211 2912 Ui.
2247 2858 2486 2917 Adorans
2516 2878 2645 2919 vero
2667 2865 2858 2922 ibidem
2876 2906 2892 2933 ,
2922 2871 3268 2942 sentiensque
3291 2874 3366 2929 illi
3395 2876 3514 2932 loco
3541 2879 3635 2934 ubi

2051 2956 2316 3003 steterunt
2341 2952 2529 3021 pedes,
2551 2953 2759 3010 Domini
2781 2970 3010 3028 superna
3034 2960 3292 3018 beneficia
3309 2965 3637 3036 redundare;

2055 3053 2155 3094 nec
2182 3039 2325 3096 illam
2357 3052 2552 3099 terram
2583 3049 2695 3117 pati
2747 3050 3084 3119 ariditatem,
3134 3055 3186 3109 in
3237 3071 3342 3126 qua
3391 3061 3638 3129 apparuit

363 3132 429 3185 ,ιιι
475 3147 598 3196 ρον,
643 3133 1024 3189 ingenuom";
1065 3135 1190 3204 quid
1255 3135 1356 3191 mis
1407 3137 1640 3191 οωιεςιῑα
1684 3140 1946 3206 promissa
1974 3119 2017 3180 C
2054 3129 2170 3187 fons
2199 3135 2350 3201 vitro,
2385 3137 2528 3193 illico
2569 3140 2775 3197 itineris
2802 3141 3053 3201 baculum
3082 3147 3281 3204 ibidem
3308 3150 3496 3207 aliixit.
3527 3152 3634 3210 Nec

359 3225 825 3278 contemnentibus
871 3225 1215 3294 propheticus
1257 3228 1585 3295 Augustinus
1625 3230 1694 3284 sit
1723 3230 1946 3283 cummi-

360 3320 537 3366 natus.
563 3312 664 3377 Qui
711 3313 865 3366 simul
898 3315 1227 3383 conglobati,
1261 3317 1327 3369 ad
1359 3318 1506 3372 illum
1537 3333 1694 3387 quem
1724 3334 1944 3388 spreve-

356 3410 480 3456 rant
498 3414 845 3468 concurrunt,
871 3404 938 3457 ad
966 3405 1110 3458 illum
1142 3420 1300 3474 quem
1317 3409 1624 3476 repulerunt
1647 3408 1942 3478 refugiunt;

356 3493 472 3562 ejus
519 3494 790 3564 vestigiis,
865 3496 1016 3565 cujus
1087 3513 1273 3566 preces
1333 3508 1386 3554 ct
1451 3501 1652 3554 monita
1712 3503 1945 3557 riserant

356 3585 586 3640 luctuosi
632 3587 1017 3651 succumbunt;
1070 3588 1338 3643 lavacrum
1388 3589 1656 3658 salutare,
1685 3592 1826 3661 quod
1849 3607 1946 3647 ex-

353 3688 752 3748 pugnaveraut,
799 3677 1120 3748 elilagitant;
1154 3690 1468 3748 mutatoque
1502 3681 1696 3738 ardore
1746 3684 1941 3752 poenali

355 3769 405 3822 in
453 3769 700 3824 ardorem
753 3767 909 3833 lidei,
951 3784 1142 3824 omnes
1196 3770 1484 3838 implorant
1527 3785 1586 3826 se
1634 3771 1685 3826 in
1728 3771 1942 3828 Christo

352 3858 579 3913 renasci.
610 3857 733 3913 Ηωο
761 3858 988 3912 mutatio
1035 3858 1274 3912 dexterae
1315 3859 1549 3923 excelsi;
1599 3875 1696 3915 nec
1717 3872 1943 3930 possunt

348 3949 458 4013 jam
503 3962 620 4002 esse
661 3947 923 4003 increduli
971 3949 1266 4019 Augustino
1306 3953 1667 4020 promittenti,
1718 3955 1840 4023 quia
1887 3955 1938 4010 in

352 4035 619 4105 baptismo
640 4049 1092 4104 regenerarentur
1113 4041 1304 4095 mentis
1326 4050 1380 4096 et
1397 4044 1637 4111 corporis
1655 4045 1832 4100 saluti.
1858 4045 1940 4100 Fit

352 4144 482 4198 ergo
507 4131 696 4199 ingens
712 4131 1028 4188 solemnitas
1043 4133 1319 4202 cmligenis
1339 4147 1394 4192 et
1415 4139 1714 4206 terrigenis,
1744 4142 1832 4196 ubi
1862 4150 1941 4197 tot

350 4222 513 4277 millia
527 4225 1137 4294 renatorumjunguntur
1148 4228 1351 4284 civibus
1363 4233 1606 4300 supernis
1624 4250 1637 4287 :
1657 4240 1820 4304 utque
1835 4235 1939 4291 hoc

354 4313 659 4381 tripudium,
686 4315 895 4371 detersa
921 4317 1063 4373 nube
1092 4318 1334 4374 dolorem
1367 4320 1446 4392 [Ρ.
1479 4322 1770 4396 dolorum],
1793 4341 1938 4381 sere-

356 4404 477 4459 nins
502 4403 782 4486 elfu'geat,
812 4407 900 4463 ille
927 4409 1169 4478 putridas
1198 4425 1388 4468 carnes
1411 4411 1674 4470 devorans
1717 4416 1936 4486 pestifer

2051 3237 2221 3288 mora,
2259 3227 2576 3293 purissimus
2606 3231 2724 3286 fons
2772 3233 2920 3289 velut
2970 3237 3074 3292 icta
3103 3254 3239 3293 vena
3268 3242 3494 3310 exsiliit,
3542 3246 3635 3314 qui

2048 3327 2237 3369 omnes
2267 3315 2496 3372 ubertim
2534 3320 2742 3390 refecit,
2773 3333 2826 3379 et
2857 3333 2964 3380 tam
2991 3328 3249 3386 miraculo
3277 3347 3436 3402 quam
3464 3334 3635 3391 salute

2045 3403 2390 3473 exhilaravit;
2439 3418 2600 3478 atque
2627 3413 2820 3470 exinde
2866 3431 3036 3488 usque
3085 3420 3137 3474 in
3179 3433 3526 3494 perpetuum,
3577 3429 3631 3482 in

2045 3508 2231 3550 amnes
2258 3505 2312 3552 et
2338 3499 2543 3556 rivulos
2570 3504 2843 3562 derivatus
2862 3549 2879 3575 ,
2917 3510 3030 3568 bare
3077 3512 3196 3569 loca
3226 3515 3534 3573 habitabilia
3564 3537 3628 3576 ac

2044 3587 2458 3656 populosissima
2496 3593 2642 3650 fecit.
2698 3597 2817 3667 Ipse
2859 3615 2992 3658 vero
3039 3603 3250 3661 divinus
3293 3616 3478 3677 pater,
3522 3618 3630 3665 tant

2043 3676 2214 3732 beata:
2261 3685 2735 3754 contemplationis
2777 3704 3040 3762 compos,
3087 3695 3155 3750 ad
3183 3676 3437 3752 anei-nam
3470 3707 3633 3755 tantm

2043 3771 2226 3839 gratia:
2255 3777 2594 3847 memoriam,
2620 3779 2796 3836 locum
2825 3797 2855 3836 a
2902 3785 3174 3843 cernendo
3222 3787 3388 3844 Deum
3412 3789 3632 3849 Cernhet

2045 3864 2350 3933 appellavit.
2374 3866 2530 3934 Quod
2556 3885 2753 3928 nomen
2779 3889 2847 3929 ex
2872 3875 3040 3931 latino
3070 3878 3392 3950 hebrteoque
3410 3882 3629 3940 confec-

2044 3963 2155 4008 tum
2188 3957 2346 4026 (nam
2377 3968 2436 4012 ut
2462 3961 2630 4029 prima
2661 3963 2865 4034 syllaba
2894 3981 2923 4020 a
2972 3970 3260 4035 cernendo,
3292 3972 3462 4027 visum
3489 4014 3504 4040 ,
3553 3974 3628 4027 ita

2041 4060 2292 4115 sequens,
2320 4049 2422 4112 hel,
2450 4049 2618 4105 Deum
2647 4054 2842 4125 sonat)
2876 4055 3231 4113 indelebiliter
3256 4060 3357 4114 sibi
3385 4060 3624 4116 inolevit.

2042 4137 2121 4192 Ad
2147 4139 2252 4194 hoc
2279 4141 2443 4194 etiam
2471 4143 2695 4199 ecclesia
2730 4145 2783 4199 in
2815 4149 3032 4205 nomine
3067 4149 3276 4206 Domini
3311 4150 3627 4223 Salvatoris,

2040 4229 2182 4297 quod
2213 4245 2271 4284 se
2303 4232 2496 4287 ibidem
2529 4236 2772 4292 revelare
2800 4238 3051 4308 dignatus
3077 4251 3180 4310 est,
3213 4249 3544 4302 construitur
3573 4256 3628 4303 et

2040 4330 2388 4375 consecratur
2419 4338 2431 4374 :
2461 4336 2525 4377 ac
2570 4324 2764 4381 deinde
2806 4327 2831 4364 ιι
2871 4333 3256 4388 monasterium
3282 4374 3296 4398 ,
3336 4335 3447 4404 jam
3499 4337 3626 4390 olim

2041 4409 2094 4463 in
2126 4411 2332 4466 honore
2355 4411 2499 4468 beati
2532 4415 2675 4470 Petri
2702 4419 2934 4488 apostoli
2955 4420 3194 4478 :editiciis
3215 4433 3270 4478 et
3291 4439 3469 4479 rerum
3493 4440 3628 4495 opu-

352 4494 509 4560 ignis,
537 4485 786 4552 omnibus
815 4500 966 4567 aquis
993 4501 1434 4571 inextinguibilis,
1461 4506 1710 4562 omnibus
1729 4508 1935 4564 artibus

2058 4502 2199 4555 entia
2228 4503 2600 4575 sublimatum,
2640 4510 2938 4579 conspicuo
2973 4512 3453 4582 impraasentiarum
3480 4527 3624 4572 cmtu

351 4585 787 4655 immelicabilis,
833 4590 950 4642 solo
989 4591 1334 4662 baptismate,
1367 4597 1663 4664 Augustino
1703 4599 1933 4654 interve-

352 4675 559 4737 niente,
611 4676 662 4730 in
719 4678 979 4735 universis
1027 4681 1098 4736 ibi
1146 4683 1430 4752 baptizatis
1481 4690 1826 4758 extinguitur.
1854 4693 1933 4747 Ab

347 4764 438 4818 illa
469 4781 680 4835 quoque
706 4768 792 4822 die
834 4769 946 4824 lucc
993 4773 1188 4840 pestis,
1221 4788 1338 4842 qua:
1385 4777 1436 4829 in
1470 4779 1586 4834 aliis
1619 4782 1772 4836 terris
1802 4799 1936 4837 non-

351 4874 618 4928 nunquam
665 4873 966 4933 grassatur,
999 4867 1294 4935 Augustino
1325 4872 1713 4938 patrocinante,
1759 4890 1788 4929 a
1821 4885 1931 4931 tota

348 4948 453 5004 hac
481 4951 652 5019 patria
702 4955 1106 5010 exterminatur.
1161 4956 1416 5012 Poterant
1447 4967 1571 5015 tunc
1611 4962 1686 5016 illi
1727 4963 1819 5018 Dei
1874 4966 1940 5020 li-

349 5039 484 5094 berti
514 5042 754 5110 gratilice
793 5044 1029 5101 clamare
1061 5065 1073 5100 :
1107 5047 1217 5103 Nisi
1267 5049 1520 5104 Dominus
1567 5067 1666 5106 nos
1717 5055 1937 5112 liberas-

347 5138 432 5186 set
469 5147 563 5201 per
593 5132 982 5203 Augustinum,
1013 5145 1106 5191 aut
1131 5139 1459 5206 Augustinus
1488 5155 1584 5209 per
1631 5142 1935 5212 Dominum,

345 5225 497 5291 quasi
551 5225 787 5283 Sodoma
833 5228 916 5285 vel
956 5227 1254 5286 Gomorrha
1304 5231 1622 5301 fuissemus,
1672 5247 1762 5291 aut
1807 5237 1935 5295 Elia:

343 5313 552 5383 ignibus
571 5335 690 5375 cum
725 5321 1195 5392 quinquagenariis
1241 5324 1482 5381 hostibus
1522 5327 1715 5382 merito
1743 5331 1928 5397 periis-

343 5419 543 5464 scmus.

415 5565 440 5637 ξι
483 5559 556 5614 De
586 5562 687 5637 hoc
714 5565 836 5637 igne
872 5581 1026 5622 sacro
1055 5570 1261 5637 egimus
1290 5571 1355 5624 l7
1386 5571 1619 5632 Januarii
1650 5576 1714 5629 ad
1761 5579 1924 5633 mira-

339 5626 666 5708 cuia-sancti
698 5626 942 5700 Λῖιιυηίἰ,
979 5638 1004 5708 §
1056 5626 1104 5692 1:

413 5695 444 5738 δ
474 5695 550 5753 De
577 5702 678 5756 hoc
705 5695 1031 5764 inonastenuu
1059 5708 1390 5771 Ccrneliensi
1429 5717 1649 5774 consule
1691 5734 1905 5778 uionas-

2038 4593 2204 4661 pollet
2242 4596 2653 4653 monachorum.
2704 4598 2849 4656 Fons
2875 4610 3054 4657 autem
3087 4603 3176 4659 ille
3212 4619 3382 4671 sacer,
3415 4607 3626 4676 Augus-

2039 4684 2136 4738 tini
2168 4685 2612 4744 administratoris
2657 4690 2875 4746 nomine
2914 4692 3256 4761 celebratur;
3306 4711 3412 4750 non
3449 4698 3626 4752 solum

2038 4778 2348 4846 pctantibus
2377 4779 2622 4847 praebens
2649 4795 2803 4850 aquae
2831 4799 2987 4836 usum
3015 4827 3030 4852 ,
3080 4786 3172 4839 scd
3204 4785 3365 4840 etiam
3391 4787 3627 4842 diverso.

2040 4885 2158 4923 rum
2185 4869 2497 4924 morborum
2529 4873 2875 4928 credentibus
2904 4875 3197 4937 remedium
3231 4895 3242 4928 :
3277 4877 3424 4932 unde
3456 4893 3627 4945 nuper

2045 4962 2180 5030 gesti
2212 4963 2456 5018 miraculi
2489 4965 2574 5020 hic
2600 4964 2790 5020 damus
2820 4966 3101 5034 indicium,
3145 4969 3289 5037 quod
3321 4969 3394 5022 ibi
3439 4982 3504 5023 ac
3529 4983 3626 5038 per

2041 5051 2208 5120 ipsam
2239 5053 2571 5121 provinciam
2601 5055 2708 5110 late
2736 5056 2968 5110 habetur
2993 5057 3424 5112 celeberrimum.

2107 5142 2200 5196 45.
2231 5142 2322 5198 Est
2343 5142 2672 5202 Cerneliensi
2701 5147 2878 5202 abbati
2929 5148 3289 5206 eruditissimo
3339 5148 3623 5218 presbyter

2037 5239 2415 5307 parochianus,
2449 5241 2538 5311 qui
2567 5241 2767 5310 populo
2796 5241 2974 5295 divina
3016 5243 3192 5297 ofﬁcia
3237 5243 3292 5298 in
3336 5243 3454 5312 ipso
3504 5257 3621 5296 mo-

2037 5330 2272 5384 nasterio
2299 5345 2460 5399 agere
2487 5339 2568 5384 est
2597 5331 2807 5385 solitus.
2840 5331 2992 5387 llunc
3017 5333 3246 5402 languor
3271 5333 3337 5388 ad
3376 5341 3621 5388 extrema

2031 5421 2368 5489 perductum,
2403 5423 2777 5477 monachicum
2805 5440 3030 5493 poscere
3059 5425 3318 5495 compulit
3349 5425 3616 5480 habitum.

2027 5581 2186 5634 ticum
2212 5581 2580 5649 Anglicanttm,
2619 5593 2743 5658 pag.
2801 5579 2908 5633 253
2956 5578 3300 5658 e‘tnscqnenti.
3348 5577 3518 5658 Datur.
3545 5576 3617 5632 ibi

2024 5651 2209 5703 charta
2242 5652 2586 5715 fraudationis,
2619 5652 2769 5703 factm
2794 5664 2935 5702 anno
2966 5649 3092 5715 987,
3135 5666 3256 5704 cum
3283 5650 3380 5705 sub
3405 5649 3615 5704 initium

2022 5730 2160 5776 esset
2187 5722 2546 5779 ccenubiulum
2580 5721 2734 5775 trium
2767 5723 3170 5775 monachorum.

3603 5829 3647 5841 ,Α
