4032 6186
317 283 393 337 35
1533 268 1686 322 VlTA
1746 263 1994 322 S.\t\'C1-’i-
2044 264 2430 323 AUGUSTINI.
2531 308 2550 346 τ
3516 269 3586 322 se

319 391 641 464 Appositum
666 395 751 444 est
775 386 897 456 ejus
937 385 1103 455 capiti
1150 398 1317 439 sacrm
1353 382 1700 453 professionis
1749 379 1905 444 indu—
1934 384 1982 437 Α
2010 379 2292 436 miselntor
2321 381 2644 448 Augustinus
2691 382 2830 436 hanc
2860 382 3130 438 miseriam
3176 384 3258 453 pia
3299 399 3456 452 prece
3482 387 3583 439 al.~

320 491 590 543 mentum,
641 478 734 548 qui
763 485 889 532 tunc
930 476 1145 531 demum
1173 474 1238 528 ad
1265 475 1369 528 hoc
1398 472 1745 540 confugeret,
1777 485 1900 524 cum

2004 469 2198 532 solvit.
2248 478 2302 522 ct
2347 471 2400 524 in
2431 470 2704 526 Trinitatis
2732 474 2900 540 gratia
2929 474 3187 545 triplicem
3229 476 3585 530 calamitatem

321 589 475 629 mors
505 573 762 634 instaret;
794 569 896 624 hoc
922 578 1038 635 est,
1080 577 1210 621 tunc
1257 564 1348 618 Dei
1391 573 1715 618 armaturam
1769 559 1904 614 arri-
1925 623 1941 638 .
2007 557 2201 626 triplici
2233 560 2511 614 curatione
2539 560 2735 628 abegit.
2770 561 3076 628 Diriguntur
3104 579 3346 633 gressus,
3397 566 3577 621 absol-

328 673 516 735 peret,
559 677 682 717 cum
730 660 902 715 hostis
950 657 1246 713 invaderet.
1291 655 1408 709 Nox
1435 663 1584 716 erat,
1615 661 1670 706 et
1708 652 1904 705 fessum

323 768 530 824 nigrum
577 766 802 808 somnus
844 749 1115 820 captabat.
1181 745 1334 800 Astat
1384 744 1591 814 trepido
1643 742 1909 810 benignus

326 846 692 917 Augustinus,
729 843 847 912 ipso
875 841 1066 896 habitu
1105 849 1162 894 et
1185 839 1331 908 virga
1375 835 1669 908 pontificali
1695 833 1907 903 conspi-

329 954 484 994 cuus.
515 937 624 992 Nec
650 950 781 990 vero
827 934 918 989 diu
947 933 1040 987 tali
1087 930 1323 986 remedia
1367 927 1628 996 denegat,
1657 925 1749 995 qui
1773 923 1913 978 forte

329 1029 506 1083 adhuc
550 1026 798 1082 satculari
855 1025 1038 1078 animo
1069 1023 1330 1092 degebat;
1374 1019 1606 1075 invitans
1648 1017 1798 1072 illum
1847 1014 1913 1069 ad

328 1118 500 1180 bravii
525 1117 823 1178 cumulum,
877 1115 968 1184 qui
998 1114 1165 1183 gratis
1213 1121 1268 1166 et
1318 1111 1538 1180 ingratis
1579 1109 1916 1164 administrat

329 1210 502 1264 solem
527 1224 707 1272 suum,
732 1217 786 1262 ct
811 1220 1032 1260 aversos
1053 1219 1196 1273 δωρο
1221 1211 1442 1257 revocat
1466 1199 1726 1256 beneficio
1749 1199 1917 1266 magis

329 1317 491 1371 quam
520 1298 809 1369 supplicio.
839 1295 1070 1352 Refovet
1097 1295 1316 1349 anxium
1345 1294 1468 1364 pius
1495 1291 1804 1347 consolator
1825 1289 1916 1345 tali

333 1394 576 1461 aIIOqIIiO
603 1411 616 1445 :
645 1391 848 1458 Surge,
881 1391 992 1457 ait,
1023 1397 1078 1443 et
1103 1387 1171 1442 ad
1203 1387 1406 1443 fontem
1443 1385 1613 1440 sancti
1638 1384 1919 1450 Augustini

331 1485 560 1550 accede,
590 1483 774 1560 ibique
803 1480 1307 1552 quinquagesimum
1354 1476 1619 1548 psalmum
1666 1478 1807 1530 trino
1835 1492 1919 1530 re-

332 1575 506 1643 petitu
539 1573 794 1636 concine,
827 1581 880 1626 et
919 1570 1260 1626 invocatione
1289 1567 1471 1622 auxilii
1518 1568 1685 1638 ipsius
1713 1567 1920 1635 Augus-

333 1665 430 1719 tini
461 1665 623 1719 tertio
673 1665 726 1718 in
756 1663 950 1719 eodem
999 1663 1148 1716 fonte
1188 1676 1386 1731 corpus
1437 1669 1586 1714 tuum
1625 1659 1817 1714 ablue:
1846 1661 1918 1714 ita

2009 647 2150 701 vitur
2173 649 2372 716 lingua,
2398 658 2707 713 reserantur
2724 667 2903 714 aures,
2922 653 3177 708 triformis
3197 670 3336 723 aeger
3363 657 3588 712 triformi

2010 738 2268 806 sospitate
2293 739 2608 806 gratulatur.
2642 739 2687 793 lt
2707 782 2720 805 ,
2753 744 2947 805 currit,
2983 743 3239 812 loquitur,
3269 746 3415 799 audit
3446 745 3583 800 inof-

2012 828 2189 892 fense,
2218 829 2377 900 plane
2402 871 2415 894 ,
2470 832 2632 887 clare.
2669 832 3052 887 Verumtamen
3102 818 3264 888 homo
3312 836 3544 890 lubricus
3570 877 3584 900 ,

2016 927 2161 971 tanta
2200 919 2436 974 vanitate
2483 928 2536 974 et
2584 921 2906 986 insolentia,
2956 931 3179 992 accepta
3224 922 3590 979 incolunitate

2015 1010 2214 1064 abusus
2243 1018 2344 1077 est,
2375 1020 2434 1064 ut
2461 1011 2568 1064 vim
2599 1011 2788 1067 fecisse
2821 1014 2930 1068 Deo
2960 1014 3207 1070 videatur
3239 1016 3587 1084 Augustinus.

2016 1100 2107 1167 qui
2139 1110 2245 1152 tam
2278 1101 2725 1172 iudisciplinatum
2757 1105 2916 1158 saluti
2945 1106 3252 1160 donandum
3282 1109 3587 1176 cxpetierit.

2017 1192 2172 1259 Nam,
2206 1201 2265 1246 ut
2287 1202 2478 1248 caetera
2515 1195 2644 1250 vitia
2693 1195 2927 1250 levitatis
2954 1205 3010 1252 ct
3054 1198 3391 1252 scurrilitatis
3432 1198 3595 1267 ipsius

2019 1291 2313 1348 taceamus,
2341 1284 2411 1339 ad
2441 1285 2725 1340 ecclesiam
2755 1287 2997 1353 veniens,
3031 1297 3175 1342 tanta
3201 1289 3514 1357 garrulitate
3542 1300 3598 1344 et

2019 1371 2233 1426 lascivia
2261 1373 2468 1441 plebem
2500 1373 2794 1440 alliciebat,
2827 1385 2884 1430 ut
2914 1391 3102 1430 omnes
3126 1393 3225 1431 sun
3255 1377 3600 1446 improbitate

2020 1463 2438 1528 scaudalizaret;
2495 1465 2621 1520 dum
2679 1483 2780 1525 nec
2836 1469 3193 1523 reverentiam
3233 1478 3422 1524 sancto
3481 1469 3599 1526 loco

2021 1563 2223 1622 ageret,
2271 1570 2374 1610 nec
2400 1555 2557 1610 uilius
2604 1557 2960 1625 increpationi
2992 1558 3379 1627 aCtllliC>C9rCf.
3413 1558 3598 1612 Sicini.

2023 1653 2378 1714 temperatum
2427 1645 2603 1699 divina
2637 1646 3028 1702 animadvrrsio
3075 1648 3340 1717 prioribus
3377 1649 3601 1702 vincula

332 1766 518 1826 optata
539 1755 643 1809 vita
665 1763 719 1808 et
733 1754 961 1808 sanitate
979 1753 1201 1822 potiere.
1221 1751 1295 1805 Ne
1312 1767 1415 1820 qua
1435 1765 1562 1805 vero
1577 1749 1916 1820 pra':pediaris

2025 1736 2236 1804 gravius
2264 1735 2542 1801 astrinxit,
2571 1745 2624 1791 et
2645 1736 2820 1790 ablata
2847 1737 3021 1791 salute
3049 1753 3166 1808 qua:
3194 1747 3313 1792 erat
3342 1737 3602 1792 indomito

334 1845 684 1915 ambiguitate
701 1885 718 1910 ,
748 1845 922 1914 ipsum
949 1843 1086 1897 scias
1118 1842 1210 1897 tibi
1237 1841 1427 1896 adesse
1448 1850 1502 1895 et
1531 1841 1646 1896 inec
1665 1840 1915 1903 suadere,

336 1952 436 2006 per
463 1951 625 2005 quem
649 1933 847 1988 debeas
877 1932 1229 1987 revalescere.
1263 1930 1406 1984 inter
1436 1931 1534 1984 ista
1571 1929 1920 1984 moribundus

337 2027 582 2096 erigitur,
621 2035 882 2094 raptoque
927 2023 1122 2078 baculo
1170 2022 1485 2076 mirantibus
1533 2022 1736 2076 cunctis
1763 2035 1919 2088 egre-

334 2117 502 2170 ditur.
528 2115 821 2169 Videbatur
846 2123 971 2168 tunc
997 2113 1240 2181 vigilibus
1270 2113 1402 2176 suis,
1429 2113 1575 2166 illurn
1600 2111 1924 2168 inunitnntis

338 2208 470 2262 iethi
513 2207 772 2276 praesagio
799 2207 869 2260 ita
897 2207 1154 2261 oberrare
1180 2223 1191 2257 :
1227 2204 1432 2258 malunt
1453 2213 1627 2259 tamen
1649 2201 1920 2271 subsequi,

336 2310 394 2355 et
421 2317 530 2368 quo
562 2300 750 2354 tendat
801 2301 1110 2361 observare,
1154 2313 1314 2366 quam
1365 2297 1672 2366 prohibere.
1715 2294 1809 2350 ille
1856 2293 1924 2348 ad

337 2409 550 2448 sacrum
576 2394 777 2446 fontem
805 2389 1055 2454 veniens,
1090 2391 1248 2444 tertio
1273 2389 1323 2442 in
1346 2388 1461 2457 ejus
1489 2402 1646 2441 amne
1671 2386 1924 2451 abluitur,

339 2484 506 2540 tertio
543 2482 1020 2552 quinquagesimus
1061 2480 1298 2550 psalmus
1334 2495 1455 2535 cum
1500 2479 1782 2548 implorato
1813 2479 1923 2533 Λυα-

337 2574 539 2642 gustini
577 2573 832 2641 suilragio
876 2572 1226 2636 decantatur;
1280 2580 1332 2627 et
1361 2579 1486 2626 ante
1511 2570 1780 2640 expletum
1807 2585 1919 2639 pre-

337 2680 462 2719 cam
507 2665 914 2728 holocaustum,
962 2677 1103 2731 mger
1140 2678 1200 2718 se
1229 2663 1454 2717 miratur
1478 2663 1652 2718 subita
1699 2663 1929 2718 sanitate

339 2755 409 2810 de
432 2756 651 2810 interitu
679 2765 1013 2810 revocatum.
1045 2755 1248 2822 Nempe
1273 2754 1417 2823 quod
1447 2753 1697 2824 antiquus
1725 2755 1930 2808 iecerat

340 2856 565 2918 septena
620 2847 887 2902 lavatione
934 2847 986 2900 in
1036 2847 1286 2916 leproso,
1321 2846 1424 2900 hoc
1475 2853 1656 2901 noster
1685 2844 1926 2910 Elisacus,

341 2953 564 2993 summa:
589 2937 841 2991 trinitatis
862 2937 1155 3000 confessor,
1175 2935 1418 2992 exhibuit
1439 2936 1574 2990 trina
1598 2937 1932 3006 baptismatis

341 3027 514 3081 forma
546 3028 832 3082 morituro.
866 3025 1160 3094 Regressus
1191 3025 1468 3094 ergo,jam
1493 3041 1597 3079 non
1632 3025 1925 3092 languidus,

2024 1826 2088 1880 ad
2117 1825 2404 1896 perniciem
2434 1864 2449 1889 ,
2506 1827 2747 1896 repetitis
2791 1826 2983 1896 majori
3032 1828 3221 1882 dolore
3257 1826 3487 1881 induviis
3509 1828 3600 1881 do-

2024 1917 2194 1971 tnuit':
2218 1917 2468 1973 videlicet
2491 1933 2552 1973 os
2578 1918 2725 1972 stulti
2748 1919 3009 1973 ebulliens
3035 1918 3338 1985 stultitiam,
3365 1927 3418 1972 et
3446 1934 3600 1973 aures

2024 2007 2257 2065 intentas
2284 2011 2347 2063 ad
2370 2010 2578 2066 fabulas
2606 2027 2932 2082 omnemque
2961 2012 3253 2076 lasciviam,
3278 2012 3440 2081 pedes
3471 2023 3591 2082 quo

2025 2117 2129 2170 que
2158 2111 2435 2157 currentes
2460 2103 2526 2157 ad
2553 2103 2930 2174 praecipitium,
2962 2120 3110 2159 :enea
3156 2105 3309 2159 clave
3336 2105 3608 2159 obstruxit

2027 2197 2083 2243 et
2112 2189 2178 2243 ad
2204 2190 2596 2245 continentiam
2630 2192 2871 2247 retorsit.
2905 2192 3156 2247 Arctatus
3180 2193 3359 2261 itaque
3387 2192 3606 2254 acriori-

2029 2283 2128 2338 bus
2155 2283 2500 2349 cruciatibus,
2531 2283 2594 2338 ad
2622 2284 2898 2340 cmicstem
2940 2284 3206 2339 medicum
3233 2285 3300 2338 ab
3331 2283 3518 2336 amicis
3553 2291 3608 2335 et

2028 2376 2270 2445 cognatis
2317 2377 2638 2443 attrahitur;
2687 2378 2968 2446 sanctique
3019 2377 3255 2442 vestigiis
3305 2376 3605 2436 inhmrcns,

2029 2468 2173 2539 quod
2203 2468 2492 2524 obstructis
2519 2469 2697 2525 verbis
2728 2469 3017 2539 nequibat,
3057 2468 3186 2522 diris
3235 2468 3476 2537 suspiriis
3516 2467 3610 2520 dc-

2030 2562 2274 2632 plangit:
2307 2563 2609 2632 iacrymans
2633 2570 2688 2617 et
2713 2560 2918 2631 ejulans
2948 2561 3154 2616 veniam
3186 2561 3386 2629 poscit,
3431 2559 3608 2627 sospii'

2033 2661 2197 2706 tatem
2244 2652 2531 2707 indebitam
2563 2660 2884 2722 prmsumpla
2917 2650 3199 2705 clementia
3240 2649 3450 2716 repetit.
3477 2647 3605 2701 Vul-

2032 2753 2290 2801 nerantur
2317 2745 2479 2814 altius
2508 2755 2733 2814 paterna
2783 2743 2988 2800 vi~cera
3037 2742 3208 2796 aliena
3257 2740 3511 2804 miseria,
3557 2747 3615 2792 et

2033 2851 2156 2892 cum
2187 2837 2567 2894 misericordia:
2590 2837 2770 2907 judice
2801 2838 3032 2892 luctatur
3072 2833 3435 2890 misericordia
3455 2874 3469 2898 ,
3501 2848 3610 2901 qua

2031 2927 2146 2981 sola
2190 2927 2332 2982 solet
2382 2927 2524 2986 vinci
2575 2927 2878 2981 miscratrix
2923 2926 3152 2992 justitia.
3197 2923 3338 2978 inter
3378 2939 3528 2978 reum
3554 2931 3610 2977 et

2035 3016 2199 3071 Deum
2245 3020 2424 3071 obstat
2469 3016 2766 3072 causidicus
2795 3015 3090 3069 mediator:
3119 3016 3242 3068 hinc
3283 3013 3610 3082 punivndttett

341 3118 435 3173 sed
468 3127 616 3172 totus
641 3132 828 3186 sospes
850 3115 920 3170 ad
951 3116 1236 3184 lectulum,
1267 3117 1502 3171 suaviter
1531 3116 1827 3186 requievit;
1870 3105 1995 3169 etC
2030 3109 2288 3178 increpat,
2322 3108 2466 3163 illinc
2481 3109 2793 3163 salvandum
2820 3108 3067 3160 intentat.
3098 3105 3450 3160 Confunditur
3485 3120 3608 3160 sce-

342 3211 460 3280 ipso
488 3210 626 3264 lucis
651 3210 968 3278 crepusculo
998 3211 1382 3266 monasterium
1410 3209 1592 3274 subiit,
1621 3209 1927 3279 pupuloque

342 3315 410 3354 ex
431 3315 584 3353 more
598 3300 888 3354 matutinas
902 3300 1224 3355 decantavit.
1241 3299 1441 3370 Stupor
1462 3301 1646 3370 ingens
1663 3301 1926 3356 etextasis

343 3393 594 3447 abbatem
623 3400 680 3447 et
706 3393 729 3444 f
753 3401 897 3448 atrcs
920 3407 983 3448 ac
1004 3392 1212 3462 plebem
1235 3393 1478 3462 corripit,
1502 3409 1625 3447 cum
1650 3393 1832 3448 laetitia
1873 3402 1929 3449 et

341 3488 638 3554 gratiarum
660 3485 958 3551 etin-ioue;
989 3494 1048 3540 ut
1073 3486 1223 3555 cujus
1251 3487 1510 3555 exequias
1539 3487 1927 3554 praestolaban-

343 3587 434 3630 tur
453 3577 730 3647 excipere,
761 3577 993 3632 alacrem
1017 3585 1070 3631 et
1100 3577 1423 3633 incolumem
1445 3577 1686 3633 viderent
1711 3578 1926 3633 Solitum

342 3669 580 3723 oﬂicium
602 3669 878 3724 exhibere.
908 3667 1000 3724 ille
1021 3669 1180 3732 etiam
1213 3669 1410 3738 populo
1438 3669 1685 3738 exposuit
1714 3668 1925 3738 publica

344 3774 507 3822 voce,
538 3760 770 3828 qualiter
816 3774 912 3828 per
939 3768 1181 3814 sanctum
1211 3761 1564 3828 Augustinum
1612 3767 1831 3813 sanatus
1858 3759 1928 3813 sit

345 3860 452 3904 tam
485 3865 738 3918 propere.

416 3939 506 3993 46.
559 3939 724 4008 igitur
752 3940 1025 4007 angelicas
1065 3940 1277 3996 Domini
1327 3940 1534 4008 legatus
1562 3941 1924 4010 Augustinus,

342 4036 404 4084 ut
433 4030 537 4082 iter
558 4027 675 4098 ejus
705 4029 1080 4093 terminemus,
1131 4039 1255 4100 post
1301 4029 1458 4099 longa
1486 4040 1640 4086 terrae
1674 4032 1844 4100 spatia
1873 4040 1929 4087 et

343 4135 411 4174 ex
440 4134 629 4185 magna
665 4129 816 4189 parte
845 4130 1176 4190 pererratam
1230 4122 1584 4189 Britanniam,
1618 4131 1739 4192 post
1770 4124 1926 4178 innu-

345 4224 492 4263 mera
523 4209 780 4264 virtutum
811 4217 866 4265 et
893 4210 1340 4266 documentorum
1389 4211 1646 4266 salutaria
1699 4212 1924 4279 solatia,

343 4302 409 4355 ad
441 4309 754 4370 perpetuam
783 4301 966 4357 sedem
998 4311 1056 4357 et
1092 4303 1428 4358 mansionem
1473 4318 1625 4358 suam
1656 4303 1928 4360 Dorober-

344 4391 509 4457 niam,
541 4407 664 4446 cum
695 4391 788 4446 illo
811 4391 1126 4448 beatissimo
1145 4393 1413 4448 sociorum
1437 4393 1716 4457 comitatu,
1742 4405 1925 4463 regre—

2029 3201 2196 3256 lestus
2222 3200 2288 3254 de
2314 3199 2492 3268 culpa,
2531 3198 2816 3266 corrigitur
2847 3196 3155 3266 pmniteritia
3179 3238 3195 3264 ,
3246 3203 3306 3249 ut
3333 3202 3610 3250 correctus

2030 3292 2281 3347 induatur
2303 3291 2532 3359 justitia,
2557 3290 2877 3361 justiiicalus
2905 3290 3142 3360 potiatur
3157 3289 3286 3358 justi
3311 3286 3609 3343 Salvatoris

2026 3383 2220 3452 gratia.
2271 3382 2362 3437 Sic
2389 3382 2749 3436 interveni-ms
2775 3381 3100 3450 Augustinus
3128 3419 3142 3444 ,
3176 3378 3457 3449 praevaluit
3494 3378 3606 3433 vic-

2031 3475 2190 3538 toria,
2226 3475 2454 3529 extorsit
2474 3489 2594 3529 cum
2617 3473 2784 3528 Jacob
2805 3473 3257 3536 benedictionem,
3279 3487 3400 3527 cum
3424 3469 3610 3541 Moyse

2029 3567 2500 3636 propitiationem,
2549 3577 2603 3620 et
2630 3576 2834 3635 raptam
2881 3579 2910 3618 a
2955 3564 3181 3619 Domino
3211 3563 3382 3617 victor
3411 3562 3608 3616 misero

2031 3657 2327 3727 reportavit
2353 3657 2528 3712 denuo
2554 3657 2889 3725 sospitatem.
2915 3654 3007 3708 Ille
3035 3662 3090 3706 ct
3117 3652 3384 3721 gressibus
3411 3660 3467 3707 et
3494 3652 3610 3705 elo-

2031 3747 2156 3816 quio
2199 3755 2254 3800 et
2299 3745 2570 3800 auditione
2617 3745 2934 3799 reformatus
2963 3742 3028 3796 ad
3077 3743 3376 3809 integrum,
3433 3749 3610 3796 cessat

2031 3837 2257 3892 ulterius
2285 3836 2458 3890 aliena
2487 3851 2589 3905 ope
2616 3835 2760 3900 duci,
2792 3842 2968 3889 cessat
2988 3833 3167 3900 digitis
3197 3832 3358 3901 loqui,
3389 3831 3608 3888 desues-

2031 3938 2159 3986 cunt
2186 3936 2241 3984 et
2278 3929 2366 3983 alii
2396 3928 2588 3996 quibus
2623 3927 2787 3982 surdo
2834 3925 3168 3982 satisfaciant
3213 3925 3362 3992 signa
3393 3924 3608 3990 doceri;

2030 4035 2190 4076 sensu
2220 4034 2437 4088 quoque
2489 4018 2668 4074 sanior
2714 4016 2971 4079 redditus,
3002 4016 3196 4072 desinit
3226 4032 3255 4068 a
3287 4014 3607 4068 ventositate

2030 4112 2194 4182 priori
2220 4111 2395 4183 [quod
2427 4111 2610 4165 utilius
2655 4118 2737 4163 est
2769 4125 3029 4180 corporea
3059 4106 3262 4178 salute]
3291 4108 3456 4179 patris
3498 4108 3603 4162 sci-

2031 4202 2156 4257 licet
2198 4201 2478 4270 Augustini
2523 4200 2852 4270 eruditione,
2902 4201 3238 4271 correptione
3262 4239 3278 4266 ,
3329 4211 3500 4268 prece
3540 4212 3608 4252 ac

2031 4283 2349 4348 silvatione.

2653 4361 2880 4418 CAPUT
2911 4361 2974 4415 ν.

344 4451 522 4536 diu";
553 4483 644 4537 ubi
676 4494 731 4538 ιη
759 4485 998 4538 omnium
1028 4484 1240 4554 genitor
1269 4493 1325 4540 ει
1353 4485 1560 4548 lucifer,
1593 4501 1656 4540 ac
1684 4451 1925 4542 s'olis'sui
1958 4479 2008 4538 ι)
2123 4457 2344 4512 Sanctus
2376 4455 2587 4511 Livinus
2618 4456 2902 4525 baptizatus
2925 4465 2971 4507 et
3002 4454 3301 4510 instructus.
3335 4451 3517 4507 Sancti

345 4573 830 4630 desideratissimus
856 4590 1105 4632 recursus
1123 4617 1138 4643 ,
1174 4577 1412 4633 omnium
1443 4576 1628 4632 favore
1653 4585 1710 4633 ct
1736 4580 1926 4647 gaudio

344 4661 628 4730 excipitur.

418 4749 500 4804 47.
537 4751 680 4805 inter
709 4751 1110 4820 frequentantes
1139 4762 1248 4807 tam
1295 4764 1572 4824 potentem
1619 4765 1924 4812 curatorem

344 4840 598 4895 debilium
633 4843 835 4910 turbas,
865 4843 1081 4898 advenit
1103 4844 1335 4913 juvenis,
1372 4847 1595 4914 genibus
1625 4849 1798 4904 nitens
1829 4864 1925 4917 pro

345 4936 602 5002 pedibus,
645 4945 833 5006 utpote
879 4937 1026 5006 gravi
1057 4945 1407 5009 utrorumque
1435 4941 1631 5009 pedum
1675 4950 1922 4998 contrac-

345 5027 490 5113 tione
513 5034 832 5113 jortuosus,
876 5027 1035 5082 simul
1081 5027 1243 5082 etiam
1273 5027 1455 5083 auditu
1496 5038 1550 5084 et
1579 5029 1788 5098 loquela
1827 5030 1923 5085 de-

345 5112 590 5178 functus;
620 5116 786 5169 oculis
815 5124 1024 5171 tantum
1055 5117 1139 5171 via
1172 5118 1417 5190 patebat,
1469 5119 1562 5174 sed
1592 5120 1730 5174 viam
1760 5119 1925 5174 infor-

343 5205 446 5256 mis
470 5219 684 5272 gressus
715 5207 978 5275 negabat;
1020 5221 1138 5276 quae
1172 5217 1382 5278 peteret
1412 5210 1648 5275 videbat,
1699 5211 1792 5266 sed
1819 5226 1924 5282 qua

343 5303 552 5362 peteret
577 5295 930 5352 interventrix
961 5299 1139 5368 lingua
1165 5299 1436 5354 deiecerat
1461 5319 1473 5354 :
1506 5303 1778 5370 angustias
1797 5318 1922 5358 suas

343 5395 522 5440 mutus
546 5387 788 5452 Iacebat;
813 5390 954 5455 quod
983 5390 1121 5445 scire
1134 5390 1368 5459 juvaret,
1397 5393 1589 5447 surdus
1613 5409 1717 5448 non
1741 5393 1924 5449 audie-

340 5473 469 5540 bat;
503 5484 581 5529 tot
607 5477 730 5531 vilre
760 5478 950 5533 oiliciis
978 5489 1275 5548 carentem,
1323 5482 1435 5536 sive
1463 5483 1774 5537 semivivum
1811 5485 1926 5540 sive

341 5565 748 5622 semimortuam
781 5570 1040 5637 dixerim,
1097 5582 1221 5627 nota
1251 5574 1568 5629 miserabilis
1593 5583 1692 5631 est.
1729 5575 1922 5631 Verum

2384 4545 2656 4616 Augustini
2685 4545 2851 4600 obitus
2883 4554 2930 4597 et
2957 4546 3237 4613 sepultura.

2100 4656 2190 4712 48.
2238 4656 2356 4711 Jam
2385 4671 2510 4712 vero
2559 4656 2696 4710 inter
2734 4665 2814 4708 tot
2862 4655 3115 4709 virtutum
3174 4654 3436 4722 insignia,
3484 4656 3605 4724 quis

2030 4748 2190 4816 digne
2217 4747 2405 4804 eiferat
2443 4746 2578 4799 tanti
2607 4743 2841 4800 doctoris
2868 4745 3154 4814 praeconia,
3187 4757 3284 4812 per
3310 4759 3469 4813 quem
3496 4761 3607 4801 non

2031 4848 2238 4894 tantum
2267 4838 2602 4895 eileratiores
2629 4853 2792 4893 suave
2838 4836 3035 4892 Christi
3057 4836 3242 4906 jugqu
3272 4835 3568 4905 suscipiunt
3587 4871 3607 4901 ,

2031 4948 2216 4987 verum
2244 4932 2404 4986 etiam
2435 4929 2606 4986 sancti
2638 4937 2692 4985 et
2721 4929 3105 4997 signipotentes
3157 4927 3290 4990 viri,
3322 4927 3481 4981 etiam
3510 4941 3607 4978 an-

2027 5024 2199 5092 gelico
2228 5023 2453 5089 monitu,
2477 5021 2544 5076 ad
2564 5035 2686 5076 eum
2706 5019 2935 5074 mirabili
2953 5017 3168 5071 veniunt
3193 5017 3274 5070 via
3291 5013 3614 5070 erudiendi-l-

2029 5116 2136 5170 Res
2183 5126 2265 5170 est
2294 5131 2399 5169 non
2441 5113 2725 5184 capitulari
2774 5108 3097 5165 arctitudine
3145 5103 3601 5170 commendanda,

2027 5207 2119 5262 sed
2150 5206 2308 5276 plana
2359 5214 2415 5260 et
2461 5202 2630 5258 lucida
2663 5201 2928 5257 sententia
2970 5196 3308 5270 exponenda.
3358 5195 3605 5263 Legimus

2029 5300 2082 5354 in
2115 5309 2136 5335 υ
2169 5300 2276 5354 vita
2325 5295 2619 5352 beatissimi
2670 5295 2939 5364 pontificis
2985 5303 3041 5347 et
3083 5289 3338 5361 martyris
3390 5286 3558 5340 Livini
3586 5327 3602 5350 ,

2035 5389 2173 5444 iideli
2228 5397 2534 5444 sanctorum
2584 5387 2850 5441 sociorum
2891 5398 3109 5439 suorum
3139 5377 3608 5436 commendatione

2033 5482 2326 5550 descripta,
2377 5480 2605 5549 qualiter
2659 5480 2772 5548 ipse
2821 5478 3208 5532 dom‘nicorum
3265 5471 3602 5540 negotiorum

2032 5575 2368 5644 dispensator
2417 5572 2752 5642 ﬁdelissirttus
2792 5569 3144 5637 Augustinus,
3196 5565 3260 5619 ad
3292 5565 3603 5636 religiosum

418 5691 437 5718 θ
471 5681 597 5738 "xc
649 5685 965 5744 illustranda
996 5697 1149 5743 erunt
1184 5686 1246 5739 l2
1274 5686 1604 5753 Novembris,
1653 5690 1848 5757 scripta
1878 5707 1908 5746 a
1949 5697 2133 5747 sancto
2167 5687 2436 5743 Bonifacio
2470 5664 2871 5754 archiepiscopi
2898 5679 3268 5748 Magunticnsi.
