4032 6186
400 286 471 343 87
1175 281 1482 339 SANCTUS
1526 281 1957 339 AUGUSTINUS

2067 281 2363 340 lCl.(lRUM
2399 284 2440 339 A
2450 284 2812 342 PUSTOLUS.
3591 295 3666 352 88

353 407 369 420 ‘
401 414 581 469 regem
613 411 636 436 η
665 398 860 462 Scotia:
887 397 1279 453 Colomannum
1320 397 1556 452 omnium
1602 398 1758 452 saluti
1788 411 1977 453 consu-
2007 401 2055 456 Α
2085 395 2282 461 tinum;
2313 397 2461 450 venit
2499 399 2744 465 angelico
2773 398 2936 453 ductu
2967 398 3116 454 velut
3145 400 3212 455 ad
3249 400 3477 457 alterum
3504 419 3666 475 ange-

404 493 518 546 lens
539 490 774 554 venerit,
820 497 874 544 et
899 489 1115 548 beatum
1153 487 1394 541 Livinum
1427 497 1552 544 tunc
1597 504 1822 557 puerutu
1852 503 1973 543 cum

403 590 587 638 sancto
636 579 936 634 Menalchio
965 580 1216 648 pontifice
1263 580 1632 646 baptizaverit,
1685 589 1850 649 utque
1879 594 1975 633 rex

399 681 453 724 et
484 670 665 745 regina
696 670 952 739 regnique
981 670 1270 738 eptimates
1295 670 1439 723 illum
1463 685 1494 724 a
1540 669 1687 724 fonte
1714 684 1973 739 suscepe-

401 761 526 816 rint.
573 759 723 814 Tunc
769 761 986 830 insuper
1051 759 1380 828 baptizatum
1429 759 1622 814 solaris
1671 759 1975 829 splendoris

397 851 647 906 columna
697 867 877 906 coram
930 853 1178 907 omnibus
1214 853 1438 919 alluxit,
1489 862 1544 907 et
1591 853 1642 907 in
1688 852 1974 922 splendore

396 959 562 998 aurea
606 943 721 998 sole
769 943 1052 998 micantior
1091 944 1280 999 dextra
1327 960 1595 1016 apparens
1621 952 1704 1000 ter
1744 959 1971 1014 puerum

396 1035 552 1102 signo
605 1033 778 1088 crucis
828 1034 1131 1098 benedixit,
1184 1043 1345 1102 atque
1388 1050 1488 1090 vox
1543 1034 1729 1090 cmliea
1777 1035 1830 1088 in
1860 1035 1974 1089 tunc

397 1125 558 1180 verba
590 1126 770 1180 so:.uit
796 1143 808 1177 :
844 1126 1076 1181 Dilectus
1103 1126 1213 1180 Deo
1241 1135 1294 1179 et
1324 1127 1651 1192 hominibu=,
1681 1126 1836 1196 cujus
1866 1141 1976 1180 me-

395 1216 565 1271 moria
617 1216 669 1270 in
708 1216 1081 1271 benedictione
1127 1225 1227 1270 est.
1261 1216 1396 1272 [line
1445 1217 1732 1288 praeclarus
1761 1218 1972 1286 Augus-

393 1310 539 1363 t’nus
567 1304 852 1362 Dominum
902 1307 1256 1376 gloriﬁcavit,
1304 1319 1360 1363 et
1405 1310 1615 1364 cunctis
1637 1307 1969 1378 gloriﬁcandi

392 1399 772 1454 documentum
801 1397 965 1453 dedit.
998 1397 1220 1461 ,lnterea
1250 1399 1448 1454 sanctis
1479 1400 1598 1454 vitae
1627 1399 1972 1458 incrementis

392 1489 707 1545 adolescens
733 1488 822 1542 ille
845 1525 860 1552 ,
904 1503 1032 1542 suus
1061 1497 1116 1543 et
1139 1504 1256 1543 aevo
1280 1498 1334 1543 et
1359 1490 1551 1544 merito
1581 1488 1796 1558 ﬁliolus,
1831 1492 1970 1548 adeo

390 1581 616 1636 dilectus
671 1588 789 1635 erat
829 1579 945 1648 regi
991 1589 1050 1634 et
1085 1579 1333 1635 omnibus
1357 1619 1372 1645 ,
1430 1588 1488 1633 ut
1517 1581 1656 1635 miro
1683 1579 1878 1636 aﬁectu
1906 1597 1970 1638 ac

391 1673 638 1744 precibus
663 1687 787 1727 eum
818 1672 1054 1726 retinere
1083 1679 1374 1726 tentarent.
1404 1671 1502 1726 Cui
1545 1673 1753 1727 timenti
1801 1673 1968 1728 retia-

2081 484 2218 549 lum,
2258 485 2325 540 de
2374 485 2565 540 florido
2606 487 2797 542 itinere
2846 488 2913 542 ad
2966 487 3271 559 florigerum
3314 493 3618 561 paradisum
3641 533 3658 561 ,

2078 574 2143 629 dc
2181 575 2265 628 via
2319 575 2480 628 maris
2511 577 2576 628 ad
2624 575 2827 630 fontem
2876 577 3220 645 mellilluum,
3251 580 3322 636 de
3350 582 3662 649 perniciosis

2077 666 2269 735 opibus
2297 665 2362 718 ad
2392 666 2870 735 incorruptibilium
2897 668 3200 723 divitiarum
3249 671 3662 743 thesaurarium,

2076 758 2160 810 cui
2188 757 2255 812 de
2284 759 2533 814 cubiculo
2561 761 2673 814 veri
2723 761 2862 830 regis
2909 762 3171 816 infinitam
3211 763 3541 834 opulentiam
3576 781 3661 820 re-

2075 864 2194 902 rum
2224 857 2279 903 et
2320 850 2813 906 immarcescibilem
2863 853 3309 922 pulchritudinem
3353 855 3656 924 specierum

2075 940 2356 1009 depromat
2377 943 2637 998 omnium.
2671 947 2712 995 υ
2742 959 2905 1012 quam
2935 945 3184 1000 festivum
3211 955 3386 1001 ortum
3415 957 3500 1002 est
3525 962 3655 1017 gau-

2073 1030 2217 1084 dium
2257 1039 2365 1085 tam
2413 1032 2671 1102 prtecelso
2721 1033 2932 1089 doctori
2978 1044 3326 1102 sanctorum,
3368 1039 3456 1091 ubi
3491 1039 3652 1094 talem

2073 1123 2175 1178 sibi
2203 1124 2457 1179 divinitus
2493 1126 2820 1182 destinatum
2852 1129 3066 1198 excepit
3093 1129 3446 1199 discipulum,
3496 1146 3657 1201 quem

2073 1214 2274 1285 Spiritu
2304 1225 2492 1273 sancto
2523 1219 2862 1288 prtesciverat
2882 1231 3190 1288 venturum,
3215 1224 3307 1292 qui
3332 1225 3523 1291 dignus
3542 1236 3658 1280 erat

2073 1307 2332 1374 magister
2358 1307 2628 1362 aliorum?
2674 1308 2781 1364 Sed
2829 1324 3090 1379 generosa
3139 1311 3348 1368 indoles
3388 1313 3596 1380 Livini,
3627 1329 3658 1368 a

2073 1406 2182 1451 tam
2223 1398 2477 1454 divinitus
2521 1399 2781 1470 inspirata
2835 1403 3040 1456 mavult
3095 1403 3302 1458 discere
3347 1405 3656 1474 humiliter,

2071 1491 2216 1561 quod
2244 1500 2430 1562 postea
2461 1491 2656 1548 doceat
2687 1491 3028 1549 ﬁducialiter.
3062 1495 3226 1549 Audit
3254 1495 3438 1564 illum,
3487 1497 3576 1566 qui
3604 1498 3657 1552 in

2072 1583 2210 1638 cmlo
2238 1583 2414 1653 posuit
2442 1598 2504 1638 os
2528 1599 2684 1638 suum
2705 1627 2722 1652 ,
2769 1582 3015 1653 angelico
3043 1601 3139 1640 ore
3184 1585 3544 1656 disputantem
3587 1588 3659 1645 de

2072 1675 2279 1730 infinita
2350 1674 2692 1730 multitudine
2746 1684 2803 1731 et
2849 1675 3083 1745 gloriosa
3140 1692 3488 1746 supernarum
3545 1679 3654 1733 vir-

391 1761 510 1815 cula
541 1762 723 1816 mundi
753 1770 808 1816 et
838 1762 942 1817 hoc
962 1778 1126 1832 super
1153 1763 1311 1817 anxie
1341 1763 1640 1827 fluctuanti,
1661 1771 1715 1817 et
1743 1763 1966 1833 angelus
1999 1769 2044 1830 Β
2073 1773 2278 1832 tutum,
2327 1764 2394 1820 de
2425 1765 2917 1834 praecellentissima
2965 1767 3274 1836 apostolica:
3320 1768 3658 1823 sublimitatis

390 1853 527 1907 lueis
553 1852 748 1908 aﬁulsit
765 1895 780 1918 ,
812 1854 1136 1922 proprioque
1158 1868 1280 1906 eum
1303 1853 1516 1907 nomine
1535 1852 1771 1908 salutans
1795 1871 1809 1906 :
1835 1855 1970 1923 Ave,

390 1944 600 2013 inquit,
644 1944 807 1998 frater
853 1942 1059 2008 Livine,
1108 1943 1292 1998 desine
1322 1943 1596 2012 tribulari,
1626 1951 1680 1999 et
1707 1944 1832 1999 audi
1860 1960 1969 2014 quo

387 2035 585 2088 debeas
607 2034 892 2089 consolari.
922 2033 1064 2088 Vade
1087 2034 1210 2088 hinc
1241 2034 1308 2088 ad
1333 2033 1626 2102 Anglorum
1657 2033 1968 2104 pontiﬁcem

389 2127 779 2195 Augustinum,
811 2134 866 2182 et
903 2127 970 2182 ab
1001 2142 1067 2184 eo
1097 2127 1312 2198 percipe
1342 2127 1507 2182 totius
1532 2137 1732 2184 sancta:
1761 2128 1968 2184 institu-

387 2217 553 2272 tionis
601 2216 1018 2285 documentum,
1075 2233 1172 2287 per
1224 2232 1406 2288 quem,
1458 2218 1567 2274 Deo
1611 2218 1965 2288 provehente,

384 2323 650 2365 summam
696 2308 930 2376 attingas
982 2309 1257 2363 virtutum.
1289 2307 1388 2363 Ast
1431 2307 1643 2362 Domini
1691 2309 1969 2364 confessor

385 2399 644 2455 festinans
679 2399 937 2468 angelicis
979 2399 1217 2468 jussibus
1265 2401 1643 2468 obtemperare
1673 2440 1688 2466 ,
1729 2400 1967 2469 expetita

385 2490 528 2560 regis
554 2489 867 2544 dimissione
904 2498 961 2545 et
1002 2490 1172 2560 ruptis
1199 2489 1469 2545 fautorum
1513 2504 1734 2544 suorum
1762 2489 1966 2544 retina-

384 2579 519 2635 culis
542 2594 641 2635 ceu
668 2579 790 2636 telis
812 2593 1052 2644 arancze,
1107 2595 1230 2635 cum
1263 2580 1432 2636 tribus
1478 2579 1650 2634 beatis
1689 2578 1967 2649 discipulis

384 2670 628 2736 Foilano,
679 2669 848 2743 llelya
869 2679 926 2727 et
948 2670 1173 2742 Kyliano
1213 2671 1342 2743 [qui
1383 2670 1547 2725 etiam
1596 2670 1966 2726 describendis

383 2763 554 2833 ipsius
599 2764 762 2831 gestis
806 2763 1171 2834 probatissimi
1215 2773 1469 2819 auctores
1507 2760 1788 2832 claruere]
1820 2763 1965 2818 ultro

381 2853 660 2909 contendit
686 2853 754 2908 ad
783 2868 956 2919 mare,
984 2868 1093 2922 quo
1120 2863 1303 2924 posset
1333 2853 1401 2909 ad
1447 2853 1962 2910 desideratissimum

381 2955 592 3016 patrem
621 2944 976 3014 Augustinum
1016 2945 1441 3015 transnavigare.
1471 2943 1578 3000 Sed
1604 2945 1842 3001 occurrit
1867 2960 1965 2999 an-

381 3036 532 3105 gelus
557 3034 766 3090 Domini
814 3035 867 3089 in
898 3035 1092 3091 itinere
1116 3079 1130 3101 ,
1167 3035 1392 3104 juvenili
1438 3036 1653 3102 decore,
1684 3035 1962 3106 splendida

2073 1855 2408 1921 hierarchia,
2457 1856 2526 1911 de
2578 1847 2957 1911 innumerabili
2987 1857 3226 1912 exacitu
3262 1865 3318 1912 et
3346 1859 3654 1928 triumphali

2071 1955 2366 2016 martyrum
2417 1946 2625 2015 palma,
2675 1945 2742 2001 de
2779 1946 3156 2001 candidissima
3187 1947 3558 2003 confessorum
3591 1965 3654 2004 ac

2070 2038 2338 2105 virginum
2371 2051 2614 2103 corona;
2664 2052 2877 2093 onmem
2907 2037 3089 2092 mundi
3131 2053 3341 2105 pmnam
3385 2055 3491 2094 non
3534 2055 3658 2096 esse

2069 2127 2388 2194 condignam
2425 2125 2494 2180 ad
2527 2134 2674 2180 tanta
2707 2126 2955 2195 prazmia;
3007 2127 3137 2181 nihil
3167 2129 3488 2198 comparari,
3522 2129 3652 2184 nihil

2069 2217 2362 2287 appretiari
2405 2231 2567 2286 posse
2593 2215 2660 2270 ad
2689 2216 2831 2270 illam
2859 2215 3348 2286 pulchritudinem;
3398 2217 3465 2272 ad
3509 2219 3651 2273 illam

2067 2307 2380 2376 dignitatem
2407 2345 2424 2372 ,
2471 2305 2536 2360 ad
2571 2306 2715 2360 illam
2742 2304 3134 2362 indefieientem
3164 2306 3558 2362 solemnitatem
3591 2317 3649 2362 et

2068 2397 2281 2466 gaudia,
2315 2397 2462 2452 omni
2489 2411 2687 2466 genere
2716 2396 2958 2452 laborum
2981 2435 3000 2464 ,
3051 2397 3197 2450 omni
3228 2395 3514 2466 fragrantia
3543 2398 3654 2450 vir-

2069 2497 2275 2554 tutum,
2311 2504 2452 2544 nunc
2498 2503 2616 2542 es.--e
2644 2487 2984 2543 currendum.
3018 2487 3100 2541 Ad
3144 2487 3272 2541 illud
3318 2489 3656 2558 sempiternae

2068 2581 2412 2636 beatitudinis
2459 2580 2702 2635 bravium
2749 2580 2980 2634 ducebat
3009 2580 3372 2634 avidissimum
3399 2581 3650 2638 aemulum

2068 2685 2166 2740 per
2193 2670 2373 2727 omnia
2404 2668 2592 2724 florcta
2619 2683 2895 2724 sacrarum
2926 2668 3359 2737 Scripturarum;
3389 2670 3657 2739 pandebat

2067 2759 2116 2814 ei
2145 2759 2334 2813 :nraria
2365 2766 2420 2813 et
2440 2758 2655 2814 cellaria
2685 2756 2882 2813 Christi
2919 2765 2975 2812 et
3002 2756 3257 2813 Ecclesia:
3279 2798 3295 2823 ,
3346 2758 3398 2812 in
3444 2759 3655 2814 deliciis

2067 2860 2121 2906 et
2147 2850 2596 2905 oblectationibus
2641 2849 3028 2904 dominicarnm
3078 2862 3329 2916 gazarum
3375 2863 3439 2904 ac
3485 2852 3650 2904 vitam

2065 2940 2385 3011 spirantium
2431 2947 2767 3004 aromatum,
2813 2939 2867 2993 in
2917 2939 3243 3008 sempiterna
3295 2939 3557 2992 eharitate
3592 2950 3648 2994 et

2067 3030 2309 3086 claritate
2353 3039 2683 3085 sanctorum.
2739 3029 2834 3083 liis
2861 3029 3086 3097 aliisque
3115 3029 3355 3098 plurimis
3399 3032 3652 3085 exhorta-

382 3126 542 3188 t‘acie,
578 3125 845 3194 gratiosus
877 3125 1086 3180 incessu
1109 3167 1123 3190 ,
1154 3122 1326 3181 dulcis
1373 3124 1650 3181 affamine:
1701 3124 1924 3182 conﬁde
1944 3169 1960 3194 ,
1991 3154 2033 3214 C
2071 3119 2304 3174 tionibus
2321 3119 2430 3195 dux
2460 3119 2690 3189 inclytus
2714 3119 3108 3175 dominicorum
3137 3127 3438 3175 castrorum
3467 3135 3650 3175 arma-

381 3215 483 3280 ait,
525 3208 710 3282 frater,
759 3215 884 3284 quia
913 3215 1172 3270 Dominus
1219 3231 1306 3271 me
1347 3217 1442 3271 tibi
1492 3218 1637 3272 misit
1668 3218 1859 3272 ducem
1905 3227 1963 3272 et

379 3307 660 3363 custodem
693 3307 1105 3376 inseparabilem
1153 3309 1204 3360 ia
1250 3310 1396 3362 omni
1429 3307 1509 3361 via
1539 3319 1648 3362 tua.
1674 3308 1754 3362 Tu
1794 3309 1960 3364 modo

381 3399 758 3453 incunctanter
777 3409 1002 3464 sequere
1026 3410 1144 3449 me:
1168 3396 1290 3464 quia
1315 3398 1382 3450 ad
1415 3397 1560 3450 illum
1591 3397 1668 3451 tui
1691 3397 1963 3467 profectus

381 3487 661 3546 doctorem
693 3501 851 3558 quem
879 3485 1051 3558 petis,
1098 3486 1312 3544 favente
1360 3485 1615 3556 Domino,
1667 3488 1959 3560 perducam

381 3594 436 3638 te
464 3583 798 3638 successibus
837 3581 1128 3652 prosperis.
1180 3583 1491 3652 Agnoscens
1545 3596 1677 3650 ergo
1725 3583 1958 3650 prudens

383 3673 599 3727 Livinus
629 3672 884 3741 Spiritum
919 3671 1158 3725 veritatis
1187 3672 1300 3725 haec
1321 3672 1420 3725 sibi
1448 3672 1734 3734 dicentem,
1768 3686 1959 3740 prose-

377 3769 560 3838 quitur
583 3766 902 3821 lidueialiter
941 3780 1066 3818 cum
1096 3764 1330 3833 praefatis
1355 3763 1629 3832 discipulis
1655 3762 1961 3832 prazceden-

379 3871 518 3925 tem,
565 3869 619 3914 et
672 3859 800 3912 illud
846 3872 996 3911 mare
1047 3869 1296 3924 magnum
1346 3871 1410 3910 ac
1453 3857 1747 3925 spatiosum
1800 3855 1959 3909 siccis

377 3951 580 4022 pariter
636 3956 912 4000 transeunt
947 3945 1199 4012 vesligiis.
1257 3943 1552 3998 Videbatur
1609 3952 1788 3998 autem
1849 3952 1956 3996 tam

376 4039 741 4096 sacratissimo
772 4037 960 4090 Livino
988 4051 1147 4103 quam
1178 4036 1349 4089 beatis
1372 4035 1535 4089 sociis
1559 4035 1688 4100 suis,
1726 4043 1840 4088 teto
1869 4034 1958 4090 illo

378 4133 592 4194 itinere,
621 4143 728 4198 quo
766 4126 1003 4197 pedestri
1046 4125 1259 4179 incessu
1318 4109 1453 4179 vasti
1505 4125 1728 4194 gurgitis
1767 4123 1958 4180 ﬂuctus

376 4239 441 4278 ac
467 4223 512 4276 si
534 4221 759 4276 solidam
785 4233 966 4274 aream
995 4217 1304 4284 calcabant,
1346 4217 1490 4286 quod
1531 4232 1628 4286 per
1677 4225 1828 4286 prata
1871 4218 1957 4273 vel

376 4313 698 4384 campestria
730 4311 916 4376 vireta,
948 4309 1088 4366 rosis
1115 4323 1181 4364 ac
1210 4308 1356 4374 liliis,
1387 4313 1640 4378 omnique
1669 4309 1954 4364 herbarum

377 4421 441 4462 ae
486 4405 674 4460 florum
707 4401 1070 4474 pulcherrima
1111 4400 1374 4454 varietate
1419 4398 1725 4464 vernantia,
1777 4407 1956 4454 trans-

375 4498 534 4550 irent.
555 4493 655 4549 Ubi
673 4509 802 4549 vero
819 4493 1059 4548 sidereus
1082 4491 1191 4547 dux
1209 4505 1468 4560 sequaces
1483 4504 1611 4546 suos
1634 4499 1748 4546 tuto
1771 4490 1952 4546 littore
1985 4531 2036 4591 Β

376 4583 605 4638 feliciter
651 4582 918 4654 exposuit,
959 4597 1082 4638 cum
1133 4581 1388 4638 indicibili
1432 4581 1622 4651 jubare
1666 4590 1723 4638 et
1773 4583 1953 4652 ampla

327 4691 329 4693 ί
375 4674 508 4728 lucis
531 4673 926 4737 coruscatione,
949 4673 1078 4742 ipsis
1105 4673 1452 4738 intuentibus,
1482 4673 1648 4729 caelos
1698 4673 1952 4742 repetiit;

378 4775 439 4819 ut
460 4767 563 4820 hoc
591 4765 876 4834 splendore
901 4765 1174 4819 videretur
1198 4765 1414 4820 dicere:
1444 4765 1560 4821 lluc
1589 4782 1676 4822 me
1699 4808 1714 4833 ,
1751 4765 1847 4822 ﬁlii
1873 4767 1956 4822 lu-

376 4859 454 4912 cis
473 4899 488 4925 ,
539 4857 735 4926 spretis
762 4857 948 4911 mundi
977 4857 1213 4911 tenebris
1232 4897 1247 4922 ,
1301 4855 1452 4926 sequi
1481 4861 1790 4926 preperate.
1825 4859 1954 4925 Quis

375 4953 556 5016 itaque
588 4948 698 5002 hzuc
727 4956 836 5001 tam
867 4945 1052 5000 florida
1083 4961 1147 5000 ac
1176 4945 1370 5014 fulgida
1428 4946 1685 5002 miracula
1732 4949 1953 5016 gloriosi

379 5035 657 5106 Augustini
703 5034 908 5088 meritis
932 5034 1142 5088 dubitat
1169 5035 1254 5088 vel
1283 5035 1555 5091 ascribere
1582 5037 1670 5090 vel
1714 5053 1956 5092 conmm-

380 5132 591 5190 nicare,
645 5134 703 5179 ut
735 5125 1084 5194 Augustinum
1131 5125 1490 5192 qumrentibus
1534 5127 1675 5181 unda
1717 5128 1954 5194 vireret,

380 5230 574 5288 pontus
601 5217 837 5282 floreret,
868 5215 1058 5271 fluctus
1085 5227 1362 5284 vernaret;
1392 5227 1446 5274 et
1477 5219 1591 5288 ipse
1634 5234 1826 5289 gurges
1855 5221 1954 5274 sub

378 5309 602 5378 pedibus
653 5307 1135 5375 evangelizatorcm
1189 5309 1335 5376 pacis
1387 5311 1712 5378 petentium,
1779 5327 1840 5366 se
1896 5323 1956 5367 ut

377 5401 604 5454 solidum
637 5415 881 5468 campum
912 5399 1226 5454 exhiberet?
1255 5401 1410 5455 Venit
1437 5418 1566 5470 ergo
1594 5420 1712 5457 cum
1742 5421 1950 5474 praeno—

377 5489 591 5543 minatis
621 5490 788 5544 tribus
813 5496 1007 5544 sancta:
1037 5489 1312 5544 Trinitatis
1341 5492 1758 5559 confessoribus,
1808 5496 1950 5549 desi-

378 5578 620 5635 deriosus
666 5582 901 5637 Livinius
949 5579 1018 5636 ad
1066 5581 1470 5636 desiderabilem
1502 5591 1710 5652 patrem
1742 5585 1948 5655 Augus‘

377 5759 411 5815 ᾖ
449 5697 473 5812 ἶ
504 5687 558 5741 ld
591 5691 955 5750 est‘ﬂibcrnize
979 5694 1269 5763 hodiern-x,
1300 5709 1417 5765 qua:
1447 5704 1570 5753 tunc
1597 5696 1780 5756 Scotia
1807 5699 1954 5757 dice-

415 5775 442 5812 a
473 5774 554 5812 ur.

415 5775 442 5812 a
450 5774 554 5812 ων.

2068 3213 2159 3266 bat
2185 3211 2440 3265 athletam
2469 3209 2667 3265 Christi
2701 3211 3069 3278 fortissimum,
3101 3212 3427 3267 accendebat
3455 3213 3650 3268 arden-

2067 3301 2361 3355 tissimum:
2391 3300 2608 3370 jamque
2633 3301 2928 3356 secundum
2961 3301 3224 3372 praeducis
3268 3303 3441 3371 angeli
3529 3306 3648 3374 pol-

2065 3394 2414 3448 licitationem
2480 3393 2548 3448 ad
2620 3395 2928 3465 apostolicae
2981 3396 3408 3456 conversationis
3470 3397 3648 3456 evexit

2063 3485 2474 3556 perfectionem,
2506 3496 2563 3542 ut
2590 3497 2646 3542 et
2685 3486 2916 3557 palmam
2947 3488 3232 3558 attingeret
3261 3491 3643 3562 martyrialem.

2062 3580 2248 3650 Itaque
2301 3595 2399 3650 per
2449 3581 2873 3650 quinquennium
2924 3590 2979 3637 et
3033 3599 3246 3639 menses
3299 3592 3410 3640 tres
3457 3600 3640 3640 secum

2063 3673 2338 3728 detentum
2356 3715 2370 3740 ,
2419 3674 2770 3731 sanctissimis
2798 3675 3061 3744 exemplis
3089 3691 3153 3731 ac
3180 3676 3551 3733 instrumentis
3582 3679 3639 3734 in

2061 3766 2209 3820 omni
2237 3765 2524 3821 sanctitate
2550 3777 2863 3836 provectum
2884 3808 2899 3834 ,
2949 3783 3066 3822 sevo
3095 3775 3363 3836 tenerum,
3393 3768 3489 3824 sed
3516 3769 3613 3824 reli
3631 3800 3645 3810 -

2062 3857 2210 3926 giosa
2274 3857 2584 3912 maturitate
2639 3857 3024 3927 grandtevum,
3091 3858 3305 3913 tandem
3365 3867 3650 3914 consecrat

2061 3946 2390 4001 sacerdotem
2415 3946 2628 4001 Christo
2667 3947 3074 4003 electissimum.
3116 3949 3216 4002 Dat
3262 3950 3424 4004 etiam
3453 3949 3648 4004 libera-

2062 4037 2296 4092 li:simus
2339 4037 2367 4076 ι)
2406 4037 2637 4106 catigeta
2684 4038 2736 4092 in
2787 4039 2899 4109 ipsa
2928 4039 3110 4094 dilecti
3139 4039 3385 4109 discipuli
3427 4040 3646 4094 ordina-

2063 4133 2207 4187 tione
2246 4131 2614 4186 dulcissimum
2663 4131 2854 4199 pignus
2911 4140 2966 4186 et
3014 4131 3327 4187 memoriale
3373 4139 3648 4201 perpetuae

2059 4224 2360 4277 dilectionis
2397 4240 2525 4288 sua},
2557 4223 2794 4278 casulam
2823 4223 3074 4279 videlicet
3121 4238 3485 4292 purpuream,
3527 4222 3648 4290 glo-

2058 4313 2186 4368 riosi
2242 4313 2481 4383 martyrii
2527 4327 2858 4382 przcsagam,
2915 4330 3049 4369 auro
3097 4327 3152 4370 et
3201 4314 3424 4384 gemmis
3478 4314 3645 4368 instar

2058 4405 2372 4460 meritorum
2424 4413 2738 4475 praetextam
2776 4423 2789 4458 :
2822 4405 2968 4460 addit
3021 4407 3214 4461 stolam
3267 4414 3323 4461 et
3368 4407 3643 4472 orarium,

2059 4496 2302 4550 similiter
2329 4511 2490 4552 aurea
2539 4511 2603 4552 ac
2632 4497 2988 4567 pretiosarum
3019 4512 3351 4568 gemmarum
3381 4497 3646 4554 sideribus

2059 4587 2311 4643 decorata
2327 4587 2568 4658 insignia.
2581 4587 2807 4660 Jamque
2828 4591 3154 4660 imprecatus
3168 4592 3267 4646 sibi
3281 4592 3460 4646 omnia
3479 4592 3644 4656 bona,

2059 4689 2114 4733 et
2143 4687 2324 4733 mutua
2353 4679 2655 4733 orationum
2695 4679 2974 4749 suffragia,
3026 4696 3134 4735 non
3181 4681 3298 4736 sine
3339 4681 3538 4735 mutuis
3567 4681 3645 4732 la-

2059 4769 2277 4839 crymis,
2308 4769 2531 4823 remittit
2557 4784 2680 4824 eum
2712 4771 2824 4838 regi
2853 4785 2916 4825 ac
2943 4771 3090 4838 genti
3117 4787 3228 4826 suae
3254 4771 3645 4826 desideratissi-

2060 4875 2206 4914 mtun
2235 4859 2561 4914 eruditorem
2581 4901 2596 4924 ,
2643 4877 2765 4916 cum
2796 4862 3218 4930 praememoratis
3247 4862 3449 4918 sanctis
3476 4862 3615 4917 comi
3635 4889 3647 4904 -

2061 4949 2203 5004 tibus
2249 4950 2378 5004 suis.
2434 4951 2673 5020 Denique
2703 4952 2840 5006 sicut
2868 4967 2998 5022 apes
3043 4951 3357 5007 mellilluum
3411 4950 3596 5007 florem
3625 4993 3643 5019 ,

2061 5047 2114 5094 et
2142 5039 2280 5093 sicut
2304 5041 2448 5095 cervi
2479 5056 2630 5110 aqua:
2676 5040 2875 5098 fontem
2899 5083 2916 5109 ,
2969 5045 3046 5098 sic
3077 5044 3427 5113 Augustinum
3471 5059 3640 5114 θνρε-

2061 5132 2245 5187 tebant
2273 5133 2504 5201 undique
2531 5133 2766 5188 coelestia
2795 5134 3210 5190 melliﬁeantem.

2130 5225 2217 5278 49.
2251 5225 2376 5280 Erat
2411 5227 2628 5294 quidatn
2668 5236 2971 5292 veteranus,
3019 5230 3110 5299 qui
3152 5233 3428 5284 asserebat
3479 5243 3640 5282 avum

2059 5330 2215 5369 suum
2243 5331 2340 5384 per
2370 5327 2616 5370 sanctum
2663 5316 3014 5386 Augustinum
3067 5320 3396 5392 baptizatum
3450 5318 3642 5381 fuisse,

2059 5417 2114 5461 et
2143 5407 2244 5461 hoc
2272 5423 2428 5461 avum
2479 5409 2617 5476 patri
2669 5425 2788 5474 suo,
2833 5417 3149 5479 patremque
3191 5410 3292 5463 sibi
3345 5410 3436 5463 tali
3480 5408 3642 5463 modo

2059 5500 2323 5553 retulisse.
2355 5498 2489 5552 Cum
2546 5501 3004 5566 essem,aiebat,
3062 5501 3532 5564 adolescentulus,
3587 5508 3644 5554 et

2061 5590 2307 5644 vidissem
2358 5593 2424 5646 ad
2474 5593 2622 5646 illurn
2669 5608 2864 5646 novum
2895 5601 2949 5647 et
2991 5592 3288 5647 inauditum
3327 5601 3523 5647 nostra:
3552 5607 3641 5646 sa~

2131 5700 2155 5737 ¹¹
2180 5702 2418 5781 Cating
2445 5705 2618 5781 Rapiat
2634 5716 2714 5761 est
2731 5706 2924 5771 doctor,
2955 5714 3043 5781 aut
3071 5708 3263 5781 rhetor,
3286 5704 3469 5766 Graece
3496 5708 3646 5765 καθη-

2061 5780 2234 5845 γητὴς.
2259 5773 2548 5848 Perperam
2579 5779 2899 5848 impressum
2929 5779 3178 5852 catigera.
