3976 6178
308 324 384 375 ,ω
1518 310 1671 366 \‘l'l‘A
1715 306 1957 361 SANGTI
2002 306 2388 363 aususrtm.
3523 320 3593 378 90

307 394 439 449 latis
468 386 911 461 protodoctorem
941 382 1315 453 Augustinum,
1338 382 1495 452 quasi
1522 384 1587 437 ad
1618 380 1898 451 quemdam
1931 383 1975 438 Α
2006 381 2351 447 generatione
2380 379 2433 433 in
2463 381 2863 447 generationem
2891 397 3240 457 propagatum
3264 435 3278 455 ,
3326 392 3435 448 Deo
3464 400 3611 464 pro:

310 487 587 554 angelum,
626 479 1003 536 concurrentia
1037 478 1358 548 populorum
1394 478 1638 544 agmina;
1668 488 1788 543 ego,
1819 475 1904 528 cui

313 578 527 633 vanitas
552 589 797 639 corona,
848 573 933 628 eui
982 571 1235 640 gaudium
1284 572 1540 634 stultitia,
1587 570 1671 625 cui
1703 570 1907 624 delicia:

313 677 472 725 erant
526 664 786 728 ridicula,
834 664 969 718 mira
1013 678 1205 718 sensus
1237 663 1561 718 hebetudine
1596 663 1906 718 deridebam

316 759 535 824 omnia,
561 756 711 811 velut
732 754 1109 825 phantasmata
1137 771 1151 820 ;
1181 769 1479 833 omnesque
1504 769 1687 809 errare
1714 766 1909 823 praeter

318 863 411 902 me
437 860 699 915 meosque
744 858 1076 899 coerroneos
1123 858 1316 913 magna
1357 844 1641 901 credebam
1686 844 1906 914 ineptia.

320 941 455 992 Cum
482 951 614 991 vero
641 934 911 990 audissem
964 933 1112 988 illum
1162 934 1341 988 omnia
1371 934 1623 988 debilium
1654 949 1716 989 ac
1748 936 1911 991 mori-

319 1024 625 1080 hundorum
656 1037 850 1078 curare
896 1036 1148 1092 corpora,
1180 1022 1428 1093 ampliori
1473 1023 1777 1079 incredulus
1820 1040 1912 1079 ca-

322 1117 651 1173 chinnabam
703 1114 945 1171 vesania.
1002 1114 1240 1183 Coucepi
1294 1114 1511 1169 tandem
1569 1114 1908 1169 dolositatem

320 1207 559 1262 lascivia:
586 1220 719 1261 metu
744 1247 759 1273 ,
810 1214 865 1261 et
894 1212 952 1259 ut
991 1214 1113 1260 uter
1139 1212 1397 1261 ventosus
1424 1205 1547 1260 veni
1574 1206 1720 1259 illum
1759 1206 1910 1275 quasi

319 1299 714 1369 sycophantam
745 1298 949 1363 videre,
980 1305 1074 1351 aut
1101 1296 1537 1352 seminiverbium
1569 1297 1757 1352 audire
1784 1316 1797 1363 ;
1844 1297 1911 1352 ad

322 1392 431 1447 hoc
458 1390 732 1457 videlicet,
762 1401 821 1445 ut
849 1390 1084 1459 aliquam
1126 1387 1405 1458 stropham
1434 1404 1678 1458 raperem
1705 1388 1772 1443 ab
1796 1388 1913 1456 ejus

320 1496 422 1536 ore
448 1481 533 1537 vel
562 1480 869 1547 curatione,
898 1480 1042 1534 unde
1070 1493 1285 1549 possem
1309 1480 1444 1534 meis
1464 1478 1727 1533 similibus
1748 1478 1911 1534 risum

318 1586 566 1627 movere.
599 1568 842 1639 Cumque
871 1584 958 1625 me
984 1569 1249 1640 pressanti
1280 1568 1482 1634 turbae,
1539 1577 1599 1622 ut
1626 1568 1913 1624 insidiosus

320 1670 381 1718 et
409 1660 770 1723 latrunculos,
798 1659 1202 1723 immersissem,
1252 1658 1476 1728 ejusque
1521 1666 1802 1727 paternum
1848 1672 1912 1712 ac

2007 468 2222 538 palante
2242 467 2311 522 ad
2327 469 2571 524 notitiam
2594 470 3309 543 Scripturarumsanctarum
3330 486 3601 553 potuerint

2008 558 2310 626 pervenire,
2366 572 2484 627 qua:
2513 568 2568 613 et
2595 561 2774 631 qualia
2819 580 2927 619 non
2976 576 3061 621 est
3108 569 3302 637 injuria
3350 575 3593 631 credere.

2009 646 2127 701 iam
2160 659 2285 718 post
2309 650 2527 705 ﬂumina
2555 660 2611 705 et
2633 650 2776 708 feras
2801 656 3043 725 repulsas
3068 659 3288 727 gloriosi
3310 661 3597 733 Augustini

2009 740 2328 809 palmarium
2357 742 2711 810 explicemus.

2082 828 2167 884 50.
2191 829 2511 886 Jamdudunt
2533 848 2665 889 vero
2690 833 2780 891 ille
2802 852 3066 907 supernus
3094 842 3289 908 incola,
3314 859 3599 912 percussus

2010 924 2129 986 illa,
2162 941 2281 993 qua:
2327 925 2482 982 fortis
2508 936 2590 982 est
2617 937 2674 982 ut
2701 946 2877 997 mors,
2924 933 3147 999 superni
3175 936 3374 989 amoris
3401 936 3553 1005 plaga
3580 977 3596 1002 ,

2010 1018 2337 1073 abhorrebat
2387 1022 2568 1075 omnia
2602 1030 2818 1076 terrena
2865 1023 3263 1079 oblectamenta
3315 1027 3454 1081 sicut
3478 1030 3599 1081 vita:

2009 1106 2363 1174 detrimenta;
2416 1120 2470 1163 et
2522 1110 2849 1165 mundanam
2897 1112 3125 1179 gloriam
3171 1114 3315 1167 sicut
3349 1115 3600 1181 vincula,

2010 1197 2147 1252 sicut
2172 1200 2458 1267 ergastula,
2508 1202 2648 1255 sicut
2674 1203 2964 1272 supplicia;
2993 1218 3112 1271 qua:
3137 1212 3315 1259 tamen
3342 1221 3463 1260 cum
3487 1207 3601 1276 ipsa

2012 1299 2187 1344 morte
2216 1289 2373 1345 dulce
2426 1300 2572 1347 esset
2615 1309 2711 1361 pro
2763 1292 3046 1349 Salvatore
3084 1295 3195 1364 pati
3242 1298 3441 1350 omnia.
3471 1297 3602 1353 Solo

2012 1378 2192 1447 itaque
2220 1396 2450 1450 corpore
2497 1382 2693 1451 ligatus
2747 1383 2800 1437 iu
2857 1395 3023 1450 terra,
3071 1386 3177 1440 imo
3222 1386 3337 1440 sola
3382 1388 3603 1455 gignen-

2012 1465 2202 1521 dorutn
2231 1476 2287 1523 et
2335 1469 2799 1525 informandorum
2850 1472 2961 1528 Deo
3006 1473 3236 1529 filiorum
3267 1485 3490 1545 paterna
3523 1493 3603 1533 as-

2015 1558 2202 1614 trictus
2227 1575 2378 1624 cura,
2433 1561 2502 1617 de
2546 1562 2757 1631 reliquo
2789 1569 2936 1618 totus
2976 1565 3401 1621 conversabatur
3424 1567 3479 1622 in
3513 1568 3601 1623 illa

2014 1660 2213 1704 mterua
2265 1652 2471 1722 patria;
2527 1660 2637 1707 tota
2692 1661 2899 1721 mente,
2954 1662 3070 1709 tota
3126 1656 3335 1723 anima,
3382 1656 3495 1726 jugi
3538 1673 3603 1714 ac

321 1749 682 1807 reverendum
756 1748 1007 1803 intuitum
1070 1748 1241 1803 oculis
1301 1755 1614 1811 notassem;
1666 1746 1910 1816 protinus
1942 1746 2249 1815 Bviolenta
2298 1747 2548 1802 instantia
2595 1748 2851 1817 captabat
2899 1749 3162 1804 cmlestia.
3206 1749 3337 1816 Quae
3382 1766 3599 1820 prccqu

319 1840 532 1911 ingenti
561 1838 818 1896 confusus
849 1848 1058 1895 terrore
1087 1838 1279 1907 dirigui
1307 1880 1323 1906 ,
1374 1846 1433 1892 ut
1474 1838 1748 1892 videretur
1774 1838 1828 1892 in
1853 1853 1917 1892 eo

319 1932 506 1987 divina
554 1930 798 2001 quaedam
853 1930 1250 1986 animadversio
1306 1928 1603 1998 impuritati
1654 1944 1787 1983 mea:
1832 1930 1917 1982 in-

318 2022 555 2091 dignari.
581 2021 655 2076 At
681 2021 771 2076 ille
799 2030 990 2078 sancto
1023 2020 1117 2076 Dei
1146 2022 1349 2091 Spiritu
1378 2021 1571 2091 plenus
1606 2023 1688 2093 (ut
1727 2019 1920 2076 claruit

320 2112 612 2182 hactenus)
643 2113 871 2169 invisum
893 2113 1044 2182 quasi
1077 2112 1415 2168 notissimum
1436 2112 1709 2183 respexit:
1734 2112 1921 2166 misso-

319 2218 433 2271 que
459 2204 728 2268 ministro,
774 2202 951 2267 Illum,
1000 2204 1268 2272 inquiens,
1300 2202 1701 2258 adolescentem
1745 2203 1919 2258 adduc

318 2294 455 2348 mihi
476 2335 493 2361 ,
525 2309 612 2349 me
636 2294 741 2349 sibi
761 2293 829 2350 de
850 2294 1028 2349 medio
1057 2294 1228 2364 plebis
1252 2295 1507 2366 prmcepit
1536 2294 1747 2350 adduci.
1780 2294 1917 2348 Tum

320 2399 458 2439 vero
502 2384 669 2439 altius
716 2383 1001 2438 intendens
1029 2384 1175 2453 quod
1226 2384 1343 2439 siue
1382 2384 1561 2438 indice
1590 2382 1916 2438 innotuerim

317 2475 434 2541 illi,
464 2483 620 2531 tanto
647 2482 872 2545 stupore
898 2474 1225 2541 contremui,
1271 2489 1336 2529 ac
1358 2475 1404 2529 si
1432 2490 1555 2528 cum
1582 2482 1768 2529 exerta
1797 2490 1915 2529 ma-

316 2568 503 2622 chaera
551 2572 874 2636 quaestorem
928 2579 993 2620 ac
1037 2564 1340 2635 punitorem
1386 2565 1639 2621 vidissem
1694 2565 1916 2621 sceleris

315 2657 453 2712 mei.
477 2654 749 2710 Continuo
776 2653 844 2708 ad
872 2654 1005 2709 tanti
1029 2653 1165 2710 vatis
1194 2654 1534 2710 clementiam
1575 2654 1819 2724 confugi,
1852 2670 1917 2711 ac

315 2746 660 2800 substractus
687 2759 874 2800 sacros
897 2743 1063 2815 pedes
1099 2744 1342 2799 astrinxi.
1368 2743 1445 2798 lbi
1474 2759 1693 2800 omnem
1718 2753 1916 2800 vento-

317 2834 499 2889 sitatis
524 2841 787 2889 tumorem
810 2834 963 2904 quasi
980 2843 1303 2903 compuncta
1326 2834 1503 2891 vesica
1527 2836 1700 2902 emisi,
1724 2851 1916 2892 omnes

316 2925 513 2982 sordes
540 2924 697 2980 llum
726 2925 960 2981 levitatis
984 2925 1218 2991 evomui,
1243 2933 1413 2981 totum
1440 2941 1527 2981 me
1558 2934 1670 2980 tam
1698 2926 1916 2995 benigni

318 3016 496 3088 patris
542 3016 834 3087 praeceptis
887 3029 955 3070 ac
996 3014 1337 3071 documentis
1383 3015 1529 3071 dedi.
1585 3015 1680 3071 llle
1707 3015 1915 3085 placide

2019 1837 2278 1902 incensa,
2349 1853 2467 1907 quae
2520 1846 2833 1893 sanctorum
2885 1838 3276 1894 desideriorum
3328 1840 3600 1908 lamenta,

2018 1944 2179 1999 quam
2231 1930 2610 1984 inenarrabilia
2657 1929 2905 1986 mittebat
2952 1931 3092 1986 caelo
3139 1931 3401 2001 suspiria!
3433 1932 3597 2001 Quis,

2018 2018 2223 2088 inquit,
2256 2018 2405 2073 dabit
2431 2018 2559 2073 mihi
2602 2034 2806 2088 pennas
2832 2018 2974 2074 sicut
3000 2020 3288 2088 columbm,
3311 2028 3369 2075 et
3405 2023 3601 2077 volabo

2017 2116 2073 2162 ct
2101 2109 2434 2178 requiescam
2460 2112 2484 2162 ?
2521 2116 2598 2176 et,
2624 2108 2847 2174 Quando
2872 2109 3083 2165 veniam
3107 2117 3161 2165 et
3185 2111 3455 2180 apparebo
3476 2120 3603 2167 ante

2016 2196 2208 2251 faciem
2238 2198 2334 2252 Dei
2358 2198 2463 2251 mei
2488 2199 2511 2251 ?
2534 2197 2854 2267 Concupivit
2884 2205 2941 2253 et
2968 2196 3163 2253 defecit
3189 2200 3368 2253 anima
3396 2214 3516 2253 mea
3547 2199 3603 2254 in

2016 2289 2150 2342 atria
2166 2287 2396 2343 Domini.
2420 2288 2509 2343 Sic
2527 2288 2833 2357 irrequietis
2852 2288 3178 2345 clamoribus
3195 2292 3606 2361 praeoccupabat

2015 2377 2207 2434 faciem
2238 2380 2449 2435 Domini
2475 2422 2492 2447 ,
2519 2389 2575 2435 et
2599 2380 2704 2434 vim
2728 2379 2963 2437 faciebat
2997 2382 3157 2448 cmlo,
3186 2384 3392 2438 crebris
3422 2385 3603 2453 pulsi-

2019 2470 2161 2526 tibus
2179 2485 2378 2541 rogans
2399 2472 2643 2539 admitti,
2673 2472 2898 2542 cupiens
2917 2472 3136 2528 dissolvi
3158 2482 3213 2528 et
3237 2489 3360 2528 cum
3389 2475 3604 2531 Christo

2016 2578 2154 2619 esse.
2182 2564 2420 2621 Tandem
2446 2581 2576 2621 vero
2598 2566 2902 2635 intelligens
2925 2582 2993 2622 ex
3023 2554 3258 2637 Spiritus
3284 2569 3457 2625 sancti
3489 2585 3606 2625 res-

2015 2670 2189 2725 ponso
2233 2656 2543 2719 exauditam
2597 2673 2755 2713 suum
2808 2658 3159 2725 desiderium,
3218 2668 3277 2713 ut
3319 2661 3505 2715 veniat
3532 2660 3604 2717 ad

2016 2748 2191 2817 ipsum
2222 2748 2473 2803 omnibus
2498 2748 2664 2803 rectis
2692 2749 2857 2805 corde
2881 2749 3250 2806 desideratum
3275 2768 3289 2817 ;
3319 2753 3484 2822 carpit
3506 2768 3604 2821 pa-

2016 2840 2314 2895 rentalibus
2342 2840 2639 2895 visceribus
2664 2840 2823 2895 anxie
2848 2840 3255 2911 pertimescere,
3284 2856 3354 2897 ne
3392 2850 3517 2912 post
3545 2857 3607 2897 se

2018 2932 2192 2986 lactea
2224 2941 2363 2985 nata:
2394 2930 2477 2985 vel
2508 2932 2781 2986 nascentis
2823 2929 3074 2986 Ecclesia:
3121 2931 3368 2996 infantia,
3415 2932 3604 2986 orbata

2019 3032 2267 3092 pastore,
2295 3021 2540 3090 luporum
2570 3020 2961 3088 dilapidaretur
2989 3019 3289 3075 invasione.
3323 3019 3459 3075 Hinc
3482 3021 3606 3075 bea-

316 3112 664 3181 increpatum
693 3118 751 3167 et
793 3110 1117 3165 instructum
1158 3108 1400 3179 paternis
1428 3107 1568 3163 ulnis
1589 3108 1866 3178 amplexus
1890 3146 1906 3173 ,
1940 3121 1985 3183 c
2018 3124 2127 3170 tum
2161 3113 2525 3179 Laurentium,
2552 3112 2863 3182 apostolicae
2893 3112 3198 3167 sanctitatis
3218 3112 3415 3177 virum,
3439 3126 3605 3180 apos-

316 3202 639 3258 credentem
668 3202 723 3257 in
753 3199 1023 3257 Christum
1047 3215 1135 3256 me
1162 3200 1475 3270 baptizavit,
1506 3206 1667 3269 atque
1697 3199 1750 3252 in
1774 3198 1912 3255 lilios

319 3293 558 3347 ﬁliorum
604 3299 631 3329 ι
667 3292 931 3361 producta
978 3290 1319 3359 longaevitate
1365 3290 1658 3345 benedixit.
1702 3288 1828 3344 Haec
1856 3296 1913 3345 et

316 3384 406 3438 his
436 3382 591 3452 plura
621 3380 875 3453 praefatus
902 3381 1135 3447 vetulus,
1183 3382 1250 3436 ab
1276 3395 1379 3436 avo
1407 3396 1507 3436 suo
1536 3381 1677 3451 patri
1707 3381 1908 3449 audita,

317 3483 378 3530 et
404 3490 436 3529 a
464 3484 621 3545 patre
665 3473 766 3530 sibi
815 3482 1053 3540 narrata,
1105 3473 1529 3543 repraesentabat
1569 3472 1912 3529 audientibus

318 3563 446 3620 fidei
472 3565 795 3630 assertione,
843 3564 997 3633 quasi
1045 3563 1114 3618 ab
1144 3564 1250 3619 alio
1296 3562 1491 3620 sacculo
1516 3564 1752 3635 cognita.
1782 3563 1913 3618 luti-

314 3655 507 3711 mabat
556 3664 738 3710 autem
790 3669 821 3708 a
861 3655 1177 3725 parentibus
1223 3653 1325 3709 sibi
1368 3652 1696 3709 insinuatam
1744 3654 1912 3723 ipsius

314 3744 466 3800 beati
515 3744 798 3815 Augustini
852 3743 1080 3800 formam
1132 3755 1185 3799 et
1244 3758 1534 3814 personam
1582 3744 1907 3813 patriciam,

313 3844 588 3891 staturam
638 3849 921 3905 proceram
951 3844 1006 3889 et
1025 3834 1270 3901 arduam,
1324 3834 1459 3890 adeo
1488 3842 1547 3888 ut
1593 3850 1625 3888 a
1672 3835 1910 3904 scapulis

313 3926 524 3995 populo
560 3925 1020 3995 supereminerct,
1062 3932 1117 3979 et
1164 3923 1383 3978 Saulem
1416 3924 1764 3993 proceritate,
1796 3941 1907 3980 non

315 4016 629 4081 atrocitate,
661 4014 960 4070 exhiberet.
1011 4013 1200 4069 Facies
1229 4013 1476 4069 amabilis
1504 4021 1560 4069 et
1580 4015 1872 4069 reverenda
1891 4054 1906 4080 ,

311 4106 469 4160 frons
494 4105 768 4160 mediante
794 4119 950 4160 coma
977 4104 1088 4161 suis
1116 4104 1379 4191 columnis
1415 4104 1715 4160 resultabat
1735 4105 1912 4161 fenes-

313 4206 485 4253 trata.
531 4195 698 4267 Signa
751 4212 881 4253 vero
932 4205 989 4253 et
1032 4200 1313 4266 sanitates,
1342 4213 1462 4268 qua:
1489 4200 1542 4253 in
1574 4200 1773 4271 populo
1800 4200 1910 4255 fre-

307 4289 695 4360 quentantium
736 4296 986 4357 ccetuque
1013 4288 1272 4345 debilium
1322 4290 1652 4357 assiduabat,
1701 4290 1910 4345 nullum

310 4394 574 4436 enarrare
623 4395 726 4436 nec
767 4395 1088 4435 enumerare
1117 4396 1276 4451 posse
1305 4380 1599 4437 astruebat.
1642 4382 1908 4438 Memora-

2015 3209 2190 3265 tolicis
2218 3209 2383 3278 signis
2411 3209 2728 3279 pmclarum
2753 3248 2771 3275 ,
2818 3222 3149 3277 suorumque
3177 3207 3432 3263 comitum
3463 3222 3602 3276 pra:-

2012 3301 2252 3370 cipuum,
2284 3300 2497 3357 dicente
2537 3299 2638 3354 sibi
2670 3298 2897 3354 Domino
2927 3300 2979 3353 in
3022 3298 3212 3370 spiritu
3238 3316 3252 3351 :
3285 3296 3439 3352 Hunc
3470 3298 3599 3351 mihi

2012 3406 2150 3461 unge
2179 3392 2231 3446 in
2252 3391 2591 3448 sacerdotem
2618 3391 2872 3457 electum,
2912 3389 3216 3461 perspicaci
3256 3388 3436 3444 animo
3481 3404 3603 3444 cum

2010 3498 2249 3552 superno
2276 3483 2537 3539 instinctu
2558 3482 2791 3538 intendit
2816 3497 2913 3552 pro
2934 3497 2993 3537 se
3014 3480 3389 3537 ordinandum.
3416 3480 3603 3536 Refert

2011 3573 2126 3629 hanc
2146 3573 2210 3627 ad
2236 3574 2441 3629 clerum
2462 3613 2479 3639 ,
2500 3574 2567 3627 ad
2590 3587 2793 3643 regem,
2818 3574 2885 3628 ad
2907 3573 3163 3643 populum
3190 3590 3204 3626 :
3228 3573 3407 3643 placet
3428 3573 3605 3628 omni-

2010 3665 2129 3731 bus,
2148 3664 2332 3721 favent
2348 3680 2554 3730 omnes,
2574 3665 2731 3720 simul
2748 3664 3143 3720 benedicuntet
3161 3673 3439 3733 expetunt.
3454 3663 3603 3733 Rege

2010 3756 2193 3823 itaque
2219 3771 2339 3810 cum
2362 3753 2575 3810 confluo
2600 3754 2801 3825 populo
2820 3754 3135 3811 immensum
3167 3755 3599 3823 congratulante,

2011 3847 2223 3902 ordinat
2250 3862 2372 3902 cum
2418 3846 2567 3901 omni
2596 3846 2823 3901 solemni
2851 3845 3047 3914 gaudio
3100 3844 3447 3901 Laurentium
3496 3847 3601 3903 sibi

2011 3954 2378 3994 successorem
2422 3957 2434 3991 :
2483 3946 2542 3992 ut
2599 3937 2872 4008 quondam
2928 3938 3300 4007 apostolorum
3348 3938 3597 4007 princeps

2012 4028 2203 4085 Petrus
2231 4028 2559 4085 Clementem
2579 4069 2593 4093 ,
2621 4030 2692 4084 ob
2707 4030 3067 4099 supradictam
3097 4029 3348 4085 videlicet
3372 4030 3599 4084 novella:

2013 4118 2411 4174 informationis
2438 4119 2817 4175 necessitatem
2846 4137 2859 4171 :
2892 4119 3036 4188 quod
3065 4127 3244 4174 tamen
3290 4119 3596 4187 exemplum

2014 4214 2145 4268 nulli
2197 4213 2546 4283 imposterum
2577 4212 2741 4267 debet
2788 4226 2907 4267 esse
2950 4210 3398 4281 prmsumeudum.
3429 4209 3600 4263 Nemo

2012 4305 2115 4358 rite
2166 4304 2271 4358 hoc
2309 4303 2435 4357 fecit
2484 4310 2608 4372 post
2656 4302 2905 4366 Petrum,
2963 4316 3124 4355 nemo
3171 4302 3601 4368 incompetcnter

2014 4396 2174 4450 faciat
2224 4405 2347 4465 post
2391 4396 2768 4463 Augustinum.
2810 4393 2944 4447 Nam
2997 4410 3133 4448 unus
3182 4392 3459 4458 Christus,
3494 4410 3599 4449 una

309 4472 474 4526 batur
496 4470 701 4541 jugiter
729 4470 969 4541 pedestri
1010 4473 1244 4535 incessu,
1290 4471 1486 4541 saepius
1514 4472 1904 4538 discalceatus,

2016 4488 2274 4553 Ecclesia,
2326 4504 2465 4543 unus
2513 4488 2835 4557 episcopus,
2893 4502 2995 4541 nec
3048 4486 3304 4542 dividitur
3354 4504 3493 4543 unus
3547 4498 3603 4543 et

308 4562 619 4631 provinCias
647 4562 942 4633 apostolica
989 4562 1276 4618 devotione
1315 4563 1603 4628 lustrasse,
1655 4572 1711 4619 et
1737 4565 1905 4620 callos

310 4667 548 4722 genuum
575 4651 750 4710 fratris
780 4654 994 4709 Domini
1021 4653 1207 4709 Jacobi
1256 4655 1310 4710 in
1355 4656 1552 4725 plantis
1581 4658 1899 4712 attraxisse:

310 4744 494 4815 plures
522 4758 742 4815 quoque
768 4753 1076 4800 sanctorum
1108 4746 1363 4800 comitum
1400 4745 1515 4815 ejus
1544 4745 1758 4801 easdem
1790 4746 1899 4800 vir-

312 4843 455 4891 tutes
466 4834 557 4890 vel
574 4835 769 4889 imitari
792 4835 875 4889 vel
894 4838 1226 4905 aequiparare
1241 4836 1431 4903 solitos
1451 4837 1746 4891 asserebat.
1764 4834 1899 4891 llinc

311 4923 516 4994 itaque,
541 4940 661 4980 eum
684 4925 917 4980 charitas
946 4925 1125 4979 omnia
1154 4925 1447 4994 probabilia
1471 4926 1673 4992 credat,
1698 4936 1895 4983 etcum

311 5020 453 5074 ultro
480 5020 755 5076 credimus
784 5020 928 5089 quod
971 5035 1214 5075 amamus
1237 5061 1253 5085 ,
1302 5020 1443 5089 quod
1473 5037 1603 5076 vero
1633 5039 1741 5077 non
1774 5040 1893 5079 cre-

312 5111 487 5167 dimus
508 5111 689 5167 odisse
711 5128 810 5167 nos
836 5112 919 5167 vel
940 5128 1196 5182 spernere
1219 5115 1543 5182 probamus;
1569 5116 1899 5184 perpendam

314 5203 408 5257 lilii
430 5204 733 5259 dilectionis
759 5212 815 5259 et
834 5220 942 5259 non
966 5205 1145 5269 alieni,
1178 5203 1321 5272 quod
1352 5219 1416 5258 ea
1443 5220 1561 5274 quae
1587 5206 1755 5259 sancti
1785 5221 1899 5272 ges-

312 5304 501 5351 serunt
558 5296 611 5350 in
664 5297 791 5361 vita,
844 5297 930 5351 vel
975 5310 1072 5365 per
1122 5296 1319 5364 scripta
1346 5338 1360 5361 ,
1391 5296 1476 5349 vel
1505 5311 1601 5365 per
1632 5297 1897 5364 longazviis

312 5393 577 5457 seniores,
610 5391 694 5445 vel
724 5407 819 5462 per
863 5392 1059 5445 famam
1107 5391 1262 5461 (qua:
1287 5400 1369 5446 est
1412 5392 1499 5446 lex
1540 5392 1818 5463 historice)
1874 5409 1904 5448 a

386 5576 410 5601 ³
443 5566 497 5619 In
526 5564 642 5619 Vita
682 5565 889 5618 minore
932 5565 1043 5618 lucc
1072 5566 1374 5619 accuratius
1413 5566 1481 5619 ita
1529 5565 1899 5633 explicantur:

319 5637 562 5688 armabat
606 5637 746 5687 enim
778 5635 1027 5689 eumdem
1083 5652 1240 5689 avum
1293 5643 1429 5689 u'Ira
1480 5646 1692 5688 centum
1731 5654 1901 5691 annos

320 5708 539 5775 vixisse,
570 5708 850 5776 ipsamque
883 5705 1237 5775 lengtcvitatis
1268 5705 1702 5762 benedictionem
1727 5708 1777 5761 in
1807 5724 1899 5779 pa-

2010 4579 2207 4633 unitas.
2240 4577 2627 4632 Cousecratum
2652 4591 2781 4646 ergo
2810 4576 3047 4632 destinat
3074 4576 3139 4632 ad
3172 4578 3351 4632 omnia
3381 4594 3595 4648 promp-

2008 4669 2291 4733 tissimum,
2321 4676 2382 4722 ut
2406 4667 2603 4723 Paulus
2631 4667 2997 4733 Timotheum,
3022 4668 3076 4722 iu
3115 4684 3253 4738 opus
3282 4670 3587 4732 ministerii,

2005 4760 2058 4814 in
2086 4758 2495 4814 aediﬁcationem
2523 4759 2773 4829 corporis
2799 4758 3028 4824 Christi;
3057 4768 3114 4814 ut
3158 4759 3445 4825 discurrat,
3479 4759 3587 4815 fes-

2005 4851 2167 4917 tinet,
2194 4851 2357 4905 instet
2377 4857 2704 4921 opportune,
2727 4850 3069 4920 importune;
3087 4857 3300 4918 arguat,
3318 4849 3588 4914 obsecret,

2004 4942 2055 4995 in
2084 4940 2229 4996 omni
2255 4939 2511 5011 patientia
2558 4947 2614 4994 et
2657 4938 2925 4993 doctrina.
2978 4937 3099 5007 Ipse
3147 4952 3273 4992 vero
3321 4937 3595 4991 theoricus

2002 5032 2421 5103 contemplator,
2480 5039 2540 5084 ut
2591 5030 2779 5085 mundi
2829 5029 3183 5100 opprimentis
3228 5027 3477 5097 perfuga,
3539 5035 3598 5080 ut

2001 5139 2186 5193 passer
2214 5122 2487 5178 solitarius
2514 5121 2568 5176 in
2598 5130 2761 5186 tecto,
2809 5120 3078 5189 gaudebat
3120 5120 3366 5183 nimium,
3413 5120 3588 5186 ruptis

2001 5231 2181 5269 rerum
2213 5212 2550 5279 retinaculis,
2573 5212 2763 5282 pennis
2782 5211 2968 5266 arterni
2987 5211 3187 5265 amoris
3215 5208 3281 5262 ad
3300 5207 3591 5262 Dominum

2004 5307 2243 5372 evolare,
2276 5306 2329 5359 iu
2351 5305 2554 5374 Optima
2581 5312 2734 5373 parte
2757 5302 2936 5356 Maria:
2965 5302 3325 5371 requiescere,
3358 5299 3457 5351 soli
3485 5297 3601 5354 Deo

2011 5413 2225 5464 vacare,
2256 5396 2497 5452 revelata
2523 5393 2660 5451 facie
2688 5395 2873 5465 gloria:
2901 5393 3110 5449 Domini
3141 5393 3417 5458 assistere,
3445 5393 3594 5458 ejus-

2010 5584 2141 5629 trem
2191 5589 2345 5628 suum
2394 5570 2766 5645 desecndisse;
2827 5569 2878 5622 in
2923 5582 2981 5621 se
3015 5565 3199 5645 .ctiam
3250 5564 3592 5622 centenario!

2007 5646 2409 5718 progenitorum
2436 5658 2605 5698 annos
2634 5642 2791 5709 longe
2816 5642 3139 5692 excrevise.
