4032 6186
389 303 450 359 θί
1064 343 1066 346 .
1584 293 1740 349 Vl'l‘A
1782 277 2024 350 SANCTI
2064 291 2442 350 AUGUSTlNl.
3579 291 3650 347 as

384 429 493 486 quc
515 422 766 484 perpetua
791 411 937 482 pasci
957 407 1256 464 dulcedine.
1285 406 1434 461 Tunc
1459 404 1672 461 demum
1699 419 1757 459 se
1779 404 1961 458 vivere
1988 404 2038 462 Δ
2064 411 2300 468 auctore,
2325 404 2634 460 condiderat
2659 403 3122 476 pra-electissimus
3142 402 3482 471 Laurentius,
3507 403 3644 460 facta

385 520 450 560 ac
478 518 720 570 regnare,
767 511 895 556 tunc
938 499 1170 569 primum
1213 513 1273 553 se
1319 497 1551 567 cmpisse
1597 496 1802 552 servire
1846 493 1958 549 Deo

383 593 654 647 credebat.
703 589 985 660 Nunquam
1041 598 1221 644 tamen
1269 585 1467 643 defecit
1513 583 1782 640 dominica
1811 583 1960 639 lucra

387 693 603 748 augere,
646 680 699 734 in
731 680 1099 736 conveniendo
1129 678 1356 750 populos
1397 678 1453 733 in
1496 692 1662 732 unum
1709 684 1767 732 et.
1817 676 1962 746 ipsos

389 784 544 837 rcges
572 779 632 823 ut
673 770 914 825 serviant
944 770 1170 824 Domino
1195 787 1206 821 :
1241 782 1502 837 nusquam
1526 767 1734 834 deerat,
1759 766 1848 820 ubi
1877 765 1958 819 di-

387 858 507 911 vina
549 872 636 912 res
663 859 988 928 postulabat.
1032 858 1200 924 Nunc,
1223 855 1492 927 utaquila,
1515 855 1582 910 ad
1606 869 1838 926 superna
1867 870 1964 911 vo-

385 951 563 1015 labat;
586 967 745 1016 nunc,
765 951 1030 1006 dominica
1054 957 1330 1020 poscente,
1343 963 1541 1019 pascua
1557 948 1660 1002 ima
1675 947 1960 1003 revisebat.

457 1040 542 1095 5L
588 1042 724 1107 Quid
763 1041 918 1110 longa
966 1039 1408 1109 tergiversatione
1450 1039 1650 1093 exitum
1687 1037 1966 1107 prmsentis

383 1135 517 1189 lticis
553 1133 681 1188 dare
711 1132 961 1189 formidat
990 1133 1200 1188 oratio?
1229 1131 1468 1186 Tandem
1500 1129 1966 1185 victoriosissimus

384 1225 586 1280 athleta
616 1224 847 1286 Domini,
879 1224 931 1278 in
956 1224 1101 1278 omni
1122 1223 1407 1277 sanctitate
1429 1230 1484 1276 et
1506 1221 1818 1276 meritorum
1845 1234 1969 1290 per-

387 1313 618 1368 fectione
645 1328 870 1368 excurso
897 1312 1021 1367 vitm
1043 1312 1237 1378 stadio,
1259 1313 1503 1381 pervenit
1532 1310 1602 1365 ad
1637 1310 1876 1366 bravium
1906 1325 1968 1385 ac

383 1403 472 1457 diu
501 1404 801 1458 desiderata
828 1403 1017 1458 mterni
1042 1403 1188 1470 regni
1208 1403 1444 1472 praemia.
1476 1401 1592 1456 Jam
1615 1401 1843 1472 pulsanti
1875 1416 1970 1471 per

382 1494 749 1564 mgritudinem
774 1493 1004 1549 Domino
1032 1492 1263 1563 aperuit,
1288 1509 1410 1548 cum
1437 1492 1779 1548 inenarrabili
1803 1493 1970 1563 tripu-

385 1587 476 1641 dio
503 1595 559 1641 et
585 1585 882 1641 aromatico
904 1585 1194 1654 gratiarum
1221 1581 1506 1639 sacriﬁcio.
1539 1583 1674 1637 Tum
1693 1583 1970 1650 magnani-

383 1693 471 1734 mo
498 1685 733 1747 pateram
761 1675 1062 1732 dilectionis
1089 1674 1283 1730 aﬂ‘ectu
1311 1674 1716 1738 exhortabatur,
1749 1684 1857 1728 tam
1885 1688 1973 1728 re-

2062 493 2341 562 magniﬁca
2369 495 2724 562 dedicatione,
2755 511 2879 552 cum
2905 495 3254 551 devotissiino
3283 509 3411 564 rege
3441 493 3644 550 Ethel-

2061 587 2215 641 berto
2236 595 2290 640 et
2309 587 2536 642 conﬁnis
2573 587 2775 656 Anglim
2794 587 3028 658 populis,
3049 585 3344 644 recondidit
3366 586 3419 641 in
3441 587 3644 656 aquilo-

2063 676 2166 730 nali
2210 676 2462 733 videlicet
2503 677 2742 747 ejusdem
2781 692 2946 733 sacraa
2993 677 3131 732 auiae
3171 678 3404 748 porticu,
3453 677 3545 733 ubi
3592 678 3660 734 in.

2061 777 2262 822 mterna
2290 768 2550 823 memoria
2589 768 2826 824 cmlestis
2849 767 3003 836 regni
3045 767 3355 839 depositum
3382 768 3652 824 thesauri»

2065 859 2229 913 tavit.

2135 948 2220 1002 55.
2247 948 2351 1004 Sed
2371 949 2496 1004 dum
2522 949 2838 1005 festinamus
2857 958 2964 1004 tam
2993 949 3136 1020 piam
3160 949 3438 1004 historiam
3466 949 3642 1015 linire,

2066 1039 2237 1094 adhuc
2248 1039 2514 1094 obstinate
2537 1049 2803 1105 tenemur,
2822 1049 2877 1094 et
2893 1039 3048 1107 hujus
3069 1039 3308 1108 Angelici
3329 1040 3430 1095 loci
3446 1042 3650 1109 gratio-

2064 1144 2122 1184 sa
2145 1129 2426 1184 dulcedine
2444 1137 2814 1185 etsanctornm
2841 1129 3117 1184 charitatis
3134 1130 3342 1184 inﬁnito
3366 1129 3652 1184 charisma-

2066 1228 2141 1284 te,
2173 1221 2314 1288 quod
2338 1220 2488 1275 sedet
2521 1227 2764 1286 saturos,
2801 1228 3010 1274 saturet
3024 1220 3404 1284 desideriosos,
3425 1220 3654 1274 dulciter

2069 1310 2200 1381 [_Al.,
2218 1309 2373 1364 dulce
2389 1309 2489 1381 est]
2507 1309 3000 1381 recolere,qualiter
3013 1310 3158 1364 illam
3174 1311 3434 1380 porticum
3460 1318 3540 1365 tot
3553 1311 3651 1379 pri-

2069 1415 2279 1453 morum
2302 1399 2631 1454 eruditorum
2661 1398 2968 1465 Britannice,
3000 1400 3109 1454 imo
3127 1409 3207 1455 tot
3226 1400 3534 1470 angelorum
3558 1399 3650 1454 Dei

2069 1491 2306 1546 cmlestia
2337 1491 2679 1561 impleverint
2706 1491 3015 1546 mausolma.
3053 1490 3111 1544 lu
3141 1491 3336 1562 quibus
3379 1499 3655 1560 gratanter

2071 1591 2155 1638 est
2181 1583 2734 1649 animadvertendum,
2780 1597 2942 1652 quam
2973 1597 3232 1652 generosa
3264 1584 3484 1654 pignora
3530 1583 3652 1637 uni-

2073 1675 2294 1732 versalis
2342 1683 2514 1730 mater
2549 1674 2720 1729 Roma
2768 1675 3016 1740 ediderit,
3047 1689 3166 1745 quae
3195 1675 3294 1744 ipsi
3347 1674 3656 1728 Britannico

382 1782 503 1835 gem
526 1776 582 1822 ct
611 1767 899 1838 principes,
943 1782 1102 1838 quam
1131 1767 1332 1820 clerum
1363 1775 1418 1820 et
1445 1767 1722 1835 populum,
1763 1766 1967 1822 servire
1997 1763 2042 1823 Β
2069 1767 2280 1824 Oceano
2309 1776 2488 1838 patres
2517 1777 2574 1823 et
2603 1768 2939 1822 institutores
2979 1767 3309 1822 existerent:
3353 1780 3490 1836 quos
3528 1763 3657 1820 dum

384 1857 610 1911 Domino
640 1857 692 1911 in
714 1856 940 1920 timore;
965 1865 1019 1911 et
1048 1855 1341 1925 profanatis
1362 1853 1778 1909 datmouicorum
1799 1855 1965 1910 sacri-

387 1948 624 2002 liciorum
650 1947 918 2013 sordibus,
947 1947 1000 2001 in
1032 1947 1134 2002 lide
1154 1946 1349 2002 Christi
1376 1945 1624 2001 divinitus
1642 1946 1741 2002 sibi
1774 1945 1967 2000 tradita

388 2037 733 2092 immobiliter
759 2052 1144 2108 perseverare;
1186 2044 1241 2091 et
1278 2037 1368 2091 uni
1411 2037 1521 2091 Deo
1565 2037 1688 2090 vivo
1718 2043 1772 2090 et
1815 2050 1964 2100 vero,

389 2129 492 2184 iide
514 2137 569 2183 et
590 2144 773 2184 amore
815 2137 1076 2200 perpetuo
1117 2127 1420 2193 adhaerere;
1451 2127 1672 2196 ejusque
1694 2126 1964 2192 mandata,

384 2234 481 2288 per
507 2219 783 2273 inunctum
807 2215 1112 2288 pontiﬁcem
1143 2233 1206 2273 ac
1233 2216 1533 2272 dominicos
1561 2217 1853 2280 ministros,
1883 2215 1967 2270 di-

389 2309 616 2376 ligenter
637 2309 944 2364 observare.
973 2307 1130 2362 Venit
1154 2322 1283 2376 ergo
1315 2307 1432 2362 ﬁnis
1461 2307 1808 2362 mundialium
1837 2321 1968 2376 pro-

385 2400 670 2467 cellarum,
695 2407 751 2455 et
779 2399 950 2454 illuxit
979 2415 1174 2458 aurora
1197 2408 1518 2454 acternarum
1543 2400 1846 2454 lmtitiarum
1878 2416 1890 2451 :
1915 2407 1971 2453 et

387 2490 670 2546 benedieto
685 2505 833 2560 rege,
851 2499 908 2546 et
932 2491 1246 2546 conﬁrmata
1264 2490 1316 2546 iu
1341 2489 1552 2546 Christo
1574 2490 1839 2560 primitiva
1863 2505 1969 2544 sum

385 2582 646 2650 genitura:
675 2581 938 2648 Ecclesia,
963 2581 1277 2652 relinquens
1306 2581 1554 2637 omnibus
1584 2588 1857 2651 perpetuae
1883 2580 1968 2634 di-

389 2674 635 2730 lectionis
681 2674 904 2745 pignora
952 2674 1233 2744 beatmque
1278 2674 1404 2728 vita:
1451 2672 1796 2737 documenta,
1831 2671 1970 2726 inter

385 2773 692 2820 sanctorum
714 2763 982 2820 sociorum
1006 2763 1500 2834 discipulorumque
1529 2762 1826 2832 lacrymosa
1843 2775 1972 2816 exa-

389 2856 552 2922 mina,
584 2864 760 2910 stante
784 2857 944 2912 beato
970 2855 1259 2909 Laurentio
1281 2868 1402 2909 cum
1436 2852 1620 2924 populi
1649 2852 1968 2923 frequentia,

390 2949 636 3020 deposita
661 2949 870 3004 sarcina
893 2947 1071 3002 carnis
1097 2947 1383 3007 assumitur
1411 2946 1464 3000 in
1486 2945 1704 3011 cmlum,
1734 2961 1853 3000 cum
1881 2960 1972 2998 su-

396 3055 685 3109 pernarum
713 3039 972 3095 virtutum
1019 3037 1289 3108 triumpho
1320 3045 1375 3092 et
1402 3037 1592 3106 gloria,
1624 3051 1748 3092 cum
1771 3035 1972 3090 inacsti-

2071 1877 2210 1916 nnus
2239 1877 2391 1915 amor
2426 1875 2534 1916 uno
2579 1859 2828 1914 cubiculo
2857 1859 3014 1914 simul
3041 1857 3382 1926 astringeret,
3411 1856 3654 1925 singulos

2070 1963 2325 2022 patronos
2355 1952 2624 2020 sigillatim
2647 1951 2924 2005 distinctos
2949 1950 3132 2020 plures
3157 1940 3404 2027 nationes
3423 1947 3659 2018 propriis

2071 2045 2230 2099 radiis
2260 2043 2544 2112 prmelaros
2572 2041 2852 2096 haberent.
2883 2039 3084 2094 Horum
3130 2038 3658 2108 prmcellentissimns

2070 2135 2417 2203 Augustinus,
2440 2131 2784 2186 Laurentium
2809 2129 2922 2199 ejus
2951 2128 3533 2198 templidedieatwrem,
3552 2127 3658 2180 sibi

2072 2239 2444 2281 successorem
2482 2224 2565 2294 (ut
2593 2227 3066 2291 praemonstratum
3098 2219 3202 2289 est)
3234 2217 3469 2284 creavit;
3493 2216 3656 2271 Mellio

2080 2329 2190 2372 tum
2221 2316 2532 2384 Lundonic,
2573 2313 2783 2369 Justum
2836 2310 3071 2367 ltoll’ensi
3117 2308 3359 2364 ecclesim
3382 2308 3661 2378 episcopos

2074 2407 2378 2472 ordinavit;
2409 2419 2545 2473 quos
2587 2411 2754 2472 utque
2802 2409 3022 2470 propter
3065 2398 3339 2453 Christum
3389 2397 3662 2460 exiliatus,

2072 2504 2260 2559 tertius
2281 2502 2528 2566 Mellitus,
2549 2509 2771 2570 quartus
2789 2496 2971 2551 Justus
2999 2508 3283 2550 successor
3309 2490 3542 2561 excepit.
3568 2490 3661 2545 His

2073 2605 2100 2633 ει
2115 2594 2380 2650 Honorius
2402 2601 2456 2648 et
2471 2593 2583 2662 ipse
2601 2593 2855 2646 Romana:
2883 2586 3272 2643 informationis
3295 2585 3470 2639 honor
3489 2583 3654 2638 dcen-

2074 2702 2254 2754 rosus,
2278 2699 2517 2739 annexus
2539 2690 2619 2736 est
2648 2681 2887 2750 quintus.
2915 2676 3108 2734 Sextus
3138 2673 3428 2731 Deusdedit
3449 2673 3661 2740 ordine,

2073 2778 2166 2833 sed
2182 2778 2382 2848 primus
2397 2775 2493 2832 ﬁos
2516 2775 2688 2845 gentis
2711 2773 2964 2843 Anglictn,
2984 2771 3036 2825 in
3062 2771 3425 2825 Romanorum
3446 2774 3659 2838 patrum

2076 2869 2286 2923 transiit
2311 2866 2760 2937 conscriptionem
2786 2881 2799 2918 :
2825 2864 2974 2934 cujus
2995 2861 3242 2933 primitiis
3271 2876 3338 2916 ex
3364 2859 3553 2928 Anglia
3577 2857 3662 2912 nio

2074 2960 2149 3015 hil
2173 2959 2374 3029 gratius
2398 2958 2634 3013 habuere
2682 2954 3024 3010 Dorobernim
3073 2951 3315 3007 Romana
3368 2947 3653 3019 principia.

2073 3052 2342 3121 Septimus
2371 3063 2586 3120 quoque
2613 3045 2951 3108 Theodorus,
2983 3044 3238 3099 Romanae
3282 3039 3653 3109 praecellentia:

393 3131 573 3186 mabili
591 3131 828 3187 omnium
849 3145 1080 3185 occursu
1101 3136 1156 3184 et
1175 3135 1397 3198 receptu
1419 3127 1852 3197 sempiternaque
1874 3127 1967 3180 lm—

2077 3145 2394 3199 subsecutor
2432 3139 2703 3209 egregius,
2745 3138 2886 3192 almo
2917 3135 3211 3205 Augustino
3240 3149 3268 3188 a
3291 3133 3481 3188 dextro
3520 3145 3650 3185 con-

391 3223 527 3276 titia.
558 3220 606 3275 O
625 3229 827 3289 quanto
855 3220 1119 3275 solemnio
1135 3219 1428 3274 adornatur
1453 3226 1509 3272 et
1539 3226 1830 3272 coronatur
1845 3226 1968 3272 tunc

389 3326 549 3366 omne
559 3310 1027 3376 emtum,videlicet
1050 3309 1117 3362 ad
1131 3319 1235 3362 tam
1253 3309 1497 3378 praeclari
1515 3309 1646 3362 civis
1659 3308 1968 3363 adventum.

389 3403 647 3459 Ambiunt
667 3404 913 3457 aetherem
935 3409 1123 3457 turma:
1150 3402 1405 3455 victorem
1429 3401 1797 3470 palmigerum,
1824 3400 1964 3454 invi-

391 3500 507 3548 tant
519 3492 749 3563 apostoli
766 3494 819 3546 in
844 3505 972 3547 suas
991 3491 1146 3546 sedes
1157 3490 1361 3546 socium
1375 3488 1749 3559 apostolicum,
1764 3489 1973 3544 vallant

391 3594 685 3656 purpurata
717 3592 894 3641 castra
921 3591 1216 3655 martyrum
1241 3582 1602 3654 martyrialem
1637 3582 1966 3650 signiferum,

391 3677 794 3748 amplectuntur
817 3676 1076 3745 insignem
1105 3674 1440 3729 hierarcham
1461 3672 1794 3744 Splendentia
1808 3672 1974 3741 agmi-

393 3781 461 3822 na
489 3767 857 3824 conl‘essorum
885 3775 941 3822 et
955 3767 1278 3822 venerabilis
1303 3765 1456 3819 turba
1486 3764 1975 3828 sacerdotum,ean-

394 3863 509 3911 tant
533 3857 777 3912 dulcibus
801 3857 1012 3929 hymnis
1023 3858 1320 3912 candentes
1332 3855 1484 3911 chori
1503 3856 1764 3923 virginum
1785 3857 1974 3911 ducem

395 3947 691 4015 virgineum
712 3964 728 4013 ;
749 3955 916 4016 utque
941 3963 1042 4003 usu
1065 3947 1281 4002 mortali
1304 3946 1586 4017 loquamur
1615 3945 1705 4000 illa
1727 3946 1974 4000 ineﬁ‘abi-

397 4038 464 4091 lia
488 4047 823 4094 sacramenta
843 4052 1200 4109 supernorum
1225 4046 1742 4101 concentuum,tunc
1767 4038 1853 4092 illa
1867 4054 1975 4092 ma-

393 4143 496 4195 gna
515 4127 812 4184 Jerusalem
833 4131 1010 4200 magni
1031 4130 1174 4199 regis
1201 4129 1388 4184 civitas
1416 4129 1576 4184 simul
1599 4129 1730 4184 vidit
1750 4130 1976 4199 populos

392 4226 451 4275 et
476 4221 644 4276 tribus
664 4235 812 4288 suas,
838 4219 997 4276 simul
1016 4220 1068 4274 in
1091 4219 1372 4288 Augustini
1400 4219 1667 4290 triumpho
1691 4233 1982 4288 personan-

400 4321 482 4368 tes
507 4313 732 4370 Domino
759 4311 958 4382 gratias
986 4320 1043 4367 et
1067 4311 1254 4367 laudes
1278 4310 1588 4366 indefessas.-
1619 4308 1764 4376 Quos
1791 4324 1978 4364 omnes

397 4407 496 4457 nes
522 4403 707 4468 intimi,
733 4404 859 4460 licet
873 4411 982 4457 tam
997 4402 1198 4472 indigni
1216 4416 1378 4470 quam
1403 4402 1633 4472 impares
1647 4400 1972 4464 laudatores,

2079 3237 2318 3306 sepultus
2361 3241 2445 3288 est
2482 3232 2679 3296 latere,
2727 3244 2832 3284 una
2877 3236 3082 3282 tantum
3126 3221 3522 3281 monasterialis
3552 3218 3657 3275 alvi

2076 3325 2307 3380 maceria
2337 3323 2622 3388 interstite,
2651 3321 2773 3389 quia
2804 3334 2909 3373 non
2930 3319 3040 3372 lum
3068 3315 3392 3386 ampliﬁcata
3423 3311 3661 3382 porticus

2075 3431 2264 3471 omacs
2307 3413 2587 3482 nequierat
2637 3410 2912 3479 suscipere
2950 3425 2965 3462 :
3011 3421 3116 3476 qua
3165 3413 3354 3475 postea
3410 3402 3655 3464 dilatata,

2076 3505 2158 3560 his
2188 3503 2387 3560 sanctis
2416 3502 2754 3556 consortibus
2784 3499 3086 3568 adjungitur
3124 3496 3372 3553 omnibus
3405 3491 3663 3549 amandus

2075 3597 2285 3652 sacculis
2311 3595 2596 3661 Adrianus,
2628 3593 2864 3663 ejusdem
2890 3590 3201 3646 monasterii
3232 3589 3398 3644 abbas
3427 3587 3658 3644 clemen-

2075 3688 2339 3753 tissimus;
2383 3687 2472 3756 qui
2516 3687 2582 3740 ab
2627 3685 2922 3756 apostolico
2967 3683 3152 3738 Roma:
3199 3681 3555 3737 electissimus
3605 3679 3661 3733 in

2079 3779 2506 3849 archipraesulem
2526 3777 2887 3840 Dorobernim,
2904 3776 3075 3846 ipsum
3088 3776 3305 3830 beatum
3320 3772 3664 3829 Theodorum

2078 3871 2298 3925 adduxit
2324 3886 2420 3942 pro
2449 3885 2529 3936 se,
2576 3885 2698 3924 cum
2725 3884 2833 3938 quo
2863 3868 3062 3937 Anglos
3084 3866 3214 3922 fecit
3264 3865 3521 3922 docibiles
3563 3865 3661 3919 Dei

2079 3969 2185 4016 tam
2214 3960 2396 4017 Grzcca
2412 3977 2571 4031 quam
2603 3959 2792 4014 Latina
2819 3959 3144 4014 eruditione.
3175 3957 3306 4012 Item
3335 3955 3656 4014 candidissi-

2079 4069 2222 4107 mum
2251 4067 2318 4106 ex
2345 4051 2527 4120 Anglis
2550 4049 2716 4104 lilium
2739 4049 2884 4118 regia
2927 4047 3122 4103 Christi
3153 4048 3302 4116 virgo
3349 4046 3656 4108 Mildretha,

2079 4159 2176 4199 suo
2201 4143 2436 4198 candore
2485 4141 2787 4210 gratissime
2824 4139 3055 4194 illustrat
3078 4137 3354 4208 splendida
3385 4144 3656 4190 tantorum

2079 4243 2289 4304 patrum
2311 4241 2646 4288 ornamenta.
2670 4229 2871 4284 Horum
2895 4229 3053 4297 igitur
3072 4228 3309 4289 omnium
3329 4235 3518 4282 auctor
3532 4226 3662 4281 bea-

2079 4325 2313 4379 tissimus
2337 4336 2471 4392 papa
2501 4319 2810 4389 Gregorius,
2836 4319 3040 4373 habens
3063 4317 3232 4371 altare
3255 4315 3487 4371 medium
3514 4315 3666 4369 velut

2083 4415 2362 4486 patricium
2385 4412 2597 4477 solium,
2623 4411 2898 4482 ipsamque
2919 4424 3137 4464 servans
3156 4409 3264 4463 Deo
3285 4407 3511 4462 dicatam
3534 4420 3663 4476 por-

397 4505 782 4561 prosequamur
820 4502 880 4550 ut
905 4507 1192 4563 possumus
1220 4507 1328 4547 non
1374 4491 1770 4560 exsequialibus
1797 4491 1970 4560 planc-

2087 4508 2271 4572 ticum,
2303 4513 2504 4560 :etcrna
2555 4502 2844 4558 dilectione
2889 4501 3359 4570 circumplectitur,
3392 4514 3500 4554 non
3551 4505 3662 4550 tam

397 4589 560 4656 tibus,
580 4587 674 4642 sed
699 4586 782 4642 his
801 4587 1207 4656 triumphalibus
1225 4585 1470 4641 cantibus
1494 4601 1507 4638 τ
1536 4584 1764 4654 Regnas,
1782 4584 1984 4655 Augus-

401 4679 531 4742 tine,
568 4675 790 4746 Augusti
833 4677 1015 4731 smculi
1053 4677 1272 4731 nomine
1311 4685 1368 4730 et
1391 4675 1648 4742 dignitate
1674 4675 1975 4742 sublimior,

397 4767 489 4836 qui
515 4766 708 4822 auxisti
726 4781 838 4820 rem
854 4764 1050 4822 ChriSti
1068 4766 1357 4835 publicam,
1375 4774 1430 4819 et
1447 4765 1702 4820 Romanae
1725 4763 1975 4821 Ecclesia:

399 4861 638 4929 adjecisti
667 4858 990 4914 Britanniam
1011 4900 1026 4926 ,
1067 4855 1256 4911 melius
1298 4872 1457 4925 quam
1495 4857 1672 4912 Caesar
1702 4859 1974 4926 Augustus

403 4950 657 5004 Romanis
678 4950 868 5018 opibus
897 4943 1295 5002 Alexandriam.
1324 4945 1400 5000 Te
1427 4961 1582 5014 reges
1607 4956 1665 5001 et
1699 4948 1970 5016 principes

399 5051 700 5098 etsenatus
742 5039 1055 5109 Anglorum,
1084 5047 1140 5093 et
1177 5038 1332 5092 turba
1364 5039 1600 5105 gentium
1645 5039 1972 5095 comitantur

403 5133 456 5186 in
480 5131 708 5196 emtum;
742 5138 794 5184 te
816 5129 988 5197 angeli
1017 5137 1073 5182 et
1099 5127 1404 5197 archangeli
1426 5129 1843 5197 triumphantem
1879 5129 1973 5184 de-

401 5225 624 5288 ducunt,
658 5224 834 5279 throni
857 5233 913 5282 et
939 5223 1328 5280 dominationes
1349 5224 1652 5294 excipiunt,
1679 5234 1731 5279 te
1752 5234 1976 5280 coronat

403 5315 518 5372 Rex
536 5329 742 5384 regum.

476 5405 566 5463 52.
600 5406 1042 5465 Prctiosissimam
1068 5421 1196 5462 vero
1215 5407 1332 5474 ejus
1354 5407 1592 5477 corporis
1617 5408 1977 5475 margaritam,

409 5498 460 5552 in
479 5498 592 5568 ipso
609 5502 904 5570 apostolico
925 5509 978 5556 et
998 5499 1161 5567 regali
1176 5500 1522 5562 monasterio,
1542 5500 1683 5569 quod
1707 5501 1842 5570 ipse,
1867 5499 1980 5557 Deo

483 5660 505 5685 ε·
554 5651 812 5722 Coluutnr
859 5662 1144 5722 sequentes
1177 5669 1188 5704 :
1216 5651 1482 5705 Honorius
1524 5650 1594 5704 50
1623 5650 1973 5718 Septembris,

415 5720 694 5776 Deusdedit
715 5724 782 5776 50
806 5720 966 5791 Junii,
993 5723 1288 5778 Theodorus
1317 5723 1377 5777 19
1403 5723 1755 5793 Septembris,
1785 5724 1972 5777 Adria-

2084 4595 2269 4652 l‘unera
2299 4595 2756 4664 consepultorum,
2781 4606 2940 4662 quam
2963 4592 3192 4646 triclinia
3220 4589 3617 4646 convivantium
3643 4606 3658 4640 :

2083 4696 2207 4743 ante
2233 4701 2420 4742 omnes
2447 4700 2576 4740 vero
2629 4684 2729 4741 sibi
2760 4683 3004 4752 astringit
3049 4681 3424 4751 Augustinum,
3464 4690 3524 4734 ut
3548 4695 3660 4734 sua:

2079 4776 2430 4832 institutionis
2452 4775 2829 4845 primicerium,
2860 4789 2968 4828 sua:
2997 4772 3363 4842 parturitionis
3392 4770 3663 4840 primoge-

2078 4869 2269 4928 nitum,
2303 4877 2356 4922 et
2383 4867 2492 4920 vita
2520 4873 2574 4920 et
2598 4864 2786 4918 ordine
2817 4864 3066 4934 primum.
3089 4861 3279 4917 Crateri
3308 4874 3525 4930 quoque
3555 4857 3650 4912 lilii

2074 4965 2163 5032 qui
2191 4967 2597 5030 protoparentes
2625 4958 2970 5013 ecclesiastici
3012 4966 3137 5010 sunt
3178 4954 3397 5022 Anglizc,
3449 4967 3667 5007 accum-

2075 5056 2207 5110 bunt.
2221 5054 2360 5107 sicut
2382 5051 2602 5106 novella:
2623 5050 2880 5104 olivarum
2902 5050 2954 5103 in
2981 5049 3202 5104 circuitu
3228 5062 3424 5101 mensa:
3448 5060 3575 5100 sum.
3607 5043 3666 5098 In

2075 5145 2376 5199 authentica
2425 5159 2522 5213 pro
2570 5141 3086 5213 przccminentissimi
3143 5140 3425 5209 Augustini
3474 5138 3663 5192 tumba

2075 5235 2400 5305 epitaphium
2419 5235 2672 5303 Scriptum
2701 5243 2781 5289 est
2807 5232 3174 5298 hujuscemoli
3208 5250 3220 5283 :
3247 5231 3345 5285 llic
3372 5228 3664 5298 requiescit

2078 5325 2323 5378 dominus
2375 5326 2718 5395 Augustinus,
2765 5323 3186 5377 Dorobernensis
3232 5321 3667 5390 archiepisc0pus

2083 5416 2304 5482 prlnms,
2327 5413 2415 5481 qui
2442 5413 2565 5466 olim
2589 5413 2689 5465 huc
2709 5425 2738 5464 a
2760 5411 2920 5465 beato
2945 5410 3206 5480 Gregorio
3231 5409 3487 5464 Romana:
3510 5409 3658 5463 urbis

2082 5502 2334 5572 pontiﬁce
2359 5505 2608 5566 directus,
2634 5510 2688 5555 et
2713 5516 2743 5554 a
2773 5501 2881 5555 Deo
2911 5502 3236 5570 operatione
3277 5501 3660 5556 miraculorum

2083 5615 2236 5710 ηυδύ
2258 5654 2518 5721 Januarii,
2549 5654 2828 5709 Mitdretha
2862 5653 2924 5707 l5
2955 5651 3097 5708 Iulii.
