4032 6186
384 291 456 348 as
1061 291 1307 352 sanan
1335 287 1704 349 sponsum
1740 285 2118 344 anaconun
2147 287 2478 344 arosrou
2513 257 2961 346 monument.
3572 289 3645 347 96

384 414 694 470 ostensione
722 428 849 469 vera
881 427 998 468 esse
1042 416 1408 480 perspexerat,
1443 408 1494 461 iu
1541 405 1644 460 ﬁde
1674 404 1957 459 roboratus
1985 409 2032 464 Α
2061 404 2394 470 construxit,
2424 411 2480 459 et
2528 403 2822 459 monachos
2851 403 2979 458 inibi
3012 401 3282 472 perpetuis
3308 402 3640 472 temporibus

385 505 649 560 catholica
679 519 801 559 cum
830 503 941 558 suis
984 499 1440 558 commilitmiibus
1469 498 1772 567 baptizatus
1799 501 1882 550 est
1909 492 1962 547 in

384 595 470 650 die
497 595 840 649 Pentecostes
877 594 975 648 sub
1002 607 1144 647 anno
1174 589 1385 644 Domini
1414 587 1538 643 597.
1588 587 1735 655 Rege
1782 585 1964 652 itaque

384 682 657 752 baptizato
687 691 742 737 et
766 681 819 736 in
860 681 964 736 ﬁde
991 679 1311 735 conﬁrmato
1341 677 1668 747 Augustinus
1688 675 1755 728 ad
1777 673 1965 729 civita-

383 783 491 828 tem
509 773 802 828 Galliarum
823 771 1190 826 Arelatensem
1208 782 1400 839 pregre
1420 768 1545 822 litur
1565 774 1621 821 et
1641 765 1707 820 ab
1723 762 1963 834 ejusdem

382 864 530 918 urbis
550 864 808 933 episcopo
850 861 1067 916 Etherio
1095 862 1149 916 iu
1193 861 1504 930 episcopum
1535 857 1834 920 ordinatur,
1863 854 1964 911 sub

381 952 466 1006 die
493 968 580 1005 xu
603 950 866 1005 Kalendas
890 949 1220 1016 Decembris,
1238 949 1623 1016 ordinatosque
1638 945 1966 1014 Augustinus

384 1041 632 1111 Angliam
660 1040 839 1106 rediit,
863 1048 917 1095 et
947 1056 1067 1095 cum
1090 1040 1259 1109 gloria
1285 1047 1339 1093 et
1360 1039 1505 1094 omni
1533 1053 1638 1108 qua
1667 1035 1844 1090 decuit
1871 1049 1965 1090 so-

381 1130 660 1184 lemnitate
680 1145 711 1184 a
735 1145 860 1199 rege
881 1137 937 1184 et
956 1131 1154 1200 populo
1175 1137 1474 1199 susceptus,
1491 1136 1653 1197 atque
1673 1127 1727 1180 iu
1749 1125 1968 1180 civitate

383 1221 688 1276 Cautuaria:
741 1221 928 1276 sedem
983 1219 1347 1291 episcopalem
1396 1219 1658 1288 adeptus,
1707 1215 1966 1271 continuo

382 1313 728 1368 Laurentium
754 1313 1149 1384 presbyterum,
1177 1321 1231 1367 et
1259 1313 1475 1366 Petrum
1500 1311 1824 1365 monachum
1858 1307 1968 1362 [{0-

380 1420 523 1458 mam
571 1404 750 1467 misit,
800 1404 892 1473 qui
923 1404 1086 1458 beato
1120 1402 1362 1473 pontiﬁci
1409 1402 1670 1471 Gregorio
1703 1399 1967 1455 referrent

379 1505 560 1564 regem
586 1512 707 1551 eum
738 1511 908 1566 regno
937 1497 1092 1552 ﬁdem
1113 1494 1315 1551 Christi
1345 1496 1665 1566 suscepisse,
1699 1503 1754 1550 et
1780 1509 1839 1550 se
1865 1493 1967 1564 ipsi

379 1588 524 1657 genti
549 1588 840 1656 Anglorum
871 1589 1182 1659 episc0pum
1216 1588 1329 1644 fore
1358 1588 1692 1654 ordinatum,
1724 1585 1883 1642 simul
1913 1593 1968 1640 et

379 1680 448 1734 de
476 1681 540 1736 iis
565 1696 688 1750 quae
728 1680 1030 1736 necessaria
1067 1681 1391 1736 videbantur
1435 1680 1823 1749 quaestionibus
1850 1676 1966 1745 ejus

2066 494 2430 550 deservituros
2458 495 2510 548 in
2526 493 2716 549 eadem
2746 493 2971 552 ecclesia
2994 491 3279 548 instituens
3299 491 3455 548 donis
3480 494 3644 551 variis

2065 591 2121 638 et
2139 583 2562 654 possessionibus
2584 581 2790 638 dotavit
2816 582 3079 649 eamdem,
3103 590 3157 638 et
3183 583 3236 637 in
3257 583 3448 638 eadem
3474 585 3643 642 eccle-

2064 674 2140 730 sia
2170 673 2420 742 przefatus
2450 688 2546 728 rex
2571 673 2670 729 sibi
2702 680 2758 728 et
2797 674 3200 730 successoribus
3224 672 3642 730 Cantuariorum

2065 765 2280 833 regibus
2306 765 2635 834 sepulturam
2663 764 2844 835 elegit.
2875 765 2934 819 In
2964 765 3063 821 hac
3087 766 3248 820 etiam
3279 766 3504 822 ecclesia
3535 768 3645 822 Au-

2065 855 2311 924 gustinus
2339 871 2398 910 se
2426 863 2482 910 et
2505 870 2634 911 suos
2654 870 3028 920 successores,
3059 855 3480 913 Cantuarienses
3509 873 3644 927 pon-

2065 945 2256 1010 tiliccs,
2289 945 2476 1001 statuit
2517 947 2756 1016 sepeliri.

2137 1035 2460 1106 Enwanous,
2489 1035 2584 1091 Dei
2629 1039 2797 1105 gratia
2829 1053 2927 1092 rex
2977 1037 3209 1107 Anglite,
3243 1047 3384 1103 ete.,
3437 1041 3646 1096 archie-

2065 1129 2342 1200 piscopus,
2370 1138 2511 1196 etc.,
2554 1131 2802 1187 salutem.
2847 1129 3178 1200 [aspeximus
3203 1131 3443 1186 chartam
3490 1133 3646 1187 bona:

2065 1221 2340 1275 memoriae
2368 1220 2691 1287 Athelberti,
2719 1221 2992 1290 quondam
3024 1223 3166 1291 regis
3195 1223 3422 1294 Anglim,
3451 1224 3504 1277 in
3532 1225 3645 1281 haec

2067 1312 2230 1367 verba
2267 1331 2280 1365 :
2312 1311 2368 1366 In
2395 1314 2614 1370 nomine
2643 1313 2854 1367 Domini
2880 1311 3008 1368 Jesu
3036 1312 3257 1368 Christi.
3289 1313 3516 1368 Omnem
3547 1315 3647 1370 bo-

2066 1405 2264 1460 minem
2293 1406 2384 1476 qui
2411 1407 2702 1462 secundum
2737 1405 2903 1460 Deum
2933 1405 3098 1471 vivit,
3143 1413 3198 1461 et
3246 1408 3580 1462 remunerari
3610 1423 3640 1461 a

2066 1494 2176 1550 Deo
2203 1503 2385 1565 sperat
2404 1503 2461 1549 et
2481 1502 2654 1565 optat,
2678 1502 2897 1565 oportet
2921 1504 2980 1550 ut
3006 1497 3108 1566 piis
3131 1497 3380 1566 precibus
3417 1512 3646 1552 consen-

2067 1600 2185 1639 sum
2215 1585 2457 1640 hilariter
2482 1593 2540 1640 et
2558 1600 2624 1639 ex
2645 1586 2827 1641 animo
2853 1585 3115 1654 praebeat.
3141 1587 3397 1654 quoniam
3438 1596 3642 1641 certum

2068 1687 2152 1733 est
2187 1685 2336 1733 tanto
2366 1677 2574 1733 facilius
2596 1693 2659 1733 ea
2702 1693 2822 1747 quae
2848 1679 2962 1748 ipse
2991 1694 3020 1733 a
3047 1679 3155 1734 Deo
3177 1681 3484 1750 poposcerit
3511 1696 3642 1735 con-

379 1755 627 1825 consulta
656 1769 980 1842 efflagitans.
1015 1769 1146 1837 Quae
1173 1771 1219 1825 si
1249 1771 1368 1839 quis
1415 1770 1624 1842 plenius
1651 1770 1789 1825 scire
1812 1769 1959 1825 desi-
1994 1769 2040 1830 Β
2064 1762 2214 1836 sequi
2238 1783 2411 1836 posse,
2435 1777 2637 1839 quanto
2659 1776 2714 1824 et
2740 1769 2852 1839 ipse
2878 1767 3132 1824 libentius
3160 1769 3272 1825 Deo
3293 1770 3490 1839 aliquid
3515 1787 3644 1826 con-

380 1860 559 1926 derat,
585 1860 780 1916 Bedam
811 1861 876 1915 de
905 1861 1070 1930 gestis
1097 1861 1390 1930 Anglorum
1415 1862 1647 1931 legat,et
1671 1862 1742 1916 ibi
1759 1861 1966 1918 deside-

377 1959 495 2004 rata
526 1951 774 2020 reperiet.
804 1950 1012 2007 Interea
1037 1951 1334 2019 Augustino
1353 1952 1536 2007 sedem
1565 1953 1964 2022 episcopalem,

379 2051 439 2096 ut
465 2058 629 2114 supra
652 2043 900 2105 diximus,
933 2044 988 2098 in
1027 2044 1248 2099 civitate
1286 2043 1594 2098 Cantuarize
1622 2043 1840 2114 adepto,
1871 2059 1966 2099 re-

377 2134 657 2204 cuperavit
687 2134 740 2188 in
763 2149 826 2190 ea
857 2134 1164 2202 ecclesiam,
1188 2135 1335 2204 regio
1363 2133 1524 2190 fultus
1544 2135 1767 2202 auxilio,
1800 2150 1963 2205 quam

378 2224 578 2280 ibidem
606 2227 828 2297 antiquo
874 2225 1104 2280 ﬁdelium
1154 2226 1521 2280 Romanorum
1570 2241 1736 2296 opere
1767 2225 1962 2281 factam

377 2329 501 2369 esse
531 2314 824 2382 didicerat,
853 2324 908 2370 et
935 2331 1054 2370 eam
1100 2315 1153 2370 in
1200 2315 1418 2370 nomine
1465 2316 1637 2370 sancti
1667 2315 1963 2372 Salvatoris

378 2406 476 2461 Dei
506 2415 559 2462 et
581 2407 792 2462 Domini
825 2407 992 2468 nostri
1015 2406 1143 2464 Jesu
1173 2406 1372 2463 Christi
1400 2408 1767 2475 consecravit;
1798 2416 1964 2478 atque

376 2498 576 2553 ibidem
607 2499 996 2554 habitationem
1026 2499 1130 2554 sibi
1157 2499 1378 2564 statuit,
1409 2506 1465 2554 et
1506 2499 1716 2554 cunctis
1744 2513 1962 2554 succes-

375 2590 586 2644 soribus
607 2590 735 2653 suis,
761 2605 880 2660 qute
910 2605 1084 2660 usque
1126 2589 1180 2645 in
1204 2590 1526 2645 hodiernum
1551 2589 1695 2646 diem
1737 2597 1966 2644 vocatur

375 2681 608 2739 Ecclesia
635 2683 828 2738 Christi
851 2682 1253 2740 Cantuariensis
1282 2685 1445 2739 totius
1474 2684 1677 2754 Anglice
1709 2684 1885 2738 nutrix
1906 2691 1964 2738 et

375 2774 711 2843 metropolis.
767 2772 896 2828 Erat
923 2782 1106 2828 autem
1147 2790 1254 2828 non
1286 2774 1447 2844 longe
1476 2775 1542 2829 ab
1571 2775 1688 2844 ipsa
1718 2775 1962 2842 civitate,

373 2863 441 2917 ad
489 2863 842 2928 orientalem,
897 2863 1052 2933 quasi
1099 2862 1277 2919 medio
1330 2863 1524 2918 itinere
1566 2863 1634 2918 ad
1677 2864 1960 2920 ecclesiam

373 2954 544 3008 sancti
575 2953 787 3011 Martini
819 2963 873 3010 et
902 2971 1086 3010 muros
1115 2956 1350 3011 civitatis
1377 2956 1570 3020 situm,
1602 2954 1816 3020 fanum,
1844 2957 1960 3013 sive

371 3042 576 3098 Idolum
596 3084 612 3108 ,
643 3045 696 3099 in
726 3059 836 3114 quo
863 3044 1008 3100 idem
1043 3061 1136 3101 rex
1183 3045 1530 3101 Athelbertus
1559 3046 1852 3103 secundum
1886 3047 1959 3102 ri-

2067 1857 2308 1913 cesserit.
2340 1857 2606 1924 Quocirca
2634 1871 2734 1926 ego
2765 1859 3132 1924 Athelbertus,
3164 1873 3257 1913 rex
3283 1857 3498 1914 Kaucia:
3523 1876 3642 1914 cum

2065 1964 2332 2007 consensu
2353 1949 2674 2006 venerabilis
2694 1951 3084 2021 archiepiscopi
3101 1951 3403 2020 Augustini,
3425 1966 3488 2006 ac
3506 1953 3645 2020 priu-

2066 2041 2244 2110 cipum
2275 2055 2540 2109 meorum,
2567 2042 2640 2096 do
2666 2049 2722 2097 et
2746 2041 2988 2098 concedo
3016 2043 3127 2098 Deo
3156 2042 3209 2096 in
3236 2044 3444 2098 honore
3471 2045 3643 2098 sancti

2068 2133 2234 2203 Petri,
2265 2135 2498 2205 aliquam
2527 2143 2734 2206 partem
2765 2142 2924 2190 terra:
2942 2135 3079 2206 juris
3107 2137 3239 2202 mei,
3268 2150 3387 2205 qua:
3421 2135 3564 2205 jacet
3587 2137 3640 2190 in

2065 2227 2272 2280 oriente
2301 2226 2533 2281 civitatis
2562 2226 2919 2292 Doroberniaa,
2950 2227 3022 2280 ita
3050 2225 3313 2280 duntaxat
3337 2235 3395 2280 ut
3425 2241 3641 2281 monas-

2065 2319 2259 2373 terium
2303 2327 2673 2389 construatur,
2717 2327 2774 2373 et
2813 2333 2902 2374 res
2929 2332 3047 2387 quae
3072 2332 3228 2388 supra
3269 2317 3560 2372 memoravi
3587 2317 3660 2370 irr

2063 2419 2333 2481 potestate
2357 2411 2563 2466 abbatis
2583 2412 2694 2466 sint
2720 2411 2812 2480 qui
2841 2410 2912 2465 ibi
2960 2410 3120 2466 fuerit
3146 2409 3442 2465 ordinatus.
3472 2409 3649 2476 Igitur

2062 2501 2255 2571 adjuro
2297 2510 2353 2558 et
2379 2503 2633 2573 prtrcipio
2663 2503 2716 2557 in
2765 2503 2983 2558 nomine
3030 2500 3242 2556 Domini
3272 2502 3365 2556 Dei
3391 2502 3639 2571 omnipo-

2065 2592 2244 2655 tentis,
2276 2592 2367 2662 qui
2396 2604 2480 2648 est
2517 2593 2754 2648 omnium
2795 2608 2975 2648 rerum
2996 2591 3161 2661 judex
3183 2591 3382 2660 justus,
3415 2599 3472 2646 ut
3502 2606 3645 2662 prae--

2061 2683 2172 2740 fata
2219 2693 2360 2740 terra
2395 2685 2698 2754 subscripta
2750 2685 3042 2740 donatione
3081 2683 3532 2753 sempiternaliter
3570 2683 3646 2739 sit

2062 2775 2394 2840 conﬁrmata,
2429 2776 2502 2830 ita
2533 2785 2590 2830 ut
2632 2791 2732 2831 nec
2759 2776 2907 2840 mihi,
2940 2791 3041 2830 nec
3067 2774 3224 2830 alicui
3267 2789 3647 2829 successorum

2062 2881 2341 2933 meorum,
2364 2880 2550 2935 regum
2579 2874 2671 2921 aut
2700 2867 3018 2938 principum,
3047 2865 3161 2920 sive
3189 2865 3473 2934 cujuslibet
3500 2880 3634 2920 cono

2061 2954 2300 3022 ditionis,
2350 2955 2701 3024 dignitatibus
2731 2963 2786 3010 et
2831 2954 3208 3011 ecclesiasticis
3253 2953 3537 3025 gradibus,
3569 2953 3642 3010 de

2061 3046 2261 3117 aliquid
2290 3046 2532 3101 fraudare
2561 3045 2741 3100 liceat.

372 3145 484 3189 tum
513 3137 689 3204 gentis
713 3152 822 3191 suae
851 3137 1059 3192 solebat
1087 3153 1264 3203 orare,
1290 3146 1345 3194 et
1371 3153 1475 3192 una
1503 3154 1625 3194 cum
1648 3138 1806 3209 plebe
1832 3155 1949 3205 sua,
1981 3147 2028 3210 ο
2131 3137 2187 3193 Si
2217 3138 2334 3207 quis
2365 3153 2493 3192 vero
2523 3136 2592 3192 de
2617 3138 2721 3192 hac
2748 3135 3042 3191 donatione
3070 3143 3255 3192 nostra
3305 3135 3504 3206 aliquid
3535 3135 3642 3190 mi-

371 3225 651 3280 dit-moniis
679 3225 850 3294 magis
877 3241 1036 3295 quam
1073 3225 1181 3280 Deo
1215 3226 1499 3280 immolare
1532 3243 1545 3279 :
1578 3225 1724 3296 quod
1752 3226 1958 3296 fanum,

369 3316 551 3372 statim
576 3325 633 3370 ut
661 3317 727 3371 ab
752 3315 968 3372 Etherio
997 3316 1298 3370 Arelatensi
1321 3316 1648 3386 Augustinus
1673 3319 1956 3387 episcopus

369 3406 668 3472 ordinatus,
691 3415 750 3460 ut
770 3407 1144 3472 subscribitur,
1175 3407 1422 3476 Angliam
1452 3415 1536 3462 est
1563 3421 1859 3477 regressus,
1886 3409 1955 3462 ab

370 3499 788 3567 inquinamentis
816 3509 870 3554 et
915 3499 1162 3555 sordibus
1188 3501 1480 3570 gentilium'
1497 3501 1765 3572 purgavit,
1798 3509 1854 3557 et
1879 3501 1954 3556 si-

369 3590 610 3646 mulacro
639 3591 786 3660 quod
814 3591 865 3645 in
895 3606 959 3646 ea
990 3599 1107 3646 erat
1136 3593 1442 3659 contracto,
1471 3607 1797 3664 synagogam
1830 3608 1952 3647 mu-

369 3681 500 3735 tavit
527 3683 578 3736 in
604 3682 909 3748 ecclesiam,
938 3691 995 3736 et
1014 3697 1132 3736 eam
1155 3683 1206 3737 in
1227 3683 1448 3738 nomine
1474 3683 1645 3738 sancti
1678 3682 1948 3738 Pancratii

369 3774 618 3844 martyris
637 3773 932 3837 dedicavit;
964 3780 1020 3827 et
1049 3774 1164 3829 haec
1191 3781 1277 3829 est
1301 3775 1474 3841 prima
1499 3774 1727 3830 ecclesia
1749 3774 1816 3829 ab
1845 3774 1950 3828 Au-

366 3863 581 3930 gustino
610 3862 872 3917 dedicata.
897 3860 1087 3917 Exstat
1111 3863 1286 3918 adhuc
1302 3863 1471 3918 altare
1499 3863 1550 3917 in
1575 3863 1785 3932 porticu
1814 3862 1953 3932 ejus-

366 3954 489 4008 dem
519 3953 762 4007 ecclesiae
791 3954 1011 4008 australi
1045 3953 1097 4006 in
1125 3969 1233 4024 quo
1264 3953 1406 4008 idem
1451 3953 1782 4022 Augustinus
1809 3954 1950 4010 sole-

378 4047 473 4103 bat
541 4043 835 4107 celebrare,
867 4043 954 4098 ubi
983 4043 1131 4112 prius
1151 4053 1380 4099 steterat
1409 4044 1754 4100 simulacrum
1786 4045 1947 4116 regis.

368 4134 464 4189 llis
487 4136 667 4204 itaque
694 4136 879 4203 gestis,
910 4134 1239 4203 Augustinus
1269 4135 1577 4205 praadictam
1605 4138 1773 4192 sancti
1806 4135 1949 4192 Pan-

367 4230 522 4284 cratii
561 4229 842 4285 ecclesiam
869 4271 884 4294 ,
925 4243 1030 4283 una
1071 4244 1192 4283 cum
1228 4234 1373 4282 terra
1416 4225 1733 4296 adjacente,
1765 4244 1795 4283 a
1826 4243 1952 4298 rege

368 4321 629 4386 obtinuit;
657 4321 709 4375 in
739 4321 891 4390 cujus
917 4320 1082 4376 fundo
1106 4320 1392 4390 prazdictus
1423 4320 1788 4386 Athelbertus,
1821 4323 1950 4376 hor-

370 4419 484 4464 tatu
539 4411 681 4465 beati
733 4411 906 4467 Patris
948 4412 1260 4482 Augustini,
1311 4412 1597 4467 ecclesiam
1642 4413 1696 4466 in
1741 4413 1952 4471 honore

369 4508 678 4556 sanctorum
707 4503 1074 4572 apostolorum
1104 4501 1246 4558 Petri
1276 4512 1330 4558 et
1357 4501 1508 4559 Pauli
1537 4517 1568 4556 a
1591 4501 1953 4559 fundamentis

2061 3229 2239 3284 nuerit
2265 3237 2360 3284 aut
2387 3229 2597 3283 irritum
2628 3227 2803 3282 facere
2831 3226 3138 3291 tentaverit,
3191 3227 3261 3282 sit
3307 3227 3358 3280 in
3387 3226 3646 3297 prmsentin

2057 3329 2338 3387 separatus
2353 3333 2382 3372 a
2405 3324 2591 3372 sancta
2617 3317 2996 3373 communione
3023 3316 3266 3386 corporis
3285 3324 3341 3372 et
3361 3317 3644 3386 sanguinis

2054 3407 2270 3474 Christi,
2299 3415 2355 3463 et
2381 3407 2443 3461 in-
2481 3406 2570 3460 die
2595 3405 2804 3476 judicii,
2836 3406 2906 3461 ob
2937 3406 3189 3461 meritum
3219 3405 3435 3460 malitia}
3462 3421 3573 3460 suae
3601 3421 3640 3459 a

2055 3498 2330 3556 consortio
2358 3507 2665 3554 sanctorum
2716 3495 2951 3552 omnium
3005 3503 3339 3565 segregatus.
3387 3493 3632 3550 Circum-

2053 3592 2229 3648 cincta
2255 3599 2340 3645 est
2376 3590 2490 3644 ιιωο
2531 3596 2671 3643 terra
2701 3588 2783 3642 his
2812 3587 3055 3642 terminis
3088 3605 3101 3640 :
3136 3588 3189 3641 in
3219 3585 3426 3640 oriente
3453 3586 3628 3642 eccle—

2054 3682 2147 3737 sia:
2171 3682 2342 3736 sancti
2391 3678 2625 3744 Martini,
2673 3678 2727 3732 in
2777 3677 3000 3732 meridie
3041 3677 3127 3731 via
3180 3675 3249 3731 de
3297 3675 3546 3743 Burgate,
3577 3675 3631 3730 in

2052 3772 2330 3830 occidente
2355 3779 2409 3826 et
2438 3771 2491 3825 in
2513 3769 2764 3839 aquilone
2791 3769 3235 3838 Drutingestrete.
3265 3766 3397 3822 Acta
3419 3765 3474 3822 in
3500 3766 3632 3820 civi—

2054 3873 2166 3919 tate
2213 3863 2579 3924 Dorobernias.
2609 3877 2751 3916 anno
2781 3861 2848 3916 ab
2879 3860 3250 3916 incarnatione
3279 3859 3472 3913 Christi
3503 3856 3628 3924 605,

2053 3956 2344 4012 indictione
2382 3953 2435 4008 6.
2479 3960 2518 4020 οῖς
2561 3953 2674 4022 Ego
2706 3952 3070 4015 Athelbertus,
3103 3965 3196 4005 rex
3243 3948 3632 4014 Kantim,'sana

2053 4059 2233 4102 mente
2264 4049 2578 4116 integreque
2606 4044 2865 4108 consilio,
2893 4042 3238 4098 donationem
3271 4056 3447 4096 meam
3477 4041 3632 4108 signo

2051 4147 2253 4192 sanctae
2276 4136 2450 4191 crucis
2478 4135 2694 4207 propria
2723 4149 2886 4188 manu
2917 4131 3164 4186 roboravi
3193 4130 3632 4197 conﬁrmavique.

2053 4227 2167 4296 Ego
2190 4227 2519 4297 Augustinus
2543 4227 2714 4296 gratia
2745 4225 2838 4279 Dei
2867 4224 3302 4294 archiepiscopus
3324 4223 3475 4278 testis
3503 4237 3633 4278 con-

2051 4319 2292 4375 sentiens
2316 4318 2543 4373 libenter
2569 4316 2882 4385 subscripsi.
2917 4314 3214 4380 Edbaldus,
3269 4311 3631 4382 IIanngisilus,

2053 4411 2455 4482 Angemundus,
2482 4408 2915 4474 Referendarius,
2944 4405 3137 4473 Ilocta,
3157 4403 3379 4478 Gracys,
3405 4403 3637 4474 Tougyl,

2055 4503 2252 4569 Penee,
2283 4499 2471 4557 Geddi.

1513 4692 2367 4826 PRIVILEGIUM

979 4884 1349 4947 ABBATIZE
1392 4882 1979 4946 CANTUAIllENSl
2019 4883 2068 4944 A
2112 4882 2176 4942 S.
2222 4877 2672 4942 AUGUSTINO
2717 4875 2994 4939 DATUM

1604 4985 1921 5048 (Βουλευοοη
1943 4983 2306 5048 Anglicanam.)

445 5089 768 5160 Augustinus
786 5129 800 5154 ,
833 5087 1118 5159 episcopus
1143 5088 1491 5144 Dorohernize
1519 5086 1662 5143 sedis
1686 5085 1945 5152 famulus,
1980 5095 2027 5153 [ι
2052 5084 2251 5139 Christi
2280 5095 2448 5151 regno
2475 5088 2738 5146 sacratus,
2785 5089 2968 5133 nostra
3003 5075 3258 5132 instantia
3287 5083 3344 5130 et
3368 5089 3463 5129 sua
3511 5089 3638 5144 pro-

369 5199 530 5253 quctu
581 5196 813 5251 superna
871 5180 1167 5250 inspirante
1227 5179 1510 5236 clementia
1538 5216 1554 5242 ,
1611 5176 1950 5232 beatissimus

373 5293 510 5347 papa
540 5273 832 5342 Gregorius
857 5272 1093 5341 Anglica:
1118 5272 1264 5340 genti
1292 5271 1404 5327 Deo
1431 5269 1771 5340 acquirendae
1802 5269 1949 5339 lega-

373 5369 564 5424 tarium
595 5367 738 5422 misit
787 5365 1210 5431 amministrum;
1261 5365 1510 5420 omnibus
1553 5362 1952 5420 successoribus

371 5459 484 5513 suis
511 5459 793 5528 episcopis,
843 5456 1160 5527 cunctisque
1207 5453 1410 5524 Anglia:
1433 5455 1648 5522 regibus
1686 5468 1808 5507 cum
1838 5452 1952 5507 suis

373 5548 603 5618 posteris
653 5557 815 5618 atque
861 5548 1111 5603 omnibus
1167 5545 1258 5600 Dei
1309 5545 1555 5601 ﬁdelibus
1584 5553 1639 5600 et
1681 5545 1735 5598 in
1768 5542 1954 5606 fideet

372 5638 540 5706 gratia
571 5652 756 5704 pacem
803 5647 859 5694 ct
901 5640 1150 5694 salutem.
1196 5636 1350 5694 Patet
1387 5637 1635 5692 omnibus
1664 5635 1807 5707 quod
1841 5635 1951 5690 Deo

379 5726 625 5784 amabilis
650 5743 744 5784 rex
775 5727 1148 5798 Athelbertus,
1181 5727 1382 5800 primus
1413 5726 1708 5800 Anglorum
1763 5738 1948 5795 regum

2053 5173 2173 5242 diga
2205 5171 2580 5228 benevolentia
2609 5171 2750 5225 inter
2793 5177 3016 5224 ceteras
3059 5167 3319 5222 ecclesias
3345 5180 3480 5234 quas
3508 5164 3636 5220 l'eeit

2054 5274 2110 5321 et
2144 5265 2415 5334 episcopia
2438 5303 2454 5328 ,
2505 5261 2888 5316 monasterium
2919 5265 3073 5314 extra
3104 5256 3441 5326 metropolixn
3479 5271 3634 5308 suam

2055 5355 2465 5419 Doroberuiam,
2509 5353 2562 5407 iu
2585 5352 2791 5406 honore
2819 5335 3516 5420 principum‘apostolorum
3540 5345 3637 5400 ινα-

2054 5449 2124 5505 tri
2151 5456 2204 5504 et
2250 5447 2405 5502 Pauli
2442 5445 2694 5514 regaliter
2744 5442 2985 5498 condidit
3027 5448 3084 5495 et
3129 5438 3396 5508 regalibus
3443 5437 3638 5507 opibus

2058 5540 2356 5610 amplisque
2385 5533 2814 5606 possessionibus
2843 5531 3057 5598 ditavit,
3101 5528 3480 5598 magniﬁcavit,
3512 5543 3635 5596 per-

2057 5645 2326 5703 petuaque
2353 5633 2620 5696 libertate,
2655 5638 2710 5686 et
2734 5629 2878 5684 omni
2906 5627 3028 5695 jure
3055 5626 3204 5694 regio
3233 5639 3356 5680 cum
3384 5623 3636 5679 omnibus

2056 5723 2217 5781 rebus
2242 5731 2296 5780 et
2313 5721 2545 5792 judiciis,
2579 5721 2720 5777 intus
2745 5727 2799 5776 ct
2821 5717 2948 5774 foris
2975 5717 3049 5773 illi
3077 5715 3488 5788 pertinentibus,
3515 5727 3634 5768 mu-
