3976 6178
336 303 417 360 97
1444 302 1750 363 SANCTUS
1790 308 2194 369 BONIFACIUS
2237 311 2411 367 ΡᾹΡΛ
2453 311 2535 367 IV.
3545 332 3612 387 98

342 416 502 482 nivit,
531 428 740 484 suoque
766 414 913 482 regio
943 413 1224 484 privilegio
1269 426 1325 469 et
1356 418 1575 485 superni
1602 418 1791 487 judicii
1832 421 1934 476 im-
1962 428 2011 484 Α
2040 423 2259 485 tributa,
2288 423 2367 478 sic
2396 423 2509 493 ipse
2536 424 2787 480 Dominus
2816 429 3009 483 conclu
3030 430 3110 493 lit,
3144 444 3275 498 ergo
3306 432 3455 487 liberi
3486 444 3617 488 sunt

341 506 683 580 precatione,
735 513 898 574 atque
950 505 1247 575 apostolica
1288 507 1463 562 sancti
1492 523 1643 578 papte
1689 507 1936 577 Gregorii

344 596 791 651 interminatione
849 593 1441 660 excommunicatoria,
1481 606 1669 651 contra
1720 614 1935 654 omnem

342 684 602 755 injuriam
626 683 988 739 confirmavit.
1018 682 1132 752 Ego
1162 698 1381 754 quoque
1400 685 1640 754 ejusdem
1672 687 1938 745 libertatis

344 774 565 843 adjutor
586 782 642 829 et
662 775 1033 845 patrocinatur
1061 788 1251 829 omnes
1276 789 1621 833 successores
1669 793 1818 833 meos
1846 794 1937 833 ar-

344 865 749 934 chiepiscopus,
782 878 1083 935 omnesque
1110 864 1507 921 ecclesiasticas
1535 868 1623 923 vel
1650 868 1938 925 smculares

339 963 645 1024 potestates
672 970 769 1025 per
798 954 1084 1010 Dominum
1112 952 1296 1010 Jesum
1335 953 1607 1011 Christum
1635 965 1690 1012 et
1719 967 1940 1027 aposto-

340 1046 523 1099 lorum
571 1046 687 1113 ejus
730 1044 1089 1099 rcverentiam
1128 1044 1391 1110 obtestor,
1438 1052 1601 1115 atque
1640 1047 1938 1116 apostolica

346 1136 631 1192 memorati
661 1134 839 1191 Patris
862 1135 1035 1191 nostri
1070 1136 1510 1193 interminatione
1530 1138 1795 1193 interdico
1820 1177 1838 1207 ,
1868 1154 1938 1195 ne

344 1231 631 1299 quisquam
647 1244 885 1299 unquam
909 1228 1072 1284 ullum
1089 1237 1449 1300 potentatum,
1466 1241 1558 1284 aut
1578 1231 1933 1299 dominatum,

344 1329 441 1375 aut
485 1320 768 1391 imperium
817 1321 873 1375 in
918 1320 1025 1376 hoc
1071 1320 1402 1376 dominicum
1444 1321 1530 1376 vel
1579 1322 1933 1392 apostolicum

340 1412 759 1479 monasterium,
791 1411 877 1468 vel
909 1422 1099 1479 terras,
1127 1412 1214 1468 vel
1229 1412 1486 1469 ecclesias
1514 1414 1581 1468 ad
1612 1414 1741 1467 illud
1767 1414 1937 1483 perti-

342 1514 541 1561 nentes
590 1520 847 1576 usurpare
891 1514 1213 1576 prmsumat,
1262 1521 1362 1561 nec
1414 1507 1520 1561 ulla
1568 1522 1787 1577 prorsus
1809 1507 1938 1563 sub-

335 1596 641 1667 jugationis
706 1606 800 1651 aut
850 1598 1157 1664 servitutis,
1225 1606 1317 1653 aut
1376 1599 1561 1653 tributi
1607 1600 1935 1667 conditione,

341 1689 432 1743 vel
468 1689 519 1743 in
548 1702 767 1756 magno,
811 1689 894 1743 vel
925 1689 979 1743 in
1009 1690 1256 1754 minimo,
1285 1690 1378 1744 Dei
1421 1690 1695 1747 ministros
1724 1692 1936 1763 inquie—

344 1786 425 1831 tet
452 1785 547 1832 aut
573 1778 868 1848 Opprimat.
912 1779 1173 1834 Abbatem
1214 1794 1245 1833 a
1273 1779 1382 1835 suis
1428 1780 1677 1857 fratribus
1706 1781 1936 1838 electum

345 1871 401 1923 in
425 1870 618 1924 eodem
642 1869 972 1925 monasterio
998 1886 1103 1925 non
1128 1870 1195 1924 ad
1218 1887 1372 1926 suum
1396 1870 1729 1938 famulatum,
1756 1873 1848 1928 sed
1868 1876 1935 1929 ad

343 1959 674 2014 dominii-um
704 1958 1063 2015 ministerium
1084 1961 1317 2025 ordinet,
1336 1978 1435 2017 nec
1464 1962 1567 2017 sibi
1591 1963 1735 2019 hunc
1769 1965 1939 2019 obau-

341 2050 463 2105 dire
490 2050 587 2106 sed
622 2050 736 2107 Deo
764 2054 1022 2119 suadeat;
1053 2068 1157 2108 nec
1184 2068 1313 2108 vero
1342 2054 1441 2108 sil-i
1470 2054 1794 2124 subjectum,
1838 2056 1937 2112 sed

342 2143 380 2197 Ιι
394 2152 595 2213 atrcm,
611 2145 703 2200 sed
726 2154 1059 2215 consortem,
1082 2145 1177 2201 sed
1194 2146 1477 2215 collegam,
1496 2157 1553 2203 et
1567 2150 1937 2206 eoministrum

340 2234 398 2289 in
455 2249 596 2304 opus
641 2234 973 2290 dominicum
1022 2250 1147 2292 eum
1195 2247 1430 2307 reputet.
1484 2239 1601 2293 Non
1631 2240 1703 2295 ibi
1751 2241 1939 2297 missas

330 2326 500 2395 quasi
527 2324 599 2381 ad
624 2341 739 2382 sua:
787 2327 1007 2384 ditionis
1060 2328 1231 2384 altare
1286 2344 1386 2385 nec
1430 2332 1801 2390 ordinationes
1853 2336 1938 2390 Vt'l

331 2415 753 2472 basedictiones
782 2418 1092 2489 usurpative
1136 2418 1253 2474 sine
1296 2419 1526 2490 abbatis,
1585 2422 1670 2477 vel
1715 2422 1937 2477 fratrum

336 2505 613 2576 petitione
639 2518 915 2577 exerceat,
938 2510 1141 2565 nullum
1166 2511 1268 2566 sibi
1291 2510 1381 2581 jus
1405 2513 1811 2569 consuetudina-
1828 2516 1936 2570 ium

340 2598 432 2652 vel
477 2599 532 2653 in
560 2600 817 2663 vilissima
853 2615 913 2656 re
942 2602 1123 2673 exigat
1162 2611 1430 2674 quatenus
1476 2605 1626 2675 pacis
1652 2607 1936 2662 concordia

340 2704 515 2744 unum
544 2688 654 2745 sint
680 2691 734 2747 in
762 2692 1005 2750 dominio
1032 2694 1307 2765 utrinque,
1334 2710 1435 2752 nee
1457 2697 1763 2767 quisquam,
1792 2699 1937 2767 quod

340 2781 510 2845 absit,
534 2781 848 2845 dominandi
875 2784 1097 2841 dissidio
1125 2786 1180 2841 in
1201 2786 1461 2855 judicium
1492 2789 1691 2844 incidat
1711 2791 1931 2855 diaboli,

332 2870 437 2939 qui
465 2873 735 2942 superbize
762 2876 1047 2945 tyrannide
1091 2877 1294 2932 corruit
1318 2877 1387 2933 de
1412 2879 1572 2934 caelo.
1604 2879 1778 2949 Reges
1805 2893 1937 2948 gen-

341 2965 479 3018 tium
498 2966 698 3036 (inquit
731 2967 1016 3037 Dominus)
1058 2969 1367 3025 dominatur
1395 2987 1606 3037 eorum,
1628 2988 1725 3029 vos
1752 2982 1932 3028 auttm

336 3075 455 3113 non
484 3059 587 3115 sic.
639 3060 884 3132 Cumque
912 3065 980 3115 ab
1007 3063 1196 3117 alienis
1226 3079 1331 3117 non
1375 3079 1406 3116 a
1444 3062 1566 3118 filiis
1604 3068 1937 3134 accipiantur

2043 511 2155 567 ﬁlii.
2205 512 2318 579 Qua
2366 527 2495 580 ergo
2545 513 2892 571 irreverentia
2934 518 3121 574 Patres
3160 522 3509 576 ecclesiarum
3569 526 3619 577 in

2042 600 2180 657 filios
2200 603 2349 670 regni
2372 602 2467 658 Dei
2496 604 2596 659 sibi
2624 607 2895 661 vindicant
2920 608 3362 676 dominationem,
3386 613 3620 667 maxime

2041 702 2221 749 autem
2250 695 2302 748 in
2332 695 2470 750 hanc
2496 695 2790 752 Eoelesiam
2821 707 3131 754 sanctorum
3180 702 3571 756 thesaurarium
3602 744 3619 769 ,

2040 785 2095 839 in
2122 785 2272 855 cujus
2301 795 2547 843 materno
2598 797 2756 845 utero
2807 798 2887 845 tot
2934 790 3242 860 pontificum
3275 792 3621 847 Doroberniae

2039 892 2335 949 regumque
2363 894 2426 935 ac
2455 880 2755 951 principum
2795 897 3024 953 corpora
3056 898 3335 952 speramus
3363 883 3500 936 alma
3534 900 3618 938 re-

2042 971 2269 1026 ‘ovenda
2326 972 2615 1042 sepulturae
2666 974 2882 1042 requie,
2939 988 3005 1027 ex
3055 976 3376 1028 auctoritate
3417 975 3621 1029 ειτίιίιρι

2042 1061 2360 1129 apostolica,
2384 1071 2438 1116 et
2461 1062 2584 1117 hinc
2606 1062 2670 1117 ad
2692 1074 2947 1117 aeternam
2976 1063 3201 1134 gloriam
3234 1065 3619 1118 resuscitanda.

2040 1150 2199 1207 Tales
2228 1152 2460 1222 supremi
2484 1151 2681 1221 judicis
2725 1154 2925 1208 amicos
2954 1154 2997 1207 si
3042 1154 3162 1221 quis
3202 1152 3473 1210 olfcndere
3517 1170 3623 1210 non

2040 1252 2290 1297 metuens
2318 1243 2477 1312 hujus
2508 1243 2769 1313 privilegii
2797 1253 2997 1298 statuta
3046 1244 3358 1310 violaverit,
3391 1244 3477 1299 vel
3504 1245 3622 1300 vio-

2041 1334 2269 1389 latorem
2301 1333 2563 1389 imitando
2586 1335 2694 1388 vim
2725 1350 2878 1389 suam
2924 1337 3180 1399 tenuerit,
3213 1338 3347 1391 sciat
3374 1351 3435 1392 sc
3464 1352 3623 1407 apos-

2041 1427 2208 1481 tolico
2237 1427 2380 1482 beati
2412 1426 2555 1482 Petri
2595 1426 2775 1497 gladio
2822 1443 2919 1498 per
2946 1444 3101 1482 suum
3133 1429 3389 1483 vicarium
3419 1429 3625 1499 Grego-

2040 1516 2177 1569 rium
2200 1516 2527 1585 puniendum
2555 1517 2655 1571 nisi
2684 1516 3073 1573 emendaverit.
3105 1517 3230 1574 Hmc
3255 1533 3384 1587 ergo
3412 1519 3620 1587 omnia,

2042 1606 2117 1660 uti
2149 1607 2234 1661 bic
2267 1617 2411 1674 sunt,
2462 1608 2660 1677 scripta
2685 1648 2700 1673 ,
2755 1609 3051 1679 apostolica
3090 1610 3258 1680 ipsius
3304 1612 3624 1667 institutoris

2040 1698 2466 1767 nostriGregorii
2486 1700 2933 1769 comprobatione
2952 1710 3007 1755 et
3028 1704 3352 1756 auctoritate
3363 1704 3623 1757 servanda

1972 1833 2014 1892 Β
2043 1796 2351 1861 sancimus,
2382 1811 2589 1865 suoque
2629 1811 2724 1851 ore
2770 1796 3170 1863 conlirmantus,
3206 1810 3470 1868 prtesente
3516 1798 3626 1866 glo-

2040 1887 2187 1941 riuso
2219 1903 2343 1956 rege
2391 1888 2707 1943 Atlielbeito
2736 1904 2859 1944 cum
2909 1889 3020 1944 lilio
3051 1904 3149 1945 suo
3199 1889 3538 1957 Etlielbal-lo,
3570 1900 3626 1946 et

2042 1979 2471 2037 collaulantibus
2494 1995 2614 2035 cum
2647 1981 2763 2050 ipso
2794 1981 3045 2035 omnibus
3074 1982 3301 2051 optimat
3323 1981 3419 2036 bus
3442 1982 3623 2050 regiis,

2041 2078 2204 2138 atque
2233 2072 2376 2125 ultro
2432 2071 2740 2127 volentibus
2772 2071 3217 2126 reverentissimis
3246 2070 3497 2126 fratribus
3528 2087 3626 2126 no-

2043 2161 2168 2215 stris
2196 2176 2225 2215 a
2254 2170 2437 2216 sancta
2470 2162 2654 2217 Roma:
2684 2162 2937 2218 Ecclesia:
2960 2162 3066 2219 huc
3091 2179 3300 2217 mecum
3329 2163 3412 2217 vel
3439 2163 3505 2217 ad
3535 2178 3622 2217 mc

2042 2254 2095 2308 in
2125 2251 2472 2322 Evangelium
2502 2253 2711 2309 Domini
2739 2253 3043 2319 destinatis,
3074 2253 3279 2309 scilicet
3302 2253 3619 2318 Laurentio,

2040 2359 2200 2413 quem
2233 2343 2410 2409 nobis,
2435 2344 2544 2399 Deo
2568 2343 2805 2411 favente,
2831 2360 3197 2401 succeswrem
3220 2346 3621 2409 coastituimus,

2042 2444 2099 2490 et
2160 2434 2363 2490 Mell.to
2419 2434 2710 2490 Lundonia:
2765 2436 3041 2505 episcopo,
3097 2443 3153 2489 et
3201 2433 3355 2490 Justo
3406 2434 3623 2488 ltolensi

2039 2526 2336 2599 episcopo,
2365 2536 2422 2582 et
2464 2525 2627 2583 Petro
2678 2527 2976 2584 venerabili
3027 2527 3266 2597 ejusdem
3308 2528 3623 2582 monasterii

2039 2620 2340 2692 principum
2391 2620 2763 2691 apostolorum
2792 2621 2988 2676 abbate
3016 2621 3215 2692 primo,
3245 2635 3370 2677 cum
3416 2620 3626 2676 umeris

2039 2711 2094 2765 in
2127 2711 2353 2767 Domino
2396 2712 2733 2781 adjutoribus
2763 2712 2898 2768 meis
2947 2714 3149 2769 obnixe
3190 2713 3623 2784 postulantibus,

2042 2805 2308 2874 simulque
2351 2805 2406 2859 in
2436 2821 2532 2861 eos
2562 2806 2653 2875 qui
2698 2804 2815 2860 haec
2845 2806 3073 2862 fideliter
3099 2806 3434 2861 servaverint
3462 2806 3619 2859 bene»

2041 2895 2351 2962 dictionem,
2400 2906 2495 2951 aut
2547 2899 2600 2952 in
2660 2898 3080 2968 itnpmtitcntes,
3136 2900 3283 2968 quod
3336 2899 3621 2962 nolumus,

2043 2996 2464 3057 transgressores
2489 2989 2888 3044 damnationem
2920 2992 3313 3046 exercentibus.

1652 3237 1821 3279 ANNO
1862 3237 1996 3279 DUM
2012 3236 2094 3278 .NI
2138 3236 2332 3281 DCVII.

519 3337 708 3497 s.
815 3236 3029 3503 ΒοΝιΡᾸῗΞῖἷὲἓῬΑΡΑ
3148 3337 3453 3499 1v.

344 3636 843 3723 NOTITIA
942 3637 1755 3724 BIOGRAPHICA
1814 3642 2076 3774 IN
2144 3639 2891 3725 BONIFACIUM
2962 3642 3360 3724 PAPAM
3465 3642 3625 3726 IV.

1375 3798 1470 3861 (Ex
1496 3796 1641 3847 Libro
1664 3796 1944 3849 Pontiﬁcali.
1972 3800 2058 3849 Ed.
2084 3799 2333 3849 Blanchini
2359 3809 2472 3850 tom.
2498 3799 2606 3862 ιν.)

421 3937 448 3964 ι
480 3924 810 3988 Bonifacius,
832 3922 1050 3977 natione
1080 3921 1399 3987 Marsorum,
1441 3919 1510 3976 de
1532 3920 1752 3977 civitate
1778 3921 1939 3977 Vale-
1966 3931 2013 3993 ο
2043 3940 2256 3981 menses
2294 3934 2418 3982 octo
2438 3970 2455 3996 ,
2503 3926 2618 3982 dies
2645 3927 2926 3983 tredecim.
2993 3926 3162 3997 Hujus
3231 3928 3564 4000 temporibus
3587 3928 3617 3968 δ

340 4025 428 4080 ria
457 4063 475 4092 ,
554 4033 623 4072 ex
672 4024 826 4087 patre
870 4012 1079 4069 Joanne
1124 4013 1356 4078 medico,
1406 4012 1546 4069 sedit
1596 4028 1768 4069 annos
1814 4030 1933 4083 sex,

419 4144 447 4171 ³
479 4130 955 4202 Bonifacius.—l.
999 4130 1215 4185 Decima
1245 4136 1435 4184 octava
1462 4128 1551 4202 die
1575 4127 1932 4202 Septembris,

339 4204 476 4260 anni
502 4200 627 4267 607,
640 4209 763 4271 post
785 4203 1147 4269 interregnum
1168 4202 1354 4271 decem
1378 4200 1642 4271 mensium
1654 4200 1815 4254 etsex
1832 4201 1938 4255 die-

342 4291 467 4331 rum
484 4268 699 4329 creatus
714 4281 797 4327 est
813 4268 1051 4342 pontifex
1075 4268 1384 4342 Bonifacius
1398 4269 1516 4339 ejus
1526 4271 1761 4325 nominis
1779 4285 1932 4342 quarg

345 4356 455 4408 tus,
495 4339 827 4412 temporibus
872 4341 1084 4398 Phoce.
1136 4342 1211 4395 De
1237 4340 1415 4395 Pboca
1440 4339 1932 4412 imperatorcapud

343 4411 653 4469 Cedrenuin
682 4422 738 4467 et
767 4412 1125 4482 Nicephorum
1152 4412 1502 4464 memorabile
1546 4411 1739 4482 legitur
1764 4411 1890 4482 illud
1913 4450 1930 4478 ,

343 4485 493 4552 quod
522 4484 790 4537 monacho
816 4480 1097 4552 quaerenti,
1129 4499 1220 4535 cur
1249 4490 1354 4534 tam
1381 4484 1592 4551 impium
1622 4480 1929 4552 Christianis

345 4551 641 4624 imposuisti
679 4551 1075 4622 imperatorem?
1116 4552 1255 4606 Deus
1282 4551 1624 4624 responderit
1651 4568 1665 4602 :
1698 4551 1930 4604 Deterio-

349 4622 456 4677 reiu
483 4626 573 4678 illo
596 4625 760 4677 alium
797 4624 1015 4677 inveniri
1043 4640 1145 4677 non
1174 4622 1401 4692 potuisse
1420 4622 1581 4692 ullum
1600 4662 1614 4685 ,
1636 4629 1687 4673 et
1714 4623 1808 4675 hoc
1832 4637 1930 4675 nte-

348 4697 514 4748 vuissc
553 4691 1242 4763 Constantinopolitanorum
1266 4693 1491 4761 ﬂagitia.
1526 4691 1733 4763 limitis.

419 4796 493 4807 -
519 4763 576 4817 2.
611 4764 686 4819 De
715 4760 1129 4833 interpontilicio
1175 4760 1311 4816 duos
1345 4760 1489 4816 inter
1524 4761 1831 4816 Bonifieios
1863 4760 1925 4815 Ill

351 4844 404 4888 at
439 4834 503 4888 IV
534 4849 725 4888 omnes
752 4834 921 4889 Codd.
950 4834 1252 4901 catalogiqu
1272 4852 1285 4868 ι
1307 4833 1408 4887 sibi
1436 4841 1709 4898 constant,
1740 4833 1929 4887 decent

352 4906 601 4960 videlicet
628 4906 893 4981 mensium
924 4920 987 4960 ac
1014 4906 1218 4959 dierum
1246 4918 1377 4969 sex;
1409 4904 1739 4972 totidemque
1767 4919 1796 4956 a
1828 4903 1929 4957 Do-

2039 4016 2227 4085 famis,
2283 4018 2629 4088 pestilentiaz,
2672 4026 2729 4075 et
2770 4018 3149 4075 inundationes
3194 4034 3457 4089 aquarum
3502 4034 3626 4089 gra-

2042 4126 2220 4183 nifaeii
2260 4127 2324 4181 Ill
2347 4129 2495 4183 obitu
2534 4129 2603 4181 20
2632 4130 2870 4185 octobris
2899 4146 2988 4185 an.
3013 4130 3116 4184 607
3170 4131 3236 4185 ad
3266 4130 3524 4186 Bonifacii
3554 4131 3620 4185 IV

2043 4200 2434 4253 ordinationem
2478 4199 2550 4253 25
2587 4198 2809 4268 Augusti
2856 4200 2961 4253 603
3005 4210 3371 4263 numerantur,
3405 4202 3627 4256 inclusis

2042 4271 2111 4323 de
2136 4284 2287 4341 more
2316 4280 2592 4325 extrem.s.
2619 4270 2765 4325 Diem
2796 4286 2925 4325 vero
2950 4269 3020 4323 25
3048 4269 3273 4340 Augusti
3300 4285 3420 4341 esse
3449 4273 3619 4341 ipsam

2038 4339 2393 4394 ordinationis
2446 4341 2736 4407 Bonifacii,
2798 4357 2904 4395 non
2954 4339 3244 4394 moJo’lit.
3289 4340 3437 4395 dom.
3469 4339 3520 4395 7F
3550 4357 3619 4397 eo

2038 4424 2178 4481 anno
2224 4425 2506 4465 recurrens
2544 4410 2909 4481 demonstrat,
2951 4410 3044 4465 sed
3084 4420 3231 4466 certa
3260 4411 3617 4481 depositionis

2036 4479 2150 4534 dies
2180 4487 2496 4549 certumque
2523 4481 2667 4534 sedis
2714 4479 2831 4548 ejus
2862 4492 3092 4551 tempus,
3124 4491 3182 4535 ut
3210 4479 3344 4536 infra
3375 4483 3615 4551 explica-

2037 4551 2200 4615 bitur,
2224 4552 2557 4620 apertissme
2582 4552 2889 4605 ostendunt.
2919 4550 3068 4605 Nune
3092 4567 3238 4615 vero,
3268 4562 3326 4606 ut
3351 4550 3505 4607 facile
3528 4570 3619 4607 as-

2037 4622 2192 4688 sequi
2222 4636 2411 4693 omnes
2438 4621 2681 4686 valeant,
2704 4622 3070 4693 nequidquam
3096 4638 3125 4674 a
3158 4624 3320 4691 Pagio
3350 4624 3607 4693 virgulam

2037 4705 2159 4745 esse
2187 4689 2479 4744 adhibitam
2509 4692 2752 4761 augendo
2775 4689 2839 4746 ac
2867 4693 3173 4753 minuendo,
3205 4689 3261 4746 ut
3291 4689 3461 4757 libuit,
3489 4702 3619 4748 tem-

2037 4776 2170 4829 pora
2196 4761 2264 4814 ab
2277 4761 2475 4832 eodem
2516 4763 2848 4831 prazscripta,
2881 4763 3050 4817 oculis
3077 4763 3463 4832 subjiciendam
3493 4778 3616 4817 reor

2037 4831 2305 4886 Anastasii
2337 4830 2593 4903 Pagiiq’ue
2622 4830 3048 4902 chronologiam.

1654 5010 2020 5052 CHBONOLOGIA
2058 5006 2343 5049 ANASTASI].

2963 5077 3119 5117 PAO".

600 5160 671 5215 η
741 5160 894 5215 Mart.
936 5160 1040 5215 604
1259 5158 1484 5225 Gregor.
1698 5158 1797 5214 Ob.
1875 5159 1934 5214 V.

2243 5173 2276 5210 v
2315 5173 2388 5211 m.
2424 5171 2548 5212 xvtn
2586 5153 2640 5208 d.
2947 5170 2995 5206 vt
3038 5173 3106 5207 ιιι.
3256 5168 3270 5205 ι
3307 5152 3357 5205 ιι.

605 5234 673 5286 50
748 5234 880 5299 Aug.
940 5231 1044 5284 0οι
1258 5231 1445 5286 Sabin.
1704 5230 1834 5284 0rd.
1971 5228 2029 5282 S.
2070 5244 2203 5283 tan.
2246 5245 2277 5281 v
2496 5243 2545 5281 IV
2722 5241 2742 5281 t
2780 5240 2871 5278 an.
2968 5242 2998 5279 v
3209 5240 3261 5278 ix

631 5304 666 5354 ‘2
738 5302 891 5357 Febr.
934 5302 1038 5355 606
1260 5302 1443 5355 Sabini.
1694 5301 1793 5353 Ott.
1873 5299 1933 5354 ν.

2228 5315 2277 5353 XI
2425 5314 2547 5353 XX"

606 5374 674 5427 29
746 5374 868 5428 Jan.
933 5373 1032 5425 (507
1256 5371 1428 5425 llunif.
1465 5371 1550 5426 Ill.
1697 5373 1821 5424 Urd.

2186 5385 2277 5424 VIII
2441 5385 2549 5423 ΧΧΙΙ

600 5446 671 5497 21)
742 5444 861 5500 Oct.
932 5444 1032 5495 607
1250 5442 1420 5495 Ilunil'.
1456 5442 1539 5494 ΙΙΙ.
1692 5442 1790 5495 Ob.
1869 5440 1931 5495 V.

2240 5457 2273 5493 Χ
2497 5456 2544 5492 γι
2944 5454 2996 5491 IX
3178 5451 3263 5489 ιιν

601 5514 670 5568 25
743 5517 879 5582 Aug.
930 5512 1035 5567 608
1254 5512 1425 5566 Bouif.
1451 5512 1537 5565 IV.
1689 5512 1817 5565 0rd.
2047 5526 2096 5565 IV
2241 5526 2272 5565 v
2454 5526 2544 5565 xiv

422 5629 562 5683 llnic
589 5641 853 5681 annorum
884 5634 1137 5693 quatuor,
1167 5628 1427 5693 mensium
1456 5624 1693 5690 quinque
1724 5638 1786 5677 ac
1812 5622 1926 5675 die-

353 5717 470 5754 rum
503 5716 590 5753 xtv
638 5711 861 5752 summm
890 5692 941 5749 si
987 5694 1250 5748 addantur
1291 5692 1415 5748 anui
1466 5708 1601 5756 ncnv,
1635 5708 1846 5747 menses
1875 5706 1931 5758 ll,

353 5776 466 5825 dies
496 5785 554 5838 ll,
586 5768 873 5826 etumtuali
900 5765 1146 5836 Gregorii
1178 5766 1422 5831 inclusa;
1456 5762 1738 5820 habebitur
1765 5779 1936 5822 annus

2040 5620 2163 5686 608,
2210 5620 2431 5690 diesque
2455 5619 2525 5672 ‘25
2554 5622 2791 5689 augusti,
2823 5634 2992 5691 quam
3030 5618 3259 5691 diximus
3288 5635 3405 5675 esse
3448 5621 3615 5691 ipsam

2041 5689 2394 5745 ordinationis
2438 5692 2693 5745 Bonifacii
2726 5692 2814 5757 IV,
2848 5699 2901 5741 ut
2948 5689 3086 5743 idem
3127 5690 3317 5757 Pagitts
3348 5689 3618 5757 agnoscit.

2042 5765 2111 5819 At
2133 5763 2285 5834 juxta
2308 5762 2710 5831 chronologiam
2744 5761 2886 5845 l’agii
2918 5771 3044 5817 sunt
3071 5765 3193 5818 anui
3226 5780 3298 5832 iv,
3318 5780 3387 5819 ut.
3410 5764 3528 5831 v,d.
3552 5776 3618 5829 ις
