4032 6186
357 311 458 366 101

1147 307 1418 362 ΝΗΤΙΤΙΛ
1449 306 1898 362 BIOCRAPIiICA
1932 305 1992 359 IN
2024 306 2079 360 S.
2127 308 2534 364 IIONIFACIUM
2575 311 2798 367 PAPAM
2839 315 2923 368 IV.
2961 269 2968 276 .

3513 321 3612 374 I09.

354 422 378 459 τ
413 420 583 476 multa
606 418 747 472 bona
775 416 988 471 obtulit.
1022 415 1119 470 llic
1141 417 1357 470 domum
1376 433 1525 470 suam
1555 403 1937 469 monasterium
1970 421 2012 478 Α
2048 415 2142 471 llic
2185 417 2308 473 fecit
2345 420 2706 474 ordinationes
2741 423 2872 478 duas
2918 439 3013 494 per
3053 442 3290 481 mensem
3337 427 3565 498 Decemb
3594 473 3612 498 ,

354 512 504 577 fecit,
533 508 677 578 quod
709 519 761 561 et
790 507 1000 560 ditarit.
1034 518 1056 549 κ
1089 507 1188 572 Qui
1237 508 1518 560 defunctus
1566 507 1806 575 sepultus
1859 515 1941 560 est

356 605 423 657 ad
453 603 670 656 beatum
726 599 941 652 Petrum
987 598 1288 667 apostolum
1319 598 1404 651 die
1433 597 1502 650 25
1551 599 1748 653 mensis
1794 599 1939 650 maii.

357 735 558 787 debere
583 732 741 786 docet
760 730 1037 785 Vitruvius
1059 731 1150 785 lib.
1183 747 1258 796 ιιι,
1286 746 1334 785 c.
1359 731 1412 784 5.
1449 731 1517 784 At
1547 730 1772 785 latitudo
1802 746 1941 784 mar-

359 805 528 857 moris
551 801 899 871 Caryatidum
931 803 1117 855 eadem
1139 810 1220 856 est
1251 816 1314 854 ac
1346 801 1663 869 plinthidum
1693 802 1940 871 εει-ξιμο-

359 868 877 932 1ιειιειτιιιιι,⁷ριιι1ειιιι
925 871 1088 924 etiam
1134 868 1418 926 marmoris
1465 871 1691 938 Spe('IeS.
1747 868 1938 936 Egesta

363 944 541 1011 itaque
571 941 763 994 tellure
791 940 1064 1011 etplinthi
1095 949 1372 1011 emergant
1402 941 1611 1011 integri,
1647 949 1808 1011 atque
1830 949 1940 1011 sty-

361 1009 587 1074 lobatae,
633 1019 688 1063 et
737 1010 1085 1063 restituantur
1127 1009 1441 1078 Caryatides
1487 1010 1596 1062 suis
1637 1009 1937 1079 stylobatis.

362 1081 506 1135 unde
535 1080 905 1148 imperitorum
937 1093 1124 1132 manus
1153 1079 1486 1132 divelleraut.

433 1147 620 1204 Tertio
644 1147 940 1202 Pantheum
970 1148 1250 1202 simulacra
1273 1153 1515 1202 omnium
1546 1148 1769 1202 deorum
1792 1163 1942 1201 com-

360 1221 729 1291 plectebatur;
779 1219 871 1272 sed
912 1218 1124 1291 ubinam
1154 1227 1208 1291 _et
1255 1235 1364 1287 quo
1413 1219 1601 1291 ordine
1646 1218 1938 1291 e_rant_illa

363 1287 663 1358 disposita?
714 1303 886 1357 neque
929 1289 1072 1358 enim
1137 1289 1240 1342 diis
1287 1288 1537 1343 omnibus
1580 1287 1939 1358 eodemloco

362 1357 516 1415 sacra
546 1357 763 1429 ﬁebant.
803 1359 1002 1429 Sextus
1038 1357 1323 1425 Pompeius
1362 1367 1551 1429 auctor
1579 1365 1663 1411 est
1691 1357 1940 1429 antiquos

363 1431 465 1484 diis
486 1427 695 1498 superis
717 1427 769 1498 in
797 1427 1034 1498 tcdihciis
1055 1442 1084 1480 a
1112 1435 1251 1498 terra
1276 1427 1526 1498 exaltatis
1553 1442 1705 1498 sacra
1727 1427 1936 1498 fecisse,

363 1501 468 1552 diis
493 1495 832 1553 terrestribus
869 1497 922 1549 in
951 1505 1116 1562 terra,
1155 1497 1256 1550 diis
1285 1497 1634 1552 infernalibus
1663 1495 1714 1548 in
1741 1495 1937 1549 ellossa

361 1580 530 1622 terra.
564 1566 620 1620 In
667 1566 919 1619 tribunali
964 1567 1142 1634 itaque
1179 1565 1388 1635 Jupiter
1415 1568 1626 1620 excelsa
1668 1565 1796 1619 sede
1825 1575 1940 1620 erat

365 1639 596 1700 locatus,
615 1635 706 1690 alii
735 1635 805 1690 dii
827 1637 1143 1691 cmlestesin
1169 1637 1407 1690 mdiculis
1434 1637 1536 1690 illis
1554 1651 1672 1704 qua:
1701 1635 1938 1689 eminent

358 1705 610 1761 insolida
641 1713 792 1774 parte
821 1705 964 1774 muri
984 1705 1127 1759 circa
1159 1707 1340 1774 templi
1370 1706 1650 1772 ambitum,
1681 1705 1750 1758 dii
1776 1706 1826 1758 in
1858 1705 1938 1758 in-

363 1770 734 1846 tercolumniis
761 1775 868 1846 siti,
890 1773 1175 1828 infer-nales
1190 1770 1318 1830 vero
1341 1775 1607 1846 inelfossa
1638 1770 1779 1846 terra
1805 1775 1941 1846 intra
1977 1782 2016 1838 Β
2047 1770 2241 1846 contra
2278 1770 2348 1846 LI.
2377 1775 2664 1846 Antonium
2711 1787 2766 1828 et
2809 1776 3169 1846 Cleopatram.
3215 1770 3336 1844 Agri

366 1861 490 1899 eam
543 1845 949 1899 fornicationem
998 1859 1116 1912 qua!
1159 1845 1257 1898 sub
1285 1845 1536 1912 gradibus
1567 1854 1703 1900 erat.
1735 1844 1942 1899 Gradus

366 1931 530 1984 porro
565 1914 806 1984 alimioe
837 1923 1003 1979 porta-3
1044 1914 1358 1974 incipientes
1388 1916 1452 1968 ad
1501 1931 1619 1968 eam
1666 1915 1941 1977 profundi-

369 1983 537 2039 tatem
593 1983 985 2053 descendebant
1023 1999 1140 2052 qua:
1186 1985 1544 2053 supmdictam
1592 1984 1941 2037 differentiam

365 2055 577 2108 ordinis
612 2053 788 2108 Dorici
818 2061 885 2108 et
937 2052 1196 2107 Corinthii
1245 2052 1455 2120 penitus
1500 2054 1822 2106 absumeret.
1875 2053 1940 2106 Et

362 2141 495 2180 eum
525 2125 701 2178 omnis
728 2126 984 2177 diameter
1012 2123 1305 2177 latitudinis
1330 2124 1510 2188 templi
1537 2125 1606 2176 sit
1637 2123 1935 2191 palmorum

369 2193 494 2258 178,
510 2193 682 2247 diviso
711 2194 972 2247 diametro
995 2192 1046 2246 in
1067 2192 1101 2243 4
1130 2202 1328 2261 partes,
1361 2195 1664 2262 tributaque
1695 2203 1943 2262 utrmque

362 2272 561 2332 quarta
592 2272 742 2332 parte
771 2263 1021 2330 gradibus
1042 2265 1108 2315 ab
1138 2264 1392 2318 extremis
1417 2264 1482 2316 ad
1514 2261 1790 2323 intimum,
1822 2261 1942 2315 dua:

363 2343 578 2401 quarta:
608 2342 788 2400 partes
815 2333 869 2386 in
909 2334 1087 2387 medio
1132 2348 1233 2400 pro
1283 2333 1460 2402 templi
1493 2348 1616 2402 area
1647 2347 1828 2384 vacua:
1858 2347 1944 2384 re-

367 2403 680 2467 manebant,
706 2411 764 2455 ut
791 2402 884 2472 qui
923 2403 975 2472 in
1007 2402 1194 2455 intimo
1223 2403 1388 2468 gradu
1415 2401 1741 2456 constitutus
1768 2402 1940 2472 suspi-

365 2480 520 2526 ceret
579 2471 822 2534 tholum,
881 2471 1086 2526 videret
1149 2473 1391 2525 intimam
1453 2471 1940 2540 quadranguloruzn

363 2542 508 2596 tholi
570 2542 972 2596 circinationem
1039 2542 1237 2596 intima-3
1290 2542 1550 2609 graduum
1605 2540 1942 2596 circinationi

369 2611 717 2680 respondere.
742 2610 867 2664 lude
882 2609 1033 2664 facile
1050 2611 1304 2679 conjicias
1324 2617 1671 2666 architectum
1695 2611 1746 2664 in
1765 2610 1944 2665 animo

369 2680 624 2761 habuisse
653 2680 957 2760 inferiorem
994 2690 1203 2761 partem
1246 2681 1428 2761 templi
1467 2681 1860 2761 quodammodo
1893 2681 1941 2732 in

365 2750 718 2818 hemispherii
748 2748 1038 2818 superioris
1068 2749 1288 2818 figuram
1317 2748 1572 2816 formare,
1600 2759 1658 2802 ut
1691 2748 1943 2803 inferiora

369 2820 742 2890 superioribus
769 2820 1189 2888 responderent;
1218 2821 1452 2888 alioquin
1478 2819 1786 2890 pyramides
1805 2819 1937 2890 tholi

371 2890 566 2942 artifex
616 2889 983 2957 produxisset,
1031 2900 1090 2942 ut
1119 2890 1172 2944 in
1211 2889 1330 2944 aliis
1377 2889 1532 2944 tectis
1577 2889 1850 2954 rotundis,
1891 2889 1944 2942 in

370 2960 566 3026 quibus
606 2959 709 3012 ilhc
755 2959 1079 3027 colliguntur
1117 2960 1169 3013 in
1216 2959 1367 3022 flore,
1409 2960 1498 3026 qui
1531 2961 1656 3014 tecti
1679 2967 1943 3025 tanquam

375 3028 659 3081 umbilicus
686 3038 787 3082 est.
812 3027 917 3082 Sed
944 3036 1200 3096 prteterea
1224 3030 1295 3082 ita
1321 3030 1555 3083 rationes
1583 3028 1740 3096 hujus
1762 3028 1942 3096 templi

374 3097 682 3150 constituta:
723 3098 897 3160 lue-re,
945 3105 1002 3150 ut
1039 3099 1372 3153 extrinsecus
1413 3101 1464 3152 in
1511 3106 1661 3165 parte
1701 3112 1941 3152 convexa

374 3167 506 3221 tecti
531 3167 720 3237 eadem
747 3166 1006 3234 graduum
1037 3171 1342 3237 symmetria
1367 3175 1575 3223 servata
1605 3168 1704 3229 sit,
1737 3177 1794 3220 ut
1835 3183 1942 3222 non

376 3247 582 3290 tantum
630 3236 878 3289 inferiora
908 3236 1315 3305 superioribus,
1364 3253 1548 3293 verum
1603 3239 1766 3292 etiam
1795 3249 1946 3293 exte-

375 3308 521 3360 riora
545 3307 885 3362 interioribus
905 3319 1277 3375 congruerent.

449 3375 541 3430 Sic
569 3391 633 3430 ex
669 3377 865 3443 tegulis
913 3379 1042 3431 artis
1085 3377 1359 3432 divinabat
1403 3376 1544 3432 circa
1585 3375 1806 3431 Panthei
1840 3376 1948 3431 for-

378 3461 524 3501 mam
549 3445 1003 3512 ingeniosissimus
1045 3446 1261 3511 Gallus,
1295 3461 1325 3500 a
1368 3462 1476 3514 quo
1517 3447 1773 3502 abludere
1804 3447 1947 3501 haud

379 3516 592 3568 videtur
617 3516 922 3568 Ammianus
945 3515 1281 3571 Marcellinus
1313 3517 1400 3570 lib.
1429 3533 1512 3571 xvi
1539 3517 1785 3571 vocando
1810 3515 1948 3571 Pan-

383 3586 586 3655 theum_
599 3587 857 3654 regionem
893 3593 1098 3638 teretem
1139 3590 1367 3654 speciosa
1396 3586 1696 3639 celsitudine
1723 3587 1949 3655 fornica-

382 3665 512 3707 tam.
560 3653 693 3706 Rem
731 3669 889 3722 spero
915 3670 1001 3709 tne
1029 3656 1292 3710 iacturum
1324 3656 1613 3710 lectoribus
1635 3653 1946 3722 jucundam,

383 3724 428 3777 si
459 3724 529 3778 ob
576 3725 762 3778 oculos
790 3739 1022 3792 posuero
1070 3726 1282 3779 schema
1325 3740 1356 3778 a
1388 3725 1682 3779 clarissimo
1730 3735 1950 3780 auctore

381 3793 728 3863 delineation,
747 3795 902 3860 idque
931 3804 1080 3848 tanto
1110 3795 1308 3862 utilius,
1325 3803 1526 3863 quanto
1553 3794 1796 3849 laudatus
1819 3796 1950 3847 liber

383 3878 491 3916 non
517 3861 599 3915 est
625 3861 776 3916 facile
798 3864 998 3932 cuique
1027 3864 1236 3930 obvius,
1267 3861 1320 3918 et
1346 3861 1530 3932 templi
1567 3864 1854 3932 descriptio
1883 3879 1949 3917 ex

383 3933 675 3988 schematis
714 3933 904 3986 intuitu
939 3933 1239 3988 evidentius
1268 3933 1556 3988 constabit.
1589 3932 1866 3987 BALDINUS.

457 4031 522 4042 —
549 4000 602 4054 4.
633 4000 764 4055 Cum
807 4002 1107 4072 Bonifacius
1142 4003 1358 4072 videret,
1392 4002 1628 4057 Phocam
1661 4005 1950 4072 imperato-

388 4086 500 4143 rem
532 4071 1005 4143 propensoﬂanimo
1033 4087 1151 4143 esse
1181 4088 1305 4142 erga
1345 4071 1613 4143 Romanos
1649 4071 1947 4143 pontifices,

384 4142 456 4194 ab
483 4139 598 4208 ipso
627 4139 740 4194 dari
768 4141 865 4195 sibi
891 4142 1044 4210 petiit
1073 4139 1351 4195 Panthéon
1380 4141 1559 4196 nobile
1589 4139 1772 4196 Romae
1809 4140 1952 4196 delu-

388 4212 575 4273 brum,
620 4218 701 4263 tot
729 4213 1076 4281 _a_ntiquorum
1119 4213 1442 4281 scriptorum
1487 4213 1761 4279 prmconiis
1807 4212 1950 4266 cele-

387 4281 622 4344 hiatum,
665 4294 704 4351 a_
726 4279 796 4351 Μ,
827 4279 1058 4351 Agrippa
1089 4289 1172 4335 ter
1198 4279 1419 4336 consule
1448 4289 1690 4350 tempore
1729 4281 1952 4351 Augusti

385 4359 650 4413 erectum,
679 4347 902 4418 Jovique
929 4347 1138 4405 Vindici
1175 4347 1577 4414 censi-cratumi
1608 4351 1753 4419 quod
1781 4347 1952 4404 adhuc

390 4420 648 4472 intactum
685 4429 1013 4474 remanserat
1041 4435 1069 4473 a
1096 4420 1506 4474 demolientibus
1533 4423 1832 4474 dremouum
1863 4435 1952 4475 se-

2049 504 2072 540 “
2097 505 2356 565 diaconos
2376 518 2500 565 octo
2532 508 2545 546 ί
2578 511 2861 581 episcopos
2883 529 2976 582 per
3002 515 3205 571 divetSa
3237 516 3353 570 loca
3403 517 3614 586 triginta

2044 596 2300 665 quinque.

2044 729 2142 782 bus
2164 739 2552 795 consecratam,
2574 733 2914 798 postmodum
2942 734 2992 786 in
3017 735 3273 791 honorem
3304 747 3611 794 sanctorum

2043 799 2280 871 ornninm
2329 802 2397 852 ab
2427 803 2568 871 omni
2606 803 2840 856 Ecclesia
2889 804 3165 858 observari
3208 807 3524 871 decrevisse,
3558 819 3616 862 ut

2045 867 2211 943 habet
2238 867 2512 943 Iisu_ardus
2533 871 3166 943 >in_s_uoillIartyrologio.
3203 875 3335 929 Vide
3357 867 3521 930 etiam
3540 883 3612 932 di-

2042 938 2207 990 cenda
2241 939 2290 990 in
2319 937 2581 1006 Gregorio
2609 941 2700 996 IV.
2742 937 2953 996 Pactus.

2111 1005 2252 1082 --5;
2272 1007 2384 1062 lIoc
2407 1005 2660 1078 tr-mplum
2678 1011 2993 1065 idololatria:
3011 1012 3254 1066 sordibus
3268 1026 3615 1082 cxpurgatnm

2046 1091 2171 1128 vero
2223 1076 2331 1129 Deo
2382 1076 2721 1133 consecravit
2767 1085 2865 1134 sub
2913 1083 3250 1136 invocatione
3295 1076 3617 1139 beatissima:

2043 1144 2113 1221 ill.
2147 1144 2209 1199 V.
2242 1148 2564 1221 etomnium
2619 1159 2926 1203 sanctorum
2975 1163 3288 1221 martyrum.
3345 1153 3418 1206 Ea
3471 1170 3618 1208 occa-

2042 1214 2194 1268 siOue
2241 1217 2634 1271 solemnitatem
2687 1221 2914 1273 instituit
2971 1222 3022 1273 in
3074 1214 3211 1275 Urbe
3241 1222 3617 1278 celebrandam

2041 1286 2326 1360 qtmtannis
2356 1284 2616 1360 _Iialendis
2659 1288 3044 1360 Novembribus
3087 1291 3137 1343 in
3171 1292 3427 1346 honorem
3468 1293 3613 1360 ejus-

2043 1353 2162 1432 dem
2182 1354 2331 1432 B._M.
2439 1367 2494 1410 et
2509 1361 2749 1432 omnium
2767 1357 2862 1432 SS.
2890 1368 3216 1432 martyrum_;
3247 1378 3404 1432 quam
3429 1353 3616 1432 postea

2042 1422 2330 1491 Gregorius
2351 1424 2414 1478 IV
2441 1428 2699 1480 celebrari
2719 1429 2875 1490 jussit
2898 1430 2964 1482 ab
2993 1422 3134 1483 omni
3165 1422 3396 1483 Ecclesia
3426 1422 3560 1486 eode
3585 1452 3617 1486 ιι

2041 1499 2184 1566 stato
2210 1495 2294 1546 die
2311 1495 2362 1566 in
2391 1495 2647 1566 honorem
2673 1499 2768 1551 SS.
2797 1499 3058 1552 ouiuium.
3084 1499 3247 1566 (Beda
3269 1501 3355 1552 lib.
3385 1515 3438 1565 ιι,
3471 1501 3612 1554 Hist.

2042 1560 2317 1636 Heilman.
2336 1563 2628 1636 4.Martyr.
2658 1567 2807 1620 Rom.
2839 1584 2915 1621 ιιι.
2957 1567 3041 1621 Id.
3064 1560 3210 1632 Maii,
3239 1580 3288 1622 et
3318 1560 3436 1623 Kal.
3461 1570 3621 1636 Nov.)

2112 1630 2391 1701 Templum
2407 1630 2570 1707 istud'
2587 1638 2817 1690 :cdilicat
2847 1637 2914 1689 M.
2938 1630 3378 1707 Agrippa,igcner
3397 1630 3618 1707 Augusti

2043 1699 2171 1781 imp.
2222 1699 2345 1781 post
2390 1703 2660 1781 Actiacam
2706 1699 3188 1781 victoriamvhodie’
3217 1699 3372 1781 TCapo
3403 1699 3615 1781 Figulo,

3400 1796 3444 1831 ia
3498 1783 3620 1834 tItu.|

2047 1797 2232 1825 unum
2278 1797 2348 1825 tu.
2377 1797 2664 1829 nutotltutlt
2711 1797 2766 1828 Et
2809 1797 3166 1846 meopatratn.
3215 1797 3336 1844 [\ng
3400 1797 3444 1831 ta
3498 1797 3618 1834 Illu.l

2043 1840 2161 1916 {ovi
2187 1841 2385 1916 Vindici
2416 1846 2610 1899 dicavit
2642 1846 2807 1916 (Plin.
2832 1847 2921 1898 lib.
2941 1863 3097 1901 xxxvi
3122 1845 3314 1900 Natur.
3342 1797 3618 1916 i’iistmup.

2045 1909 2156 1979 15),
2189 1913 2622 1984 appellatumque
2649 1916 2745 1969 fuit
2787 1915 3094 1981 Pantheon;
3133 1933 3226 1970 seu
3253 1917 3374 1984 quia
3405 1909 3622 1972 simula-

2044 1995 2135 2052 cra
2164 1983 2400 2039 omnium
2423 1983 2641 2037 deorum
2664 1987 2750 2052 qui
2779 1985 2959 2038 Roma:
2987 1983 3298 2039 colebantur
3339 1988 3389 2040 in
3430 1991 3619 2041 eodem

2044 2050 2258 2124 fuerunt
2287 2052 2493 2124 posita;
2517 2069 2608 2106 seu
2632 2050 2756 2124 quia
2787 2071 3026 2109 convexa
3057 2055 3172 2124 ejus
3199 2065 3465 2109 struet-ira
3497 2058 3620 2110 roeli

2043 2119 2285 2196 speciem.
2320 2119 2810 2196 exhibebatfquod
2858 2133 2940 2179 cst
2971 2124 3064 2178 Dci
3087 2119 3256 2180 'scdcs
3300 2125 3443 2196 (Dio,
3478 2126 3618 2180 llist.

2051 2191 2198 2242 ltom.
2229 2187 2318 2243 lib.
2349 2191 2482 2258 Lm).

2115 2257 2256 2312 Idem
2303 2257 2578 2330 templum,
2613 2263 2821 2318 tametsi
2854 2263 3044 2318 ardore
3076 2263 3276 2332 ingenti
3307 2279 3336 2316 a
3363 2264 3623 2318 Christia-

2046 2327 2126 2380 nis
2155 2339 2346 2384 ci-tcra
2379 2327 2640 2402 idolorum
2689 2334 2884 2401 templa
2918 2343 3037 2402 post
3087 2327 3490 2387 conversionem
3525 2337 3623 2387 im-

2047 2410 2352 2466 peratorum
2380 2401 2800 2468 destruercntur,
2827 2401 3078 2456 intactum
3100 2404 3371 2466 remansit,
3393 2420 3454 2457 ex
3483 2403 3618 2469 lego,

2045 2477 2104 2539 tit
2150 2469 2402 2533 creditur,
2450 2470 2787 2538 imperatoris
2836 2471 3078 2538 Honorii,
3123 2489 3243 2539 qua:
3292 2473 3369 2526 sic
3417 2473 3619 2526 habet;

2047 2536 2195 2590 Sicut
2251 2536 2890 2610 sacri/irin_pro/tibemns,
2940 2543 3012 2593 ita
3043 2536 3271 2594 trahimus
3309 2541 3625 2610 publicorum

2045 2623 2257 2682 operum
2306 2621 2606 2682 ornamenta
2649 2613 2838 2664 servari
2879 2610 3115 2682 (legslf’)
3145 2611 3208 2664 de
3255 2611 3456 2682 Pagan.
3493 2612 3620 2666 Cod.

2049 2675 2288 2746 Theod.).
2332 2677 2501 2732 IIodie
2527 2682 2685 2734 etiam
2715 2675 2981 2747 integrum
3013 2681 3196 2734 Roma:
3225 2675 3421 2746 exst'at,
3455 2690 3509 2734 et
3536 2683 3622 2734 ili-

2044 2747 2436 2824 citu_r_ecclesia
2469 2748 2732 2824 Botunda.
2765 2753 3033 2806 SOMMIEB.
3094 2819 3104 2824 Δ
3235 2807 3242 2824 ,

2130 2817 2157 2888 tl
2171 2816 2468 2888 Pantheon.
2496 2849 2569 2860 --
2589 2820 2636 2874 I.
2671 2820 2799 2888 Qua:
2826 2825 3048 2874 str-ctim
3078 2816 3407 2882 Anastasius,
3437 2818 3624 2875 eadem

2046 2886 2303 2957 prolixius
2322 2889 2611 2957 scripserat
2629 2886 2845 2956 Paulus,
2869 2890 3018 2950 ilrid.,
3040 2906 3087 2943 c.
3111 2890 3200 2944 57.
3226 2889 3370 2942 Idem
3395 2889 3620 2957 (Phoca)

2046 2955 2149 3028 alio
2177 2973 2311 3028 papa
2341 2956 2609 3028 Boni/acia
2638 2955 2851 3028 petente,
2877 2961 3032 3028 jussit
3059 2961 3109 3011 in
3137 2961 3288 3012 reteri
3316 2955 3458 3026 fano,
3490 2955 3624 3028 quod

2050 3025 2316 3078 Pantheon
2338 3027 2604 3091 vocabant,
2637 3025 2824 3081 ablatis
2846 3025 3153 3082 idololatria:
3180 3025 3434 3090 sordibus,
3467 3025 3627 3081 eccle—

2048 3095 2178 3147 siam
2209 3093 2368 3167 beata:
2395 3111 2592 3167 semper
2613 3098 2826 3167 virginis
2856 3097 2908 3150 Μ
2916 3098 3043 3151 ariae
3061 3136 3074 3157 ,
3103 3107 3152 3150 et
3178 3099 3402 3150 onmium
3431 3108 3628 3167 marty-

2048 3179 2160 3236 rum
2189 3165 2304 3232 ﬁeri
2321 3203 2338 3231 ,
2380 3175 2435 3218 ut
2461 3166 2546 3217 ubi
2574 3165 2830 3236 quondam
2866 3169 3092 3220 omnium
3121 3184 3221 3221 non
3260 3168 3496 3230 deorum,
3537 3165 3628 3219 sed

2047 3234 2335 3288 daemonum
2387 3236 2550 3307 guttus
2587 3234 2745 3303 erat,
2795 3236 2864 3290 ibi
2918 3238 3154 3307 deinceps
3200 3238 3346 3306 ﬁeret
3383 3239 3630 3291 memoria

2047 3314 2357 3358 sanctorum.
2400 3304 2678 3360 Bsncmus.

2118 3405 2183 3414 -
2208 3373 2260 3425 ‘2.
2293 3374 2382 3428 Sie
2405 3376 2702 3429 mirandum
2730 3375 2856 3446 illud
2880 3391 3014 3445 opus
3040 3383 3120 3430 tot
3139 3375 3478 3446 antiquorum
3504 3377 3629 3431 scri-

2049 3453 2263 3512 ptorum
2312 3447 2591 3512 pneroniis
2637 3441 3005 3512 celebratum,
3075 3461 3103 3498 a
3155 3441 3336 3500 Marco
3397 3446 3630 3515 Agrippa

2052 3519 2264 3584 tertium
2296 3515 2517 3584 consule
2557 3525 2797 3584 tempore
2843 3515 3061 3582 Augusti
3108 3515 3446 3584 imperatoris
3479 3533 3630 3570 erec-

2051 3591 2184 3647 tum,
2213 3581 2437 3652 Jovique
2463 3581 2680 3637 Vindici
2697 3581 3062 3639 consecratum
3081 3581 3199 3652 post
3219 3594 3504 3640 sexcentos
3532 3585 3626 3638 tri-

2049 3652 2192 3773 ginta
2241 3651 2376 3706 duos
2419 3667 2590 3707 annos
2627 3653 2943 3707 ChriStiana:
2983 3651 3224 3721 religioni
3275 3655 3392 3708 usui
3438 3656 3623 3708 ceSsit.

2096 3736 2246 3773 istos.

2096 3736 2246 3775 INIUS.

2119 3822 2190 3833 -
2213 3791 2264 3842 5.
2303 3789 2680 3846 Sanctissimus
2707 3791 3008 3848 Bonifacius
3036 3792 3328 3847 detestatus
3357 3791 3622 3847 idolorum

2051 3860 2272 3930 cultum,
2300 3859 2484 3914 Jovem
2514 3861 2634 3915 inde
2663 3863 2899 3930 deosque
2929 3877 3115 3916 omnes
3140 3862 3376 3930 expulit,
3421 3872 3480 3914 ut
3509 3862 3626 3915 Vir-

2051 3931 2158 3999 gini
2187 3929 2381 4012 Mariaa,
2413 3932 2717 4000 sanctisque
2745 3929 2992 4012 omnibus
3016 3931 3154 4012 mdes
3176 3929 3239 4012 ea
3259 3933 3472 4012 nerito
3498 3947 3626 4012 eou-

2052 4007 2374 4069 sccraretur,
2414 4015 2532 4069 qua:
2560 4016 2702 4056 nunc
2743 4018 2772 4055 a
2816 4002 2986 4057 ferina
3030 4001 3276 4057 circulari
3321 4001 3564 4055 Rotunda
3596 4018 3626 4056 a

2055 4068 2309 4124 Romanis
2341 4068 2587 4137 ivoCatur.
2643 4069 2811 4137 Quam
2863 4073 3028 4126 aedem
3076 4070 3325 4125 donatam
3379 4069 3628 4125 Ecclesia;

2052 4139 2247 4194 Christi
2279 4154 2308 4191 a
2339 4136 2514 4209 Phoca
2545 4136 2800 4207 Augusto,
2827 4141 2968 4195 Beda
2999 4141 3175 4209 gravis
3196 4148 3404 4204 auctor,
3430 4155 3494 4194 ac
3515 4139 3628 4209 fere

2054 4210 2195 4263 illius
2221 4208 2394 4262 anatis
2427 4211 2700 4263 memorite
2728 4208 3030 4275 mandavit;
3070 4217 3274 4278 etpost
3302 4223 3422 4263 eum
3469 4208 3627 4278 Vala-

2055 4278 2219 4332 fridus
2250 4279 2303 4332 in
2335 4278 2472 4332 libro
2501 4278 2568 4333 de
2597 4278 2831 4334 Exordio
2860 4290 2914 4334 et
2940 4277 3288 4334 Incrementis
3319 4293 3497 4332 rerum
3527 4277 3630 4332 Ec-

2055 4348 2356 4413 clcsiarum,
2389 4347 2602 4416 aliique.
2626 4348 2744 4402 Fuit
2763 4349 3062 4404 d-dicatum
3085 4348 3191 4402 hoc
3212 4347 3626 4403 illustrissimum

2057 4417 2308 4486 templum
2339 4431 2369 4470 a
2400 4415 2672 4486 Bionifacio
2703 4417 2786 4482 IV,
2817 4434 2957 4472 anno
2988 4416 3113 4484 610,
3142 4417 3228 4470 die
3256 4417 3321 4469 15
3343 4417 3486 4471 maii.
3511 4418 3628 4484 Qua

389 4489 484 4542 des
510 4487 770 4571 Romanis
802 4488 1138 4571 Ghristianis.
1180 4490 1574 4571 Cumqueillud
1599 4491 1952 4571 obtinuisset,
1991 4514 2035 4571 ι)
2061 4485 2245 4571 eadem
2276 4487 2363 4541 die
2389 4485 2462 4571 287
2486 4488 2727 4571 curribus
2754 4489 2959 4541 onustis
2987 4487 3137 4571 fuere
3166 4487 3421 4566 translata
3461 4490 3630 4571 multa

389 4566 741 4627 expurgatum
771 4558 837 4612 ab
863 4560 1094 4627 antiqua:
1119 4560 1366 4614 sordibus
1394 4560 1728 4623 idololatriae,
1771 4559 1822 4612 in
1855 4560 1954 4612 Ιιο-

391 4642 577 4682 norem
608 4627 702 4681 Dei
732 4628 1004 4697 genitricis
1031 4628 1233 4697 Marizn,
1289 4637 1343 4682 et
1372 4632 1607 4683 omnium
1649 4637 1956 4683 sanctorum

391 4642 577 4682 norem
608 4640 702 4681 uel
767 4640 1004 4684 emtncts
1031 4640 1233 4697 Mante,
1289 4640 1343 4682 et
1372 4645 1607 4683 omnium
1649 4640 1956 4683 sanctorum

391 4706 685 4767 martyrum
729 4640 985 4821 {alterum
1025 4699 1372 4767 plurimorttm
1403 4699 1638 4767 reliquize
1666 4713 1730 4752 ex
1760 4712 1958 4752 cmmeo

393 4768 539 4821 teriis
567 4776 720 4821 extra
797 4769 944 4820 rbem
976 4770 1161 4821 positis
1187 4783 1251 4821 eo
1281 4769 1548 4821 translata:
1577 4770 1730 4821 suntl
1764 4783 1952 4821 coarse-

393 4768 539 4821 teriis
567 4776 720 4822 extra
753 4768 944 4821 Urbem
976 4770 1161 4835 positis
1187 4783 1251 4822 eo
1281 4769 1548 4823 translata:
1577 4770 1730 4836 sunt)
1764 4783 1952 4822 coarse-

388 4837 580 4890 cravit.
613 4837 734 4892 Ilaec
772 4847 989 4893 narrant
1026 4838 1340 4892 Anastasius
1366 4847 1421 4892 et
1462 4837 1599 4892 Beda
1631 4839 1720 4891 lib.
1755 4854 1788 4892 ιι
1822 4836 1955 4892 Hist.

393 4903 625 4977 Eccles.,
658 4921 775 4977 cap.
803 4905 854 4959 4.
885 4906 1010 4977 Hinc
1025 4908 1261 4977 ecclesia
1295 4909 1584 4962 etiamnum
1630 4907 1816 4977 Romae
1841 4907 1960 4960 visi-

393 4983 499 5030 tur.
548 4975 848 5044 diciturque
893 4978 953 5030 S.
986 4976 1157 5030 Maria
1191 4975 1448 5040 Rotunda,
1490 4977 1558 5031 ob
1602 4976 1809 5031 aedilicii
1855 4977 1962 5028 for-

397 5059 558 5127 mam.
611 5041 1026 5127 Ejus-iiediratio
1055 5047 1420 5127 inscripta__est
1446 5045 1834 5127 Martyrologio
1856 5046 1963 5127 Ito-

395 5125 552 5186 mano
601 5113 666 5186 ad
720 5113 867 5186 dicm:
910 5130 997 5168 xm
1050 5113 1246 5186 mensis
1299 5116 1455 5180 Maii,
1513 5113 1599 5186 ubi
1663 5115 1963 5186 appellatur

397 5179 663 5254 Dedicatio
692 5184 918 5237 ecclesia
965 5194 1154 5238 sancta:
1183 5185 1368 5238 Maria:
1402 5179 1470 5238 ad
1523 5179 1798 5254 Martyres.
1833 5183 1960 5238 Eam

397 5253 784 5304 dedicationem
829 5254 1138 5320 Sigebertus
1193 5255 1243 5307 in
1291 5255 1557 5310 Chronico
1598 5253 1780 5320 alligat
1821 5269 1962 5306 anno

397 5321 567 5391 primo
606 5320 882 5386 Bonifacii,
928 5339 1088 5391 quam
1128 5325 1224 5391 ait,
1268 5325 1321 5378 in
1366 5325 1616 5377 It'alendis
1660 5320 1963 5377 Novembris

398 5390 465 5442 ibi
512 5391 802 5445 instituisse
827 5390 1214 5463 solemnitatem
1245 5396 1468 5448 omnium
1499 5405 1808 5463 martyrum,
1853 5409 1966 5462 qna:

397 5468 572 5534 postea
587 5471 842 5534 crescente
869 5463 1114 5534 religione
1162 5461 1455 5518 Christiana
1500 5461 1709 5534 decreta
1732 5470 1837 5534 est_
1854 5461 1967 5530 fieri

397 5529 449 5579 in
481 5531 671 5584 [tenore
695 5532 919 5585 omnium
947 5529 1260 5586 sanctorum.
1289 5535 1364 5588 De
1391 5535 1492 5587 hac
1523 5532 1780 5599 legendus
1809 5532 1968 5584 Baro-

398 5599 514 5652 nius
559 5600 611 5652 in
645 5601 788 5671 notis
843 5603 907 5671 ad
950 5601 1384 5671 Martyrologium
1415 5603 1569 5656 Rom.
1605 5601 1691 5671 die
1723 5617 1812 5655 xm
1844 5602 1964 5654 Maii

319 5735 332 5742 -
398 5678 447 5718 et
481 5671 644 5737 prima
679 5669 1028 5742 Novembris;
1054 5669 1212 5738 quem
1250 5669 1428 5742 tamen
1463 5673 1616 5725 latuit
1645 5670 1964 5742 Gregorium

401 5754 588 5808 rapam
622 5741 836 5795 tertium
867 5742 1003 5795 hanc
1047 5741 1440 5796 solemnitatem
1481 5742 1680 5798 sanctis
1714 5741 1960 5809 martyri-

2059 4565 2362 4612 sanctorum
2389 4563 2680 4624 martyrum
2702 4572 2950 4624 corpora,
2980 4571 3047 4611 ex
3070 4556 3294 4611 diversis
3310 4557 3632 4611 coemeteriis

2059 4626 2204 4680 urbis
2235 4625 2438 4687 Romae,
2471 4634 2525 4678 et
2547 4624 2742 4679 ibidem
2759 4626 2913 4692 juxta
2944 4641 3091 4680 aram
3118 4627 3404 4681 maximam
3441 4641 3634 4681 recon-

2060 4697 2191 4760 dita,
2215 4695 2482 4749 sexcentis
2509 4693 2720 4765 triginta
2750 4695 2957 4750 duobus
2984 4709 3152 4765 prope
3177 4696 3328 4749 annis
3351 4707 3632 4764 postquam

2059 4766 2188 4820 illud
2217 4765 2488 4818 conditum
2517 4761 2686 4818 fuerat
2714 4766 2766 4818 in
2798 4761 3060 4819 idolorum
3082 4761 3300 4829 cultum,
3323 4761 3389 4818 ad
3417 4761 3632 4831 religio-

2061 4850 2182 4889 nem
2225 4834 2981 4902 Ghristianamtranslatum,
3024 4843 3494 4902 nuncupatumque
3534 4834 3634 4887 fuit

2064 4905 2258 4959 Sancta
2289 4902 2564 4974 Mariaad
2589 4901 2869 4974 QIartyres.
2903 4902 3000 4958 Hic
3025 4905 3139 4958 dies
3184 4901 3552 4974 festivissimus
3576 4913 3633 4956 et

2064 4973 2440 5029 celeberrimus
2468 4969 2564 5026 fuit
2593 4969 2848 5028 Romanis
2872 5017 2886 5036 ,
2929 4973 3372 5029 concurrentibus
3403 4972 3633 5039 undique

2065 5042 2296 5112 populis,
2343 5043 2413 5096 ita
2456 5050 2515 5094 ut
2561 5040 2754 5096 famem
2805 5043 3060 5097 inferrent
3108 5042 3350 5112 Romano
3389 5040 3626 5110 populo,

2066 5111 2186 5166 cum
2228 5114 2432 5181 frugum
2464 5112 2620 5181 copia
2655 5127 2721 5166 eo
2751 5121 2994 5181 tempore
3041 5111 3314 5181 angustior
3356 5117 3626 5181 exrsteret.

2066 5181 2240 5246 Quare
2277 5178 2565 5248 Gregorius
2582 5180 2671 5250 iIV
2721 5178 2994 5236 Romanus
3042 5178 3277 5250 pontifex
3309 5178 3630 5231 transferen-

2065 5267 2187 5304 uum
2218 5252 2423 5306 censuit
2469 5252 2534 5302 ad
2581 5249 2844 5306 Kalendas
2884 5249 3218 5315 Novembris,
3248 5263 3355 5318 quo
3396 5257 3634 5315 tempore

2069 5335 2278 5395 annona
2304 5321 2572 5395 copiosior
2600 5335 2718 5395 esse
2746 5323 2900 5395 solet.
2931 5320 3228 5395 CIACONIUS.
3334 5384 3346 5395 ο
3420 5384 3431 5394 ⁹
3510 5383 3522 5395 .

2137 5388 2288 5466 -14.
2328 5384 2389 5466 Ai
2410 5388 2480 5442 Μ.
2518 5391 2751 5466 Agrippa
2795 5391 3014 5466 Augusti
3062 5401 3286 5466 genere,
3325 5384 3522 5466 insigni
3564 5384 3634 5441 ob

2072 5461 2310 5534 navalem
2343 5460 2619 5534 victoriam
2650 5457 2834 5534 contra
2862 5457 3081 5516 Sextum
3121 5457 3631 5534 Pompeium,_tem-_

2108 5533 2210 5583 lum
2259 5529 2358 5584 hoc
2401 5528 2585 5584 solidae
2622 5532 2778 5584 molis
2815 5541 3078 5586 structura
3126 5525 3242 5580 Jovi
3275 5524 3510 5590 Vindici,
3553 5527 3632 5580 vel

2069 5596 2219 5652 Marti
2251 5596 2552 5667 Venerique
2593 5602 2938 5661 a3dilicatum,
2982 5599 3199 5650 deorum
3234 5597 3471 5648 omnium
3506 5597 3634 5648 ima-

2066 5669 2274 5740 ginilrus
2305 5668 2355 5740 in
2394 5683 2460 5740 ρο
2492 5669 2676 5736 positis
2710 5670 2769 5722 τὸ
2806 5675 2904 5721 τῶν
2931 5671 3058 5740 ﬁeri)?
3101 5668 3256 5740 nomo-1
3298 5667 3636 5740 iipovupolttil.

2069 5735 2347 5806 appellari.
2395 5735 2451 5790 In
2492 5735 2636 5790 tanta
2684 5751 2810 5792 vero
2864 5735 3171 5791 celebritate
3218 5735 3634 5793 boc'wdilicium
