4032 6186
375 343 480 401 1'05

373 533 813 588 enmneraretur,
860 523 931 578 ad
956 521 1114 591 quod
1144 523 1450 592 posteritati
1496 521 1834 578 servandum
1851 521 1956 575 Ro-

373 600 514 653 mani
544 596 784 650 Caesares
802 594 988 647 sedulo
1016 594 1324 649 incubuere.
1356 592 1490 647 Illud
1510 593 1651 648 enim
1683 598 1956 648 vetustate

373 667 646 721 collabens
673 664 937 718 Adrianus
963 664 1217 729 restituit,
1254 671 1315 717 ut
1340 662 1658 732 Spartianus
1691 663 1868 732 capite
1888 657 1955 713 l9

373 744 619 798 testatur,
651 735 897 802 idemque
926 733 1308 794 instaurarunt,
1336 731 1450 786 tum
1476 731 1779 788 Antoninus
1806 731 1953 795 Pius,

374 815 432 859 ut
454 804 639 859 scribit
666 801 899 873 Capitol.
931 804 1115 873 capite
1133 801 1185 873 8.
1221 811 1331 856 tum
1359 801 1653 871 Septimius
1680 804 1915 859 Severus
1935 836 1952 864 ,

373 884 432 928 ut
463 883 649 930 monet
677 872 954 943 inscriptio
983 872 1123 942 apud
1151 872 1438 927 Gruterum
1471 889 1522 940 p.
1560 873 1608 939 Ι,
1637 889 1690 927 n.
1727 878 1774 928 l.

510 964 653 1019 LMP.
694 964 868 1019 CACS.
912 963 970 1017 L.
1014 961 1373 1018 SEPTIMIUS
1411 962 1812 1019 SEVEllUS....

374 1033 463 1088 ΕΤ
496 1034 629 1087 IMP.
653 1034 827 1089 CASS.
862 1034 931 1087 M.
956 1032 1296 1087 AURELIUS
1326 1032 1711 1088 ANTONINUS
1738 1034 1956 1093 PIUS...

517 1103 892 1158 I’AN'I‘IIEUM
932 1103 1338 1157 VE'I‘USTATE
1374 1103 1801 1160 C(lRl'lUl’TUM

562 1174 705 1229 CUM
746 1174 910 1227 ΟΜΝΙ
949 1172 1175 1228 CULTU
1221 1172 1768 1229 RESTITUERUNT.

372 1263 573 1319 Verum
626 1264 795 1319 multo
825 1264 1087 1318 celebrius
1137 1264 1239 1318 hoc
1289 1264 1546 1332 templum
1576 1267 1785 1328 evasit,
1837 1282 1959 1322 cum

375 1335 519 1387 omni
572 1333 838 1388 idolorum
869 1334 1252 1398 superstitione
1296 1334 1503 1388 sublata
1530 1376 1544 1399 ,
1596 1333 1648 1388 in
1695 1335 1957 1392 honorem

369 1413 569 1460 sanctze
598 1403 775 1457 Maria:
798 1403 865 1456 ad
896 1403 1157 1473 Martyres
1186 1403 1278 1457 uni
1303 1418 1541 1472 veroque
1565 1403 1674 1459 Deo
1704 1404 1803 1458 l'uit
1826 1423 1959 1461 con-

371 1486 659 1529 secratum.
686 1473 927 1528 Solemni
957 1472 1155 1527 etenim
1188 1474 1291 1528 ritu
1323 1472 1379 1527 Β.
1408 1473 1711 1529 Bonifacius
1738 1475 1801 1529 IV
1832 1477 1960 1532 illud

373 1544 639 1612 purgavit,
667 1544 961 1612 ditavitque
981 1557 1045 1597 ex
1078 1545 1400 1598 cmmeteriis
1429 1553 1582 1598 extra
1609 1543 1805 1599 Urbem
1838 1562 1960 1601 san-

370 1621 579 1685 ctorum
596 1621 895 1685 martyrum
925 1613 1163 1685 lipsanis,
1195 1613 1463 1682 cessitque
1487 1616 1717 1685 inqusum
1744 1616 1965 1685 religio-

371 1684 457 1737 nis
479 1682 834 1738 Christianae:
867 1682 1007 1737 unde
1039 1684 1254 1738 exclusa
1297 1683 1635 1738 multitudine
1658 1682 1959 1741 dtemonum

373 1752 663 1823 multitudo
710 1754 779 1807 ibi
809 1763 1118 1808 sanctorum
1159 1754 1473 1823 memoriam
1513 1753 1680 1822 coepit
1723 1755 1957 1823 habere,

372 1833 435 1877 ut
462 1822 535 1876 ait
565 1831 750 1892 noster
777 1825 880 1877 hoc
905 1823 1044 1889 loco,
1087 1832 1141 1877 et
1170 1820 1364 1877 Paulus
1395 1818 1662 1881 Diaconos
1699 1824 1838 1880 libro
1867 1818 1958 1892 tv,
1996 1818 2040 1876 Β

372 1893 551 1962 capite
578 1892 664 1957 57,
698 1891 963 1963 Vaticano
980 1892 1262 1963 epitaphio
1295 1892 1658 1951 vetustissimo
1688 1893 1834 1950 idem
1862 1891 1964 1953 ex-

373 1963 641 2034 primcnte
664 1963 803 2032 apud
828 1962 1082 2017 Manlium
1109 1981 1121 2016 :

500 2053 738 2119 gregario
760 2055 968 2119 Quartus
984 2056 1115 2117 jacet
1136 2054 1213 2105 hic
1232 2054 1506 2106 Bonifacius
1522 2057 1696 2119 almus,

496 2114 652 2181 ynjus
670 2120 749 2177 qui
768 2118 900 2181 sedis
924 2114 1012 2166 fuit
1034 2131 1205 2179 aequus
1224 2125 1387 2168 rector
1410 2126 1462 2181 et
1484 2120 1629 2181 mdis;

494 2175 737 2245 Iampore
762 2179 843 2238 qui
870 2175 1275 2245 Plnicze‘cernens
1297 2179 1532 2245 templum
1557 2175 1663 2245 fore
1682 2180 1868 2245 Roma,

496 2236 713 2305 Qelubra
735 2236 1017 2305 cunctorum
1041 2238 1236 2305 fuerant
1256 2253 1366 2305 quae
1388 2236 1767 2305 (lautumiarum,

499 2297 602 2348 Hoc
625 2310 686 2347 ex
694 2300 935 2362 purgavit,
958 2302 1139 2350 sanctis
1161 2297 1445 2365 cunctisque
1467 2304 1662 2413 dicivit.

1584 2382 1662 2413 ΛΠ

1584 2377 1773 2415 Am.

454 2450 481 2480 ⁸
508 2442 722 2498 Sancta:
747 2441 958 2509 Mariae,
986 2452 1092 2500 etc.
1122 2442 1258 2501 Cod.
1295 2445 1536 2503 Vallicel.
1570 2464 1584 2500 :
1633 2447 1810 2505 Beata:
1837 2447 1960 2504 Mo-

375 2512 542 2587 riat...
565 2522 615 2566 et
632 2516 860 2567 omnium
882 2524 1186 2587 martyrum,
1216 2524 1265 2569 et
1288 2517 1532 2587 reliquias
1559 2518 1613 2572 in
1641 2535 1704 2572 ea
1731 2520 1956 2575 colloca-

373 2584 462 2704 git.
521 2581 581 2635 In
635 2600 735 2653 qua
787 2581 1293 2658 ecclesia'princeps
1349 2581 1511 2640 multa
1566 2588 1706 2643 dona
1749 2589 1951 2645 obtulit.

421 2667 609 2704 meu.

421 2667 609 2707 ωκειί.

1576 333 1635 391 S.
1677 333 2010 392 BONIFACII
2049 333 2251 390 ΡΑΡᾸΞ
2291 333 2358 390 ιν

374 459 614 514 habitum
668 462 782 519 est,
830 461 890 509 ut
914 453 1054 524 inter
1097 451 1537 524 prmstantissima
1583 450 1742 524 Urbis
1784 463 1951 524 opera
1980 455 2029 511 A
2134 446 2154 486 τ
2185 446 2373 524 ριιιῑζᾳΔ
2407 449 2564 524 dona,
2610 457 2715 505 etc.
2763 449 2900 506 Cod.
2943 448 3165 524 Fames.
3216 465 3230 500 :

3534 338 3637 393 ιοι

2134 447 2154 486 ί
2185 447 2358 502 Multa
2407 449 2564 515 dona,
2610 457 2715 505 etc.
2763 449 2900 506 Cod.
2943 448 3165 504 Fames.
3216 465 3230 500 :
3286 447 3459 504 Multa
3501 450 3640 507 dona

2055 519 2260 617 satis
2301 518 3641 617 sua:renuitﬁ'iznuemm3

2055 586 2274 643 dolebit.
2309 586 2422 653 Quo
2446 591 2706 661 defuncto,
2731 596 2958 662 sepultus
2987 599 3063 643 est
3089 590 3160 643 ad
3194 586 3637 648 V'eatum't'ctrunt

2057 661 2485 740 Apostolumtdie
2506 677 2537 715 v
2562 660 2915 740 men._iftqlii.
3098 670 3203 714 etc.
3228 658 3470 740 litamen.

2129 738 2156 777 8
2181 726 2282 802 Qui
2303 729 2683 802 defunctus.—
2708 731 2758 784 Ι.
2786 730 2922 802 de.
2948 731 3136 802 \‘allic.
3164 748 3176 782 τ
3221 726 3334 792 Quo
3357 731 3598 802 defuncto
3620 773 3641 802 ,

2052 799 2283 873 sepultus
2312 811 2390 873 est
2437 801 2506 853 ad
2543 800 2759 854 Beatum
2808 800 3021 857 Petrum
3066 800 3387 869 Apostolum.
3421 799 3526 855 Hic
3563 799 3643 873 [οὲ

2057 872 2148 935 cit,
2176 878 2283 924 etc.
2317 869 2553 926 Buncn.
2700 882 2701 885 ‘

2126 928 2269 993 f—Z.
2307 939 2441 1010 Cum
2476 942 2626 1007 juxta
2672 939 3009 995 Anastasium
3035 979 3051 1004 ,
3081 938 3413 1004 0rdericum,
3457 941 3548 996 lib.
3579 958 3641 1010 ιι,
3716 996 3733 1001 _
3778 928 3785 935 ’

2065 1009 2367 1075 Almonem,
2403 1008 2763 1065 llermannum
2804 1010 3148 1066 Conttactum
3179 1012 3229 1063 in
3257 1011 3543 1075 Chronico,
3587 1008 3644 1067 et

2060 1083 2242 1148 plures
2267 1081 2542 1149 catalong
2568 1079 2870 1135 Bonifacius
2892 1079 3095 1135 sederit
3122 1098 3288 1134 annos
3328 1098 3419 1135 sea:
3436 1122 3452 1146 ,
3499 1100 3643 1138 men-

2059 1166 2141 1203 ses
2169 1158 2304 1220 octo,
2333 1149 2441 1203 dies
2474 1151 2743 1216 tredecim,
2788 1154 2855 1205 ad
2886 1149 3055 1206 Deum
3087 1151 3332 1219 migravit
3361 1151 3449 1205 die
3471 1155 3641 1220 septi-

2060 1235 2145 1291 t_na
2192 1218 2317 1291 Maii
2363 1220 2489 1291 anni
2533 1220 2729 1275 Christi
2778 1221 3155 1291 sexcentesimi
3209 1221 3398 1277 decimi
3447 1218 3640 1291 quinti.

2060 1289 2322 1345 Baronius
2359 1290 2522 1343 refert
2546 1306 2613 1344 ex
2653 1293 3014 1345 monumentis
3044 1290 3311 1344 Vaticanum
3353 1289 3583 1347 liasilca:
3610 1310 3643 1347 a

2061 1359 2260 1413 Manlio
2285 1359 2523 1415 collectis
2549 1375 2666 1427 ejus
2703 1361 2952 1429 sepulcro
2992 1361 3306 1430 inscriptum
3330 1362 3447 1428 ejus
3469 1367 3644 1430 epita-

2063 1430 2267 1502 phium.
2317 1430 2370 1484 in
2400 1430 2552 1497 cujus
2581 1432 2686 1502 line
2717 1432 2913 1499 legitur
2941 1447 2954 1483 :
2987 1429 3090 1483 llic
3130 1432 3395 1499 requiescit
3426 1429 3644 1502 Bonifa-

2061 1500 2171 1553 cius
2193 1500 2392 1569 junior,
2424 1502 2508 1566 qui
2537 1499 2668 1554 sedit
2693 1517 2857 1554 annos
2885 1517 2996 1563 sex,
3029 1516 3227 1553 menses
3257 1517 3366 1561 vui,
3397 1503 3505 1554 dies
3534 1499 3640 1569 xu;

2062 1569 2323 1640 depositus
2351 1578 2427 1623 est
2458 1586 2546 1624 Vill
2581 1569 2707 1624 ldus
2733 1570 2887 1631 Maii,
2921 1572 3207 1640 imperante
3236 1572 3443 1625 domino
3466 1570 3644 1625 Hera-

2062 1639 2180 1704 clio,
2211 1656 2348 1695 anno
2375 1640 2487 1710 ejus
2515 1644 2567 1705 5,
2617 1641 2707 1694 ubi
2759 1651 2961 1694 tantum
2997 1639 3125 1710 dies
3166 1640 3450 1696 duodecim
3480 1658 3644 1710 supra

2065 1723 2281 1764 menses
2322 1720 2446 1764 octo
2474 1718 2864 1776 numerantur,
2906 1710 3030 1780 quia
3055 1709 3184 1780 dies
3220 1719 3448 1780 sept-ma
3492 1709 3642 1779 Matii,

2065 1794 2183 1847 qua:
2204 1787 2286 1834 est
2309 1780 2621 1834 emortuaiis
2645 1818 2662 1843 ,
2691 1778 3013 1834 excluditur.
3054 1778 3127 1848 Es
3153 1778 3347 1848 quibus
3375 1791 3430 1835 et
3456 1778 3648 1836 conse-

2065 1863 2236 1917 quens
2263 1857 2346 1904 est
2373 1849 2488 1918 ejus
2516 1850 2910 1905 ordinationem
2945 1851 3050 1904 diei
3077 1847 3148 1902 25
3174 1847 3398 1919 Augusti
3426 1866 3455 1904 a
3489 1853 3647 1906 nobis

2063 1929 2225 1991 recte
2241 1918 2456 1991 atlixam
2474 1920 2649 1991 fuisse
2673 1960 2699 1991 ,Α
2717 1929 2773 1974 et
2802 1918 3139 1991 vacationem
3168 1921 3313 1991 sedis
3351 1929 3474 1991 post
3503 1937 3647 1975 mor-

2062 1996 2176 2061 tem
2196 1987 2448 2044 Bonifacii
2472 1988 2560 2057 Ill,
2586 1991 2643 2061 in
2674 1989 3126 2061 Anastasio__male
3152 1987 3474 2061 descriptam
3504 2006 3643 2047 esse.

2064 2057 2273 2129 Colitur
2319 2068 2538 2115 sanctus
2583 2059 2888 2115 Bonifacius
2931 2058 2997 2112 ιν
3027 2060 3114 2114 die
3158 2057 3230 2112 25
3267 2057 3413 2129 Haii,
3455 2076 3566 2129 quo
3592 2070 3651 2116 et

2060 2126 2467 2252 gapeorochius
2490 2130 2546 2184 in
2577 2129 2730 2186 Actis
2754 2136 3063 2185 sanctorum
3090 2129 3267 2185 Vitam
3297 2126 3416 2200 ejus
3459 2126 3643 2186 refert.

2106 2213 2276 2252 AGIUS.

2106 2213 2276 2253 AGIUS.

2134 2266 2161 2304 ιι
2183 2267 2446 2324 Diaconos
2466 2278 2600 2336 octo,
2631 2278 2738 2326 etc.
2759 2269 2891 2325 Cod.
2921 2269 3161 2325 Vallicel.
3188 2287 3203 2322 :
3247 2267 3508 2324 Diaconos
3535 2284 3644 2335 rm,

2060 2338 2326 2407 episcopos
2350 2356 2442 2408 per
2470 2340 2670 2394 diuersa
2701 2340 3035 2411 locaixxxw,
3068 2350 3120 2394 et
3137 2342 3351 2394 cessavit
3377 2342 3645 2411 episcopa-

2061 2416 2140 2462 tus
2161 2424 2357 2463 menses
2387 2425 2476 2475 vtt,
2503 2410 2612 2464 dies
2641 2425 2766 2465 xxv.
2809 2410 3046 2465 BLANCH.

2119 2475 2155 2543 ,ί
2189 2476 2497 2550 Episcopos,
2529 2488 2635 2535 etc.
2676 2479 2812 2535 Cod.
2849 2480 3071 2537 Farnes.
3105 2498 3121 2533 :
3153 2478 3438 2550 Episcopus
3458 2479 3648 2549 perdi-

2059 2562 2206 2670 téersa
2229 2552 2345 2602 loca
2361 2565 2526 2617 xxxv,
2546 2560 2598 2604 et
2625 2553 2840 2606 cessavit
2862 2553 3185 2622 episcopatus
3205 2565 3344 2605 men.
3375 2567 3449 2616 xi,
3466 2552 3577 2603 dies
3590 2564 3646 2604 v.

2103 2631 2296 2670 mea.

2103 2631 2296 2674 LANCH.

385 2779 2761 2806 ,Μ

967 2871 1692 2991 BONIFACII
1735 2878 1960 2992 PAI

2069 2880 2134 2994 E
2193 2881 2352 2999 1v
2398 2792 3036 2999 satur-ﬁ:

1395 3072 1574 3137 (“ausi
1607 3069 1755 3125 Cone.
1787 3072 1908 3124 Nov.
1942 3072 2151 3157 collect.
2181 3082 2223 3128 t.
2254 3073 2326 3139 X,
2359 3076 2453 3130 col.
2487 3077 2636 3140 503.)

445 3171 810 3229 CONCILIUM
849 3171 1190 3265 ROMANUM
1232 3172 1364 3229 SUB
1400 3172 1761 3231 BONIFACIO
1796 3174 1887 3231 IV.
1986 3175 2033 3238 C
2063 3177 2242 3245 tertia,
2273 3179 2431 3235 tertia
2459 3179 2548 3236 die
2572 3178 2935 3237 Kalendarum
2964 3180 3301 3253 Martiarum,
3332 3194 3393 3242 ut
3420 3202 3650 3265 qua:an

448 3265 513 3321 In
555 3281 713 3319 causa
755 3265 1059 3336 Anglicauae
1101 3264 1351 3321 Ecclesia:
1379 3267 1689 3329 celebratum
1738 3266 1954 3331 Romae.

378 3373 516 3410 anno
542 3355 576 3410 8
618 3354 865 3409 Pltocatis
893 3356 1243 3426 imperatoris,
1289 3357 1571 3412 indictione
1596 3358 1683 3423 l5,
1728 3365 1777 3412 et
1805 3360 1957 3413 tertia

375 3447 459 3503 die
485 3444 840 3502 Kalendarum
884 3444 1197 3500 Martiarum
1219 3487 1236 3513 ,
1285 3463 1393 3501 rem
1437 3447 1706 3517 Anglicum
1745 3464 1957 3518 promo-

375 3548 541 3608 vente,
581 3546 631 3593 et
657 3540 709 3593 in
751 3539 929 3594 eodem
966 3539 1273 3594 conscdente
1300 3536 1504 3596 Mellito
1531 3540 1698 3611 primo
1719 3540 1956 3613 episcopo

379 3626 717 3685 Londiniensi.
1468 3636 1503 3659 ί

443 3721 568 3777 (Non
591 3723 907 3783 reperiuntur
931 3710 1091 3783 iStius,
1101 3719 1290 3772 concilii
1313 3732 1528 3771 cauom-5
1553 3720 1628 3771 vel
1646 3721 1898 3772 decretum
1914 3722 1954 3783 ',
1988 3760 1995 3765 .

376 3783 467 3833 sed
494 3782 774 3843 titulisque
794 3784 962 3832 scribit
988 3782 1051 3832 de
1073 3782 1337 3832 Laurentio
1367 3784 1730 3842 archiepiscouo
1750 3782 1959 3833 Cantua-

378 3846 485 3903 rite,
513 3842 641 3892 Beda
665 3842 735 3892 sic
760 3845 1090 3904 progreditur,
1119 3843 1203 3893 lib.
1228 3858 1280 3906 ιι,
1304 3856 1411 3906 cap.
1445 3846 1506 3905 Ι.)

449 3926 546 3981 His
570 3926 897 3995 temporibus
935 3926 1081 3979 venit
1103 3935 1128 3962 ι
1159 3925 1393 3981 Mellitus
1435 3926 1723 3981 Lundonia:
1749 3927 1959 3999 episco-

378 4032 480 4087 pus
510 4015 753 4080 Romam,
783 4015 851 4069 de
882 4008 1201 4072 necessariis
1238 4015 1491 4072 Ecclesia:
1520 4016 1808 4085 Anglorum
1830 4033 1960 4074 cau-

379 4109 454 4164 sis
494 4122 613 4163 cum
663 4102 971 4177 apostolico
999 4122 1136 4177 papa
1178 4106 1454 4162 Bonifacio
1498 4116 1837 4165 tractaturus.
1891 4109 1961 4165 Et

379 4213 509 4256 cum
547 4198 685 4254 idem
733 4212 868 4270 papa
917 4198 1397 4253 reverendissimus
1433 4206 1651 4266 cogeret
1676 4199 1959 4270 synodum

326 4274 329 4277 Ἲ
379 4290 750 4373 episcoporum
794 4289 988 4357 Italia},
1021 4288 1099 4344 'de
1126 4289 1236 4345 vita
1267 4288 1652 4345 monachorum
1681 4298 1737 4345 et
1777 4292 1959 4361 quiete

380 4382 752 4450 ordinaturus,
797 4393 851 4439 et
879 4385 992 4454 ipse
1022 4382 1254 4441 Mellitus
1292 4384 1433 4440 inter
1469 4399 1564 4440 eos
1592 4387 1790 4442 assedit
1816 4403 1958 4445 anno

381 4479 573 4526 octavo
603 4473 811 4542 imperii
840 4471 1091 4530 Phocatis
1118 4475 1396 4546 principis;
1429 4474 1720 4532 indictione
1748 4475 1957 4534 decima

453 4594 477 4621 ε
511 4584 671 4638 Extra
719 4586 911 4639 minoia
959 4585 1182 4641 Londini
1225 4586 1454 4642 civitatis
1484 4603 1671 4642 recens
1716 4597 1832 4643 erat
1861 4604 1955 4645 ex-

381 4662 642 4725 Structutn
670 4656 1074 4720 monasterium,
1103 4672 1202 4724 pro
1233 4657 1383 4725 cujus
1408 4658 1635 4725 regulari
1659 4660 1951 4714 observan—

382 4725 456 4778 tia
486 4724 715 4779 Mellitus
757 4725 1042 4794 plurimum
1070 4726 1331 4791 sollicitus
1360 4724 1582 4780 Romam
1619 4744 1678 4782 se
1707 4730 1952 4783 cctntule-

383 4803 501 4858 rat,
551 4802 609 4865 ut
651 4793 786 4864 pote.
803 4793 946 4865 quod
993 4794 1118 4847 illud
1162 4795 1331 4862 ipsum
1378 4796 1490 4850 fore
1517 4798 1698 4865 sciret,
1746 4799 1791 4852 si
1820 4800 1956 4853 bene

382 4863 759 4936 custodiretur,
806 4863 1039 4936 amplum
1075 4864 1431 4936 seminarium
1456 4907 1472 4930 ,
1500 4881 1587 4936 ex
1631 4863 1955 4936 quoiomncs

384 4932 636 4987 Ecclesia:
658 4947 777 5001 qum
798 4932 948 4987 erant
978 4933 1029 4987 in
1059 4933 1245 5001 Anglia
1274 4933 1372 4988 sibi
1400 4932 1664 4990 antistites
1689 4935 1956 4993 adscisce-

383 5011 523 5073 rent.
557 5001 649 5056 His
667 5002 953 5057 accedebat
977 5003 1079 5057 alia
1108 5017 1291 5069 causa,
1323 5018 1443 5073 qua:
1476 5012 1533 5073 et
1575 5005 1852 5073 potissima
1882 5007 1954 5061 vi-

382 5072 497 5144 deri
527 5080 758 5144 poterat,
790 5088 855 5144 an
898 5073 1147 5144 nimirum
1186 5072 1420 5144 rataisit
1438 5072 1678 5144 habenda
1713 5076 1953 5130 ecclesia:

385 5139 568 5198 Sancti
603 5139 744 5198 Petri
773 5142 1010 5211 ejusdem
1042 5143 1350 5197 monasterii
1393 5142 1664 5197 dedicatio
1701 5144 1954 5201 divinitus

386 5213 547 5276 facta,
596 5211 662 5266 de
691 5227 794 5282 qua
839 5211 989 5281 plura
1022 5211 1176 5282 valde
1220 5211 1459 5266 miranda
1507 5212 1673 5268 refert
1703 5211 1955 5268 Ealredus

384 5283 574 5353 abbas,
614 5281 846 5351 scriptor
884 5281 1226 5353 gravissimus
1273 5282 1325 5335 in
1360 5283 1465 5353 vita
1510 5283 1677 5337 sancti
1725 5281 1957 5339 Eduardi

383 5352 524 5421 regis
551 5352 872 5420 Anglorum,
919 5350 1308 5421 apudSurium
1347 5351 1433 5406 die
1475 5354 1657 5421 quinta
1696 5354 1954 5410 Januarii.

385 5418 517 5475 Vide
548 5418 833 5477 Bai-ouium
861 5418 1002 5476 anno
1030 5418 1134 5473 610
1164 5436 1388 5475 numero
1418 5418 1509 5475 1οξ
1546 5421 1743 5479 Βιαιυε.

457 5489 483 5528 ι)
524 5491 653 5546 Illud
699 5492 837 5547 idem
883 5491 1155 5546 decretum
1201 5491 1457 5560 synodale
1503 5507 1534 5546 a
1575 5492 1849 5550 Bonifacio
1895 5494 1960 5549 IV

385 5571 519 5630 papa
549 5564 938 5630 promulgatum
970 5561 1020 5615 in
1050 5560 1276 5615 concilio
1304 5560 1548 5616 Romano
1577 5579 1718 5618 anno
1746 5564 1849 5618 6l0
1879 5566 1967 5621 hic

385 5625 733 5705 describimus
746 5625 828 5705 ex
853 5632 1018 5705 veteri
1048 5629 1318 5705 codiccS.
1340 5630 1724 5705 Symphoriani
1764 5634 1966 5705 Meten-

388 5697 461 5750 sis
501 5697 591 5765 qui
636 5700 811 5755 modo
839 5702 1030 5756 visitur
1073 5701 1127 5757 in
1174 5697 1506 5758 Bibliotheca
1553 5718 1605 5756 v.
1653 5718 1703 5759 c.
1744 5701 1962 5773 {Claudii

2060 3276 2217 3324 erant
2237 3270 2554 3338 regulariter
2573 3271 2787 3327 decreta
2814 3287 2908 3328 sua
2936 3287 3152 3345 quoque
3177 3279 3502 3338 auctoritate
3526 3285 3653 3339 sub-

2058 3364 2298 3420 scribens
2317 3364 2682 3432 conlirmarct,
2698 3382 2764 3423 ac
2780 3367 2836 3422 in
2859 3367 3187 3426 Britanniam
3208 3372 3441 3441 rediens,
3462 3391 3650 3434 secum

2059 3456 2351 3526 Anglorum
2393 3457 2641 3512 Ecclesim
2686 3458 2941 3513 mandata
2979 3466 3143 3530 atque
3186 3461 3522 3520 observanda
3548 3464 3652 3522 de-

2058 3546 2257 3615 ferret,
2308 3567 2413 3607 una
2453 3566 2574 3608 cum
2623 3554 2865 3625 epistolis
2892 3570 3026 3626 quas
3055 3556 3195 3611 idem
3242 3557 3490 3626 pontifex
3532 3559 3651 3616 Deo

2058 3643 2258 3702 dilecto
2285 3644 2694 3716 archiepiscopo
2721 3645 3043 3713 Laurentio,
3083 3654 3140 3702 et
3175 3647 3323 3704 clero
3351 3650 3606 3707 universe
3630 3692 3648 3715 .

2058 3737 2306 3793 similiter
2359 3746 2416 3792 et
2453 3736 2730 3794 Edilberto
2780 3738 2892 3809 regi
2936 3749 3102 3809 atque
3146 3740 3291 3809 genti
3349 3742 3651 3811 Anglorum

2059 3827 2272 3883 direxit.
2304 3825 2404 3883 Hic
2430 3838 2516 3884 est
2543 3827 2849 3887 Bonifacius
2877 3839 3098 3901 quartus
3122 3844 3154 3885 a
3197 3829 3360 3888 beato
3385 3829 3651 3903 Gregorio

2062 3918 2320 3975 Romana:
2349 3921 2494 3977 urbis
2520 3921 2798 3991 episcopo.
2829 3930 2935 3977 etc.

2490 4017 2519 4057 δ
2546 4016 2920 4072 DECRETUM
2960 4016 3230 4086 SYNODI,

2061 4109 2462 4180 Promulgatum
2505 4109 2560 4165 in
2599 4109 2830 4164 concilio
2873 4107 3119 4164 Romano
3161 4124 3238 4164 ut.
3281 4108 3400 4164 Kal.
3432 4108 3650 4167 Martias

2593 4214 2735 4254 anno
2763 4198 2960 4255 Christi
2985 4198 3131 4264 (ilo.

2133 4289 2400 4354 Quomodo
2440 4289 2593 4343 liceat
2644 4289 2910 4343 monachis
2956 4305 3073 4343 cum
3117 4290 3426 4345 sacerdotali
3476 4291 3647 4361 oﬁicio

2060 4382 2232 4436 ubiubi
2260 4382 2575 4437 ministrare.

2134 4471 2274 4528 Sunt
2316 4471 2559 4528 nonnulli
2603 4470 2723 4527 fulti
2776 4472 2921 4528 nullo
2957 4472 3206 4542 dogmate
3229 4514 3248 4543 ,
3286 4472 3652 4532 audacissime

2066 4582 2587 4655 liardyl’arisiensis
2613 4584 2878 4639 senatoris
2923 4584 3473 4648 eruditissimimuod
3520 4600 3650 4643 cum

2058 4658 2126 4709 ab
2163 4654 2513 4708 Halsteniano
2559 4655 2610 4707 in
2652 4656 2967 4722 quibusdam
2994 4655 3278 4723 plurimum
3302 4655 3516 4711 differre
3542 4658 3654 4711 ani.

2057 4724 2453 4797 madverterim,
2476 4724 2847 4797 ambigendum
2869 4723 2995 4777 mihi
3024 4740 3130 4779 non
3158 4726 3339 4794 putari
3370 4726 3495 4797 quid
3518 4726 3657 4782 illud

2053 4795 2216 4849 etiam
2245 4795 2361 4858 tibi,
2393 4793 2585 4861 lector,
2612 4792 2859 4848 ollerrem
2885 4809 2899 4845 :

2127 4863 2213 4918 Ea:
2246 4864 2475 4935 concilio
2517 4865 2682 4935 sancti
2731 4863 2987 4935 Bonifacii
3034 4880 3205 4932 papae,
3252 4866 3339 4935 qui
3374 4876 3586 4935 quartus
3612 4883 3658 4920 α

2056 4934 2202 4988 beato
2228 4932 2478 5004 Gregorio
2511 4933 2607 5004 fuit
2629 4949 2646 4987 :
2668 4934 2803 5004 quod
2830 4932 2983 4988 liceat
3013 4932 3280 4990 monachis
3307 4932 3481 4990 ubiubi
3527 4953 3667 4995 cans.

2053 5002 2361 5058 sacerdotali
2393 5002 2555 5073 ofﬁcio
2585 5002 2859 5057 celebrare.

2126 5072 2259 5145 Sunt
2286 5072 2522 5145 nonnulli
2542 5073 2974 5145 stultidogmatis
2996 5112 3013 5139 ,
3060 5075 3225 5145 magis
3255 5075 3362 5129 zelo
3389 5075 3660 5130 amaritu—

2055 5143 2192 5196 dinis
2207 5159 2359 5213 quam
2381 5142 2672 5197 dilectionis
2690 5144 3019 5213 inflammati,
3039 5142 3324 5199 asserentes
3345 5146 3663 5213 monachos,

2057 5214 2175 5281 quia
2214 5212 2406 5266 mundo
2448 5214 2639 5267 mortui
2682 5221 2820 5273 sunt,
2868 5224 2917 5267 et
2965 5212 3075 5268 Deo
3117 5215 3305 5271 vivunt.
3337 5212 3665 5272 sacerdotali

2059 5282 2222 5352 ofﬁcio
2247 5282 2506 5353 indignos.
2538 5298 2702 5353 neque
2726 5284 3072 5353 pmnitentiam
3099 5324 3112 5345 ,
3163 5295 3253 5337 aut
3281 5283 3665 5339 Christianita-

2060 5334 2180 5425 i'in,
2201 5334 2697 5425 insta/ttae";
2726 5334 2957 5425 uana"
2974 5334 3124 5419 ita;
3168 5334 3666 5425 inquisiuit}.

2063 5422 2213 5492 ofﬁcii
2237 5423 2527 5494 injunctam
2550 5424 2799 5491 gratiam,
2827 5420 2920 5475 sed
2946 5430 3153 5478 omnino
3175 5420 3458 5494 falluntur.
3502 5420 3670 5480 Nam

2064 5495 2109 5547 si
2136 5508 2199 5564 ea:
2227 5492 2322 5545 hac
2349 5507 2507 5564 causa
2525 5500 2716 5564 veteres
2757 5494 3069 5564 wmulivem
3116 5492 3473 5563 pra'dicurent,
3521 5511 3671 5564 apo-

2065 5562 2422 5634 stolicwrsedis
2441 5578 2671 5634 _compar
2700 5560 2875 5634 beatus
2905 5560 3182 5634 Gregorius
3212 5564 3514 5620 monachico
3542 5560 3676 5634 pol-

2068 5634 2175 5687 lens
2195 5633 2355 5699 cultu,
2381 5632 2450 5685 ad
2469 5647 2721 5702 summum
2740 5633 2932 5702 apicem
2959 5632 3251 5689 nullatenus
3275 5632 3674 5701 conscenderit,

2067 5704 2148 5757 cui
2176 5702 2405 5757 solvendi
2432 5701 2726 5775 ligandique
2753 5701 2979 5776 potestas
3007 5720 3250 5762 concessa
3286 5716 3381 5762 est.
3413 5705 3679 5777 Augusti-

436 5800 656 5880 :Verba
670 5816 784 5858 sunt
804 5808 949 5862 Biuii.
975 5809 1099 5865 Infra
1122 5819 1289 5866 autem
1311 5813 1462 5865 habes
1483 5810 1599 5864 illud
1617 5811 1873 5868 decretum
1897 5827 1925 5867 a
1949 5816 2101 5867 Moesi
2127 5814 2327 5865 (ἀὶιυηι.

3607 5928 3671 5940 ”νκ
