4032 6186
318 329 418 382 συθ

1650 318 2005 375 EPISTOLAS
2046 316 2243 373 TRES.

3502 324 3600 376 llU

316 445 393 497 ubi
424 443 642 513 pecunia
670 449 1013 510 pra'paremr,
1046 452 1142 491 nos
1172 437 1436 489 veraciter
1476 442 1533 489 ut
1575 432 1897 488 conﬁdimus
1931 446 1973 497 Α
2006 444 2105 499 tas,
2160 434 2213 488 in
2269 429 2697 487 Christianorum
2751 446 3107 500 provocarent
3162 436 3436 492 desmvirc.
3496 440 3605 495 Νυο

314 550 419 589 una
459 549 583 589 cum
634 530 971 585 beatitudine
1001 538 1176 585 ve5tra
1206 528 1519 597 sospitateln
1558 524 1908 594 reciprocatis

312 627 547 681 lormare
570 622 808 694 jubeatis
832 620 1133 675 aﬁ‘ectibus.

886 710 1214 768 EPISTULA
1255 710 1317 766 ll.

498 803 614 859 Etsi
640 804 921 859 universus
949 817 1051 856 axe
1079 801 1177 855 sub
1205 821 1233 854 a
1253 801 1440 856 thereo
1468 801 1621 856 limes
1648 808 1911 856 terrarum

316 898 542 952 Domino
580 896 829 949 cernitur
859 892 1051 963 opiﬁce
1077 893 1422 955 constitutus,
1452 900 1506 946 et
1535 892 1773 946 omnium
1819 906 1915 961 po-

318 996 510 1043 testate
532 986 850 1057 pollentium
877 984 1045 1054 ipsius
1071 984 1315 1038 mirabile
1337 991 1549 1038 constet
1575 981 1915 1037 ordinatione

317 1079 556 1140 divisus,
617 1090 842 1131 necesse
895 1084 977 1129 est
1036 1084 1094 1130 ut
1149 1075 1269 1143 ejus
1314 1073 1679 1141 evangelicam
1728 1086 1913 1127 vocem

318 1167 702 1231 cuStodientes,
734 1167 818 1221 vel
849 1182 1092 1236 qumrere
1135 1182 1230 1221 eos
1258 1180 1395 1234 quos
1422 1179 1523 1217 una
1564 1163 1616 1217 in
1646 1162 1914 1217 Christum

319 1256 452 1313 ﬁdes
477 1258 775 1324 consociat,
826 1257 911 1312 vel
939 1257 1191 1326 diligere;
1224 1266 1279 1312 et
1305 1255 1600 1325 quamlibet
1629 1270 1660 1307 a
1704 1264 1916 1324 tempo-

319 1349 417 1404 rali
466 1349 833 1406 dominatione
872 1362 1219 1418 segregemur
1269 1347 1498 1417 imperii,
1551 1352 1813 1414 coitgruet
1860 1334 1947 1398 ut

319 1442 603 1513 praeceptis
648 1441 906 1512 principis
955 1457 1061 1496 non
1109 1441 1464 1496 dissoctemur
1507 1439 1726 1492 atterni.
1767 1434 1919 1489 Unde

321 1533 709 1587 beatitudinem
756 1542 985 1586 vestram
1034 1532 1205 1600 gratia
1252 1530 1457 1586 caelesti
1503 1527 1784 1583 diﬁusione
1822 1525 1921 1581 ﬁo-

319 1635 554 1694 rentem,
603 1634 660 1680 ct
700 1626 964 1696 spirituali
1012 1625 1291 1693 largitione
1322 1625 1709 1679 exuberantem
1757 1636 1917 1690 quam

323 1718 555 1772 Domino
601 1717 932 1787 propitiante
975 1716 1370 1771 intercurrente
1410 1715 1552 1785 stylo
1598 1711 1918 1791 etlicivolu-

321 1824 441 1863 mus
468 1808 735 1863 charitate
764 1808 1093 1871 devinctum,
1125 1806 1208 1861 his
1236 1806 1516 1861 destinatis
1559 1821 1680 1860 cum
1709 1821 1920 1860 summo
1954 1816 1997 1874 Β

321 1899 592 1955 desiderio
622 1899 851 1965 litteris;
903 1913 1010 1952 non
1040 1896 1215 1953 solum
1249 1898 1587 1968 inquirimus,
1636 1898 1731 1953 sed
1760 1906 1816 1952 et
1843 1912 1928 1952 sa«

324 1992 452 2046 lotis
480 2006 606 2046 cum
634 1990 816 2046 debito
846 1990 1275 2046 necessariarum
1322 2005 1501 2044 rerum
1543 1989 1781 2058 alloquio
1823 1990 1927 2044 im-

323 2079 607 2148 pertimus.
635 2077 768 2144 Quia
797 2093 905 2133 non
935 2078 1208 2133 immerito
1233 2078 1559 2148 praecipuum
1584 2085 1636 2131 te
1658 2086 1929 2147 pastorem

322 2188 423 2227 suo
451 2171 695 2226 Christus
722 2170 990 2226 dedicavit
1035 2171 1183 2237 ovili,
1232 2179 1291 2226 ut
1317 2185 1439 2226 cum
1483 2169 1628 2225 velut
1655 2170 1931 2239 sanguinis

321 2260 691 2333 generositate
720 2261 872 2327 mihi,
904 2261 1216 2317 beatissime
1255 2258 1436 2327 Pater,
1469 2259 1808 2332 praepolleas,
1856 2259 1930 2313 ita

323 2354 397 2409 de
443 2368 665 2410 suarum
713 2352 1025 2409 innumeras
1074 2353 1254 2408 ovium
1306 2367 1462 2423 geras
1513 2351 1929 2409 sollicitudinem

322 2444 653 2499 animarum.
698 2441 817 2498 Tali
863 2444 1063 2513 quippe
1089 2444 1141 2498 in
1174 2459 1273 2499 usu
1304 2444 1591 2514 persistere
1620 2442 1817 2514 quibus
1844 2440 1928 2495 vel

325 2534 508 2601 major
534 2533 619 2588 vel
648 2533 825 2587 minor
852 2547 980 2588 cura
1010 2534 1065 2588 in
1094 2533 1309 2604 populis
1334 2532 1636 2589 adhibenda
1676 2532 1928 2587 commit-

327 2624 525 2678 tit:nt
552 2630 809 2691 quantum
857 2623 1037 2678 divina
1087 2622 1389 2678 efﬁciuntur
1437 2623 1491 2677 in
1541 2623 1799 2695 pensione
1840 2638 1929 2676 su-

326 2716 627 2783 blimiores,
675 2723 881 2770 tantum
928 2715 1128 2771 debent
1175 2717 1316 2772 circa
1363 2716 1446 2771 his
1492 2715 1686 2786 quibus
1715 2729 1927 2785 prapo-

327 2815 528 2861 nuntur
587 2808 820 2862 existere
880 2808 1249 2863 indesinenter
1310 2807 1615 2876 pervigiles.
1677 2804 1741 2860 Et
1802 2806 1927 2875 quia

326 2901 500 2954 latere
544 2898 930 2954 beatitudinem
976 2908 1214 2955 vestram
1246 2916 1353 2955 non
1405 2900 1637 2954 arbitror
1672 2898 1817 2969 quod
1862 2897 1927 2950 ﬁ-

324 2990 432 3047 lius
460 2998 639 3046 vester
666 2991 914 3047 dominus
941 2991 1343 3047 Theutibertus.
1366 3007 1485 3047 cum
1530 3000 1691 3061 gente
1718 2991 1927 3046 Gotho-

324 3097 447 3137 rum
479 3096 510 3136 a
537 3081 907 3139 decidentibus
934 3082 1083 3138 velut
1112 3083 1238 3138 olim
1274 3082 1456 3138 existit
1498 3081 1749 3149 colligata
1781 3080 1926 3150 prin-

2012 523 2279 579 credimus
2307 536 2403 575 eos
2432 522 2500 575 ab
2528 521 2630 575 illis
2656 522 2890 577 existere
2921 526 3188 591 meliores,
3222 529 3313 581 sed
3340 529 3411 582 ita
3435 532 3609 583 nimii.

2012 612 2147 667 teste
2196 610 2373 666 socios
2402 611 2816 683 comprobamus
2860 613 2950 681 qui
2996 614 3063 669 de
3113 617 3368 670 mundum
3413 619 3609 674 debitis

2012 704 2276 760 scelerum
2325 702 2594 758 ministrat
2646 712 2941 759 retamenta
2991 722 3269 774 personas.
3302 708 3415 763 Hoc
3447 710 3609 780 igitur

2013 804 2189 849 vestra
2236 796 2492 849 sanctitas
2537 794 2581 848 si
2630 792 2906 849 evidenter
2935 799 3173 864 agnovit,
3203 799 3347 867 quod
3378 815 3441 853 ex
3473 817 3611 870 pne»

2002 885 2280 941 edictorum
2328 900 2514 953 regum
2556 885 2783 939 consilio
2825 900 2990 954 super
3036 889 3323 944 orthodoxi
3357 891 3610 964 principis

2014 977 2289 1045 regionem
2316 976 2476 1045 impia
2499 991 2556 1031 se
2578 976 2711 1031 ludit
2728 977 3019 1033 hostilitate
3041 991 3277 1046 caterva,
3310 998 3405 1051 per
3431 996 3610 1041 vestro

2015 1069 2172 1123 nobis
2219 1067 2495 1122 declarare
2537 1067 2771 1136 jubeatis
2819 1070 3003 1140 stylo,
3050 1079 3109 1125 ut
3155 1072 3255 1128 hac
3305 1074 3397 1129 lilii
3447 1079 3611 1132 vestri

2016 1160 2233 1228 gloriosi
2255 1160 2454 1215 domini
2490 1160 2593 1214 mei
2615 1159 2941 1215 Gundemari
2970 1163 3109 1230 regis
3130 1166 3195 1218 ad
3218 1165 3610 1222 ordinationem

2018 1262 2257 1308 nostram
2283 1253 2586 1322 pertinente
2610 1253 2908 1321 provincia,
2935 1254 3129 1309 indicta
3159 1258 3472 1313 sacerdotes
3493 1275 3612 1313 cum

2019 1344 2219 1413 populo
2259 1342 2614 1411 omnipotenti
2660 1342 2935 1397 celebrent
2958 1345 3282 1414 jejuniorum
3312 1349 3611 1415 solemnia;

2022 1444 2080 1490 ut
2106 1436 2478 1490 accedentium
2509 1435 2704 1503 injuste
2732 1444 2892 1505 atque
2924 1437 3079 1505 longe
3128 1455 3157 1491 a
3203 1440 3423 1496 domino
3449 1446 3613 1496 corda

2018 1525 2275 1591 virorum,
2322 1525 2526 1581 siderea
2575 1524 2877 1592 confringat
2924 1528 3122 1582 virtute
3174 1530 3507 1594 bellantium,
3560 1544 3614 1587 et

2018 1628 2178 1687 gente
2204 1615 2524 1670 Christianae
2552 1616 2672 1670 lidei
2699 1617 2891 1685 dogma
2921 1619 3241 1673 custodienti
3293 1621 3613 1676 laudabilem

2019 1708 2224 1764 cmlesti
2253 1708 2453 1778 pietate
2489 1707 2725 1777 jubeatis
2760 1706 3010 1762 conferre
3050 1717 3396 1778 trepaaum....

2587 1797 2913 1854 EPISTULA
2954 1799 3039 1854 Ill.

2104 1892 2457 1949 Dﬂectissnmo
2482 1899 2644 1962 atque
2670 1892 2723 1945 in
2751 1888 2967 1946 Christo
2998 1893 3445 1951 reverendissimo
3469 1894 3614 1951 Patri

2032 1989 2286 2059 episcOpo
2316 1987 2666 2056 Bulgaranus.
2946 1994 2949 1997 '

2241 2079 2436 2134 Nomm
2480 2086 2563 2134 est
2602 2078 2828 2132 Domino
2875 2079 3229 2149 omnipotenti
3278 2083 3370 2149 qui
3411 2083 3611 2151 justum

2031 2171 2232 2227 iudicat
2278 2184 2516 2236 servum,
2564 2178 2619 2223 et
2659 2169 2915 2237 injustum
2953 2170 3097 2238 justa
3149 2172 3509 2229 damnationis
3535 2177 3618 2231 ul-

2031 2263 2179 2317 tione
2224 2260 2472 2330 perimet,
2506 2260 2629 2329 quia
2674 2267 2800 2313 ante
2842 2260 2941 2314 hos
2970 2260 3102 2323 dies,
3131 2262 3276 2331 quod
3321 2271 3465 2317 tuam
3511 2283 3615 2324 non

2029 2368 2155 2409 reor
2191 2350 2410 2406 latuisse
2437 2349 2844 2414 beatitudinem,
2874 2351 3091 2405 chartas
3113 2351 3616 2419 gloriosissimortnu

2028 2457 2216 2513 regum
2263 2442 2515 2511 idemque
2545 2439 2775 2495 ﬁliorum
2825 2450 3131 2497 vestrorum
3164 2441 3497 2512 Bruuigildes
3524 2464 3616 2502 re-

2028 2536 2167 2603 ginae
2209 2542 2266 2588 et
2312 2532 2631 2588 Theoderici
2697 2533 2858 2602 regis,
2903 2548 3003 2603 per
3044 2534 3233 2589 eodem
3266 2537 3419 2592 nobis
3470 2540 3618 2596 fuere
3700 2608 3703 2609 ν

2032 2626 2393 2683 transmissas.
2424 2623 2492 2679 Et
2529 2633 2589 2678 ut
2617 2639 2710 2679 eas
2739 2625 2856 2694 ipso
2884 2625 3297 2695 praeciperemus
3340 2630 3615 2697 tradente,

2029 2726 2449 2775 memoratorum
2480 2718 2647 2774 series
2685 2718 3014 2787 scriptorum
3067 2718 3495 2791 denuntiavisse,
3525 2726 3617 2795 qui

2029 2810 2220 2866 eadem
2249 2826 2466 2867 suorum
2496 2813 2696 2882 scripta
2718 2810 3058 2867 dominorum
3089 2828 3194 2868 una
3219 2830 3341 2869 cum
3370 2832 3522 2871 suam
3549 2819 3617 2873 ad

2031 2918 2129 2959 nos
2153 2918 2324 2972 usque
2351 2904 2745 2969 suggestionem
2775 2903 2991 2965 deduxi,
3024 2911 3078 2958 et
3106 2912 3165 2957 ut
3189 2904 3389 2959 aditum
3419 2906 3487 2959 ad
3520 2923 3617 2964 nos

2029 2990 2331 3060 perciperet
2351 2991 2685 3047 commeandi
2708 2992 2941 3063 supplex
2961 2993 3244 3048 scribendo
3270 3003 3504 3050 nostram
3528 3014 3616 3051 or-

2031 3084 2361 3139 dinationem
2400 3082 2599 3153 poscit.
2623 3082 2756 3137 Nam
2790 3083 2941 3138 nullo
2967 3097 3090 3136 cum
3120 3083 3410 3153 desiderio,
3439 3102 3616 3156 neque

324 3174 535 3244 cipibus
554 3215 573 3243 ,
611 3189 752 3230 nunc
780 3189 877 3245 per
904 3174 1199 3245 peritorum
1238 3173 1560 3243 allegatione
1604 3186 1792 3243 pacem
1830 3186 1928 3241 per
1955 3200 2001 3263 ο
2030 3173 2313 3266 exquirere
2338 3174 2503 3243 elegit
2534 3189 2656 3241 nos,
2705 3190 2881 3245 neque
2924 3175 2992 3228 ab
3034 3174 3193 3229 nullis
3223 3174 3506 3245 indigimus
3535 3180 3618 3233 in-

324 3264 517 3332 legatis
563 3264 801 3333 ejusdem
851 3265 1026 3334 gentis
1054 3264 1269 3321 devovit
1297 3264 1554 3320 roborare
1583 3270 1919 3334 perpetuam.

325 3354 408 3410 Ex
453 3370 560 3425 quo
609 3355 824 3424 aliquod
870 3355 1053 3424 gratia:
1100 3356 1293 3411 merito
1336 3356 1595 3429 pecuniae,
1645 3370 1923 3411 numerum

323 3444 562 3520 [Forte,
610 3445 1162 3519 Avarorum]gentis
1210 3447 1480 3518 pollicitus
1525 3456 1607 3502 est
1653 3448 1926 3516 impertire

323 3536 680 3593 Francorum.
719 3535 868 3593 Unde
910 3537 1021 3607 jam
1074 3554 1162 3594 me
1210 3547 1441 3604 constat,
1485 3547 1785 3593 memorato
1816 3536 1925 3592 lilio

323 3639 505 3685 vestro
530 3629 750 3685 domino
780 3629 1132 3686 Theutiberto
1162 3647 1260 3701 per
1290 3632 1658 3686 venerabilem
1702 3630 1925 3684 lratrem

322 3729 561 3777 vestrum
604 3721 880 3776 dominum
912 3730 966 3777 et
992 3722 1046 3777 in
1076 3722 1287 3779 Christo
1318 3724 1444 3777 mihi
1484 3732 1691 3794 patrem
1738 3738 1924 3777 verum

324 3813 643 3883 episcopum
672 3812 973 3868 destinasse
1000 3814 1220 3883 scripta,
1254 3830 1349 3884 per
1377 3832 1510 3886 quas
1548 3816 1755 3869 innotui
1783 3814 1926 3884 quod

324 3906 433 3973 jam
483 3902 711 3973 pecunia
740 3919 769 3957 a
801 3902 911 3958 lilio
940 3912 1122 3959 vestro
1170 3904 1370 3959 domno
1418 3921 1539 3959 meo
1585 3904 1928 3960 Gundemaio

324 4009 451 4063 rege
479 3994 706 4048 directa.
740 3992 838 4049 Hic
868 3994 997 4048 mihi
1028 3995 1081 4048 in
1110 3992 1312 4050 Gallias
1341 4011 1461 4051 esse
1487 3996 1833 4066 dignoscitur,
1870 4004 1930 4050 ut

328 4086 622 4156 prudentes
668 4099 734 4139 ex
783 4100 882 4139 suo
928 4084 1122 4155 dirigat
1150 4095 1446 4156 conSpectu
1495 4087 1819 4156 legatoszet
1865 4101 1928 4139 ea

326 4193 444 4246 qua:
472 4176 544 4230 ob
574 4175 895 4229 charitatem
944 4182 1078 4243 gens
1114 4175 1416 4231 Gothorum
1446 4188 1627 4247 sperat
1657 4180 1927 4244 universa,

328 4268 598 4337 promittit
623 4266 959 4323 tradentibus
990 4268 1186 4337 placita
1214 4270 1403 4324 saltem
1427 4271 1803 4325 contradamus
1834 4272 1931 4324 ho-

331 4360 585 4413 minibus.
617 4358 823 4414 Obinde
874 4369 1021 4414 tuam
1051 4361 1393 4415 sanctitatem
1425 4363 1603 4418 debita
1632 4363 1933 4421 humilitate

331 4453 591 4521 deposco,
636 4458 700 4503 ut
748 4459 1007 4520 quantum
1061 4452 1342 4507 Dominum
1395 4452 1570 4522 diligis
1606 4451 1807 4520 Jcsutu,
1839 4456 1933 4525 qui

2030 3262 2169 3317 tueri
2201 3263 2475 3329 materiis;
2508 3272 2565 3318 et
2591 3278 2751 3333 quam
2783 3279 2957 3332 neque
2996 3265 3036 3318 si
3070 3262 3308 3320 venisset
3352 3283 3449 3336 pro
3498 3286 3615 3325 res.

2026 3367 2199 3422 ponso
2220 3352 2557 3409 dominorum
2579 3369 2796 3409 suorum
2819 3353 3185 3411 denuntiando
3216 3372 3611 3419 annueramus:

2025 3452 2234 3498 tantum
2272 3444 2399 3513 quia
2450 3445 2671 3499 minime
2716 3447 3045 3516 properavit,
3096 3448 3454 3517 nequissimus
3492 3468 3615 3507 nam

2027 3534 2095 3589 de
2124 3533 2340 3589 homine
2374 3543 2614 3589 vestrum
2644 3534 2791 3588 illum
2834 3535 2988 3604 cujus
3024 3538 3092 3590 ad
3135 3540 3475 3608 praesentiam
3521 3539 3615 3596 lilii

2027 3627 2190 3679 vestri
2244 3625 2463 3693 gloriosi
2499 3625 2703 3680 domini
2743 3623 3067 3681 Gundemari
3125 3629 3267 3697 regis
3321 3629 3616 3700 elﬂagitare

2027 3715 2280 3770 videmini
2332 3716 2575 3782 aditum,
2622 3716 2783 3771 debet
2834 3733 2986 3772 mens
3051 3729 3231 3775 vestra
3290 3721 3345 3775 in
3401 3740 3614 3779 sntnnto

2028 3805 2414 3877 propositionis
2454 3806 2734 3861 tabescere
2764 3808 3007 3871 exordio,
3058 3809 3183 3863 dum
3221 3812 3420 3867 veritas
3460 3814 3613 3869 vobis

2030 3906 2254 3968 experto
2302 3897 2502 3953 lumine
2552 3898 2776 3968 fulgeat,
2807 3907 2861 3954 et
2906 3900 3167 3969 justitiam
3194 3916 3355 3972 quam
3394 3908 3616 3977 speculo

2031 3990 2275 4046 interiori
2322 3990 2656 4060 prospicitis,
2692 3990 2887 4060 injusta
2933 3992 3220 4048 verborum
3263 4000 3617 4055 excusatione

2032 4083 2399 4139 dissimuletis.
2436 4082 2566 4149 Quis
2604 4093 2797 4138 vestra:
2842 4100 2947 4139 non
2982 4086 3278 4155 prospiciat
3316 4091 3618 4147 sanctitatis

2033 4176 2326 4244 ingenium,
2376 4184 2432 4230 et
2480 4190 2543 4230 ea
2580 4189 2700 4243 qua:
2744 4176 2953 4230 actibus
2992 4179 3353 4246 exasperastis
3381 4179 3617 4249 illicitis,

2032 4266 2241 4321 blandis
2270 4265 2548 4321 intenditis
2573 4266 2913 4333 eloquiorutn
2956 4265 3127 4320 lenire
3158 4267 3481 4323 tendiculis?
3511 4269 3619 4325 Ta-

2033 4357 2138 4412 lem
2165 4358 2306 4413 enim
2348 4365 2603 4419 vestram,
2636 4356 2680 4409 si
2709 4356 2922 4411 veniam
2954 4356 3203 4423 tribuitis,
3235 4357 3620 4419 dissimulatio-

2036 4465 2155 4503 nem
2188 4464 2490 4503 censemus.
2529 4447 2698 4525 Quale
2750 4448 2795 4502 si
2841 4447 3072 4517 quisque
3119 4447 3334 4506 debitor
3383 4452 3620 4509 humano

331 4554 521 4610 pacem
571 4540 858 4608 prasteritis
904 4541 1114 4595 smculis
1163 4542 1449 4612 dereliquit
1498 4543 1688 4597 futuris
1710 4586 1725 4610 ,
1776 4544 1932 4613 hujus
1965 4581 2010 4637 υ
2035 4537 2241 4608 pudore
2269 4536 2502 4600 sublato,
2527 4536 2813 4604 proterviae
2850 4536 3218 4602 incitamento,
3250 4545 3622 4612 prmrogatiris

330 4628 740 4684 continuatione
761 4645 859 4698 pro
878 4631 1023 4699 pacis
1046 4640 1251 4685 tantum
1275 4632 1550 4686 intendere
1575 4632 1809 4700 digneris
1836 4636 1931 4690 de-

330 4723 669 4778 lectabiliter.
699 4720 767 4775 Et
789 4723 834 4777 si
864 4726 1151 4792 agnoscitis
1176 4741 1292 4779 eam
1315 4742 1475 4795 quam
1528 4725 1818 4782 direximus
1862 4729 1929 4782 ad

333 4815 591 4869 domuum
622 4813 1030 4872 Theutibertum
1082 4822 1327 4890 paginam
1359 4821 1698 4889 pervenisse;
1746 4830 1839 4875 aut
1885 4823 1927 4876 si

332 4918 395 4959 ea
438 4920 560 4974 quae
590 4922 685 4976 per
715 4902 1243 4975 legatis‘Gothoruin
1296 4918 1420 4964 sunt
1467 4911 1565 4963 sub
1613 4910 1925 4967 deﬁnitione

336 4994 484 5062 inita,
542 4997 587 5052 si
616 4997 915 5051 manebunt
950 4998 1213 5053 veraciter
1258 4999 1485 5066 allegata
1506 5039 1521 5064 ,
1554 5000 1639 5053 vel
1668 5010 1924 5069 quantum

335 5085 619 5153 praedictus
635 5083 774 5139 ﬁlius
793 5095 973 5141 vester
996 5087 1050 5141 in
1068 5087 1360 5141 Abatormn
1382 5085 1587 5158 [Fat-te,
1610 5087 1930 5161 Avarorum]

336 5174 525 5229 bellica
555 5173 912 5245 triumphatos
942 5184 1027 5231 est
1054 5177 1191 5241 acie,
1224 5176 1417 5230 vestris
1445 5191 1752 5231 mereamur
1802 5178 1932 5232 alie-

338 5265 516 5319 ctibus
538 5265 841 5321 informari.
871 5265 1005 5320 Nam
1038 5276 1095 5322 et
1119 5266 1274 5321 nobis
1303 5268 1540 5321 currenti
1567 5277 1650 5321 est
1678 5267 1933 5337 opinione

338 5354 511 5423 plebis
537 5367 899 5426 compertum,
930 5358 1075 5427 quod
1106 5357 1439 5425 Brunigildes
1459 5361 1657 5428 reginae
1677 5369 1731 5413 et
1755 5358 1935 5414 Theu-

338 5448 503 5503 derici
550 5450 693 5517 regis
722 5450 865 5519 ipsos
901 5451 1101 5505 Abatos
1143 5448 1346 5523 [For-te,
1377 5450 1597 5521 Avares]
1629 5452 1695 5505 ad
1725 5451 1934 5506 bellan-

339 5538 459 5592 dum
491 5538 1036 5596 domniTheutiberti
1062 5550 1389 5621 convocatos
1432 5551 1485 5595 et
1527 5541 1595 5595 de
1636 5542 1748 5596 suis
1790 5543 1934 5598 sedi-

339 5628 438 5685 bus
484 5631 868 5702 transmigrare
915 5632 1459 5703 provinciamzquod
1502 5632 1784 5689 enuntiare
1845 5649 1937 5691 ca-

341 5719 658 5774 tholicorum
690 5721 962 5777 infandum
991 5731 1072 5778 est
1101 5724 1335 5787 auribus,
1385 5732 1446 5777 ut
1488 5722 1787 5779 Christiana
1838 5726 1937 5781 sub

342 5812 598 5882 religione
643 5829 902 5887 personas
932 5830 1119 5872 revera
1151 5816 1335 5886 procul
1366 5832 1394 5871 a
1426 5816 1649 5874 Uotnino
1678 5819 1937 5876 constitu-

2035 4630 2393 4683 l‘eneratorem
2420 4628 2599 4696 pulset
2619 4627 3010 4696 objectionibus
3031 4637 3085 4684 et
3106 4631 3387 4687 veritatem
3419 4634 3623 4691 habens

2034 4724 2329 4795 pusilentus
2386 4722 2623 4779 creditor
2676 4733 2853 4792 tegat,
2909 4739 3069 4794 quam
3127 4724 3487 4782 calumniator
3545 4729 3623 4783 lo-

1996 4818 1999 4821 ’
2033 4815 2248 4885 quendo
2290 4818 2502 4886 penitus
2558 4815 2865 4870 erubescat.
2903 4815 3084 4871 Manet
3111 4818 3253 4872 enim
3305 4818 3414 4874 lilio
3443 4831 3622 4874 vestro

2031 4905 2269 4975 glorioso
2317 4904 2516 4960 domno
2562 4920 2686 4959 meo
2724 4905 3068 4961 Gundemaro
3128 4909 3241 4977 regi
3308 4919 3623 4978 cunctmque

2030 4994 2177 5063 genti
2203 4992 2499 5049 Gothorum
2542 5010 2649 5049 non
2676 4996 2867 5065 exigua
2907 4996 3001 5051 sed
3044 5013 3234 5065 magna
3266 4998 3504 5068 pecunia:
3536 5014 3624 5053 re-

2038 5085 2261 5155 petitio,
2312 5093 2370 5139 ut
2419 5085 2627 5139 nobiles
2670 5084 2910 5153 ejusdem
2968 5088 3143 5154 gentis
3194 5089 3399 5155 legatos
3442 5098 3621 5143 vestra

2039 5176 2569 5246 magniﬁcentissime
2596 5193 2716 5233 cum
2739 5180 3021 5234 consolato
3046 5180 3284 5235 veritatis
3311 5182 3481 5248 gratia
3512 5182 3623 5237 dis-
3676 5184 3685 5189 ’

2039 5276 2318 5323 currentes
2338 5269 2406 5321 ab
2437 5276 2616 5323 vestro
2646 5268 2842 5338 injuste
2874 5272 3115 5341 principe
3142 5274 3306 5342 capti.
3337 5271 3622 5331 Geminata

2039 5364 2255 5418 malitia:
2304 5363 2556 5432 largitate
2584 5364 2824 5419 dedecus
2863 5380 3024 5419 omne
3063 5366 3409 5434 relegationis
3447 5364 3623 5435 perfe-

2038 5461 2160 5506 rant
2204 5453 2461 5521 egestatis
2501 5454 2814 5524 opprobrio.
2846 5452 3032 5509 Pateat
3079 5470 3209 5509 vero
3238 5452 3538 5510 Totilauem
3571 5464 3623 5514 et

2038 5541 2437 5597 Gundrimirum
2484 5542 2629 5598 viros
2671 5543 2906 5598 illustres
2951 5558 2982 5597 a
3027 5543 3373 5599 serenissimo
3402 5544 3625 5601 domino

2038 5651 2163 5692 meo
2192 5634 2537 5692 Gnndemaro
2564 5648 2693 5703 rege
2720 5635 2975 5700 directos,
3022 5635 3075 5689 in
3126 5634 3322 5691 ﬁnibus
3349 5637 3542 5693 vestris
3570 5636 3627 5695 in

2038 5727 2215 5784 locum
2242 5728 2480 5798 lrapinas
2511 5735 2633 5797 post
2657 5726 2856 5779 illatam
2887 5740 3075 5781 eorum
3104 5728 3506 5798 despectiuuem
3542 5731 3625 5784 in-

2041 5828 2122 5875 ter
2148 5819 2506 5891 prmceptionc
2528 5816 2814 5885 clausistis,
2841 5824 2896 5871 et
2921 5817 2984 5874 ad
3014 5836 3109 5879 vos
3138 5836 3305 5891 usque
3334 5819 3624 5877 succedere
