4032 6186
351 328 442 382 111

1409 335 1682 393 PAULUS
1725 336 2168 394 EMERITANUS
2223 335 2572 393 DIACONUS.

3426 356 3428 364 ι
3527 321 3626 376 H9.

347 445 642 500 luculenter
671 441 869 496 aditum
894 438 1213 507 denegastis.
1249 435 1390 492 Ecce
1426 449 1547 505 quae
1589 449 1714 504 pars
1758 442 1936 488 vestra
1965 440 2017 498 Α
2043 447 2146 505 est,
2171 438 2239 493 ad
2268 439 2606 508 praesentiam
2635 438 2859 510 gloriosi
2887 437 3092 495 domini
3117 437 3225 493 mei
3259 437 3478 493 libertas
3507 455 3627 492 tua-

343 535 675 588 muuuiserit
713 531 904 584 vestris
948 545 1053 583 non
1083 536 1208 582 sunt
1235 526 1504 593 iucognita
1535 524 1805 579 mentibus
1831 541 1846 590 ;
1876 530 1932 577 et

343 633 548 676 lautum
580 637 609 674 a
640 618 791 674 vobis
817 617 1026 687 injuria:
1047 616 1399 671 acerbitatem
1438 612 1756 668 vehentibus
1783 612 1931 666 insu-

343 727 439 780 per
468 719 768 764 vestrorum
790 707 857 762 ad
880 706 1163 778 prresentia
1195 704 1380 776 inclyti
1408 703 1611 758 domini
1638 703 1744 758 mei
1781 702 1929 771 lega-

345 812 542 867 torum,
575 799 740 855 vestri
779 797 1080 854 simulando
1124 795 1340 864 litteris,
1371 795 1513 849 viam
1555 794 1768 864 aperire
1797 807 1932 848 con-

342 895 586 962 queritis.
613 893 808 948 Videat
848 892 1142 947 altissimus
1182 904 1216 944 a
1249 889 1459 965 caelesti
1505 887 1644 943 solio
1682 887 1933 958 princeps

345 989 483 1043 lmuc
505 1001 751 1051 causam;
775 994 832 1040 et
855 985 1032 1040 divina
1059 991 1265 1053 partem
1303 980 1510 1036 ultione
1537 977 1813 1035 confodiat
1839 975 1931 1047 qui

347 1080 544 1147 injuste
573 1078 712 1147 parti
760 1077 983 1131 alterius
1009 1077 1154 1130 visus
1191 1083 1273 1129 est
1311 1071 1560 1129 conferre
1589 1071 1929 1134 molestiam,

345 1179 399 1220 et
425 1168 514 1236 qui
545 1168 863 1221 charitatem
887 1165 1188 1235 respuendo
1217 1179 1405 1234 pacem
1435 1162 1664 1218 excelsa:
1693 1169 1932 1231 potesta-

346 1260 415 1313 tis
441 1259 723 1312 violaverit
763 1257 1005 1327 captiose
1048 1257 1318 1310 dilectam.
1358 1255 1506 1310 Licet
1533 1255 1658 1309 dum
1699 1252 1932 1308 filiorum

344 1364 530 1417 regum
577 1349 824 1417 idemque
867 1360 1170 1401 vestrorum
1216 1348 1423 1400 litteras
1450 1346 1801 1415 accepissem,
1833 1358 1931 1398 eo-

345 1457 463 1494 rum
494 1440 738 1510 protinus
776 1437 1065 1494 reformavi
1111 1439 1432 1508 rescriptum
1462 1438 1607 1508 quod
1642 1438 1688 1492 si
1719 1451 1929 1491 memo-

347 1530 449 1583 rati
473 1529 694 1598 gloriosi
727 1529 996 1598 principes
1021 1537 1367 1599 acceperunt,
1398 1529 1511 1583 sive
1538 1529 1588 1582 in
1612 1537 1790 1584 vestra
1818 1526 1934 1582 fue-

348 1621 419 1674 rit
446 1621 756 1688 cognitione
776 1618 1091 1685 deductum,
1115 1620 1261 1674 nullo
1289 1619 1644 1674 denuntiante
1671 1621 1935 1689 comperi-

348 1726 485 1764 mus.
505 1711 607 1764 Sed
628 1719 690 1765 et
707 1716 900 1765 vestra:
921 1710 1103 1780 itaque
1126 1710 1549 1766 honorificentia:
1577 1710 1932 1778 declaramus,

2030 539 2159 586 neat
2213 532 2424 587 itineris
2473 527 2797 601 legatorum.
2836 531 2972 586 Nam
3017 530 3088 586 de
3127 529 3262 584 locis
3312 529 3457 584 unde
3501 529 3625 583 iuti-

2029 625 2215 679 mastis
2241 623 2532 682 Jubiniano
2584 633 2640 680 et
2680 624 3031 690 Corneliana,
3074 638 3193 693 quae
3243 621 3295 676 in
3350 621 3625 692 provincia

2030 713 2329 770 Gothorum
2359 716 2600 772 noscitur
2625 715 2824 771 domna
2848 715 3188 784 Brunigildes
3209 713 3535 784 possedisse,
3568 722 3627 768 ut

2029 806 2141 861 suis
2169 813 2293 877 post
2319 807 2435 876 ejus
2460 807 2583 877 jure
2605 807 2809 862 aditum
2838 807 3135 862 tribuamus
3165 805 3504 869 hominibus;
3536 821 3627 860 or-

2031 895 2316 952 dinandam
2337 899 2595 953 miramur
2609 906 2756 953 luam
2770 898 2849 954 sic
2864 913 2964 953 nos
2983 899 3199 952 hortare
3217 894 3629 963 beatitudinem,

2033 1002 2092 1047 ut
2115 993 2233 1047 loca
2258 1008 2378 1064 qua:
2406 1009 2506 1066 pro
2533 993 2832 1049 stabilitate
2858 991 3164 1048 concordiae
3191 998 3395 1046 sanctae
3424 1004 3631 1044 memo-

2032 1089 2126 1144 ria:
2154 1089 2406 1145 dominus
2449 1098 2634 1145 noster
2669 1087 3020 1145 Recharedus
3048 1102 3146 1142 rex
3178 1089 3230 1141 in
3266 1085 3392 1153 jure
3419 1099 3628 1138 memo-

2033 1187 2164 1234 rata:
2191 1180 2518 1235 contradidit
2543 1179 2756 1233 domnae
2789 1178 2893 1248 (ut)
2919 1191 2949 1230 a
2977 1175 3222 1246 partibus
3250 1171 3448 1244 vestris
3475 1185 3631 1225 scan-

2033 1271 2215 1327 dalum
2255 1272 2616 1327 nutrientibus
2655 1270 2828 1326 foedus
2871 1271 2942 1323 sit
2977 1267 3258 1324 charitatis
3285 1265 3584 1334 disruptum
3614 1279 3629 1316 :

2035 1373 2093 1419 et
2118 1379 2245 1434 pars
2271 1364 2393 1433 jura
2431 1379 2552 1433 qua:
2585 1363 2860 1417 stimulum
2889 1361 3074 1415 illicite
3099 1359 3348 1419 suscitat.
3378 1355 3498 1426 jura
3531 1354 3630 1409 de-

2036 1457 2162 1511 beat
2203 1457 2381 1526 gentis
2425 1454 2702 1525 possidere
2729 1453 3050 1509 Gothorum.
3101 1450 3353 1504 Arbitror
3397 1449 3542 1502 enim
3573 1453 3631 1501 ut

2037 1561 2100 1601 ea
2145 1561 2268 1616 qua:
2307 1561 2433 1615 pars
2471 1551 2649 1600 vestra
2701 1542 2898 1612 injuste
2948 1539 3191 1595 uescitur
3230 1535 3531 1600 admisisse,
3584 1533 3631 1589 si

2038 1637 2329 1692 emendare
2358 1635 2675 1700 malueritis,
2710 1634 2911 1703 poterit
2955 1637 3171 1700 gentem
3200 1635 3546 1694 vestramque
3577 1624 3630 1677 in

2037 1729 2300 1783 charitate
2329 1740 2654 1789 connexam,
2685 1723 2874 1777 eadem
2905 1736 3004 1775 suo
3038 1719 3160 1789 jure
3198 1717 3396 1772 domna
3434 1712 3631 1767 Bruni-

425 1809 636 1856 rcmoto
670 1800 1025 1857 simulationis
1054 1816 1240 1873 pacem
1267 1810 1396 1874 typo
1423 1818 1642 1856 servare
1661 1801 1934 1857 desidera-
1967 1826 2015 1887 B
2040 1823 2208 1892 sudes
2254 1819 2545 1875 defendere
2601 1818 2743 1874 loca,
2775 1815 2852 1871 Te
2899 1815 3124 1885 quippe,
3171 1809 3483 1866 beatissime
3524 1807 3630 1869 vir,

348 1891 435 1956 tis,
467 1905 587 1960 qua:
615 1896 855 1946 dominio
905 1897 1142 1946 maxima
1180 1907 1300 1947 sors
1328 1908 1448 1948 esse
1488 1893 1854 1961 cognoscitur,
1884 1901 1939 1947 et

2039 1891 2163 1969 dum
2196 1913 2457 1967 hactenus
2485 1909 2732 1977 benignis
2752 1906 2964 1971 animis,
2995 1912 3052 1960 et
3079 1899 3424 1959 saecularibus
3452 1897 3628 1964 evigi-

347 1983 617 2038 Clll‘iswm
644 1982 914 2052 diligenda
942 1984 1241 2039 Concordes
1268 1999 1390 2040 cum
1419 1983 1610 2040 ῧοῑιιίδ
1649 1985 1814 2040 corde
1841 2001 1938 2054 aP‘
2039 2002 2241 2057 lautem
2288 1999 2497 2063 studiis,
2547 1997 2814 2066 nimisque
2861 1991 3151 2049 formidare
3197 1989 3627 2057 omnipotentem

346 2073 473 2128 tatis
517 2088 836 2144 permanere
879 2073 1106 2141 devoto;
1141 2090 1247 2130 non
1280 2083 1496 2146 oportet
1525 2083 1586 2130 ut
1619 2091 1683 2131 ea
1729 2083 1936 2130 tantum

2041 2093 2426 2149 meminimus?
2475 2088 2759 2157 Quomodo
2801 2101 2960 2142 cures
3000 2085 3044 2139 si
3096 2083 3260 2137 tantis
3299 2077 3632 2148 temporibus

348 2161 502 2216 labiis
541 2161 848 2219 fallentibus
877 2162 1196 2234 proferatis,
1241 2165 1334 2220 sed
1364 2180 1551 2236 pacem
1580 2180 1742 2233 quam
1784 2165 1941 2220 nobis

345 2254 682 2311 servantibus
709 2255 810 2326 ipsi
842 2257 992 2329 prius
1018 2257 1244 2322 irruere,
1279 2257 1534 2328 perfectis
1561 2259 1942 2314 demonstran-

347 2345 476 2402 dutu
523 2346 778 2416 operibus
823 2347 1230 2404 demonstretis.
1271 2348 1496 2419 Dignqu
1545 2359 1626 2406 est
1665 2351 1829 2406 vestri
1883 2359 1944 2406 ut

345 2435 578 2510 primum
620 2436 673 2491 iu
714 2452 810 2492 sua
849 2438 1109 2507 dignitate
1135 2438 1438 2496 Gothorum
1480 2442 1834 2497 restituantur
1861 2441 1943 2496 le-

345 2527 493 2597 gati;
549 2534 606 2582 et
633 2527 774 2583 inter
801 2527 1018 2586 afﬁnem
1063 2531 1338 2599 sanguinis
1378 2538 1595 2600 gentem
1631 2539 1941 2587 servantem

355 2629 558 2686 pacem,
602 2617 829 2676 Domino
878 2619 1191 2689 adiuvante,
1241 2630 1578 2687 vestrorum,
1627 2622 1674 2676 si
1720 2634 1944 2676 necesse

2043 2185 2282 2241 charitas
2346 2182 2628 2250 utriusque
2682 2178 2848 2232 illaesa
2908 2173 3116 2243 agentis
3175 2187 3234 2226 es
3271 2169 3384 2225 Deo
3425 2168 3633 2221 dicatus

2046 2278 2271 2333 antistes
2298 2291 2327 2329 a
2369 2272 2723 2344 principibus,
2753 2277 2811 2322 ut
2837 2282 2959 2336 qua:
2985 2281 3091 2334 pax
3137 2263 3264 2318 olim
3305 2275 3336 2314 a
3367 2256 3634 2328 prioribus

2047 2370 2286 2439 gentiqu
2321 2373 2561 2420 utrarum
2611 2359 2861 2432 gentibus
2907 2357 3180 2424 colligata,
3226 2365 3369 2407 nunc
3418 2353 3635 2402 maneat

2048 2459 2327 2522 dissoluta,
2357 2457 2484 2510 dum
2519 2460 2702 2508 vestro
2744 2449 2933 2505 debuit
2973 2463 3042 2503 ex
3086 2444 3315 2502 consilio
3344 2442 3399 2496 in
3435 2451 3634 2508 perpe-

2052 2563 2200 2608 tuum
2224 2550 2465 2605 existere
2495 2542 2788 2601 roborata?

352 2755 3634 2812 ῳ

1687 2891 1853 2936 ANNO
1897 2890 2120 2935 DOMINI
2168 2889 2290 2932 DC!
2305 2913 2322 2929 ο

628 2991 1642 3226 ΡΑυιυδν

1711 2918 3357 3164 ΕΜΕῙΠΤΑΝΗΒ,

1786 3244 1868 3304 1)1
1883 3241 2208 3306 ACONUS.

551 3413 1044 3500 NOTITIA
1120 3416 1767 3501 HISTORICA
1841 3417 1960 3499 IN
2036 3410 2543 3497 PAULUM
2615 3401 3460 3496 EMEBITANUM.

1407 3579 1621 3640 (Antonii
1647 3575 1773 3627 Bibl.
1794 3574 1932 3637 Hlsp.
1958 3539 2073 3622 Fet.
2092 3577 2127 3620 t.
2151 3569 2193 3630 ι,
2225 3582 2270 3632 ρ.
2292 3569 2402 3626 575,
2422 3579 2455 3616 ιι
2474 3565 2610 3628 ιιι.)

425 3774 594 3845 Hujus
625 3775 880 3846 temporis
903 3773 1104 3832 Paulus
1134 3777 1224 3832 ille
1250 3787 1332 3832 est
1379 3776 1728 3832 Emeritencis
1756 3735 1942 3831 diaco-
1975 3775 2019 3836 (ἶ
2051 3784 2233 3840 parum
2285 3767 2498 3836 antiqua
2537 3769 2592 3820 in
2635 3767 2698 3822 S.
2731 3765 2983 3823 Ecclesia:
3031 3768 3296 3826 Toletani:
3333 3770 3642 3829 bibliotheca

363 3885 484 3932 nus,
516 3867 606 3937 qui
646 3868 712 3921 de
731 3867 855 3923 Vita
883 3875 940 3921 et
967 3869 1240 3924 miradulis
1279 3868 1495 3924 Patrum
1533 3869 1944 3923 Emeritensium

363 3959 560 4013 librum
609 3957 764 4012 nobis
810 3957 1045 4026 reliquit.
1097 3959 1250 4013 lluuc
1294 3974 1322 4013 a
1370 3960 1552 4013 multis
1589 3958 1946 4012 desideratum

362 4049 566 4118 primus
611 4046 781 4101 edidit
829 4047 1101 4101 Barnabas
1144 4047 1365 4103 Moreuo
1404 4051 1472 4103 de
1514 4048 1713 4116 Vargas
1742 4045 1948 4100 Emeri-

363 4138 526 4193 teusis
574 4137 720 4191 urbis
757 4136 994 4201 decurio,
1027 4137 1117 4205 qui
1143 4137 1381 4204 ejusdem
1413 4152 1629 4206 quoque
1671 4135 1949 4191 historiam

367 4228 714 4298 conscripsit,
749 4226 947 4281 Matrili
977 4243 1120 4282 anno
1151 4225 1282 4281 1651
1327 4227 1494 4282 ιιι-4ο.
1537 4228 1949 4282 Deindeiterum

366 4321 429 4375 ll.
465 4322 700 4375 Thomas
745 4319 999 4374 Tamaius
1039 4321 1106 4374 de
1130 4319 1352 4389 Vargas,
1396 4321 1474 4374 vir
1503 4320 1849 4398 clarissimus.
1883 4321 1951 4377 ad

366 4420 576 4463 veteres
621 4425 739 4463 cum
790 4409 1030 4464 Gothica:
1061 4418 1173 4463 tum
1207 4409 1406 4466 Latium
1455 4411 1733 4480 scriptura:
1783 4425 1953 4465 mem-

367 4500 565 4552 branas
594 4499 870 4561 collatum,
905 4515 968 4554 ac
1007 4501 1238 4570 prepriis
1277 4501 1420 4554 notis
1467 4501 1808 4564 illustratum,
1841 4501 1954 4555 An-

372 4591 592 4658 tuerpia:
645 4591 783 4657 apud
819 4589 1074 4644 Joannem
1108 4589 1392 4645 Meursium
1424 4590 1564 4647 1658
1609 4589 1779 4644 ἰιι-ιο.
1820 4589 1954 4645 Octo

369 4680 576 4737 scilicet
605 4679 850 4748 exempla
884 4680 927 4733 is
957 4681 1023 4734 ad
1072 4697 1260 4736 manus
1309 4683 1516 4748 habuit,
1573 4692 1806 4751 quatuor
1847 4681 1956 4737 Go-

343 4750 530 4827 ‘tbicis
576 4771 792 4837 litteris,
834 4771 1057 4824 totidem
1111 4773 1314 4828 Latinis
1365 4750 1604 4828 exarata.
1639 4758 1958 4830 A‘mbrosius

374 4862 606 4918 Morales
635 4863 687 4916 in
739 4861 960 4917 scholis
989 4861 1052 4914 ad
1082 4863 1252 4916 sancti
1298 4861 1500 4930 Eulogii
1539 4861 1787 4917 Toletani
1838 4867 1955 4932 epi-

375 4955 528 5025 scopi
569 4961 624 5008 et
653 4953 904 5023 martyris
951 4963 1114 5020 caput
1148 4953 1377 5021 primum
1418 4952 1536 5005 libri
1569 4968 1604 5005 Il
1632 4952 1958 5008 Memorialis

375 5054 705 5108 sanctorum,
728 5043 949 5103 alterius
983 5056 1200 5111 quoque
1221 5041 1456 5110 ejusdem
1488 5043 1665 5110 operis
1693 5045 1953 5099 meminit.

2050 3857 2320 3918 habentur,
2363 3858 2541 3909 eadem
2567 3857 2730 3910 multo
2751 3859 3026 3930 uetustiora
3050 3860 3102 3912 in
3126 3860 3390 3916 nonnullis
3418 3863 3534 3916 aliis
3565 3863 3642 3917 οἱ-

2053 3948 2318 4002 bliotllecis
2342 3950 2719 4017 conspeximus.
2747 3945 3153 4004 LaudantPauli
3179 3949 3318 4006 hanc
3336 3951 3642 4020 historiam,

2052 4054 2173 4092 cum
2203 4038 2340 4092 idem
2368 4038 2598 4093 Morales
2635 4038 2753 4092 aliis
2782 4038 2913 4094 locis
2941 4039 3035 4106 (ln
3077 4033 3383 4112 Prolegom.
3413 4051 3545 4097 tom.
3578 4043 3639 4105 ll,

2053 4129 2154 4183 sub
2194 4127 2347 4183 titulo
2379 4127 2482 4182 Las
2528 4130 2727 4198 ayudos
2762 4147 2858 4200 que
2890 4117 3025 4197 litvo,
3074 4140 3131 4188 et
3168 4133 3259 4188 lib.
3292 4150 3372 4201 II,
3429 4150 3480 4190 ο.
3513 4135 3640 4205 72),

2057 4230 2169 4274 tum
2200 4221 2310 4286 alii,
2348 4228 2455 4274 tam
2497 4221 2667 4275 nostri
2721 4237 2881 4292 quam
2918 4223 3090 4277 exteri
3137 4224 3643 4296 scriptores(Baro-

2057 4312 2175 4367 nius
2205 4311 2271 4366 ad
2299 4327 2426 4365 ann.
2474 4309 2577 4364 589
2609 4322 2756 4367 tomo
2784 4312 2896 4367 Vll.
2930 4313 3167 4369 Mariana
3198 4315 3290 4372 lib.
3321 4332 3376 4384 v,
3407 4331 3524 4387 cap.
3551 4315 3640 4369 15.

2061 4399 2258 4456 Padilla
2315 4410 2457 4457 cent.
2508 4417 2599 4466 vu,
2633 4416 2754 4470 cap.
2788 4402 2878 4469 17,
2919 4402 3208 4473 pluresque
3237 4404 3347 4476 aliil
3376 4419 3513 4474 quos
3539 4403 3643 4459 Ta-

2057 4494 2232 4548 maius
2279 4493 2500 4562 collegit
2547 4495 2598 4548 in
2649 4494 2916 4564 principio
2959 4493 3453 4564 Notarum).loter
3503 4510 3644 4565 quos

2058 4585 2419 4657 Hieronymus
2471 4585 2749 4642 Romanus
2792 4587 3214 4656 Augustinianus
3242 4586 3312 4642 de
3351 4586 3644 4658 Republica

2059 4678 2349 4732 christiana
2381 4691 2548 4746 agens
2567 4677 2659 4732 lib.
2691 4695 2726 4740 ι,
2758 4694 2880 4749 cap.
2906 4677 2992 4743 15,
3029 4679 3081 4733 in
3111 4679 3222 4733 suis
3250 4678 3431 4735 Mundi
3459 4680 3645 4736 rebus-

2059 4767 2303 4836 publicis,
2359 4766 2629 4837 quoddam
2680 4766 2840 4834 hujus
2890 4768 3071 4838 operis
3117 4769 3422 4840 exemplum
3451 4785 3552 4824 ms.
3583 4785 3646 4826 se

2059 4854 2353 4909 rcdetuisse
2397 4855 2504 4919 ait,
2545 4865 2600 4910 et
2644 4855 2810 4909 veluti
2855 4872 2920 4910 ex
2951 4853 3074 4910 Orci
3115 4857 3358 4914 faucibus
3384 4859 3647 4927 eripuisse

2062 4965 2091 5002 a
2120 4949 2350 5018 quodam
2395 4949 2687 5019 bibliopola
2733 4949 3119 5018 Complutensi.
3151 4951 3278 5006 dum
3317 4951 3544 5021 perdere
3590 4952 3643 5004 id

2059 5040 2169 5110 jam
2199 5040 2397 5105 vellet;
2421 5048 2584 5110 atque
2613 5057 2732 5095 cum
2763 5041 2881 5096 aliis
2925 5042 3072 5096 libris
3096 5041 3367 5098 Toletanae
3395 5041 3656 5099 Ecclesia!

380 5138 579 5191 Paulus
632 5135 714 5189 hic
763 5133 1102 5188 Emeritensis
1144 5135 1298 5205 (Act.
1332 5133 1482 5202 Hisp.
1516 5134 1679 5188 illust.
1714 5145 1824 5189 tom
1865 5135 1953 5199 IV,
1990 5153 2037 5210 υ
2062 5131 2310 5184 donasse.
2346 5129 2528 5199 anue
2558 5147 2624 5186 eo
2645 5132 2855 5186 videtur
2883 5134 3160 5203 proposito
3183 5135 3251 5188 ab
3278 5143 3501 5190 auctore
3529 5133 3645 5187 fur-

377 5245 431 5297 p.
454 5227 594 5298 28?.)
625 5227 893 5289 diaconus,
927 5241 1042 5278 cum
1071 5223 1408 5280 Emerilcttsis
1437 5223 1681 5280 Ecclesia:
1725 5236 1774 5280 et
1819 5228 1955 5280 anti-

376 5325 549 5374 stitum
574 5323 686 5392 ejus
729 5319 997 5373 historiam
1046 5321 1353 5387 scripsisset,
1397 5327 1502 5371 tum
1541 5320 1694 5372 etiam
1735 5320 1798 5373 de
1837 5316 1955 5373 aliis

378 5415 571 5468 sanctis
611 5414 734 5466 ciris
782 5412 1017 5484 quaedam
1056 5410 1315 5480 adjunxil,
1359 5418 1523 5464 exalat
1549 5411 1703 5464 etiam
1729 5393 1956 5481 ejusdem

379 5505 634 5572 confessio
673 5504 930 5557 catholica
971 5501 1088 5574 (a).
1149 5502 1276 5566 Qua:
1327 5502 1427 5556 duo
1461 5519 1617 5573 opera
1668 5519 1795 5557 mss.
1853 5519 1957 5557 non

457 5657 554 5720 la)
597 5656 885 5726 Diligenter
911 5659 1084 5715 evolvi
1121 5659 1192 5715 cl.
1238 5658 1460 5713 Δηὼ-(ιω
1504 5657 1668 5713 Μεινςί
1717 5659 1961 5714 Burrielii

384 5735 631 5798 ercet-pta
659 5742 690 5780 e
711 5730 1034 5785 bibliotheca
1077 5729 1334 5784 Toletaua
1361 5745 1482 5798 qua:
1533 5731 1585 5783 in
1613 5730 1814 5798 regiam
1853 5730 1963 5784 Ma-

387 5796 665 5851 ttiteuseut
709 5811 1058 5869 concessere;
1100 5810 1209 5856 tum
1254 5796 1460 5869 nostra,
1513 5796 1963 5870 atq'te‘Escmiao

2061 5235 2238 5285 mata,
2289 5234 2351 5278 ut
2399 5225 2659 5294 exemplis
2718 5240 2898 5280 rerum
2939 5225 3104 5291 domi,
3151 5225 3258 5281 hoc
3307 5234 3391 5281 est
3430 5227 3484 5280 in
3515 5228 3647 5281 urbe

2062 5313 2382 5370 Emeritensi
2448 5315 2766 5370 mirabiliter
2831 5325 3162 5386 patratarum
3238 5317 3396 5372 fidem
3456 5332 3646 5373 eorum

2062 5406 2427 5469 confirmaret,
2483 5422 2600 5477 qua:
2656 5405 2724 5462 de
2778 5406 2938 5462 Italiae
2977 5423 3087 5462 suae
3133 5409 3402 5464 miraculis
3431 5419 3648 5466 sanctus

2063 5495 2356 5568 Gregorius
2409 5498 2556 5554 libris
2609 5514 2662 5554 tv
2716 5499 3060 5568 Dialogorum
3132 5500 3444 5570 collegerat.
3497 5498 3648 5566 Quos

2063 5661 2240 5717 lenses
2267 5678 2394 5718 mss.
2426 5664 2724 5732 catalogos,
2771 5663 2814 5717 si
2849 5663 2986 5718 forte
3016 5663 3067 5716 in
3099 5665 3236 5718 hanc
3266 5662 3414 5718 Pauli
3447 5660 3652 5716 Emeri-

2065 5733 2228 5856 tensi‘s
2255 5733 2639 5814 Gonfcssionem
2668 5735 2973 5789 catholicam
3029 5734 3344 5789 inciderem.
3390 5733 3495 5788 Sed
3534 5733 3652 5789 fru-

2065 5818 2091 5856 s
2117 5817 2175 5856 ra
2216 5819 2290 5856 ut.

2065 5817 2175 5859 sua
2196 5817 2290 5857 ΙυΙ.
