4032 6186
427 330 529 385 119

1643 323 1840 378 PAULI
1882 321 2253 378 EMERITANI
2295 324 2563 380 DIACUNI

3573 325 3675 384 +20

426 443 572 514 quod
600 441 651 497 ei
677 456 708 495 a
738 450 764 478 ⁸
794 439 1079 509 prteposito
1107 438 1283 502 cellzn,
1313 435 1605 491 venerabili
1645 435 1797 501 viro,
1827 435 1999 488 fuerat
2027 437 2075 494 A
2106 436 2284 490 multa:
2303 477 2318 503 ,
2341 436 2460 492 vela
2490 437 2789 493 holoserica
2817 439 3227 496 innumerabilia
3251 482 3266 506 ,
3297 447 3354 496 et
3381 457 3474 496 aer
3499 443 3675 499 tennis

425 535 765 602 delegatum,
794 540 1102 599 perageret;
1131 538 1357 598 repente
1394 528 1534 582 hunc
1573 526 1800 594 contigit
1837 540 2001 594 πει-ο-

426 633 567 680 tasse
594 640 608 675 :
638 635 866 694 cumque
895 619 961 673 ad
985 616 1014 655 δ
1038 634 1158 674 eum
1204 617 1552 682 visitandum,
1583 624 1642 670 ut
1682 615 1846 670 moris
1887 621 1999 677 est,

425 715 578 771 multi
619 712 975 775 ambularent,
1021 711 1372 779 crebriusque
1419 709 1532 775 ipse
1579 720 1878 776 pergerem,
1932 720 1999 760 en

426 804 621 861 accidit
658 809 818 857 nocte
845 800 1074 870 quadam
1105 799 1369 866 explicitis
1392 797 1694 869 vigiliarum
1723 795 2001 852 solemniis

429 897 574 971 (nam
616 896 668 950 itt
691 895 877 950 eadem
909 901 1092 947 sancta
1130 891 1369 947 Ecclesia
1405 906 1521 946 mos
1562 898 1646 944 cst
1669 927 1684 953 ,
1717 897 1774 943 ut
1811 887 2004 943 hiemis

426 996 671 1056 tempore
717 999 960 1040 seorsum
1019 995 1075 1044 ο,
1131 981 1448 1035 Matutinum
1517 977 1792 1040 oflicinm,
1859 976 2003 1032 facto

428 1073 715 1129 intervallo
768 1072 982 1127 modico
1031 1071 1347 1126 admittente
1398 1069 1626 1124 Domino
1677 1064 2001 1136 celebretur)

428 1180 537 1234 quo
583 1163 745 1232 igitur
797 1161 1056 1232 temporis
1102 1160 1407 1225 intervallo,
1449 1174 1569 1214 cum
1617 1158 1685 1212 ad
1719 1156 2002 1211 videndum

425 1271 549 1312 eum
590 1254 945 1324 perrexissem
972 1269 987 1316 ;
1012 1252 1390 1320 ingressusque
1423 1249 1647 1311 cellam,
1681 1249 1862 1316 inqua
1891 1246 2004 1316 ipse

425 1346 752 1410 recubabat,
782 1352 1036 1407 cunctos,
1075 1342 1165 1412 qui
1195 1341 1453 1404 aderant,
1484 1340 1556 1393 ita
1595 1337 1770 1409 reperi
1811 1352 2004 1408 sopore

426 1438 730 1506 depressos,
754 1443 814 1490 ut
841 1434 1012 1488 nullus
1028 1447 1212 1502 eorum
1239 1431 1305 1485 ad
1323 1429 1575 1484 miracula
1604 1428 1786 1482 fuisset
1813 1442 2008 1496 exper-

428 1526 688 1594 gefactus.
735 1523 988 1587 lniroivi,
1021 1523 1198 1576 lumen
1244 1535 1372 1576 vero
1419 1518 1560 1588 quod
1606 1518 1679 1572 ibi
1721 1532 2004 1572 accensum

429 1624 545 1671 erat
586 1614 906 1671 exstinctum
957 1612 1176 1678 inveni;
1217 1610 1310 1680 qui
1355 1609 1599 1681 protinus
1646 1622 1834 1662 omnes
1881 1615 2006 1662 ante

431 1723 552 1764 eum
600 1708 839 1778 iacentes
891 1717 1219 1773 consurgere
1267 1701 1484 1765 mosmi.
1533 1710 1588 1755 et
1639 1700 1816 1754 lumen
1862 1697 2005 1768 quod

2102 525 2313 582 ﬂabrari
2343 527 2538 598 frigore
2585 528 2712 584 flatu
2765 547 2864 586 suo
2913 541 3104 587 cuncta
3159 533 3489 602 refrigerans
3536 551 3550 586 :
3602 534 3671 588 ibi

2101 618 2263 673 etiam
2291 619 2396 675 vidi
2427 619 2584 675 sedes
2612 621 3025 678 innumerabiles
3067 623 3272 692 positas
3319 623 3385 676 ad
3433 621 3674 678 dextram

2103 708 2396 780 ltevamque
2420 753 2436 778 ,
2468 711 2521 766 in
2553 711 2731 767 medio
2759 728 2888 768 vero
2938 712 3163 767 multum
3191 712 3473 768 sublimior
3500 713 3676 782 posita

2101 806 2480 874 praeminebat;
2513 807 2583 860 ibi
2625 820 2858 874 namque
2894 806 3143 861 astabant
3180 805 3334 876 pueri
3373 805 3680 860 innumera-

2101 892 2256 960 biles,
2288 909 2477 950 omnes
2497 894 2698 958 ornati,
2727 903 2780 949 et
2808 895 3015 964 pulchri
3047 903 3411 966 prmparantes
3435 909 3676 960 mensas,

2103 990 2159 1038 et
2175 984 2475 1039 convivium
2497 983 2782 1049 eximium,
2807 1000 2913 1038 non
2941 984 3007 1039 de
3031 985 3277 1054 qualibet
3307 985 3514 1056 pecude
3535 1025 3551 1050 ,
3585 984 3682 1039 sed

2105 1079 2192 1126 tan
2221 1088 2309 1127 um
2358 1074 2426 1128 de
2468 1073 2706 1128 altllibus
2759 1073 2937 1129 omnis
2995 1073 3289 1143 parabatur
3353 1073 3681 1130 ferculorum

2103 1160 2277 1230 copia,
2305 1170 2361 1217 et
2387 1164 2564 1217 omnia
2595 1177 2713 1232 qua:
2736 1163 3060 1233 parabantur
3086 1172 3240 1218 erant
3261 1163 3485 1219 candida
3508 1163 3681 1218 instar

2103 1248 2276 1314 nivis,
2322 1258 2378 1304 et
2415 1251 2862 1321 przestolabantnr
2905 1250 3190 1308 adventum
3220 1252 3300 1307 sui
3351 1253 3514 1321 regis.
3545 1251 3684 1306 Tum

2103 1343 2297 1399 deinde
2325 1358 2426 1413 ego
2457 1345 2698 1416 indignus
2729 1347 2927 1418 (opera:
2953 1345 3186 1416 pretium
3235 1346 3366 1400 mihi
3396 1345 3686 1400 arbitratus

2103 1433 2250 1500 fore,
2288 1443 2446 1489 tanttic
2471 1435 2548 1489 rei
2576 1435 2889 1490 miraculum
2913 1474 2933 1498 ,
2963 1435 3007 1490 si
3038 1434 3247 1504 plenius
3287 1433 3552 1489 referente
3592 1433 3686 1487 illo

2105 1524 2366 1598 audirem)
2390 1525 2476 1580 aio
2499 1524 2565 1580 ad
2593 1540 2714 1580 eum
2747 1543 2761 1579 :
2791 1525 2884 1580 Dic
2913 1525 3070 1593 mihi,
3090 1525 3340 1589 obsecro,
3366 1524 3492 1579 dum
3517 1523 3684 1588 istud,

2106 1614 2249 1684 quod
2297 1630 2480 1670 narras
2519 1615 2807 1685 parabatur
2828 1657 2843 1682 ,
2877 1623 2932 1670 tu
2959 1615 3087 1686 quid
3117 1615 3395 1670 faciebas?
3423 1613 3516 1669 [lle
3557 1629 3688 1669 vero

2108 1704 2426 1774 respondit:
2469 1703 2716 1759 Omnium
2761 1703 2923 1776 pedes
2977 1703 3291 1772 osculabar,
3332 1713 3388 1758 et
3425 1702 3497 1757 illi
3544 1702 3690 1757 dice-

431 1801 754 1856 exstinctum
818 1799 1032 1864 fuerat,
1092 1799 1268 1852 denuo
1321 1797 1620 1853 at'cenlere
1675 1796 1930 1865 imperavi
1986 1809 2001 1847 :
2040 1812 2078 1868 ῃ
2109 1792 2239 1848 bant
2269 1809 2283 1847 :
2315 1793 2632 1849 Benedictus
2659 1793 2822 1860 Deus,
2849 1793 2940 1863 qui
2983 1803 3034 1847 te
3083 1793 3220 1847 bene
3269 1791 3512 1847 adduxit.
3553 1790 3689 1845 Dtttn

435 1892 780 1964 adhibitoque
796 1908 917 1947 mox
941 1892 1160 1956 lumine,
1185 1890 1460 1960 prtefatum
1475 1889 1790 1955 Augustum,
1813 1902 2005 1956 quern-

433 1983 719 2040 admodum
773 1998 834 2040 se
880 1981 1122 2046 haberet,
1151 1980 1459 2036 sciscitatus
1493 1993 1632 2034 sunt.
1663 1977 1732 2032 At
1777 1977 1867 2032 ille
1916 1976 2008 2030 in-

431 2074 584 2137 quit:
611 2070 870 2142 Equidem
916 2079 1175 2140 quantum
1222 2069 1290 2124 ad
1320 2068 1598 2141 praesentis
1629 2067 1862 2138 pertinet
1890 2067 2010 2120 vitze

432 2179 603 2232 spem,
635 2161 808 2216 fateor
829 2160 900 2215 ita
925 2159 1035 2228 jam
1063 2175 1251 2214 omnes
1275 2159 1520 2228 corporis
1550 2157 1654 2212 mei
1687 2165 1834 2212 artus
1861 2171 2010 2210 reso-

434 2256 611 2325 lutos,
633 2263 693 2310 ut
717 2255 848 2309 nihil
877 2253 1070 2308 virium
1112 2256 1333 2308 omnino
1371 2250 1720 2315 remanserit;
1752 2257 2008 2319 quantum

435 2362 563 2402 vero
584 2346 816 2416 pertinet
843 2344 911 2398 ad
937 2358 1089 2415 spem
1118 2343 1632 2408 vitte\aiterna:,,non
1662 2339 1835 2394 solum
1860 2352 2010 2407 spem

325 2446 338 2460 ‘
436 2436 633 2491 habere
654 2448 740 2489 me
767 2433 974 2504 gaudeo
999 2475 1015 2501 ,
1041 2446 1228 2486 verum
1250 2430 1414 2485 etiam
1443 2430 1616 2500 ipsum
1647 2428 1770 2482 vita:
1797 2435 2012 2481 arterntc

436 2536 711 2584 auctor-1n
747 2523 1030 2580 Dominum
1052 2521 1234 2579 Jesutn
1254 2519 1529 2576 Christum
1550 2534 1672 2574 cum
1701 2515 2010 2587 angelorum

437 2620 706 2684 catervis,
749 2625 912 2684 atque
953 2615 1193 2669 omnium
1234 2622 1544 2669 sanctorum
1593 2609 2012 2666 innumerabiles

437 2706 837 2772 multitudines,
857 2719 942 2758 me
967 2703 1164 2759 vidisse
1185 2702 1466 2759 conﬁteor.
1497 2701 1738 2770 Dumque
1760 2700 1875 2754 hinc
1893 2714 2014 2767 qua:

439 2798 666 2855 vidisset
693 2796 962 2852 audissem
982 2834 997 2859 ,
1029 2795 1211 2849 statim
1255 2794 1310 2848 in
1339 2801 1616 2863 stuporem
1644 2805 1830 2846 versus
1854 2790 2016 2845 vehe-

443 2903 652 2949 menter
677 2891 999 2960 cotttremui,
1024 2900 1184 2959 atque
1208 2901 1266 2944 ut
1294 2888 1424 2944 mihi
1446 2897 1635 2945 cuncta
1664 2903 1785 2958 qute
1816 2887 2017 2942 viderat

442 2983 714 3054 sigillatim
742 2991 1006 3047 narraret,
1029 2980 1055 3018 ά
1079 2979 1387 3051 deprecavi.
1411 2978 1491 3034 Ad
1535 2978 1669 3045 hinc,
1693 2978 1861 3048 inquit
1890 2977 2013 3032 ille:

441 3074 634 3130 Testor
657 3073 938 3129 Dominum
960 3071 1082 3127 cmli
1104 3080 1160 3126 et
1179 3079 1357 3135 terras,
1403 3085 1490 3125 me
1511 3069 1604 3123 tibi
1628 3067 2017 3138 pbantasticam

443 3166 699 3222 visionem
751 3163 950 3218 nullam
1001 3161 1236 3224 referre;
1290 3160 1422 3225 sed,
1473 3168 1535 3215 ut
1589 3159 1756 3229 magis
1801 3157 2015 3220 credas,

442 3255 615 3310 fateor
641 3253 802 3308 etiam
831 3253 923 3306 tibi
947 3267 1034 3307 tne
1057 3253 1160 3308 hac
1189 3261 1349 3307 nocte
1377 3251 1597 3306 minime
1624 3250 1925 3305 dormiisse.
1956 3249 2021 3304 Et

443 3346 567 3397 dum
599 3343 712 3398 hac
759 3341 1016 3406 dixisset,
1068 3341 1142 3395 ita
1197 3354 1426 3395 exorsus
1476 3347 1604 3394 est:
1654 3339 1746 3393 Fui
1801 3339 1853 3393 in
1901 3339 2023 3395 loco

449 3447 684 3496 amanto,
707 3431 797 3487 ubi
819 3439 974 3485 erant
1011 3429 1162 3484 multi
1191 3427 1445 3484 odoriferi
1476 3428 1664 3494 liores,
1692 3427 1871 3482 beba:
1898 3428 2024 3482 viri-

446 3523 708 3587 dissimze,
738 3535 874 3577 rosa:
901 3529 957 3576 et
973 3519 1079 3574 lilia
1098 3561 1114 3589 ,
1143 3529 1199 3575 et
1225 3533 1440 3575 corona:
1469 3534 1534 3574 ex
1562 3519 1784 3588 gemmis
1808 3527 1864 3574 et
1890 3535 2024 3576 auro

445 3683 529 3747 qui
557 3682 611 3734 in
636 3683 774 3732 clero
800 3678 1012 3744 puberes
1041 3691 1130 3729 aut
1169 3675 1513 3730 adolescentes
1553 3677 1816 3747 existunt,
1846 3693 2021 3730 omnes

446 3746 500 3805 in
531 3767 632 3803 uno
669 3748 896 3802 conclavi
925 3749 1044 3802 atrii
1071 3756 1466 3802 commorantur.
1517 3756 1570 3797 ut
1603 3746 1812 3800 lubrica:
1855 3748 2024 3800 relatis

447 3837 611 3877 annos
641 3835 741 3872 non
788 3819 843 3872 in
890 3818 1096 3871 luxuria
1132 3817 1222 3870 sed
1263 3818 1316 3868 in
1356 3815 1641 3883 disciplinis
1667 3816 2021 3869 ecclesiasticis

449 3899 626 3957 agant.
653 3889 879 3954 deputati
903 3885 1261 3957 probatisimo
1287 3886 1476 3957 seniori
1497 3924 1512 3946 ,
1542 3900 1689 3957 quem
1721 3886 2022 3957 magistrum

448 3953 696 4014 doctrina:
713 3953 764 4008 et
791 3967 966 4009 testem
987 3957 1104 4008 uiue
1125 3953 1364 4008 habeant.
1396 3953 1528 4008 Hinc
1555 3953 1824 4007 seminarii
1857 3954 1986 4007 cleri
2003 3984 2019 3994 -

448 4047 480 4083 c
501 4043 634 4081 trum
662 4025 924 4080 institutio
953 4034 1093 4087 orta,
1124 4038 1283 4090 quam
1314 4022 1616 4077 Alexander
1643 4021 1730 4088 IV,
1754 4031 1808 4078 et
1827 4023 2016 4078 concil.

450 4098 700 4152 Lateran.
733 4111 770 4159 t,
799 4110 920 4164 cap.
955 4093 1042 4164 ll,
1072 4092 1354 4164 disposuit.

522 4167 612 4238 07A
628 4161 920 4238 prtcposito.
946 4163 1037 4238 βία
1057 4161 1205 4217 illum
1231 4171 1392 4238 vocat
1409 4161 1601 4218 concil.
1633 4179 1667 4218 ll
1685 4201 1708 4238 ,_
1733 4161 1933 4238 :l‘olet.,
1965 4179 2017 4217 c.

455 4239 506 4304 1,
532 4231 814 4304 Quietiatn
848 4234 1018 4289 senior
1045 4245 1100 4288 et
1119 4233 1367 4304 magister
1381 4233 1432 4304 in
1449 4249 1518 4304 tv,
1541 4248 1660 4302 cap.
1688 4231 1772 4304 HJ
1801 4231 2018 4304 dicitur.

524 4301 917 4364 1"Visitaitdttnt
955 4312 1010 4357 ut
1038 4301 1320 4358 morisest.
1353 4301 1613 4356 Ntmirutn
1639 4311 1694 4357 et
1734 4301 2022 4368 Sapientia:

451 4378 758 4446 praescripto
799 4391 848 4429 c.
879 4375 908 4426 7
930 4415 945 4440 ,
987 4372 1188 4446 Eccles.
1227 4370 1403 4446 on
1438 4382 1486 4425 te
1514 4374 1684 4446 pigeat
1708 4373 1912 4446 visitare
1939 4373 2024 4424 itt-

451 4440 697 4516 ftrmumi
716 4444 800 4516 Ea:
827 4445 906 4516 Itis
933 4445 1083 4516 enim
1113 4445 1166 4516 in
1214 4443 1484 4498 dilectione
1506 4440 1950 4516 ﬁfmabcriahUn
1970 4445 2021 4516 te

452 4509 703 4606 illlllla’lhi
745 4513 922 4606 Nltl'l'lf.
950 4513 1088 4580 apud
1117 4515 1476 4606 §ozomenutn
1504 4512 1598 4594 lib.
1633 4530 1701 4572 vt.
1733 4529 1782 4565 ρ.
1815 4509 1927 4606 ξιοε
1958 4514 2018 4606 Si
2052 4549 2097 4606 ο

453 4585 567 4656 quis
597 4585 727 4656 forte
767 4583 918 4656 absit,
949 4598 1062 4636 eum
1088 4586 1269 4656 abesse
1285 4583 1437 4648 plane
1461 4583 1671 4656 invitum
1697 4590 1918 4656 constat,
1941 4581 2016 4635 rel

453 4651 780 4721 a'ﬂictatione
823 4654 995 4722 aliqua
1036 4655 1112 4704 vel
1140 4652 1314 4706 morbo
1359 4655 1718 4721 praepeditum,
1769 4651 1837 4706 ad
1876 4669 2018 4722 quem

453 4727 715 4777 risendum
762 4721 1140 4790 curandumque
1185 4739 1286 4775 non
1320 4739 1494 4774 omnes
1535 4725 1709 4776 statim
1756 4732 1904 4784 eunt,
1932 4723 2022 4775 sed

453 4794 610 4848 variis
646 4789 952 4860 temporibus
989 4792 1200 4858 singuli,
1227 4791 1470 4860 quidquid
1497 4792 1679 4845 habent
1704 4794 1772 4844 ad
1791 4794 2022 4846 morbum

455 4862 721 4918 levandum
745 4860 1202 4915 accommodatum.
1226 4876 1397 4912 secum
1419 4861 1672 4929 deferunt.

529 4943 552 4972 ο
576 4931 887 4986 Matutinunt
917 4931 1151 4999 o{ﬁcium.
1179 4929 1405 4982 Isidorus
1441 4928 1493 4982 vi
1519 4967 1533 4988 ,
1559 4928 1703 4995 Orig.
1725 4971 1740 4995 ,
1769 4946 1888 4999 cap.
1924 4930 2017 4983 l9:

395 5054 402 5065 ,
456 5002 772 5058 Matutinum
797 4997 1014 5070 alliciunt
1041 5010 1116 5052 est
1140 5001 1192 5054 in
1212 5000 1341 5070 fucis
1380 5000 1524 5055 initio
1553 5000 1754 5070 a_8_l0lb(t
1785 4997 2021 5070 Lucifero

455 5067 918 5144 appellatunyqute
936 5071 1101 5144 oritur
1113 5069 1383 5144 inchoante
1396 5067 1694 5144 m_a_ne._Nec
1711 5067 2026 5144 absintiliter

462 5136 711 5198 lt'a'banus
754 5136 1000 5205 Maurus,
1040 5155 1056 5193 ι
1086 5137 1254 5193 lnstit.
1287 5154 1405 5203 cap.
1439 5139 1523 5192 ll.
1556 5136 1662 5192 Pro
1688 5137 1881 5206 quibus
1917 5146 2026 5192 stat

456 5213 845 5268 vetustissimus
857 5209 1274 5265 Christianorum
1296 5217 1528 5262 catinum
1547 5223 1690 5272 usus,
1711 5209 1778 5262 ab
1797 5208 2025 5263 ethnicis

459 5284 622 5338 etiam
649 5281 978 5337 observatus.
1006 5276 1230 5343 Plinius,
1250 5280 1406 5345 epist.
1436 5278 1525 5342 97,
1551 5277 1704 5339 Iib.x,
1724 5275 2020 5345 adTrajan.

457 5361 514 5404 et
540 5367 611 5407 ex
649 5368 717 5408 eo
745 5350 1054 5404 Trrtullian.
1088 5363 1207 5416 cap.
1239 5347 1302 5412 2,
1336 5348 1560 5416 Apolog.
1589 5363 1604 5408 ;
1649 5346 1906 5401 Eusebius
1936 5363 2021 5412 ttt,

464 5421 606 5476 Eccl.
639 5422 765 5476 bist.
794 5421 893 5485 33,
923 5427 979 5475 et
1019 5417 1307 5486 Nicephor.
1339 5417 1404 5482 5,
1436 5433 1555 5486 cap.
1591 5416 1678 5470 l7.
1706 5417 1858 5471 Soliti
1887 5427 2024 5471 stata

461 5491 544 5544 die
593 5503 712 5546 ante
749 5491 912 5546 lucem
947 5489 1244 5552 convenire,
1270 5503 1590 5558 carmenque
1617 5487 1848 5558 Christo,
1879 5487 2027 5558 quasi

461 5558 594 5623 Deo,
625 5563 792 5615 dicere
812 5577 981 5615 secum
1005 5559 1233 5613 invicem.
1267 5556 1432 5621 Bene,
1458 5557 1554 5612 sed
1585 5557 1746 5612 etiam
1773 5559 1823 5610 in
1855 5556 2025 5610 media

464 5637 624 5684 nocte
671 5629 784 5684 tieri
833 5631 973 5696 apud
1019 5630 1266 5696 antiquos
1315 5636 1477 5682 testes
1523 5635 1649 5696 sunt
1695 5625 1926 5680 Hilarius
1973 5627 2026 5679 in

465 5696 607 5752 Psal.
659 5713 814 5762 xvm;
865 5695 1180 5758 Bernar-lus.
1231 5698 1405 5751 Serm.
1437 5697 1503 5752 de
1549 5695 1754 5750 duobus
1805 5697 2026 5765 discip.;

463 5769 826 5839 tjbrysologns
869 5784 1030 5839 scrin.
1063 5767 1160 5831 59;
1204 5767 1448 5834 prmam
1491 5767 1559 5839 de
1609 5765 1670 5839 Β.
1701 5766 2026 5839 Abrahamo;

469 5836 734 5893 Palladius
763 5837 828 5890 de
858 5836 1046 5890 A-iulio
1071 5839 1333 5895 monacho
1357 5853 1472 5908 cap.
1497 5837 1565 5892 30
1583 5854 1594 5903 ;
1626 5836 1805 5892 I‘arad.
1836 5836 2028 5892 Herae.

2107 1888 2222 1941 lttec
2252 1901 2382 1940 vero
2411 1886 2653 1942 dicerent
2674 1926 2689 1950 ,
2719 1895 2776 1941 et
2813 1901 2974 1940 omne
3018 1885 3374 1940 ministerium
3422 1899 3690 1954 prmpara-

2107 1983 2249 2042 rent,
2277 1975 2455 2032 subito
2485 1975 2701 2030 advenit
2723 1976 2910 2045 ingens
2935 1974 3220 2030 multitudo
3249 1973 3690 2039 candidatorum,

2107 2081 2296 2121 omnes
2321 2081 2454 2122 auro
2477 2077 2532 2122 et
2559 2065 2821 2135 lapidibus
2865 2065 3118 2135 pretiosis
3159 2064 3370 2128 ornati,
3394 2071 3450 2118 et
3476 2063 3693 2119 coronis

2108 2155 2446 2210 rutilantibus
2493 2155 2726 2210 redimiti
2753 2172 2766 2221 ;
2797 2163 2853 2210 et
2880 2170 2983 2210 una
3011 2154 3154 2209 acies
3185 2154 3351 2224 ipsius
3389 2152 3692 2208 multitudi-

2111 2247 2194 2301 nis
2219 2247 2284 2300 ad
2311 2247 2551 2302 dextram
2571 2288 2587 2313 ,
2616 2247 2719 2301 alia
2749 2262 2876 2302 vero
2915 2247 2983 2301 ad
3022 2246 3208 2301 lzevam
3241 2255 3450 2316 partem
3482 2246 3694 2314 gradie-

2109 2336 2268 2391 batur
2293 2354 2306 2390 :
2337 2337 2389 2392 in
2421 2336 2598 2393 medio
2626 2347 2806 2392 autem
2851 2353 3039 2394 eorum
3069 2337 3320 2392 veniebat
3347 2336 3427 2390 vir
3453 2335 3695 2406 splendi-

2111 2427 2361 2483 dissimus
2386 2469 2402 2495 ,
2434 2427 2762 2497 nimiumque
2794 2428 3208 2498 pulcherrimus,
3238 2427 3406 2484 forma
3429 2429 3693 2496 decorus,

2113 2530 2333 2590 aspectu
2358 2520 2640 2590 gloriosus,
2667 2529 2874 2576 statura
2907 2522 3182 2593 procerior
3209 2524 3434 2588 cunctis,
3468 2523 3696 2578 lucidior

2113 2613 2249 2678 sole,
2280 2612 2556 2668 candilior
2578 2615 2730 2680 nive;
2754 2615 3376 2684 cumquepervenissent
3395 2613 3460 2670 ad
3489 2631 3695 2686 praepa-

2115 2711 2262 2757 ratas
2305 2703 2495 2768 sedes,
2523 2702 2665 2758 sedit
2709 2704 2978 2772 pulchrior
3024 2704 3114 2759 ille
3146 2705 3228 2760 vir
3264 2705 3316 2759 in
3356 2706 3696 2762 eminentiori

2115 2796 2272 2851 loco:
2299 2795 2478 2850 cxcteri
2519 2795 2858 2866 procidentes
2882 2796 3274 2868 adorantesque
3300 2814 3422 2853 eum
3439 2840 3456 2864 ,
3481 2799 3698 2856 resede-

2117 2895 2242 2942 runt
2299 2885 2353 2942 iu
2401 2885 2620 2942 sedibus
2661 2888 2790 2944 suis.
2859 2888 3050 2944 Statim
3111 2889 3346 2958 denique
3419 2890 3695 2945 benedixit

2117 2994 2336 3047 omnes;
2391 2987 2447 3034 at
2491 2979 2564 3034 illi
2613 2979 2970 3037 adoraverunt
3018 2982 3211 3039 semel.
3259 2991 3314 3037 et
3362 2983 3577 3049 iterum,
3626 2999 3697 3038 ac

2121 3068 2310 3134 tertio;
2361 3067 2553 3124 deinde
2602 3069 2921 3125 ferculorum
2969 3071 3288 3142 prmparatio
3325 3075 3567 3142 apposita
3610 3080 3697 3126 est

2048 3188 2094 3250 ρ
2124 3159 2219 3250 illi.
2252 3159 2386 3250 Dum
2415 3160 2700 3230 coepissent
2726 3161 2930 3232 epulari
2955 3204 2972 3231 ,
3011 3162 3147 3216 dixit
3168 3161 3256 3218 ille
3298 3163 3570 3233 speciosus
3610 3162 3696 3217 vir

2123 3248 2214 3316 qui
2245 3248 2465 3304 sedebat
2493 3250 2788 3318 excelsior,
2816 3249 2885 3305 ad
2919 3266 3014 3306 eos
3038 3253 3129 3322 qui
3159 3252 3360 3307 circum
3390 3253 3639 3308 astabant
3675 3269 3691 3305 :

2123 3339 2330 3408 Aliquis
2379 3339 2468 3395 hic
2507 3341 2738 3395 rusticus
2787 3343 2906 3396 est?
2950 3341 3034 3396 llli
3081 3357 3212 3398 vero
3257 3343 3692 3412 responderunt:

2123 3428 2308 3494 Adest,
2343 3427 2588 3488 Domine.
2620 3427 2754 3484 Tum
2783 3428 2998 3485 demum
3025 3430 3115 3486 ille
3143 3448 3158 3485 :
3184 3430 3543 3486 Prtesentetur
3563 3445 3698 3484 con-

2120 3517 2331 3589 spectui
2357 3532 2500 3573 meo.
2527 3515 2640 3587 Ego
2659 3525 2840 3574 autem
2861 3519 3070 3574 stabam
3094 3535 3125 3574 a
3153 3519 3327 3591 longe,
3349 3526 3405 3575 et
3427 3518 3694 3586 intuebar,

2123 3671 2346 3744 Basilius
2371 3670 2441 3726 de
2469 3671 2751 3744 [donacbis
2766 3681 3023 3744 tempore
3056 3671 3427 3744 Cbrysostomi
3456 3672 3695 3744 viventi-

2121 3742 2242 3814 bus,
2271 3740 2569 3814 serm._20;
2593 3742 2805 3814 dealiis
2838 3743 2948 3797 alii.
2982 3743 3114 3798 Nam
3142 3740 3277 3798 teste
3298 3741 3534 3813 ﬂiSpanu
3559 3743 3696 3814 piis-

2119 3812 2258 3870 simo
2287 3820 2409 3868 vate
2434 3810 2723 3868 Prudentio
2750 3831 2763 3865 :

2487 3891 2604 3942 Post
2625 3891 2741 3941 solis
2760 3900 2918 3941 ortum
2941 3892 3105 3953 fulgidi

2487 3954 2664 4015 Serum
2689 3961 2764 4003 est
2784 3953 2946 4004 cubile
2967 3966 3229 4015 spernere,
3253 3959 3260 3964 '

2489 4013 2544 4076 Ni
2572 4021 2709 4076 parte
2732 4019 2885 4064 noctis
2904 4015 3060 4063 addita

2492 4075 2706 4136 Tempus
2734 4076 2886 4125 labori
2910 4077 3167 4135 adieceris.

2119 4143 2288 4210 Quam
2340 4144 2779 4200 consuetudinem
2811 4144 2997 4200 Patres
3041 4144 3292 4200 Ecclesia:
3347 4145 3692 4201 Emeritensis

2124 4216 2444 4282 observasse
2472 4214 2594 4268 hinc
2625 4214 2825 4282 liquido
2853 4222 3086 4269 constat.

2191 4280 2218 4320 ἀ
2253 4283 2553 4353 Deprecari.
2587 4282 2654 4338 Ut
2681 4280 2854 4354 paulo
2892 4293 3018 4340 ante
3051 4285 3301 4338 sciscitavi
3329 4285 3439 4349 ;ila
3469 4285 3519 4338 in
3565 4285 3692 4337 ll~s.

2122 4355 2388 4413 omnibus,
2420 4369 2519 4408 nec
2548 4354 2840 4418 immutavi,
2881 4370 3002 4409 cum
3027 4355 3091 4408 ad
3122 4370 3242 4408 eam
3291 4357 3543 4424 scriptum
3572 4370 3692 4406 nor-

2124 4440 2262 4496 mam
2303 4423 2767 4496 animadverterim
2791 4463 2808 4489 ,
2835 4439 2953 4494 quin
2985 4425 3041 4480 in
3087 4425 3312 4480 vetustis
3337 4423 3695 4496 scriptoribus

2124 4495 2320 4564 passim
2345 4496 2610 4560 occurrit;
2641 4492 2915 4562 Afranius,

2310 4592 2714 4654 Experjorabant,
2737 4595 3056 4643 exsecrabant
3076 4607 3130 4642 se
3153 4605 3210 4642 ac
3231 4606 3344 4642 suos

2126 4654 2404 4710 Titennius
2419 4695 2435 4721 ,

2210 4807 2214 4811 _
2309 4746 2469 4797 Laudo
2492 4744 2619 4808 quod
2642 4745 2849 4796 osculari
2874 4747 3106 4807 privignae
3128 4752 3288 4808 caput.

2125 4828 2368 4890 Plautus,

2310 4915 2482 4963 Invoco
2505 4928 2588 4964 vos
2612 4914 2738 4963 lares
2760 4913 2944 4972 Diales,
2972 4921 3021 4961 ut
3046 4927 3124 4961 me
3151 4915 3334 4963 tutetis.

2129 4996 2196 5078 Et
2225 4997 2274 5078 id
2294 4999 2766 5078 _genus_sex_centis
2788 4998 2926 5078 apud
2955 4997 3190 5078 Festum.
3219 4997 3507 5078 Nonnium,
3526 4996 3687 5078 alios.

2129 5067 2242 5122 Nisi
2294 5069 2399 5123 boc
2452 5067 2744 5126 simplicius
2799 5067 3231 5137 interpretemur,
3280 5075 3338 5121 et
3375 5067 3689 5137 scriptorem

2131 5146 2372 5206 nostrum
2399 5153 2521 5191 cum
2550 5137 2608 5193 S.
2636 5139 2899 5206 Prospero
2921 5135 2972 5191 iii
3001 5149 3111 5202 Heg.
3137 5152 3403 5191 commun.
3436 5136 3590 5202 epist.
3626 5135 3690 5206 ad
3751 5145 3760 5154 ‘

2129 5205 2271 5276 Μαι).
2305 5223 2360 5261 tt.
2410 5207 2495 5270 i5,
2537 5205 3174 5275 aliisque’ecclesiasticis
3219 5206 3566 5262 scriptoribus
3615 5205 3691 5276 sic

2134 5274 2440 5343 loquentem
2479 5274 2751 5332 audiamus
2782 5295 2795 5329 :
2832 5276 2906 5330 De
2943 5277 3268 5330 accuratione
3307 5276 3546 5329 dictionis
3583 5274 3689 5326 elao

2131 5345 2311 5400 borata
2349 5364 2452 5400 non
2507 5356 2725 5417 satago;
2774 5363 2864 5399 nec
2916 5347 3038 5400 milii
3081 5347 3265 5417 pudori
3305 5355 3385 5417 est
3433 5347 3476 5417 si
3517 5345 3690 5417 dispu-

2130 5422 2256 5488 tatio
2277 5433 2410 5480 mea,
2437 5433 2546 5488 qua
2575 5414 2706 5486 forte
2729 5417 2977 5488 probatur
2993 5417 3046 5468 in
3068 5415 3214 5469 rebus
3241 5416 3438 5488 aliquos
3461 5414 3689 5488 inanium

2127 5485 2389 5540 verborum
2411 5482 2682 5541 sectatores
2727 5487 2938 5540 horrore
2962 5487 3232 5554 incompta:
3251 5482 3500 5538 orationis
3527 5482 3689 5554 oﬂ'en-

2127 5557 2238 5608 dat.
2287 5556 2419 5620 Quia
2473 5560 2634 5613 (teste
2680 5555 2938 5622 Gregorio
2989 5551 3199 5622 Magno,
3233 5554 3438 5618 praefat.
3494 5554 3544 5605 itt
3599 5551 3688 5604 lib.

2128 5624 2341 5692 Μυκη.)
2381 5627 2648 5692 indignum
2692 5625 3005 5678 vehementer
3031 5621 3298 5684 existimo,
3327 5633 3382 5676 ut
3410 5621 3558 5692 verba
3594 5636 3690 5692 (φτ

2129 5695 2272 5748 testis
2316 5689 2512 5750 oraculi
2543 5697 2847 5764 restringunt
2878 5693 2968 5746 sub
2995 5696 3183 5763 regulis
3216 5691 3513 5764 Donatiald
3540 5689 3689 5746 multi

2132 5781 2200 5819 ex
2225 5767 2452 5834 antiquis
2488 5762 2748 5820 Patribus'
2765 5762 3139 5832 opinabantur.
3187 5764 3327 5818 Snus
3365 5762 3556 5831 cuique
3595 5773 3688 5830 ge-

2130 5836 2280 5902 nius;
2312 5853 2404 5891 sua
2430 5836 2680 5905 cujusque
2709 5836 2804 5889 avi
2836 5839 2970 5890 ratio
2995 5835 3152 5890 etiam
3182 5843 3279 5890 est.
