4032 6186
314 344 409 402 121

1353 348 1438 403 DE
1481 348 1633 403 ma
1674 336 1953 405 enavit
1989 345 2515 449 EttERtTENSIpu.

3467 350 3567 405 122

315 468 367 513 et
411 458 836 526 conspiciebam;
866 456 1097 527 dumque
1133 467 1484 529 przesentatus
1511 460 1729 515 fuissem
1773 461 1891 529 ejus
1916 466 1965 521 Α
1994 464 2338 526 peccatorum
2372 460 2603 527 primus,
2638 462 2820 517 Levita
2859 464 3076 531 Christi,
3122 465 3568 536 quemadmodum

314 549 589 606 obtutibus
608 592 623 614 ,
653 550 794 618 ccepi
839 550 1185 605 vehementer
1230 560 1603 617 contremere;
1635 550 1726 604 ille
1758 565 1889 605 vero

314 643 450 697 dixit
476 642 607 697 mibi
640 659 653 695 :
684 641 802 696 Noli
830 643 1050 707 timere,
1084 642 1154 697 lili
1179 681 1196 709 ,
1239 643 1406 697 transi
1454 651 1576 711 post
1617 642 1890 711 scapulam

315 746 525 795 meam,
579 739 637 785 et
680 730 769 786 bic
804 739 916 795 sta;
959 740 1014 785 et
1059 731 1291 800 adjecit:
1337 731 1458 785 Noli
1501 732 1716 798 timere;
1753 731 1891 786 scito

314 821 441 890 quia
462 829 737 891 protector
759 830 878 875 tuus
902 836 1014 887 ero,
1040 836 1314 890 nunquam
1338 822 1432 875 tibi
1462 820 1660 890 aliquid
1686 821 1889 887 deerit,

315 924 418 979 ego
450 918 501 973 te
537 924 750 980 semper
787 925 1024 979 pascam,
1057 925 1157 980 ego
1182 920 1235 966 te
1267 926 1479 981 semper
1506 911 1760 974 vestiam,
1792 924 1892 979 ego

318 1008 373 1052 te
414 998 558 1054 omni
605 1006 849 1068 tempore
893 1008 1207 1067 protegam,
1247 1008 1303 1053 et
1346 1014 1619 1067 nunquam
1668 999 1894 1053 derelin-

317 1104 500 1159 quam.
558 1086 704 1143 Illico
757 1103 991 1159 namque
1043 1087 1114 1143 de
1164 1088 1355 1143 eodem
1412 1087 1661 1143 convivio
1714 1101 1894 1142 escam

316 1181 687 1250 poculunque,
726 1180 885 1250 quale
924 1195 1196 1249 nunquam
1228 1180 1485 1243 videram,
1505 1180 1633 1235 mihi
1658 1180 1895 1235 tribuere

315 1270 489 1340 jussit,
503 1270 645 1341 quod
664 1272 965 1341 suscipiens
985 1271 1133 1327 omni
1155 1285 1274 1325 cum
1291 1270 1629 1339 jucunditate
1646 1271 1859 1340 percepi
1878 1288 1894 1337 ;

315 1370 372 1416 ct
400 1376 525 1416 vere
552 1360 747 1427 fateor,
771 1376 989 1416 manere
1017 1361 1090 1415 ita
1119 1361 1186 1415 ab
1218 1361 1358 1415 illius
1386 1362 1555 1430 gratia
1600 1363 1858 1416 refectum
1877 1399 1893 1425 ,

317 1438 657 1523 ut'deinceps
678 1452 820 1507 aliud
837 1453 967 1507 nihil
988 1460 1181 1522 prznter
1203 1452 1350 1506 illum
1364 1512 1371 1521 ,
1383 1451 1679 1507 desiderem
1695 1451 1893 1505 cibum.

316 1541 483 1609 Igitur
522 1543 780 1612 explicito
829 1542 1079 1598 convivio
1128 1542 1205 1596 ait
1260 1540 1390 1596 mihi
1429 1560 1443 1594 :
1490 1541 1743 1596 Ambulet
1793 1541 1895 1596 ista

315 1632 604 1689 multitudo
629 1633 788 1688 aliam
820 1634 991 1698 viam,
1039 1642 1097 1687 tu
1124 1648 1334 1689 mecum
1376 1632 1717 1701 profecturus
1754 1632 1893 1698 eris,

318 1735 375 1778 ut
403 1725 496 1781 tibi
526 1724 831 1794 ostendam,
861 1734 888 1762 ι
928 1726 1240 1781 vivariolum
1265 1741 1445 1780 meum
1470 1764 1486 1791 ,
1514 1741 1671 1796 quem
1699 1726 1893 1780 habeo:

1992 549 2246 612 narravit,
2280 551 2518 605 scribere
2555 552 2741 620 malui,
2770 555 2945 608 verbis
2976 557 3099 610 licet
3140 556 3279 620 aliis,
3324 556 3569 610 sensibus

1993 648 2172 693 tamen
2201 641 2349 711 ipsis.
2399 640 2528 695 Post
2573 642 2688 696 brec
2716 658 2845 696 vero
2885 654 3079 698 cuncta
3109 659 3228 711 qua:
3271 644 3565 708 audieram,

1993 729 2333 784 sanctissimo
2361 730 2478 785 viro
2507 729 2757 798 Domino,
2790 740 2846 786 et
2875 730 2902 767 ι)
2952 733 3133 787 abbati
3172 748 3291 787 meo
3320 735 3565 787 nuntiare

1993 824 2312 891 procuravi;
2360 824 2553 893 quibus
2590 825 2679 880 ille
2719 824 2913 896 agnitis
2943 826 3025 897 (ut
3052 826 3102 880 ei
3151 842 3363 895 semper
3408 827 3572 880 moris

1993 917 2077 963 est
2110 910 2403 967 visceribus
2440 912 2640 982 pietate
2679 914 2919 983 repletis)
2950 924 3271 982 quantocius
3302 913 3367 967 ad
3414 930 3573 969 eum-

1993 999 2115 1054 dem
2163 1001 2456 1071 Augustum
2518 1005 2843 1075 properavit,
2897 1013 3059 1075 atque
3109 1004 3402 1071 inhianter,
3456 1020 3575 1074 quae

1994 1087 2190 1143 dudum
2219 1102 2550 1159 narraverat,
2575 1094 2689 1162 ejus
2718 1109 2786 1148 ex
2816 1109 2911 1149 ore
2936 1093 3161 1163 cupiens
3186 1093 3392 1155 audire,
3420 1093 3573 1161 quid-

1996 1190 2119 1229 nam
2148 1177 2385 1245 vidisset,
2428 1181 2735 1235 sciscitatus
2757 1190 2860 1235 est.
2892 1181 3069 1250 Atque
3098 1181 3241 1238 idem
3288 1180 3575 1249 Augustus,

1995 1284 2115 1339 quae
2140 1271 2286 1340 prius
2316 1273 2526 1327 dixerat
2556 1273 2903 1327 nihilominus
2926 1281 3196 1342 repetens,
3232 1270 3350 1340 ejus
3378 1271 3577 1327 sanctis

1997 1363 2214 1419 auribus
2251 1363 2537 1418 intimavit.
2578 1364 2803 1418 Detnutn
2844 1365 2988 1417 almo
3018 1379 3081 1417 ac
3116 1362 3426 1416 beatissimo
3460 1361 3577 1414 viro

1997 1455 2209 1509 cuidam
2262 1455 2482 1523 Levitaa,
2529 1456 2899 1523 universisque
2939 1453 3194 1509 fratribus
3240 1470 3299 1508 se
3346 1468 3578 1522 percon-

1999 1545 2255 1613 tantibus,
2303 1560 2423 1613 qua:
2471 1545 2633 1615 paulo
2670 1556 2796 1599 ante
2840 1545 3069 1611 dixerat,
3102 1544 3421 1613 repetebat:
3456 1558 3577 1596 nam

1998 1648 2125 1687 mox
2154 1647 2173 1673 ο
2208 1636 2369 1705 εωρίι
2411 1634 2620 1690 animus
2671 1635 2784 1703 ejus
2812 1634 3037 1704 flagrare
3092 1633 3358 1688 desiderio
3402 1632 3575 1700 perci-

2000 1722 2204 1792 piendae
2224 1723 2547 1793 pmnitentim
2576 1741 2588 1776 :
2612 1738 2717 1792 qua
2745 1722 3026 1778 confestim
3059 1730 3299 1793 accepta,
3328 1721 3450 1776 dum
3479 1736 3579 1789 ego

316 1812 660 1884 Rursumque
707 1814 955 1871 convivio
989 1813 1102 1884 jam
1163 1824 1536 1877 consummato
1585 1830 1896 1885 processere
1924 1804 1972 1864 B
1997 1812 2268 1879 abiissem,
2300 1822 2459 1883 atque
2488 1814 2556 1867 ad
2586 1814 2859 1869 basilicam
2905 1812 2961 1869 S.
3006 1813 3184 1867 Mariae
3230 1828 3442 1882 semper
3469 1812 3578 1863 vir-

316 1919 525 1970 omnes,
555 1915 611 1958 et
634 1903 931 1959 adoravere
953 1919 1111 1971 eum;
1142 1904 1284 1960 idem
1304 1905 1627 1960 benedicens
1661 1921 1755 1960 eos
1775 1922 1894 1971 rex,

316 1995 562 2066 permisit
606 1995 775 2050 abire.
823 1994 934 2051 lllis
977 2011 1106 2051 vero
1150 1996 1470 2052 abeuntibus
1512 1997 1795 2051 trahebant
1828 1997 1896 2052 ad

318 2087 555 2141 tribunal
607 2085 724 2155 ejus
774 2086 962 2141 nescio
1015 2101 1155 2156 quos
1198 2086 1445 2143 homines
1497 2088 1893 2155 vociferantes,

316 2179 527 2247 magnis
555 2178 645 2248 qui
681 2179 972 2234 ululatibus
1012 2179 1285 2249 ejulabant
1306 2196 1320 2246 ;
1342 2195 1568 2250 quorum
1588 2179 1713 2234 dum
1740 2196 1898 2236 voces

317 2269 585 2335 audisset,
615 2268 693 2323 ait
722 2288 741 2328 ε
770 2267 990 2324 Trahite
1017 2268 1162 2325 foras
1187 2269 1359 2324 malos
1379 2283 1595 2332 servos;
1626 2285 1730 2322 non
1775 2277 1901 2323 sunt

316 2358 463 2428 digni
495 2358 681 2414 videre
709 2357 904 2413 faciem
953 2374 1149 2414 meam.
1176 2358 1330 2426 Quod
1358 2374 1478 2413 cum
1509 2358 1762 2425 dixisset,
1792 2368 1897 2412 tam

316 2450 571 2504 celeriter
596 2448 848 2504 nimirum
874 2450 1129 2504 abstracti
1161 2458 1316 2535 sunt,
1345 2458 1405 2503 ut
1431 2463 1525 2503 eos
1552 2448 1761 2517 plenius
1789 2465 1898 2502 non

317 2539 615 2610 potuissem
661 2539 866 2604 videre,
901 2555 1075 2610 neque
1126 2553 1474 2608 cognoscere.
1506 2537 1711 2593 Rursus
1736 2537 1899 2592 etiam

317 2629 605 2683 sciscitans
628 2628 739 2682 dixi
764 2646 776 2681 :
805 2627 1023 2696 Quaeso,
1042 2627 1133 2695 iiIi,
1167 2637 1225 2683 ut
1252 2629 1382 2682 mihi
1408 2628 1577 2693 dicas,
1603 2629 1648 2683 si
1668 2628 1898 2697 aliquem

319 2719 589 2789 agnovisti
643 2720 839 2775 ibidem
893 2720 961 2775 de
1007 2720 1090 2775 his
1144 2721 1235 2791 qui
1289 2720 1420 2774 mihi
1460 2721 1516 2774 in
1560 2720 1665 2774 hoc
1704 2719 1900 2774 saeculo

319 2808 523 2876 cogniti
548 2808 721 2874 fuere,
754 2816 809 2862 et
828 2808 939 2877 jam
964 2810 1029 2863 de
1052 2809 1153 2863 hac
1182 2809 1301 2863 luce
1326 2809 1653 2877 migravere?
1680 2806 1760 2861 Ad
1789 2807 1903 2862 haec

321 2899 412 2953 ille
440 2899 518 2951 ait
551 2915 564 2950 :
598 2897 854 2953 Homines
899 2914 1035 2967 quos
1063 2898 1135 2953 ibi
1169 2898 1272 2951 vidi
1302 2898 1460 2966 longe
1505 2907 1660 2955 erant
1703 2898 1770 2950 ab
1819 2896 1902 2951 bis

322 2990 575 3044 omnibus
596 2986 731 3057 quas
754 2989 995 3043 videmus
1023 2996 1204 3052 modo,
1240 3004 1363 3043 nam
1388 2988 1490 3043 alia
1515 2987 1686 3042 forma
1711 2996 1767 3041 et
1794 2987 1901 3041 alio

322 3079 512 3133 habitu
566 3078 807 3135 decorati
862 3087 989 3135 sunt
1044 3094 1251 3134 omnes.
1302 3078 1507 3134 Deinde
1569 3075 1899 3146 subjungit:

1997 1905 2134 1973 ginis
2184 1904 2322 1975 (quin
2383 1906 2619 1975 quinque
2673 1906 2906 1961 millibus
2962 1906 3028 1959 ab
3071 1906 3202 1959 urbe
3255 1902 3578 1958 Etneritensi

1996 1994 2181 2063 distat)
2210 1995 2380 2062 gratia
2427 1995 2688 2049 orationis
2736 2009 3141 2065 properassem,
3202 2008 3364 2062 quam
3417 1991 3578 2045 etfam

1996 2083 2270 2138 basilicam
2327 2083 2519 2153 vulgus
2561 2084 2617 2139 S.
2651 2084 2998 2151 Quintilinam
3047 2083 3308 2138 hactenus
3356 2080 3577 2145 vocitat,

1999 2175 2120 2229 inde
2158 2186 2436 2243 regressus
2476 2174 2588 2244 jam
2635 2184 3048 2245 vesperascente
3088 2174 3195 2237 die,
3235 2188 3355 2227 eum
3388 2171 3578 2225 defun-

1999 2275 2145 2321 ctum
2176 2266 2388 2334 reperi;
2423 2275 2477 2321 et
2510 2266 2765 2335 quoniam
2781 2282 2892 2337 jam
2927 2282 3149 2337 vespere
3179 2274 3317 2333 erat,
3361 2264 3579 2318 minime

1998 2376 2063 2416 ea
2093 2362 2178 2416 die
2204 2361 2441 2429 sepultus
2468 2371 2571 2416 est.
2597 2360 2855 2430 Sequenti
2878 2378 3006 2417 vero
3039 2370 3221 2426 nocte,
3252 2360 3375 2414 dum
3406 2361 3578 2428 ipsum

2000 2454 2378 2524 corpusculum
2405 2454 2739 2509 inhumatum
2784 2454 2837 2507 in
2863 2451 2889 2490 ἀ
2934 2454 3147 2519 cellula,
3177 2467 3280 2521 qua
3303 2450 3581 2506 defunctus

1999 2544 2198 2614 fuerat,
2259 2543 2467 2614 jaceret
2522 2545 2844 2614 intempesta
2908 2552 3069 2599 nocte
3116 2543 3257 2597 idem
3315 2542 3581 2609 Augustus

2000 2636 2163 2691 alium
2212 2636 2491 2707 puerulum
2530 2652 2825 2706 aequaevum
2868 2650 3024 2690 suum
3054 2635 3273 2689 nomine
3299 2632 3580 2701 Quintilia-

2000 2740 2114 2781 rem
2146 2741 2177 2780 a
2207 2724 2337 2780 foris
2362 2739 2667 2795 przeniagua
2695 2739 2829 2780 voce
2853 2724 3086 2779 vocavit.
3118 2721 3283 2792 Cujus
3320 2735 3452 2775 voce
3483 2734 3581 2772 au.

2001 2814 2115 2870 dita
2140 2825 2197 2871 et
2242 2816 2477 2884 cognita,
2510 2815 2726 2886 quidam
2754 2830 2888 2884 puer
2928 2813 3153 2882 simplex
3194 2822 3249 2866 et
3282 2826 3444 2865 verax
3486 2823 3581 2861 no-

2002 2907 2145 2961 mine
2162 2906 2493 2961 Veranianus
2544 2906 2689 2961 illico
2730 2906 3002 2971 surrexit,
3042 2917 3395 2973 egressusque
3438 2900 3581 2952 foras

2002 2996 2177 3065 ipsum
2222 2996 2518 3063 Augustum
2568 2996 2623 3049 in
2671 2996 2791 3049 alba
2839 3003 3072 3048 stantem
3122 2993 3300 3045 videre
3344 2988 3609 3061 meruit;

2002 3086 2096 3141 sed
2136 3100 2341 3155 pavore
2390 3084 2728 3153 perterritus,
2759 3083 2982 3154 propius
3027 3081 3093 3136 ad
3134 3081 3282 3135 illum
3324 3076 3582 3132 accedere

322 3166 619 3239 Postquam
648 3182 778 3223 vero
809 3176 1023 3223 traxere
1051 3168 1168 3223 illos
1198 3168 1442 3223 homines
1469 3167 1640 3234 foras,
1670 3165 1904 3223 Sill'f‘CXil
1930 3170 1975 3234 C
2006 3195 2113 3235 non
2144 3178 2483 3248 ριιωδυωρείι
2512 3194 2527 3230 ;
2565 3177 2718 3245 cujus
2748 3175 2938 3231 faciem
2971 3176 3127 3231 niveo
3156 3173 3391 3228 candore
3419 3185 3479 3226 se
3506 3168 3584 3223 vi.

321 3260 414 3317 ille
440 3261 653 3316 ueteris
672 3259 947 3331 pulchrior
968 3260 1226 3315 Dominus
1237 3261 1303 3315 de
1317 3275 1416 3316 sua
1436 3259 1584 3322 sede,
1608 3259 1901 3328 apprehen-

321 3352 567 3421 densque
595 3367 812 3407 manum
834 3367 1029 3418 meam,
1058 3352 1240 3407 eduxit
1256 3352 1407 3406 mein
1423 3352 1636 3405 hortum
1659 3350 1901 3405 ammnisp

320 3445 538 3510 simum,
571 3444 659 3498 ubi
683 3451 800 3497 erat
837 3442 1005 3506 rivus,
1039 3443 1092 3497 in
1121 3458 1229 3512 quo
1259 3452 1377 3496 erat
1400 3457 1537 3510 aqua
1566 3440 1725 3495 vitrei
1750 3441 1901 3496 colo-

322 3538 415 3603 ris,
440 3545 497 3592 et
535 3552 696 3592 secus
725 3537 897 3590 rivum
930 3536 1101 3605 ipsum
1131 3535 1264 3590 silva
1295 3544 1618 3599 aromatum,
1657 3543 1715 3590 et
1741 3534 1904 3593 flores

322 3628 480 3683 multi
535 3628 851 3696 fragrantes,
896 3626 1305 3696 redolentesque
1355 3626 1579 3681 diversis
1626 3625 1903 3681 suavitatis

323 3721 581 3775 odoribus
607 3736 621 3785 ;
651 3728 705 3774 et
733 3720 809 3775 sic
824 3719 978 3789 juxta
1006 3720 1177 3773 rivum
1204 3718 1377 3789 ipsum
1405 3718 1683 3773 venientes
1709 3733 1902 3787 perve-

321 3811 507 3867 nimus
545 3825 715 3879 usque
750 3810 817 3863 ad
848 3810 1026 3864 locum
1054 3824 1215 3878 quem
1263 3824 1406 3865 nunc
1435 3808 1487 3863 in
1517 3817 1688 3864 strato
1717 3808 1906 3877 jacens

321 3902 504 3958 video.
530 3900 655 3956 Htec
684 3900 812 3956 mihi
851 3912 1180 3957 memoratus
1217 3918 1348 3973 puer
1376 3902 1556 3957 multis
1583 3917 1766 3957 coram
1803 3919 1903 3974 po-

322 3995 460 4051 situs
490 3996 712 4051 retulit.
737 3994 1096 4060 Quamobrem
1142 4009 1242 4064 ego
1285 3995 1551 4063 indignus,
1584 4004 1638 4050 et
1665 3996 1905 4051 omnium

398 4122 422 4147 ⁸
447 4111 768 4166 Vivariolum
798 4128 963 4165 meum
989 4128 1135 4182 quem
1163 4110 1344 4165 habeo.
1376 4111 1465 4165 Sic
1492 4111 1545 4165 in
1575 4110 1704 4166 Mss.
1732 4113 1904 4176 Anne,

323 4182 683 4237 riridariolum
699 4199 884 4247 meum,
918 4182 1051 4252 quod
1081 4183 1282 4235 habeo?
1306 4182 1544 4252 Alterum
1572 4182 1906 4246 grammatici

322 4255 672 4320 expostulent
719 4251 938 4307 necesse
987 4260 1101 4317 est;
1147 4252 1373 4305 alterum
1418 4251 1671 4304 videntur
1720 4251 1905 4315 verba,

324 4338 446 4389 quae
489 4322 651 4390 paulo
678 4331 801 4391 post
828 4322 1114 4387 adduntur,
1145 4321 1353 4389 erigere
1374 4362 1388 4387 ,
1417 4321 1905 4391 apprehendensque

325 4408 541 4444 manum
562 4408 728 4444 meam
747 4392 922 4443 eduxit
945 4408 1023 4443 me
1042 4393 1095 4444 in
1123 4392 1325 4445 hortum
1355 4390 1776 4443 amoenissimum.

400 4460 428 4498 δ
452 4460 673 4515 Domino
702 4471 752 4513 et
777 4460 945 4513 abbati
973 4477 1103 4513 meo.
1144 4462 1295 4514 Anne
1326 4461 1413 4515 hic
1441 4462 1528 4529 qui
1561 4460 1711 4513 initio
1732 4460 1906 4529 dictus

326 4533 633 4601 prepositus
669 4531 853 4601 cetlw?
877 4529 1226 4601 Crediderim.
1279 4530 1353 4585 De
1381 4528 1593 4601 Domini
1623 4546 1753 4583 voce
1784 4528 1904 4601 vide

326 4599 447 4667 quae
474 4602 539 4655 ad
570 4601 629 4654 [δ’.
667 4600 724 4653 L.
758 4600 939 4655 Dextri
983 4599 1262 4669 epistolam
1309 4603 1377 4653 ad
1422 4600 1667 4653 ()rosium
1699 4600 1898 4652 notavi.

328 4669 549 4725 Invenio
573 4688 768 4725 nomen
797 4671 1076 4738 cujusdam
1106 4670 1312 4724 abbatis
1341 4669 1562 4737 hujusce
1592 4669 1903 4723 monasterii

329 4741 384 4794 in
434 4741 914 4809 subscriptionibus
965 4741 1160 4794 concil.
1209 4740 1385 4794 Tolet.
1438 4754 1550 4809 xi,
1582 4738 1645 4791 iis
1684 4738 1901 4809 verbis:

328 4806 664 4864 Ftorentinus
717 4811 944 4864 ecclesia:
988 4812 1285 4863 monasterii
1334 4809 1398 4863 S.
1450 4807 1673 4864 Eulaliw
1711 4806 1905 4873 abbas,

328 4881 440 4934 hcec
460 4890 603 4949 gesta
624 4881 867 4951 synodica
888 4897 919 4932 a
941 4880 1320 4951 rtobis‘deﬁnita
1349 4878 1668 4932 consentiens
1685 4876 1908 4951 subserit

364 4952 427 5002 si.
455 4946 585 5003 Nam
618 4946 859 5019 ttuspiatn
890 4951 1026 5019 apud
1058 4946 1321 5017 Hispanos
1351 4951 1733 5019 monasterium
1762 4946 1908 5001 aliud

364 4968 427 5002 81.
455 4968 585 5003 ΠἌῘΠ
618 4968 859 5019 ιιυεριίιιη
890 4968 1026 5018 aput)
1059 4968 1321 5017 ntspanos
1351 4968 1733 5001 ιιιοηιιδιεηυυι
1762 4968 1908 5001 nuuu

330 4968 477 5073 iiisce
494 5020 835 5100 temporibus
862 5019 920 5073 S.
951 5018 1184 5084 Eulaliae,
1209 5028 1400 5088 pnnter
1426 5019 1554 5072 illud
1576 5016 1909 5073 Emeritense

330 5105 565 5142 reperto.

394 5105 624 5225 263295:
650 5160 853 5212 animus
890 5160 1001 5229 ejus
1025 5160 1249 5229 ﬂagrare
1289 5157 1541 5229 desiderio
1568 5158 1908 5227 percipienda:

331 5230 662 5296 pwnitenlia',
692 5238 797 5283 etc.
832 5228 923 5282 Sic
951 5234 1015 5281 de
1046 5228 1397 5281 nutrientibus
1428 5228 1569 5295 loqui
1599 5237 1778 5280 amant
1807 5244 1905 5280 an-

333 5300 465 5366 tiqui.
507 5296 723 5360 Patres;
753 5299 950 5353 concil.
981 5298 1401 5365 Carthaginense
1429 5312 1501 5357 IV,
1531 5314 1580 5350 c.
1613 5298 1678 5348 76
1715 5316 1725 5349 z
1758 5299 1904 5350 Acci-

332 5370 443 5434 piat
477 5369 822 5435 paenitentiam
843 5411 857 5434 ,
887 5378 935 5421 et
965 5370 1012 5421 si
1043 5370 1283 5422 continuo
1324 5368 1551 5420 creditur
1586 5369 1862 5420 moriturus
1886 5406 1900 5428 ,

331 5438 685 5507 reconcilietur
712 5455 802 5505 per
849 5455 1032 5491 manus
1074 5438 1482 5507 impositionem,
1525 5449 1572 5489 et
1601 5438 1905 5507 infundatur

331 5509 408 5560 ori
438 5507 551 5578 ejus
570 5506 923 5561 Eucharistia.
949 5506 1328 5562 Arausicanum
1352 5524 1389 5570 ι,
1413 5524 1527 5576 cap.
1547 5507 1580 5559 5
1611 5525 1622 5557 :
1645 5506 1743 5570 Qui
1774 5524 1905 5559 rere-

330 5578 457 5630 dunt
486 5579 552 5630 de
598 5592 841 5648 corpore,
882 5578 1174 5647 paenitentia
1205 5588 1429 5648 accepta,
1462 5578 1653 5643 placuit
1681 5578 1791 5629 sine
1819 5594 1903 5630 re-

332 5648 685 5701 conciliatoria
709 5664 891 5702 manus
920 5648 1242 5715 impositione
1265 5647 1340 5699 eis
1362 5647 1737 5699 communicare
1753 5683 1766 5706 .
1795 5657 1898 5701 etc.

333 5716 648 5771 Toletanum
693 5734 767 5784 xt,
810 5733 925 5784 cap.
967 5716 1157 5771 19.:Si
1198 5726 1504 5783 prazceptum
1536 5717 1715 5768 mortis
1760 5728 1903 5784 urget

333 5789 611 5853 periculum
640 5790 931 5855 paenitentia
959 5804 1047 5855 per
1069 5804 1248 5839 manus
1273 5786 1645 5853 impositionem
1665 5797 1903 5853 accepta;

331 5866 385 5911 et
408 5860 612 5921 statim,
635 5857 711 5912 De
730 5859 795 5913 iis
820 5868 1007 5925 autem,
1032 5858 1115 5929 qui
1142 5867 1349 5928 accepta
1372 5856 1685 5927 pwnilentia,
1722 5855 1783 5908 ab
1807 5856 1900 5910 hac

2003 3276 2146 3333 disse
2161 3274 2600 3343 cumjuramentn
2620 3279 2846 3326 testatus
2864 3279 2947 3325 est
2966 3286 2981 3336 ;
3000 3269 3105 3323 alio
3133 3282 3263 3322 vero
3285 3265 3374 3320 die
3397 3279 3584 3331 corpu.

2003 3368 2210 3423 sculum
2241 3365 2357 3434 ejus
2382 3380 2447 3419 ex
2477 3378 2630 3418 more
2658 3362 2713 3417 in
2741 3361 2963 3417 basilica
2992 3357 3339 3414 sanctissima:
3364 3354 3586 3423 virginis

2003 3458 2235 3515 dominae
2278 3471 2414 3513 mea:
2445 3454 2663 3511 Etdalia:
2688 3453 2978 3526 sepulturae
3006 3458 3089 3510 est
3129 3447 3512 3521 mancipatum.

2624 3582 2851 3639 CAPUT
2900 3582 2964 3636 ll.

2005 3678 2293 3735 Monachus
2337 3674 2751 3729 Caulinianensis
2788 3669 3237 3741 apudfft‘meritam
3283 3666 3585 3721 monasterii

2059 3751 2208 3805 morti
2222 3748 2431 3809 vicinus,
2444 3760 2508 3798 ex
2517 3743 2658 3799 ebrio
2678 3752 2725 3795 et
2746 3739 2944 3828 [ure‘ad
2963 3739 3235 3794 Dominum
3256 3752 3547 3790 conversus.

2076 3841 2316 3896 Fuerunt
2338 3836 2575 3905 plerique
2602 3832 2780 3905 idonei
2812 3824 2909 3905 viri
2946 3838 3072 3884 ante
3112 3844 3220 3905 non
3249 3827 3394 3905 satis
3418 3824 3584 3904 pluri-

2007 3927 2125 3968 mos
2156 3923 2326 3963 annos
2340 3897 2629 3960 clementia
2650 3902 2827 3956 divina
2857 3902 2911 3956 in
2935 3911 2958 3938 ι·
2983 3898 3257 3969 provincia
3277 3897 3582 3960 Lusitaniae,

2006 4003 2096 4073 qui
2124 4001 2418 4057 clementer
2445 3994 2623 4063 ferunt
2659 4002 2866 4062 gestum
2897 3989 3193 4046 Salvatoris
3223 3987 3389 4044 nostri
3422 3984 3585 4039 mira-

2006 4118 2110 4171 vita
2139 4112 2458 4167 recesserint.
2481 4107 2584 4181 sed
2613 4108 2752 4161 hanc
2771 4121 2956 4160 vocem
2987 4120 3093 4181 non
3124 4112 3233 4181 tam
3260 4100 3402 4181 quod
3427 4101 3477 4181 in

2007 4200 2205 4239 cerone
2226 4198 2333 4237 non
2363 4179 2655 4241 inveniant,
2679 4175 3006 4249 quamgqu‘odg
3025 4173 3406 4249 ecclesiasticis
3433 4173 3583 4249 insti-

2009 4254 2302 4309 tutionibus
2330 4250 2604 4318 aptissima
2642 4239 2732 4313 Sii,
2757 4262 2787 4299 a
2814 4239 3129 4318 Christianis
3153 4239 3582 4318 moribuselirni-

2009 4308 2139 4377 nare
2180 4308 2510 4375 contendunt
2546 4308 3132 4382 grammaticotbeologi
3159 4309 3306 4363 Valla
3350 4308 3487 4382 ade.
3513 4324 3583 4382 vu

2009 4404 2210 4463 poster.
2244 4390 2310 4444 ad
2350 4377 2600 4463 Corinth.
2645 4395 2698 4463 et
2747 4377 3344 4463 Etastll.3d._cap..lll,
3371 4377 3580 4463 “Matth.

2008 4448 2205 4529 aliique
2235 4459 2473 4529 ejusdem
2520 4455 2683 4529 (quod
2724 4456 2897 4529 aiuttt)_
2935 4452 3183 4529 olliuitm:_
3209 4450 3321 4529 sive
3370 4448 3579 4529 figlint.

2014 4518 2205 4585 Verum
2249 4518 2345 4595 pro
2371 4544 2431 4580 ea
2464 4518 2579 4593 lege
2620 4526 2706 4578 illa
2750 4523 3026 4595 religionis
3050 4518 3430 4595 et‘theologia:
3457 4534 3580 4595 ve_ra

2014 4602 2209 4657 lumina
2242 4588 2306 4652 Β.
2340 4588 2715 4649 Belial-initium
2753 4588 2946 4658 libIt,
2998 4591 3063 4645 de
3111 4591 3293 4655 Poen,
3339 4603 3460 4656 cap.
3509 4588 3579 4651 7;

2012 4674 2078 4725 A.
2119 4670 2491 4724 Salmerouem
2542 4674 2697 4718 tract.
2747 4663 2808 4727 4,
2842 4657 2974 4717 tom.
3004 4660 3068 4714 IV
3123 4670 3178 4714 et
3200 4659 3268 4712 Μ.
3299 4657 3581 4713 Sandteum

2015 4756 2210 4795 comm.
2243 4756 2298 4805 x,
2329 4736 2566 4805 Gratum.
2601 4734 2809 4805 profari.

2083 4810 2107 4847 ά
2140 4808 2203 4863 1η
2249 4797 2467 4862 cellula-
2505 4797 2633 4868 Quae
2685 4803 3020 4856 clericorum.
3069 4797 3306 4854 Cndinus
3349 4799 3401 4852 in
3443 4799 3580 4864 orig.

2013 4879 2290 4935 Constant.
2320 4876 2395 4932 Τὰ
2419 4876 2641 4946 δξῖπέριξ
2665 4873 2827 4946 uillis:
2843 4872 2978 4933 ἦσαν
3002 4879 3099 4925 τῶν
3123 4871 3371 4946 flagtium
3389 4910 3401 4931 ,
3430 4869 3503 4920 uti
3526 4876 3582 4946 et

2016 4950 2421 5011 monachorum,
2452 4938 2768 4998 Theodorus
2792 4944 3098 5011 Anaguosta
3122 4938 3303 5011 Eclbg.
3328 4952 3375 5011 ιλε
3394 4939 3581 5011 Νυκτὸς

2016 5022 2065 5074 ἐν
2095 5028 2196 5092 τοῖς
2215 5026 2322 5092 τῶν
2352 5007 2821 5092 μόναηχᾶξνμύλίοις
2843 5007 3238 5092 minam-.9;
3264 5010 3310 5068 ἐξ
3343 5007 3581 5092 audituro;

2012 5077 2433 5144 exanimato».
2464 5077 2573 5139 Séd
2601 5085 2801 5152 horum,
2824 5077 3073 5152 propria}
3098 5077 3235 5152 unde
3257 5091 3451 5129 nomen
3472 5089 3582 5152 sor:

2015 5142 2598 5230 titinslocusiilleiuit,
2629 5154 2720 5223 qui
2766 5142 2942 5230 Celtio:
2964 5142 3264 5230 appellatus
3310 5153 3396 5230 est
3439 5142 3581 5230 apud

2011 5228 2369 5282 Sozomenum
2410 5225 2501 5279 lib.
2534 5216 2624 5287 vi,
2647 5216 2770 5294 cap.
2802 5222 2893 5294 5i.
2920 5216 3148 5294 'E‘Espbcn
3168 5221 3279 5273 ἐστι
3314 5216 3471 5294 sane;
3500 5216 3582 5294 κςιὶ

2011 5299 2204 5369 σχεδὸν
2233 5298 2573 5369 ἐϐδομὴκᾳντα
2598 5287 2824 5369 erudiat;
2854 5287 3097 5369 discedis,
3125 5287 3274 5360 ὄνομα
3301 5287 3489 5369 ιεεελᾎίαπ

2009 5356 2175 5439 τδῧτῳ
2199 5368 2251 5423 δὲ
2283 5356 2543 5439 σπιορὰδην
2566 5366 2678 5418 ἰστί
2705 5364 2956 5434 μοναχικά
2984 5356 3225 5439 oin-ripam
3252 5356 3579 5439 uenantum}

2012 5445 2092 5493 καὶ
2134 5426 2370 5518 ⁸έόισιρτιτις
2390 5424 3005 5518 ’ἐλαχίπρόὶσηνᾶῥξᾳςᾎ
3024 5424 3100 5482 ibi
3139 5436 3225 5518 est.
3260 5427 3407 5518 alius.
3437 5424 3579 5507 locus

2012 5457 2092 5493 καί
2134 5460 2370 5498 τοιαυτης
2415 5457 2581 5558 “taxi:
2615 5457 2983 5518 προσηγοριᾳς,
3024 5457 3093 5482 ws
3139 5457 3213 5481 ωδ
3260 5457 3392 5503 Iusta.
3437 5457 3576 5507 ιυιιιιῗ

2011 5510 2209 5563 distans
2239 5509 2453 5577 (nempe
2481 5522 2511 5577 ξι
2588 5505 2726 5574 itna)
2769 5503 2945 5577 stadia
2980 5502 3085 5569 fere
3118 5504 3471 5577 septuaginta;
3496 5512 3576 5549 cui

2011 5596 2192 5633 nomen
2233 5566 2401 5631 Cellia
2432 5594 2444 5628 :
2478 5575 2531 5627 in
2576 5592 2635 5628 eo
2685 5566 2803 5627 sunt
2851 5566 2992 5625 cellaé
3044 5566 3409 5622 monachorum
3462 5582 3582 5634 per-

2009 5652 2183 5719 multa:
2210 5650 2427 5719 sparsim
2456 5645 2654 5719 positaz;
2686 5660 2785 5719 qua
2812 5643 2887 5719 de_
2918 5655 3074 5719 causa
3103 5637 3507 5719 nomcu'habuit.

2083 5731 2105 5754 υ
2139 5718 2202 5771 In
2233 5706 2493 5789 provincia
2535 5706 2830 5767 Lusitaniw.
2873 5711 2946 5762 lta
2977 5710 3106 5761 olim
3135 5716 3253 5761 erat
3283 5706 3516 5763 Emerita

2378 5803 2713 5911 {jungitatiurum
2740 5809 2878 5860 caput
2902 5798 3182 5860 Oppidorutu

2408 5881 2437 5909 ιι
2480 5878 2516 5911 s.

2408 5878 2516 5913 lfUS.
