4032 6186
415 286 516 341 ίέὄ

1607 279 1806 335 PAULI
1852 279 2224 336 EMEBI'I‘ANI
2267 282 2533 336 DMCONI

3549 281 3650 340 ω

413 401 611 458 culum.
658 410 790 454 tium
831 399 881 452 in
924 394 1269 460 monasterio,
1293 393 1377 448 cui
1408 403 1431 429 ἰ
1463 393 1716 447 Cauliana
1742 394 1978 447 vocabu-
2006 397 2050 452 Α
2081 392 2248 444 antris
2277 393 2472 444 Averni
2517 393 2764 447 tartareis
2799 394 3122 460 mancipare,
3165 395 3333 464 magis
3381 397 3655 463 magisque

411 498 520 548 lum
550 499 648 556 est,
681 487 820 559 quod
847 485 1076 539 Emerita
1096 485 1228 539 urbe
1250 484 1388 538 haud
1413 483 1599 553 procul
1627 484 1784 536 situm
1815 481 1980 537 ferme

410 581 642 635 millibus
695 585 819 632 octo
856 577 1038 640 distat,
1082 573 1554 630 reverendissimus
1603 575 1685 628 vir
1721 576 1820 644 pia:
1869 587 1982 629 me-

409 671 590 726 moria:
618 669 646 708 δ
679 668 987 724 Renovatus
1015 669 1179 722 abbas
1210 676 1481 736 praeesset,
1515 675 1634 735 post
1661 682 1778 734 qua:
1819 667 1978 720 etiam

361 823 363 827 l
409 761 724 816 Emeritensi
774 761 891 816 urbi
943 758 1182 829 pontifex
1231 758 1436 813 exstitit
1485 757 1768 823 mirilicus,
1821 767 1981 827 atque

344 885 376 954 ,δ
405 851 581 920 sagaci
624 851 980 906 sollicitudine
1015 859 1200 920 utpote
1228 850 1309 903 vir
1336 851 1640 922 perspicax,
1670 859 1726 904 et
1761 849 1979 903 nimium

405 943 544 996 acris
574 942 792 1010 ingenii,
839 941 1171 1011 multumque
1222 941 1274 996 in
1314 941 1458 996 omni
1488 941 1767 1011 disciplina
1798 957 1862 996 ac
1910 941 1979 995 ti-

406 1046 557 1084 more
583 1031 792 1084 Domini
819 1031 1236 1093 strenuissimus,
1261 1039 1484 1086 cunctos
1507 1031 1615 1086 illic
1642 1045 1979 1085 commoran-

406 1131 486 1175 tes
512 1121 805 1175 monachos
835 1121 1022 1175 sedulo
1062 1135 1156 1190 per
1206 1122 1402 1175 bonam
1431 1121 1896 1176 conversationem
1927 1131 1982 1176 et

401 1210 576 1265 sancti
616 1210 796 1279 operis
825 1209 1069 1278 exempla
1112 1209 1177 1262 ad
1207 1225 1492 1279 supernam
1534 1211 1758 1279 patriam
1785 1227 1980 1280 provo-

405 1309 575 1363 caret.
605 1308 939 1367 cunctasque
983 1315 1112 1369 grcx
1141 1308 1408 1369 pastorem
1451 1309 1776 1369 praeeuntem
1819 1300 1982 1357 arctis

403 1389 608 1458 semitis
655 1388 989 1457 callibusque
1036 1401 1496 1458 prosequerentur
1541 1391 1778 1456 coclicis;
1824 1390 1981 1460 lupus

401 1495 569 1534 vorax
595 1494 754 1534 unam
785 1479 834 1534 ei
881 1489 996 1535 toto
1027 1479 1224 1534 adnixu
1253 1488 1478 1534 conatus
1506 1489 1588 1534 est
1619 1496 1715 1534 ore
1744 1481 1980 1538 mordaci

401 1569 604 1626 laniare
621 1572 883 1627 oviculam
910 1589 926 1637 ;
958 1572 1028 1626 ita
1051 1572 1311 1626 duntaxat
1340 1579 1400 1627 ut
1423 1573 1566 1627 omni
1609 1581 1754 1627 cmtu
1783 1584 1980 1628 sancta:

400 1661 831 1741 congregationis
859 1661 912 1714 in
939 1660 1148 1714 Domini
1177 1661 1420 1715 laudibus
1447 1661 1790 1730 persistentc,
1821 1671 1980 1732 atque

2081 479 2384 535 festinabat.
2416 480 2655 547 Cumque
2699 498 2818 536 enm
2846 485 3053 537 videret
3091 492 3372 552 tantopere
3413 485 3654 548 pesshna:

2081 567 2390 624 intentionis
2433 585 2658 640 pergere
2705 574 2864 637 viam,
2907 581 2964 626 ut
3011 587 3109 626 nec
3139 581 3216 626 tot
3244 573 3443 627 viribus
3479 573 3650 628 incre-

2081 668 2257 730 patus,
2316 677 2416 716 nec
2473 662 2634 716 toties
2687 664 3000 718 verberatus
3047 663 3322 718 emendari
3379 662 3652 727 voluisset,

2082 759 2258 807 tactus
2283 753 2472 808 dolore
2511 755 2686 809 cordis
2729 756 3081 822 intrinsecus,
3115 757 3318 810 dimisit
3353 771 3474 810 eum
3505 756 3654 810 abire

2080 844 2372 898 secundum
2403 843 2663 900 desideria
2687 846 2866 900 cordis
2888 846 3001 915 ejus
3024 847 3172 918 (Jud.
3200 847 3331 915 xvi),
3363 861 3428 901 ac
3453 861 3656 916 prace-

2081 934 2160 1003 pit
2205 935 2288 990 his
2326 937 2415 1006 qui
2461 946 2728 1006 prmcrant
2780 939 3161 1008 prontptuariis
3195 939 3550 1002 monasterii,
3601 946 3659 993 ut

2080 1039 2400 1094 quacunque
2432 1026 2566 1082 hora
2595 1029 2759 1082 vellet
2788 1029 3013 1096 ingredi,
3044 1043 3377 1100 quaecunque
3402 1029 3457 1084 in
3485 1028 3654 1084 cella-

2081 1115 2173 1170 riis
2202 1119 2425 1186 Optima,
2447 1133 2779 1190 quaecunque
2814 1119 2990 1174 dulcia
3032 1122 3314 1190 reperiret,
3342 1136 3463 1176 eum
3487 1135 3658 1190 usque

2081 1206 2149 1260 ad
2197 1207 2456 1261 vomitum
2511 1209 2690 1264 nullus
2743 1211 2905 1266 edere
2949 1219 3044 1264 aut
3090 1212 3275 1266 bibere
3320 1211 3656 1282 prohibent,

2081 1299 2290 1354 etiamsi
2315 1299 2511 1370 aliquid
2535 1312 2831 1370 asportare,
2865 1311 2919 1356 et
2947 1303 3259 1358 abscindere
3287 1318 3355 1357 ex
3375 1317 3523 1356 more
3549 1301 3660 1356 vcl-

2080 1390 2174 1452 let,
2207 1391 2426 1445 liberam
2451 1401 2770 1460 potestatem
2797 1393 3039 1458 haberet,
3063 1403 3120 1448 ut
3147 1394 3355 1464 plenius
3381 1393 3658 1463 dignosce-

2081 1492 2229 1535 retur
2259 1489 2540 1551 postquam
2572 1482 2706 1550 gulae
2742 1493 2836 1536 aut
2883 1484 3053 1538 ventri
3099 1483 3472 1552 satisfecisset,
3502 1485 3658 1553 quid-

2081 1587 2206 1625 nam
2259 1572 2598 1640 postmodum
2665 1581 2809 1627 esset
2875 1582 3114 1628 acturus.
3184 1573 3280 1629 llle
3336 1587 3463 1629 vero
3504 1573 3659 1644 juxta

2083 1668 2406 1728 pra'ceptum
2436 1661 2668 1716 claustra
2694 1671 2929 1718 reserata
2961 1664 3228 1733 aperiens,
3269 1664 3658 1734 opulentissimi

399 1753 629 1822 regulari
661 1754 877 1807 tramite
907 1753 959 1806 in
1001 1753 1192 1807 timore
1223 1751 1433 1806 Domini
1471 1752 1716 1820 degente,
1759 1753 1976 1823 quidam
2011 1773 2057 1834 Β
2085 1751 2167 1820 (ut
2204 1749 2396 1822 fertur)
2426 1753 2740 1807 monasterii
2779 1753 2993 1808 cellaria
3024 1754 3162 1808 clam
3191 1754 3371 1824 opima
3413 1764 3661 1825 penetra.

399 1849 694 1902 monachus
715 1847 782 1901 ab
805 1862 992 1901 eorum
1023 1846 1332 1916 discrepans
1370 1846 1718 1900 sanctissimis
1743 1847 1981 1901 moribus

398 1939 784 2007 gastrimargiae
809 1946 864 1992 et
891 1937 1138 1992 ebrietati
1170 1937 1613 1992 intestimabiliter
1641 1937 1978 2003 incumbens,

398 2044 460 2084 se
497 2029 846 2098 semetipsum
897 2036 1087 2084 contra
1134 2027 1328 2082 dedit:
1359 2027 1556 2082 deinde
1604 2029 1671 2082 ad
1719 2029 1978 2097 majorem

397 2121 676 2176 declinans
697 2119 960 2174 intentum
977 2157 992 2184 ,
1017 2118 1182 2173 furari
1206 2133 1436 2204 qumque
1461 2119 1721 2188 potuisset
1743 2121 1981 2190 reperire

398 2214 598 2282 cmpit;
644 2228 805 2282 quem
843 2212 968 2268 dum
998 2212 1287 2282 praedictus
1315 2212 1396 2266 vir
1418 2211 1611 2280 smpius
1639 2210 1834 2266 blande
1863 2227 1979 2266 mo-

398 2314 574 2372 neret,
601 2318 700 2360 nec
727 2304 884 2360 facile
909 2318 1163 2359 coercere
1189 2303 1414 2366 valeret,
1454 2301 1646 2356 iterum
1677 2303 1979 2371 iterumque

397 2397 686 2449 verborum
741 2393 1027 2463 objurgare
1090 2375 1548 2464 increpationibus
1593 2391 1835 2447 studuit:
1883 2391 1979 2448 sed

399 2501 522 2538 cum
564 2500 665 2540 nec
708 2485 787 2540 sic
820 2486 888 2540 ab
931 2483 1248 2539 illecebrosa
1287 2482 1564 2537 edacitatis
1594 2480 1977 2551 delectatione,

398 2586 559 2644 atque
598 2575 722 2630 furti
753 2576 1170 2646 rapacitatisque
1193 2575 1489 2629 intentione
1523 2574 1793 2640 cassavit;
1833 2575 1979 2630 hunc

405 2665 586 2734 ﬂagris
615 2667 919 2734 verberare,
944 2665 1289 2736 parcimoniis
1318 2665 1553 2729 allicere,
1585 2665 1977 2734 ergastulisque

397 2757 532 2811 tradi
571 2758 862 2828 prmeepit;
894 2756 989 2812 sed
1018 2757 1107 2812 ille
1138 2757 1489 2811 nihilominus
1519 2757 1757 2826 prittinis
1778 2758 1975 2827 perdu-

396 2861 523 2901 rans
543 2847 788 2917 piaculis,
822 2864 926 2902 non
958 2847 1132 2903 solum
1154 2846 1284 2918 quid
1314 2863 1342 2900 a
1371 2844 1581 2914 ﬂagitFis
1612 2847 1832 2903 minime
1854 2864 1976 2904 ces-

397 2937 570 3004 sabat,
609 2937 707 2992 sed
748 2939 934 2994 diebus
963 2938 1288 3009 quotidianis
1327 2940 1672 3009 semetipsum
1716 2940 1976 3009 pollicens

397 3109 688 3184 Prudentio
722 3109 915 3184 Hymn.
949 3111 999 3164 in
1049 3110 1215 3184 laud.
1244 3109 1366 3184 Mli.
1411 3107 1749 3184 Cae~araug.,
1782 3121 1836 3166 et
1865 3111 1972 3167 Pli-
2004 3161 2045 3184 ι,

397 3182 487 3254 nio
517 3198 604 3254 tu,
637 3198 686 3254 c_.
714 3161 792 3254 if
815 3183 1020 3254 signate
1048 3179 1276 3254 Emerita
1309 3179 1589 3254 Lusitania:
1613 3161 1699 3254 tit;
1735 3161 1786 3254 ix
1809 3225 1822 3242 ,
1846 3199 1966 3254 cap.
2004 3161 2044 3217 θ

397 3250 459 3302 bl
484 3291 499 3315 ,
532 3253 610 3304 uti
638 3250 788 3304 Mela:
815 3251 865 3302 in
896 3250 1161 3303 Lusitania
1191 3250 1460 3315 Emerita,
1507 3265 1625 3318 cap.
1657 3251 1720 3316 6,
1763 3253 1854 3306 lib.
1894 3250 1970 3310 tit.

467 3331 492 3354 ⁸
529 3318 594 3372 1η
641 3320 974 3384 monasterio,
1015 3320 1094 3371 cui
1144 3318 1395 3371 Cauliana
1441 3319 1738 3373 t-ocabulum
1768 3333 1864 3375 est.
1915 3324 1972 3378 ln

395 3389 598 3462 aliquot
643 3385 1516 3462 exemplaribus__Colonaudicitur,
1557 3389 1657 3462 sed
1683 3403 1933 3462 corrupte
1956 3435 1973 3462 ,

396 3456 522 3513 nam
551 3459 602 3512 in
644 3456 885 3527 Gothicis
914 3456 1226 3510 Cauliniana
1253 3456 1506 3511 distincte
1555 3458 1783 3527 legitur;
1815 3456 1893 3516 sic
1921 3456 1972 3517 in

396 3529 464 3584 iis
503 3543 621 3597 qua:
651 3528 784 3582 vidit
811 3526 1072 3600 Morales,
1104 3535 1161 3580 ct
1189 3527 1241 3580 in
1290 3527 1636 3600 Aleoragcensi
1665 3526 1791 3584 ante
1819 3534 1975 3600 quin-

395 3607 599 3672 gentos
617 3612 787 3672 annos
812 3597 1174 3672 scripto,‘_quo
1204 3612 1329 3672 usus
1359 3607 1441 3652 est
1471 3598 1527 3652 Β·
1546 3602 1691 3672 ittus.
1712 3597 1972 3672 Antiqui-

394 3677 558 3722 tatem
587 3667 745 3736 hujus
769 3669 1081 3739 monasterii
1108 3684 1210 3722 non
1242 3668 1415 3723 solum
1437 3685 1502 3724 ex
1533 3669 1760 3739 epistula
1791 3667 1974 3727 Tarra:

391 3739 637 3794 monachi
669 3739 735 3792 ad
768 3738 1129 3808 Reccaredum
1178 3753 1355 3806 regem
1377 3777 1393 3803 ,
1423 3755 1541 3808 qua:
1568 3738 1802 3794 nondum
1829 3743 1971 3797 edita

393 3809 447 3862 in
477 3809 817 3864 bibliothecis
845 3805 1113 3876 Hispaniae
1159 3805 1416 3863 hactenus
1442 3805 1740 3875 delitescit,
1773 3814 1839 3866 de
1866 3827 1969 3876 qua

391 3879 581 3950 Moral.
611 3878 708 3950 lib.
729 3893 824 3942 xu,
850 3893 971 3944 cap.
1000 3877 1092 3944 22,
1117 3887 1173 3930 et
1202 3877 1426 3950 ljadﬂla,
1448 3889 1591 3934 cent.
1614 3896 1703 3944 vn,
1732 3897 1852 3950 cap.
1880 3877 1970 3948 Π,
2041 3915 2043 3917 ι

392 3946 807 4018 elicics,sed_ex
839 3954 1161 4018 te~tamento
1204 3947 1263 4000 D.
1312 3946 1436 4001 Fum
1488 3950 1717 4018 llonpini
1766 3946 1970 4006 sirenui

391 4017 701 4085 antiquique
722 4014 1092 4069 Lusitanorum
1116 4017 1268 4069 ducis
1293 4018 1341 4070 in
1374 4014 1724 4074 Alcohacbnsi
1755 4022 1971 4076 archivo

390 4103 420 4141 a
470 4087 532 4141 Β.
585 4087 758 4158 Britto
807 4093 1050 4158 reperto,
1085 4087 1462 4158 publicatoque
1500 4104 1620 4158 cap.
1669 4090 1721 4152 4,
1756 4091 1845 4145 lib.
1876 4108 1967 4157 vn,

389 4157 668 4213 Monarcb.
699 4157 888 4220 LusiL,
913 4155 1065 4223 cujus
1093 4156 1273 4221 verba,
1296 4159 1421 4221 quia
1451 4155 1774 4226 singularem
1804 4155 1971 4215 histo-

388 4229 483 4283 rite
505 4237 700 4284 nostrae
723 4235 927 4297 partem
950 4226 1249 4297 continent,
1273 4227 1440 4281 libens
1463 4231 1780 4283 transcribo.
1820 4229 1970 4284 Post-

391 4312 550 4369 quam
596 4296 866 4369 inventam
911 4311 940 4350 a
986 4311 1046 4351 se
1087 4296 1376 4369 imaginem
1407 4299 1694 4365 quamdam
1739 4299 1969 4369 Virginis

389 4366 628 4435 Deiparae
670 4367 975 4432 retulisset,
1019 4368 1198 4422 subdit
1226 4387 1238 4419 :
1269 4366 1381 4420 Nos
1411 4385 1524 4422 vero
1553 4385 1663 4421 non,
1687 4374 1768 4422 sci.
1783 4366 1970 4426 bamus

388 4437 524 4507 unde
563 4447 714 4504 esset,
745 4448 792 4490 et
819 4440 956 4492 unde
985 4440 1198 4493 uenisset
1226 4439 1326 4492 ista
1363 4440 1564 4507 imago;
1603 4442 1694 4492 sed
1721 4456 1834 4493 ecce
1855 4459 1970 4496 cum

389 4505 739 4600 destruebatur
779 4508 1068 4600 altare‘per
1096 4509 1350 4562 albanires
1382 4505 1484 4600 (sic;
1531 4508 1744 4600 llJispani
1772 4524 1965 4594 vocant
1995 4543 2042 4600 Ι)

387 4576 576 4629 :edium
607 4578 962 4650 extructorcs)
1000 4581 1202 4632 inventa
1228 4589 1304 4632 est
1340 4580 1530 4650 arcula
1547 4580 1609 4633 de
1627 4576 1787 4634 ebore
1811 4584 1962 4650 ganti-

386 4661 514 4719 quo,
545 4656 594 4699 et
619 4649 673 4719 in
702 4647 791 4698 illa
819 4662 922 4699 uno
960 4650 1232 4701 eurolterio
1278 4650 1459 4718 (etiam
1493 4648 1708 4713 litspani
1741 4647 1840 4719 pro
1877 4654 1962 4704 in-

386 4718 588 4788 uolucro
635 4717 771 4769 hanc
836 4731 1023 4769 vocem
1067 4720 1346 4788 usurpant)
1393 4721 1447 4770 in
1491 4736 1591 4788 quo
1643 4717 1791 4773 erant
1843 4738 1960 4775 ossa

385 4786 673 4856 aliquorum
693 4795 1007 4850 sanctorum,
1024 4797 1072 4838 et
1100 4787 1330 4839 chartula
1352 4804 1463 4840 cum
1481 4786 1576 4840 hac
1596 4790 1959 4853 inscriptione:

388 4854 490 4908 Hic
519 4866 638 4909 sunt
664 4857 892 4926 reliquid:
923 4856 1054 4921 88.,
1080 4863 1208 4915 etc.,
1241 4872 1364 4926 quas
1386 4857 1566 4910 detulit
1593 4877 1620 4910 e
1647 4863 1960 4914 monasterio

325 4956 336 4974 .-
386 4925 988 4979 Caulinianmliomanus
1035 4925 1312 4979 monachus
1340 4927 1495 4979 simul
1543 4944 1654 4980 cum
1685 4932 1961 4983 venerabili

318 5007 326 5047 λ
383 4997 610 5065 imagine
660 4995 883 5063 Virginis
925 4993 1123 5065 Maria:
1159 4996 1220 5048 de
1267 4993 1565 5058 Nasaretlt,
1609 5014 1722 5065 quis
1753 5000 1875 5053 olim
1899 5001 1956 5052 in

384 5064 651 5119 Nasci-eth
673 5067 874 5119 civitate
895 5064 1125 5134 Galilaraz
1141 5066 1308 5118 multis
1325 5067 1585 5119 miraculis
1611 5064 1886 5134 claruerat,
1904 5076 1954 5122 et

382 5137 503 5190 inde
530 5145 793 5204 asportata
821 5152 911 5205 per
956 5133 1186 5188 Graecum
1214 5136 1519 5206 monachum
1540 5137 1744 5189 nomine
1768 5136 1952 5206 Cyria-

383 5223 516 5270 cum,
549 5206 830 5260 Gothorum
860 5221 1034 5275 regum
1055 5215 1277 5274 temp'tre
1302 5208 1354 5266 in
1373 5205 1621 5274 prtadictn
1643 5217 1952 5261 monasterio

381 5293 474 5344 per
494 5278 707 5330 multum
736 5279 975 5342 tMporis
1019 5286 1300 5336 manserat,
1331 5292 1586 5344 quousque
1613 5275 1873 5344 Hispania
1920 5293 1954 5330 a

383 5343 585 5401 Mauris
625 5346 910 5408 debellata,
931 5355 980 5398 et
1017 5363 1107 5399 rea:
1140 5345 1420 5399 Rodericus
1447 5343 1720 5414 superatus
1743 5348 1796 5399 in
1825 5361 1953 5414 prte-

385 5415 454 5466 lio
483 5459 494 5478 ,
526 5418 697 5484 solus,
746 5413 1116 5485 lacrymabilis,
1158 5415 1384 5485 abjectus
1409 5456 1423 5477 ,
1471 5413 1674 5485 etgpene
1709 5416 1952 5483 deﬁciens

384 5489 608 5552 pervenit
642 5483 718 5540 ad
761 5483 1034 5556 praifatum
1075 5483 1438 5556 monasterium
1491 5483 1821 5556 Caulin'ana,
1851 5485 1952 5538 ibi—

385 5569 482 5616 que
528 5572 560 5607 a
605 5553 850 5626 pracdicto
873 5553 1128 5610 'llomano
1177 5553 1502 5626 pauitantia?
1541 5564 1589 5606 et
1627 5555 1951 5626 eus/raristite

384 5623 718 5696 sacramentis
756 5626 1004 5696 susceptis
1028 5623 1267 5695 ,pariter
1291 5641 1407 5678 cum
1445 5625 1553 5686 illo,
1585 5623 1950 5696 cum__imagine

382 5700 431 5744 et
456 5692 678 5763 reliquiis
722 5696 790 5748 ad
831 5691 1323 5750 Seanum'muntem
1343 5695 1567 5763 pervenit
1606 5710 1636 5746 x
1681 5691 1805 5747 Kal.
1833 5691 1948 5746 'De-

387 5759 576 5816 cembr.
597 5799 612 5828 ,
641 5763 692 5816 in
718 5781 814 5831 quo
837 5781 929 5819 rex
954 5767 1092 5821 s;lus
1116 5781 1207 5837 per
1239 5759 1432 5820 annum
1469 5766 1720 5840 integrum
1758 5766 1948 5820 mansit

2084 1843 2176 1908 vit,
2206 1843 2522 1900 custodibus
2551 1853 2728 1900 tamen
2753 1848 2962 1901 eminus
2989 1847 3404 1918 circumquaque
3425 1848 3659 1918 obsitus,

2080 1931 2271 1986 callida
2305 1932 2732 1990 dissimulatione
2767 1936 3145 2002 cernentibus,
3201 1938 3486 2006 ignorante
3532 1938 3656 2004 illo,
3743 1992 3748 1996 .

2080 2039 2144 2080 ac
2172 2027 2605 2095 prmstolantibus
2637 2028 2890 2098 quidnam
2940 2037 3124 2099 ageret
3156 2046 3170 2082 ε
3199 2044 3444 2102 quaeque
3483 2030 3659 2086 dulcia

2080 2125 2136 2172 et
2162 2117 2348 2173 suavia
2392 2134 2486 2173 esu
2529 2129 2768 2190 potuqne
2813 2121 3125 2190 reperisset,
3160 2135 3226 2176 eo
3257 2136 3427 2191 usque
3458 2122 3658 2190 passim

2078 2210 2308 2264 vorabat
2361 2209 2706 2279 bibebatque,
2757 2225 3038 2280 quousque
3091 2218 3274 2266 mente
3315 2212 3524 2282 perdita
3570 2213 3658 2268 vix

2080 2299 2355 2355 ambulare
2393 2300 2636 2368 valebat;
2687 2301 2927 2371 posthaec
2975 2299 3173 2355 fercula
3221 2301 3434 2356 diversa
3479 2301 3658 2358 furtim

2080 2390 2384 2460 subripiens
2422 2392 2582 2445 etiam
2625 2391 2844 2445 vascula
2877 2391 3108 2458 vinaria,
3158 2405 3278 2459 qua:
3318 2392 3514 2446 usitato
3558 2408 3659 2447 no-

2079 2483 2225 2538 mine
2257 2496 2278 2523 ε
2311 2483 2595 2552 guillones,
2627 2493 2719 2536 aut
2744 2467 2777 2519 ’ά
2808 2481 3077 2536 llascones
3119 2483 3418 2552 appellant,
3450 2481 3657 2539 aufere-

2081 2573 2195 2634 bat,
2222 2575 2358 2628 etin
2389 2574 2548 2629 horto
2600 2573 2854 2642 contiguo
2903 2573 3213 2627 monasterii
3265 2573 3404 2631 inter
3444 2573 3656 2636 arbusta

2095 2663 2369 2730 frondosa,
2407 2672 2500 2718 aut
2537 2663 2852 2717 arundineta
2883 2661 3152 2717 condensa
3184 2661 3236 2715 in
3281 2661 3399 2717 loco
3433 2661 3656 2717 abditis-

2082 2756 2220 2810 simo
2252 2755 2577 2810 occultabat.
2607 2753 2750 2809 Tum
2777 2753 2971 2823 deinde
3000 2753 3119 2808 cibo
3141 2751 3250 2822 jam
3277 2752 3439 2808 nimio
3463 2768 3650 2823 crapu-

2080 2845 2239 2908 latus,
2276 2842 2697 2914 temulautiaque
2725 2841 3042 2914 poculorum
3083 2840 3326 2908 satiatus,
3350 2840 3561 2898 sibimet
3589 2841 3656 2900 ad

2078 2936 2320 2994 cubitum
2388 2938 2704 3003 sternebat,
2757 2944 2813 2992 et
2861 2951 3139 3007 apponens
3185 2950 3306 3007 qua:
3364 2933 3656 3004 iuraverat,

2082 3111 2136 3166 in
2165 3115 2380 3167 ecclesia
2408 3112 2479 3166 ibi
2506 3113 2712 3184 inuenta
2744 3129 2856 3165 cum
2880 3110 3070 3166 Christi
3097 3112 3334 3184 cruciﬁxi
3362 3112 3584 3184 imagine
3607 3121 3654 3166 ct

2077 3185 2252 3253 ignoto
2281 3184 2512 3251 sepulcro
2534 3199 2551 3234 :
2573 3180 2832 3237 Romanus
2857 3199 3113 3244 vero,cum
3133 3180 3394 3236 Itacsacra
3430 3180 3654 3252 Virginis

2077 3254 2238 3322 efﬁgie
2262 3255 2396 3306 inter
2425 3253 2524 3305 duo
2548 3253 2650 3324 ista
2676 3268 2807 3304 saxa
2834 3268 2992 3324 usque
3012 3253 3081 3324 ad
3103 3261 3383 3324 extremum
3403 3254 3520 3314 uitat
3537 3269 3654 3324 per-

2076 3321 2286 3384 mansit,
2319 3331 2363 3374 et
2393 3338 2458 3374 ne
2475 3322 2658 3391 futuris
2692 3321 3000 3389 temporibus
3025 3323 3224 3391 aliquos
3263 3321 3557 3391 ignorantia
3583 3332 3653 3375 te-

2078 3339 2286 3384 mausu,
2319 3339 2363 3374 et
2393 3339 2658 3391 nejutum
2692 3339 3000 3389 temporibus
3025 3339 3224 3442 attzuos
3263 3339 3557 3391 ignorantia
3583 3339 3652 3375 te-

2078 3401 2226 3460 neat,
2257 3393 2366 3444 lucc
2408 3408 2521 3444 cum
2566 3392 2791 3460 reliquiis
2819 3393 2987 3444 sacris
3013 3392 3068 3444 in
3132 3402 3466 3460 aciextrema
3515 3391 3652 3446 orbis

2076 3453 2224 3530 prirte
2249 3462 2589 3514 recondimus.
2620 3453 2752 3514 Deus
2779 3462 2881 3514 ista
2907 3462 3079 3514 omnia
3105 3477 3136 3513 a
3165 3457 3467 3514 Maurorum
3493 3463 3653 3515 maui-

2077 3530 2168 3584 bus
2195 3541 2376 3584 servet.
2423 3533 2587 3583 Amen
2612 3571 2628 3598 ,
2659 3539 2766 3585 etc.
2802 3530 2874 3581 De
2903 3531 3005 3585 hoc
3031 3533 3359 3585 monasterio
3386 3530 3534 3598 plura
3562 3533 3654 3599 qui

2075 3601 2239 3665 volet,
2295 3602 2454 3654 adeat
2505 3600 2694 3655 Mora].
2724 3608 2781 3654 et
2829 3599 3020 3654 Padill.
3053 3600 3187 3655 locis
3226 3599 3337 3668 jam
3384 3599 3653 3664 laudatis,

2074 3669 2303 3723 Brittnm
2336 3669 2464 3740 ibid.
2490 3680 2544 3740 et
2573 3685 2690 3740 cap.
2723 3669 2810 3733 ‘Zl,
2844 3669 2938 3722 ιιι.
2967 3686 3052 3736 vi;
3084 3667 3290 3740 Ludov.
3321 3667 3652 3740 deﬁngelis

2074 3741 2167 3794 lib.
2201 3756 2277 3810 tv.
2301 3740 2368 3794 de
2398 3738 2563 3810 Laud.
2599 3736 2660 3810 ρζ
2691 3740 2937 3810 Angust._.
2966 3755 3083 3809 cap.
3108 3736 3377 3810 20;}9an.
3401 3736 3652 3810 Marquez

2073 3825 2190 3875 Cap.
2223 3809 2308 3870 l2,
2337 3811 2402 3862 de
2428 3808 2572 3878 Orig.
2605 3807 2791 3864 Erem.
2816 3808 2874 3862 S.
2906 3807 3154 3876 Augusta
3189 3807 3298 3878 ἕψε.

2146 3878 2171 3916 b
2209 3878 2500 3934 lienovatus
2529 3880 2755 3934 abbas...
2777 3888 2890 3947 post
2916 3887 2991 3932 est
3017 3880 3172 3933 etiam
3196 3878 3536 3934 Emeritensis
3558 3895 3649 3933 ur-

2074 3949 2149 4004 bis
2187 3951 2449 4020 lionlifetc.
2478 3950 2552 4003 De.
2580 3966 2689 4019 quo
2724 3950 2872 4017 plura
2897 3949 2948 4002 in
2981 3947 3103 4020 139:.
3135 3947 3202 4002 ad
3220 3948 3467 4020 pangi.

2148 3971 2149 3994 :
2187 3964 2449 4020 t’omqetc.
2478 3964 2552 4003 Ue.
2580 3966 2689 4019 quo
2724 3964 2872 4017 plura
2897 3965 2948 4002 ιη
2981 3964 3103 4003 μοι.
3135 3964 3202 4002 au
3227 3964 3288 4002 ca
3333 3964 3467 4018 .21.

2148 4031 2169 4057 ε
2207 4019 2409 4090 Usitato
2448 4022 2655 4074 nomine
2679 4020 2952 4090 guillones.
2981 4016 3184 4090 Glossm
3216 3964 3433 4090 [Sigerij
3467 4015 3644 4090 Galla,

2075 4089 2337 4160 Baucalis;
2352 4088 2602 4144 Latino-G-
2611 4085 2755 4160 raeca:
2771 4088 2948 4153 :Gillo,
2963 4088 3259 4160 ﬁuuxuiaoy;
3279 4103 3382 4160 vox
3391 4085 3648 4160 Cassiano

2073 4159 2201 4212 Inst.
2237 4175 2308 4223 tv,
2341 4173 2460 4227 cap.
2492 4159 2577 4225 l6,
2622 4159 2834 4212 Rul'lino
2864 4174 2937 4220 ιιι,
2963 4155 3120 4212 ἠυιιι.
3156 4155 3240 4220 ll,
3267 4157 3386 4210 aliis
3413 4159 3646 4227 scripto-

2071 4229 2216 4283 ribus
2262 4225 2420 4293 notai
2461 4233 2527 4283 de
2555 4245 2662 4298 qua
2715 4244 2813 4284 nos
2859 4229 3009 4298 plura
3040 4235 3182 4298 post.
3212 4227 3479 4298 eruditiss.
3515 4225 3645 4281 ller.

2074 4299 2427 4360 lioswvydum
2450 4295 2643 4353 Onom.
2667 4300 2733 4353 ad
2762 4295 2990 4352 vil.'PP.
3029 4295 3084 4352 et
3113 4295 3171 4349 P.
3207 4295 3550 4360 Scriverium,
3577 4298 3646 4350 ad

2074 4315 2263 4354 noswv
2308 4315 2427 4351 num
2450 4315 2643 4353 unom.
2667 4315 2733 4353 au
2762 4315 2856 4352 vn.
2890 4315 2990 4351 rr.
3029 4315 3084 4352 et
3113 4315 3171 4349 ι’.
3207 4315 3550 4360 acrtvertum,
3577 4315 3644 4350 an

2069 4384 2134 4428 en
2158 4384 2206 4437 ε.
2234 4315 2324 4434 ὃζ,
2353 4369 2443 4422 lib.
2469 4386 2526 4434 ll,
2552 4369 2777 4423 Martial.
2802 4367 3119 4424 Schidiasm.
3151 4365 3340 4420 ultimo
3366 4366 3581 4437 decadis
3611 4367 3644 4419 6

2071 4435 2330 4492 Horarum
2354 4438 2785 4500 Subsecivarum,
2812 4438 2898 4493 ubi
2920 4438 3045 4508 quid
3066 4437 3479 4508 guillonariusin
3503 4435 3643 4503 legg.

2071 4509 2438 4578 Wnsogothor.
2467 4510 2537 4563 sit
2565 4509 2756 4578 explic.
2786 4523 2851 4562 ex
2883 4505 2948 4562 ea
2975 4505 3171 4578 llispan
3195 4522 3222 4561 s
3272 4506 3510 4578 cangilon
3561 4514 3643 4558 at-

2069 4579 2256 4652 tribuit
2280 4580 2339 4652 Ρζ
2361 4576 2820 4652 Ciaconiuchivis
2843 4594 2994 4652 meus
3015 4576 3406 4652 admiraculutn
3430 4577 3644 4652 doctus,

2063 4647 2188 4703 Not.
2223 4652 2272 4701 in
2301 4647 2628 4718 Cassiannet
2658 4648 2938 4718 Rosweyd.
2968 4647 3155 4718 melips
3184 4660 3357 4718 quam
3377 4660 3406 4698 a
3436 4647 3640 4718 congio,

2061 4727 2118 4769 nt
2143 4719 2353 4786 gentilis
2381 4734 2531 4774 meus
2557 4717 2619 4772 D.
2651 4715 2948 4773 Sebasti'an.
2981 4716 3046 4770 de
3072 4715 3424 4772 Covarruvias
3454 4715 3642 4780 voluit,

2064 4786 2224 4841 Thes.
2261 4789 2320 4841 L.
2353 4789 2413 4843 C.
2448 4789 2550 4844 hac
2580 4790 2692 4857 ipsa
2721 4802 2872 4857 voce.

2133 4858 2158 4894 ά
2189 4859 2290 4911 Aut
2311 4852 2734 4921 ﬂaiconestox
2763 4855 3030 4925 Hispanis,
3054 4853 3218 4917 Itali-3
3250 4862 3302 4907 et
3331 4852 3498 4925 Gallis
3527 4853 3642 4907 exi-

2061 4939 2162 4992 gua
2209 4928 2454 4994 litterulae
2483 4928 2775 4981 mutatione
2822 4924 3149 4989 communis,
3181 4927 3352 4994 [rusco
3379 4965 3393 4991 ,
3432 4924 3595 4994 ﬁasco
3621 4964 3637 4987 ,

2061 4990 2252 5065 ﬂacon,
2294 4990 2624 5052 etiamialiis.
2656 4996 2718 5049 D.
2769 4995 3058 5063 Gregorius
3089 5011 3121 5048 ιι
3168 4990 3324 5057 Dial.,
3367 4990 3485 5065 cap.
3524 4993 3590 5046 l8
3622 5011 3638 5045 :

2075 5068 2202 5121 Vino
2244 5069 2396 5135 plena
2444 5068 2545 5120 duo
2585 5067 2720 5118 linea
2766 5062 3009 5123 vascula.
3037 5082 3149 5136 quat
3190 5065 3336 5133 vulgo
3376 5062 3640 5136 llascones

2060 5133 2309 5190 uocant}.
2351 5154 2415 5189 ne
2458 5138 2523 5188 de
2561 5137 2823 5206 ﬂascone,
2863 5152 3009 5206 quem
3049 5133 3378 5206 abscondisti,
3422 5133 3635 5188 bibus...

2061 5223 2176 5261 cum
2225 5208 2506 5275 ﬂasconem
2552 5205 2848 5275 inclinasset
2867 5245 2895 5275 _,
2908 5274 2913 5275 ν
2944 5206 3006 5258 de
3049 5220 3107 5275 eo
3147 5205 3379 5275 protinus
3426 5219 3638 5275 serpens

2059 5271 2298 5348 egressus
2343 5285 2437 5348 est.
2483 5274 2814 5348 Flodoardus
2865 5273 2956 5348 lib.
3005 5290 3020 5327 ι
3061 5274 3184 5328 hist.
3222 5271 3370 5326 Eccl.
3425 5272 3581 5348 Rom.
3616 5313 3634 5340 ,

2060 5342 2180 5415 cap.
2233 5344 2302 5397 15
2333 5364 2346 5398 :
2385 5345 2514 5410 Vas,
2555 5345 2689 5415 quod
2712 5344 2870 5415 vulg_o_
2897 5342 3440 5415 llasconemvocant,
3465 5343 3568 5415 vini
3600 5359 3635 5395 α

2054 5431 2112 5468 se
2132 5413 2378 5469 benedicti
2404 5408 2610 5483 plenum
2635 5408 3148 5483 deditfliesychius:
3167 5413 3394 5466 suam»
3419 5412 3471 5483 δέ
3499 5408 3634 5472 εἶδος

2054 5490 2320 5560 ειςοτηρὶου;
2341 5480 2598 5560 siemedii
2621 5484 2720 5560 αςνί
2741 5480 3332 5560 θοινίριοίτεεητιιειι-οοι
3351 5480 3630 5560 in_Chron.

2053 5550 2254 5624 Hun'g.,
2300 5569 2348 5609 c.
2393 5552 2493 5624 ’ἕξς
2549 5553 2685 5624 And.
2743 5550 3019 5624 prebeler
3058 5552 3110 5606 in
3144 5551 3357 5624 ‘Chron:
3401 5550 3630 5624 Bavar.;

2050 5617 2355 5690 Florentius
2401 5617 2761 5689 WigorniensI
2793 5626 2845 5676 in
2899 5617 3097 5676 Chron.
3141 5621 3273 5675 Hinc
3324 5617 3515 5690 Papias
3572 5620 3629 5673 in

2050 5693 2226 5748 Gloss.
2251 5687 2683 5747 Flauia—Grata
2725 5710 2817 5760 pro
2856 5691 3190 5747 recoudendis
3221 5690 3364 5762 ﬁalis
3401 5687 3628 5762 primum

2045 5765 2202 5834 [actw
2228 5773 2376 5834 sunt,
2399 5764 2534 5818 unde
2558 5770 2608 5819 et
2634 5762 2893 5818 dicuntur.
