2016 3093
137 152 188 180 125

649 150 692 177 DE
711 149 790 177 VI'I‘A
812 148 952 177 PATllUIl
974 148 1229 179 EHERITENSIUM

1713 156 1765 184 126

135 207 257 244 quamvis
268 206 322 240 jam
347 213 402 233 non
426 205 615 237 delectaretur,
639 210 666 231 et
694 205 804 232 nimium
826 209 926 232 onusto
941 206 964 234 Δ
979 205 1068 239 risque
1078 206 1205 233 Dominici
1225 212 1420 235 sacramentum
1436 209 1622 237 desideraret:
1639 211 1686 239 sed
1700 212 1763 239 dum

135 258 230 281 ventre
246 255 376 283 ructaret,
390 254 480 277 tamen
494 250 581 277 adhuc
596 250 675 277 cdere
691 254 718 277 et
730 250 822 277 bibere
833 250 926 284 cupie-

135 297 182 325 bat
195 306 203 329 ;
215 296 261 324 sed
275 296 337 323 dum
349 298 460 330 gravato
476 302 603 329 perquam
619 294 679 321 alvo
691 294 827 328 langueret
839 295 924 330 [Anne

135 340 277 377 lingeret?]
300 341 390 375 potius
415 348 494 373 quam
523 340 706 373 manducaret,
731 339 803 366 illico
829 347 924 366 occur-

135 391 214 414 rente
236 386 341 413 somnio
363 385 564 417 obdormiebat;
588 388 643 411 tum
664 385 760 411 deinde
783 384 925 411 venientes

134 440 217 460 canes
242 438 354 466 quaeque
382 433 537 465 portaverat
568 430 772 457 comedebant:
799 429 924 456 custodes

134 480 227 515 itaque
248 486 264 506 e
283 478 392 512 regione
415 477 550 504 intuentes
572 476 677 503 vascula
696 483 755 510 qum
779 475 922 508 detulerat,

134 524 286 552 dormiente
307 522 352 549 illo
367 521 400 549 ad
418 522 524 549 cellaria
539 521 717 554 revocabant;
733 521 848 556 dumque
866 521 924 548 h.‘cc

133 570 220 599 multa
234 577 283 604 per
296 574 447 604 temporum
467 568 551 602 spatia
567 571 767 601 peragerentur,
784 572 810 593 et
834 567 922 595 nullus

133 623 195 643 eum
211 613 355 649 aliquando
367 613 422 647 jam
437 611 574 640 emendari
589 611 719 643 crederet,
731 611 782 638 hoc
797 610 922 645 exemplo

133 661 231 696 Pastor
243 664 271 687 et
283 659 408 686 Salvator
419 658 504 685 bonus
515 656 604 690 (Joan.
617 665 644 688 κ,
666 656 709 691 Η)
722 656 753 683 de
774 664 821 683 ore
837 656 922 683 leonis

131 717 194 738 eum
210 708 349 736 abstraxit.
363 705 466 733 Accidit
477 712 602 739 namque,
616 709 644 732 ut
655 705 698 732 die
708 712 835 739 quanam,
847 712 922 731 more

131 755 224 787 solito,
238 753 325 789 primo
337 751 453 779 diluculo
465 750 499 778 de
510 750 619 778 cellario
639 750 800 777 temulentus
815 750 900 777 exiret
912 759 920 783 ;

132 807 211 835 quem
227 802 257 826 ut
269 797 394 825 viderunt
407 796 509 824 ebrium
530 795 603 831 pueri
620 795 722 830 parvuli
737 795 791 831 (qui
803 796 851 823 sub
866 803 921 831 pa:-

133 846 297 880 dagogorum
320 842 457 878 disciplina
482 842 508 869 in
529 841 627 869 scholis
647 842 689 869 litt
706 842 742 869 ris
766 841 919 877 studebant)

978 248 1111 276 antelatus
1126 250 1210 278 almus
1226 250 1306 278 Pater
1332 258 1438 286 putaret
1461 262 1520 280 eum
1549 255 1702 288 phrencttca
1719 263 1763 284 aut

977 295 1097 329 improha
1122 302 1210 325 mente
1229 298 1253 324 id
1271 298 1401 333 ﬂagitare,
1415 302 1598 334 paenitentiam
1617 303 1762 337 plenariam

976 341 1040 369 dare
1063 342 1174 375 distulit,
1191 344 1238 370 sed
1264 345 1428 371 tantumdem
1453 346 1478 372 ei
1500 347 1622 374 viaticam
1650 349 1762 382 gratiam

976 386 1129 421 impertivit,
1144 395 1175 415 ac
1192 388 1278 415 tribus
1294 389 1386 416 diebus
1403 390 1568 424 totidemque
1585 393 1708 420 noctibus
1722 394 1762 420 la-

975 432 1071 466 crymis
1086 437 1113 459 et
1125 432 1293 460 confessione
1310 434 1422 462 mirilica
1442 436 1582 463 satisfecit.
1597 437 1689 465 Tertio
1702 444 1762 473 post

974 475 1031 504 luce
1043 477 1085 504 die
1101 476 1265 511 dcmigralus
1275 486 1290 505 e
1304 487 1430 514 corpore,
1446 484 1473 507 et
1488 480 1648 509 valefaciens
1661 484 1762 511 cunctis

974 522 1109 554 fratribus.
1131 524 1170 551 sic
1193 524 1231 551 ait
1250 544 1256 550 .
1277 524 1438 559 Cognoscite
1462 526 1533 560 quod
1558 528 1648 554 omnia
1664 528 1762 555 delicta

973 567 1037 594 mibi
1053 568 1159 595 dimiSsa
1181 573 1258 602 sunt,
1280 574 1307 596 et
1327 577 1389 596 ecce
1404 578 1458 604 pra:
1480 570 1582 598 foribus
1602 572 1762 600 sanctissimi

972 613 1088 646 apostoli
1109 613 1203 641 Petrus
1226 618 1254 640 et
1277 613 1387 648 Paulus,
1407 622 1512 643 necnon
1537 622 1564 643 et
1591 616 1762 645 beatissimus

972 656 1131 693 Laurentius
1146 658 1350 687 archidiaconus
1363 664 1391 686 et
1410 664 1512 695 martyr
1527 668 1587 688 eum
1609 662 1761 689 innumera—

971 702 1016 729 bili
1027 702 1102 729 turba
1113 703 1316 730 candidatorum
1329 712 1372 731 me
1381 711 1549 740 exspectant,
1558 714 1617 733 cum
1624 707 1721 741 quibus
1729 707 1761 734 ad

972 747 1112 776 Dominum
1124 755 1236 783 pergere
1249 749 1372 782 debeam,
1388 754 1415 777 et
1432 751 1489 778 haec
1502 750 1595 778 dicens
1609 752 1733 785 migravit
1747 760 1762 779 e

972 800 1096 828 corpore.
1112 793 1175 821 Post
1193 794 1344 828 quindecim
1362 803 1425 822 vero
1441 800 1486 822 aut
1503 802 1536 823 eo
1551 796 1665 831 amplius
1677 805 1762 824 annos

973 843 985 857 ⁸
1000 840 1181 867 memorabilis
1196 841 1282 867 amnis
1293 840 1365 869 Anas
1377 841 1487 868 nimium
1503 849 1663 869 excrescens
1677 851 1761 877 ripas-

96 916 101 920 ,
133 890 182 918 bac
199 889 324 925 protinus
349 895 415 915 voce
440 887 675 914 exclamaverunt:
692 887 835 914 Considera
851 886 921 920 judi-
936 886 959 916 Β
972 891 1024 918 que
1042 884 1109 911 alvei
1123 884 1162 912 sui
1179 885 1395 920 supergradiens.
1408 884 1506 913 ﬂuenta
1529 886 1640 921 liquoris
1652 887 1705 913 late
1719 895 1761 914 as-

133 934 200 963 cium
215 933 335 961 terribile
346 932 450 960 Domini
463 941 471 965 ;
487 932 627 959 consideva
644 932 775 959 tremendi
789 932 920 959 examinis

133 978 304 1006 metuendam
340 977 521 1010 sententiam;
550 976 690 1004 considera
724 976 919 1004 formidandam

132 1029 211 1058 atque
231 1022 394 1051 horrendam
409 1022 467 1057 ejus
479 1022 571 1057 judicii
593 1022 713 1049 ultricem
729 1022 918 1056 severitatem;

132 1070 270 1098 considera
281 1069 363 1096 etiam
377 1076 461 1096 annos
474 1068 560 1095 aetatis
575 1072 637 1101 tum,
647 1073 673 1095 et
688 1068 726 1095 sic
741 1068 847 1095 tandem
862 1076 921 1096 mo-

131 1123 171 1143 res
182 1118 319 1143 commuta
332 1113 359 1141 in
380 1114 485 1147 melius,
510 1118 537 1142 et
551 1113 591 1141 vel
606 1122 659 1141 uno
671 1113 714 1142 die
728 1118 790 1141 ante
805 1118 918 1142 mortem

131 1166 202 1188 tuam
213 1161 320 1195 corrige
333 1159 415 1187 vitam
436 1164 518 1192 tuam,
535 1158 595 1194 quia
611 1158 687 1186 nobis
701 1159 844 1187 infantibus
859 1167 918 1193 quae

131 1210 157 1234 tu
171 1206 230 1242 agis
254 1213 307 1233 non
323 1205 386 1233 licet
405 1212 495 1238 agere,
517 1208 617 1239 quanto
632 1205 715 1239 magis
735 1205 782 1231 tibi
798 1205 841 1239 qui
863 1205 917 1239 jam

129 1256 207 1279 aetate
227 1251 323 1287 plenus
346 1258 406 1278 esse
431 1250 558 1278 cerneris.
582 1249 702 1284 Cumque
728 1250 779 1277 hoc
803 1250 917 1284 audiret,

129 1296 231 1332 pudore
251 1295 336 1323 nimio
356 1300 501 1330 coopertus
529 1295 650 1328 erubuit,
675 1289 818 1329 statimque
841 1303 917 1323 com-

129 1346 244 1378 punctus
263 1345 316 1374 est,
338 1344 366 1369 et
390 1339 490 1375 ejulatu
509 1347 606 1374 magno
626 1340 690 1367 ﬂens
712 1348 771 1367 cum
794 1341 918 1375 lacrymis

131 1387 237 1414 elevans
259 1385 355 1413 oculos
375 1393 439 1412 suos
454 1384 486 1411 ad
499 1385 596 1412 emtum
616 1384 683 1411 dixit
699 1393 706 1411 :
722 1384 832 1412 Domine
851 1384 916 1412 Jesu

129 1431 244 1463 Christe,
268 1430 387 1458 salvator
413 1429 573 1462 animarum,
597 1429 642 1464 qui
671 1437 724 1457 non
741 1430 781 1457 vis
803 1434 916 1457 mortem

130 1477 288 1512 peceatoris,
301 1475 350 1509 sed
371 1479 399 1502 ut
420 1479 571 1503 revertatur
591 1475 624 1502 ab
640 1475 781 1510 iniquitate
795 1480 821 1502 ct
847 1476 918 1503 vivat

131 1519 234 1553 (Each.
252 1529 328 1554 xvm,
343 1520 394 1553 ΞΜ
407 1528 498 1552 sum,
516 1519 577 1555 ll),
592 1525 619 1547 te
635 1527 739 1555 precor,
756 1524 785 1547 ut
799 1521 918 1554 corrigas

972 930 1065 964 persit,
1089 934 1116 957 et
1138 931 1230 958 ruinas
1251 931 1347 957 :edium
1371 939 1418 966 per
1432 931 1539 958 villulas
1558 932 1657 959 vicinas
1679 932 1760 959 littori

971 982 1019 1001 suo
1035 975 1133 1002 multas
1150 975 1228 1008 fecit;
1248 976 1372 1004 similiter
1385 982 1412 1003 et
1433 976 1648 1005 Caulinianensis
1668 986 1761 1005 mona-

970 1020 1043 1047 sterii
1059 1021 1140 1048 cellas
1158 1023 1270 1056 evertit;
1291 1030 1357 1056 quas
1377 1023 1440 1050 dum
1461 1023 1585 1050 monachi
1610 1027 1761 1050 restaurare

971 1066 1126 1098 voluissent,
1145 1067 1265 1101 contigit.
1289 1072 1318 1094 ut
1330 1067 1391 1094 dum
1406 1067 1577 1095 fundamenta
1589 1072 1759 1099 construunt,

970 1110 996 1137 in
1008 1110 1103 1137 cellula
1118 1118 1169 1145 qua
1185 1120 1265 1146 supra
1280 1113 1368 1140 dit-tus
1382 1112 1487 1147 jacebat
1507 1113 1591 1148 ipsum
1606 1114 1759 1148 sepulcrum

969 1156 1179 1190 aperirent;sed
1198 1165 1261 1184 mox
1277 1157 1337 1185 inde
1353 1163 1494 1186 nectareus
1507 1159 1575 1186 odor
1586 1160 1685 1194 erupit,
1701 1160 1759 1195 ipse

969 1208 1036 1228 vero
1061 1201 1165 1237 integer
1176 1207 1202 1229 et
1218 1202 1389 1237 incorruptus
1402 1208 1525 1237 repertus
1543 1207 1594 1235 est,
1609 1211 1640 1230 ac
1653 1204 1675 1230 si
1692 1203 1757 1230 hora

969 1246 1062 1273 eadem
1078 1246 1169 1273 fuisset
1184 1246 1318 1278 humatus,
1340 1251 1367 1273 ut
1381 1255 1430 1274 nec
1444 1247 1602 1274 vestimenta
1618 1247 1690 1281 ejus,
1707 1255 1757 1275 nec

969 1292 1057 1326 capilli
1091 1300 1125 1319 ex
1157 1293 1245 1327 aliqua
1273 1298 1348 1328 parte
1383 1298 1557 1321 cernerentur
1584 1293 1665 1321 fuisse
1702 1301 1759 1320 cor-

968 1338 1050 1372 rupﬂ.

1281 1395 1394 1423 CAPUT
1412 1382 1456 1424 iu.

967 1451 1086 1479 Nuncius
1109 1451 1187 1478 abbas
1212 1452 1349 1485 Africanus
1373 1452 1516 1479 Emeritam
1535 1453 1640 1479 reniens
1662 1460 1678 1478 a
1703 1461 1758 1479 sre~

1002 1487 1089 1513 tcta/is
1112 1492 1150 1513 est
1170 1487 1290 1519 occisus;
1309 1488 1351 1522 qui
1375 1496 1436 1515 mox
1455 1496 1470 1514 α
1483 1489 1598 1514 munione
1626 1493 1682 1514 sunt
1705 1496 1758 1514 cor-

1005 1523 1070 1556 repti
1076 1542 1082 1547 .

131 1574 181 1600 θ’θ’
195 1571 224 1595 ει
247 1567 353 1595 autem“
367 1566 436 1594 imm
458 1566 662 1615 Ῑῧ¹¹⁰ῘῘ¹Ϊ¹¹Ῐ9⁵¹¹¹η
683 1567 859 1615 ιορννθψίωη
882 1566 917 1615 d_°
931 1565 954 1595 C
1004 1578 1069 1605 Dum
1094 1578 1199 1605 novella
1219 1586 1331 1605 narrare
1353 1579 1501 1613 studemus,
1522 1580 1608 1613 prisca
1627 1580 1759 1615 majorum

130 1612 194 1642 faeie
206 1619 266 1641 mea
279 1622 288 1647 ;
300 1617 348 1641 aut
366 1617 450 1646 certe,
470 1613 491 1640 si
507 1612 554 1639 tibi
570 1613 668 1647 placet,
679 1612 734 1647 jam
751 1613 813 1640 tolle
827 1620 872 1641 me
885 1613 918 1640 de

130 1659 178 1687 hac
191 1658 339 1686 miserabili
353 1658 418 1690 vita,
435 1663 464 1685 ut
487 1658 602 1693 amplius
625 1659 818 1693 improperium
842 1659 917 1687 faciei

129 1711 195 1731 mea;
213 1710 268 1730 non
288 1703 406 1730 audiam.
423 1702 508 1735 Quem
521 1703 611 1730 statim
627 1703 715 1731 divina
728 1704 814 1738 pietas
833 1712 916 1732 exau-

129 1749 185 1777 dire
197 1755 252 1776 non
267 1747 383 1782 distulit;
398 1749 445 1776 sed
460 1748 493 1776 de
510 1749 634 1783 prmsenti
649 1749 675 1776 in
686 1750 781 1777 eodem
796 1750 856 1778 loco
869 1750 918 1778 do-

128 1794 185 1822 lore
208 1794 375 1830 percutiens,
389 1794 416 1822 vi
435 1793 550 1822 febrium
565 1800 680 1823 aestuare
693 1795 767 1823 fecit.
788 1796 916 1824 Nimirum

129 1839 244 1868 dexterae
257 1838 362 1867 Emeisi
377 1840 529 1868 immutatio
547 1839 632 1875 (Psal.
648 1849 738 1873 Lxm,
756 1841 800 1877 tl)
816 1842 842 1868 in
857 1846 918 1869 tan-

129 1891 183 1913 tum
198 1893 260 1914 eum
279 1886 453 1914 commutavit
472 1887 498 1914 in
523 1887 628 1920 melius,
641 1891 674 1914 ‘ut
694 1887 842 1915 abhorrens
859 1896 918 1916 om-

130 1938 176 1959 nes
200 1923 323 1959 carnales
347 1931 473 1966 delicias,
496 1931 619 1967 ﬂagranti
646 1932 736 1960 animo
756 1934 917 1967 poenitentia:

129 1977 275 2005 remedium
298 1986 362 2005 mox
382 1982 536 2013 appeteret,
554 1978 675 2013 corporis
691 1978 815 2006 videlicet
838 1986 917 2006 cruo-

163 2050 177 2064 ·
193 2044 465 2080 Μειποηὸἱιίξναπιηίδ
479 2045 547 2072 Ana.
562 2044 600 2072 Ex
617 2044 763 2073 Prudentia
778 2044 873 2080 Hymn.
891 2046 917 2073 in

129 2080 154 2108 in
167 2079 198 2108 S.
213 2079 299 2108 Eulal.
314 2080 348 2107 de
361 2079 491 2107 Emerita:

251 2133 320 2159 Nunc
331 2134 398 2159 locus
406 2135 512 2160 Emerita
525 2139 564 2160 est
574 2135 665 2161 tumulo

254 2165 321 2190 Clara
337 2166 428 2190 cotoni'i
444 2166 562 2191 Vettoniae

253 2196 329 2225 Onam
341 2203 497 2221 κεκοηλβιιιε
509 2203 579 2222 annos
591 2196 643 2222 Ain

251 2226 365 2258 Praeterit
377 2234 383 2251 :
397 2231 423 2251 et
435 2228 552 2252 viridante
564 2234 638 2258 capax

253 2257 358 2288 Gurgite
370 2259 457 2283 mania
471 2258 570 2289 pulchra
582 2257 652 2284 lavat.

127 2298 337 2334 Ihdiciretento
350 2299 461 2334 antiquo
473 2300 583 2327 nomine
597 2299 748 2334 adjectione
762 2301 836 2328 vocis
852 2301 918 2327 Ara-

126 2335 193 2361 bica:
205 2333 273 2360 Guid
286 2339 333 2361 aut
344 2333 446 2366 Gauda,
458 2343 517 2368 qum
528 2343 596 2368 aqua
612 2333 667 2362 sive
682 2335 777 2362 ﬂuvius
787 2336 919 2363 Arabibus

127 2374 177 2399 est.
186 2369 327 2405 Gaudiana
336 2370 443 2402 dicitur,
451 2375 478 2397 et
490 2370 530 2397 vel
542 2372 610 2398 alter
617 2370 769 2397 lecorum
782 2370 917 2405 Alphmus,

127 2404 226 2438 sazpins
252 2404 325 2431 nasci
352 2405 472 2438 gaudens
499 2413 570 2432 novo
598 2413 651 2431 non
679 2405 761 2431 semel
789 2406 919 2433 miraculo

127 2439 303 2473 conspici'ur.
319 2438 357 2466 De
370 2446 402 2467 eo
420 2440 494 2473 plura
510 2439 710 2467 Rui-Gonzales
723 2439 756 2467 de
773 2439 875 2473 Clavijo
893 2442 918 2468 in

127 2473 270 2508 Itinerario
285 2475 425 2508 legationis
439 2474 472 2501 ad
497 2474 681 2508 Tamerlanem
704 2480 825 2505 tempore
846 2475 918 2503 Hen-

126 2509 174 2544 rici
186 2507 219 2535 Ill
231 2508 356 2536 castella:
369 2510 453 2544 regis;
468 2509 579 2538 Hieron.
594 2507 691 2537 Paulus
700 2510 732 2537 de
744 2509 830 2537 Flum.
840 2520 846 2542 ;
858 2510 917 2538 Pet.

127 2542 235 2580 [Icilios
246 2551 306 2578 cap.
322 2544 366 2575 53,
383 2544 428 2580 lib.
446 2542 466 2572 ἰι
487 2553 541 2572 rer.
566 2544 658 2580 Hisp.;
681 2545 791 2572 Marian.
807 2553 831 2578 ι,
846 2553 870 2573 c.
886 2545 918 2579 3;

125 2577 247 2614 Garigai.
264 2577 300 2611 tv,
316 2587 377 2614 cap.
395 2579 448 2613 i9;
466 2580 521 2607 alii.

163 2613 177 2632 ι’
195 2613 362 2650 Temporibus
373 2614 523 2650 Leovigildi.
536 2614 585 2650 Qui
598 2615 707 2650 inompit
717 2621 828 2650 regnare
839 2614 919 2642 etiam

164 2622 177 2632 υ
197 2622 209 2640 ι
219 2622 362 2675 ῆηέονινιη
373 2622 523 2650 ιεοιτιςιιαι.
536 2622 585 2648 um
598 2622 707 2650 mempu
717 2622 828 2647 regnare
839 2622 862 2641 et
868 2622 917 2642 tam

126 2649 237 2676 vivente
276 2657 331 2676 ιννε
347 2649 430 2676 fratre
443 2657 514 2677 anno
529 2649 595 2682 568,
620 2655 648 2677 et
661 2650 739 2677 desiit
752 2649 841 2676 vivere
855 2657 917 2676 ann.

127 2683 190 2715 586,
202 2683 280 2719 juxta
291 2684 431 2711 certiorem
442 2684 534 2711 lsidori
546 2689 574 2712 et
585 2685 683 2712 Wulsa:
693 2684 863 2719 computandi
877 2692 920 2711 ra-

128 2719 252 2755 tionem,
268 2718 335 2745 Stmt
358 2720 402 2754 qui
423 2719 558 2753 appellent
580 2719 772 2755 Leovegildum,
795 2722 857 2745 sunt
875 2720 921 2754 qui

128 2752 316 2788 Liwigildum;
341 2752 390 2781 nos
412 2752 601 2782 nomismatum
624 2752 810 2790 inscriptiones
837 2752 921 2782 secuti

127 2796 232 2816 ευιηυς.

164 2829 176 2842 ε
191 2824 231 2851 Ab
246 2824 379 2861 Africanis
393 2825 538 2861 regionibus
553 2826 578 2852 in
592 2825 747 2861 provinciam
761 2823 920 2861 Lusitanom.

126 2859 186 2888 Non
199 2860 260 2888 sine
274 2860 409 2896 exemplo.
422 2859 563 2889 Paulinum
580 2859 638 2889 vita:
653 2860 807 2889 austerioris
821 2860 922 2888 deside-

968 1628 1043 1657 gesta
1078 1623 1263 1651 omiseramus.
1291 1623 1407 1651 Narrant
1440 1625 1530 1659 itaque
1557 1626 1662 1660 plurimi
1697 1631 1760 1654 ante

968 1668 1050 1695 multa
1068 1668 1123 1702 jam
1146 1669 1278 1696 curricula
1299 1677 1431 1697 annorum
1449 1669 1462 1689 ιν
1478 1671 1643 1705 temporibus
1666 1672 1760 1699 Leovi-
1796 1687 1798 1689 ι

969 1713 1262 1748 gildiWisogothorum
1286 1715 1355 1749 regis
1370 1716 1403 1741 ab
1426 1721 1437 1734 '-
1460 1715 1591 1744 Alrwanis
1605 1717 1759 1750 regionibus

969 1758 995 1785 in
1012 1760 1175 1793 provinciam
1188 1759 1352 1788 Lusitaniam
1368 1760 1381 1779 ά
1396 1761 1528 1788 Nunctum
1542 1769 1661 1789 nosu'um
1675 1763 1759 1790 adve~

969 1805 1039 1832 nisse
1052 1805 1185 1836 abbatem,
1202 1806 1248 1840 qui
1269 1814 1331 1833 eum
1345 1807 1499 1841 aliquandiu
1519 1807 1615 1834 ibidem
1630 1808 1757 1843 degisset,

968 1850 1120 1878 devotimis
1140 1851 1224 1884 gratia
1243 1851 1276 1878 ad
1298 1852 1434 1879 basilicam
1454 1853 1629 1880 sanctissima:
1651 1854 1759 1889 virginis

968 1895 1075 1923 Eulalia:
1090 1896 1127 1931 (in
1149 1903 1199 1930 qua
1214 1898 1272 1931 ejus
1287 1898 1495 1925 sacratissimum
1511 1899 1700 1933 corpusculum
1718 1907 1761 1927 re-

968 1941 1091 1976 quiescit)
1114 1941 1298 1969 desideranter
1320 1943 1436 1970 accessit
1450 1952 1456 1969 :
1469 1943 1526 1976 sed,
1543 1948 1573 1970 ut
1595 1944 1688 1977 fertur,
1712 1952 1760 1979 per

968 1986 1057 2013 omnia
1077 1991 1215 2021 aspectum
1234 1988 1386 2021 mulierum,
1401 1988 1473 2016 velut
1494 1989 1632 2024 vipereum
1657 1990 1760 2016 vitabat

968 2051 1009 2079 rio
1019 2059 1051 2079 ex
1065 2052 1152 2079 Africa
1166 2053 1190 2079 in
1205 2052 1356 2087 Hispaniam
1371 2053 1506 2087 trajecisse
1519 2058 1650 2081 testantur
1661 2054 1759 2082 Baron.

968 2087 1001 2113 ad
1017 2095 1079 2114 ann.
1095 2095 1165 2120 xcv;
1189 2088 1324 2116 Romanus
1340 2089 1365 2115 in
1385 2088 1484 2115 Chron.
1500 2088 1563 2116 0rd.
1579 2090 1607 2115 S.
1623 2090 1690 2122 Aug.
1714 2090 1758 2116 lib.

968 2129 996 2149 Ill
1008 2130 1016 2158 ς
1031 2122 1182 2158 ίιιιάονριθ
1196 2123 1303 2158 Angel.,
1317 2131 1343 2150 Iv
1356 2124 1391 2150 de
1405 2123 1457 2151 Vit.
1473 2124 1501 2151 S.
1518 2124 1584 2158 Aug.
1597 2124 1652 2155 30;
1673 2124 1759 2158 Μαι-ιι.

968 2129 1016 2154 tu;
1031 2129 1133 2151 Luaov.
1149 2129 1182 2149 ae
1196 2129 1303 2185 angam
1317 2131 1343 2150 Iv
1356 2129 1391 2150 de
1407 2129 1457 2151 Vit.
1473 2129 1501 2151 δ.
1518 2129 1584 2158 Aug.
1597 2129 1652 2155 an;
1673 2129 1759 2158 Μαι-ιι.

968 2157 1045 2197 c_.rl0‘
1053 2157 1120 2192 orig.
1134 2157 1221 2184 Erem.
1241 2178 1263 2197 _.
1280 2159 1347 2197 Aug:
1362 2177 1370 2197 ,_
1386 2157 1399 2193 ς
1414 2158 1440 2190 5,
1455 2163 1481 2185 et
1494 2158 1625 2190 Ementae,
1641 2166 1700 2193 quae
1712 2158 1760 2186 Lu-

968 2193 1070 2219 sitaniae
1093 2197 1186 2225 caput,
1212 2194 1291 2219 etiam
1320 2193 1416 2219 vixisse
1440 2198 1535 2226 praeter
1563 2198 1675 2222 caeteros
1705 2202 1759 2221 nan

970 2227 1083 2254 obscure
1097 2227 1213 2261 prodidit
1227 2228 1359 2254 Ausonius
1373 2228 1452 2261 epist.
1467 2227 1503 2253 26
1517 2227 1551 2255 ad
1565 2229 1655 2256 eumd.

1035 2281 1159 2305 Paulinum
1173 2282 1352 2312 Ausoniumquil
1365 2281 1429 2306 viros
1439 2288 1500 2312 quos
1510 2288 1577 2306 Stcra
1590 2282 1681 2311 Quirini

1034 2313 1154 2343 Purpura,
1168 2318 1194 2336 et
1205 2315 1302 2336 auratus
1314 2312 1405 2336 trabeae
1414 2313 1504 2337 velavit
1515 2314 1617 2338 amictus

1032 2343 1085 2367 Non
1098 2346 1169 2367 decet
1182 2343 1275 2367 insidiis
1286 2344 1424 2373 peregrinre
1434 2344 1524 2368 cedere
1535 2344 1606 2369 divae.

1033 2373 1096 2403 Quid
1107 2379 1212 2404 queror;
1223 2373 1318 2404 Eoique
1331 2375 1438 2398 insector
1449 2376 1549 2398 crimina
1561 2375 1680 2401 monstri?

1031 2404 1130 2441 (_)_(-cidui
1144 2411 1183 2428 me
1197 2405 1248 2441 ripa
1256 2404 1328 2441 Tagi,
1339 2411 1379 2429 me
1393 2405 1485 2441 Punica
1494 2405 1559 2441 laedit

1035 2436 1145 2465 Barcino,
1158 2441 1197 2458 me
1211 2435 1307 2466 bimaris
1315 2435 1373 2466 juga
1386 2436 1499 2466 ninguida
1513 2436 1632 2466 Pyrenaei.

1035 2465 1155 2491 Mmmbus
1167 2472 1182 2489 θ
1194 2467 1279 2496 patriis
1289 2465 1367 2489 forsan
1380 2465 1477 2496 quoque
1488 2465 1562 2490 vestis
1574 2471 1599 2491 et
1612 2467 1662 2491 oris

1033 2497 1159 2526 Quemque
1172 2503 1216 2520 suo
1229 2496 1300 2526 longo
1310 2497 1400 2521 dirimit
1412 2498 1533 2527 provincia
1547 2500 1623 2521 tractu

1032 2528 1109 2552 Trans
1118 2531 1220 2555 montes,
1231 2527 1357 2556 solemque
1368 2527 1451 2556 alium,
1462 2531 1528 2551 trans
1537 2528 1633 2552 numina
1640 2530 1665 2551 et
1675 2527 1760 2552 urbes.

1034 2558 1065 2583 Et
1076 2558 1139 2589 quod
1151 2562 1270 2583 terrarum
1281 2557 1387 2588 coelique
1397 2559 1612 2589 extenditurjnter

1034 2588 1197 2620 Euan-nque
1210 2594 1303 2618 amnes,
1315 2588 1418 2618 latasque
1429 2588 1518 2612 ﬂuenta
1532 2588 1667 2613 Garutmtte.

1008 2638 1021 2657 δ
1038 2638 1168 2665 Nanctum
1184 2638 1309 2665 abbatem.
1326 2638 1365 2674 De
1376 2646 1430 2673 quo
1445 2639 1521 2674 plura
1537 2639 1633 2666 Baron.
1650 2638 1682 2665 ad
1696 2646 1759 2674 ann.

974 2674 1025 2701 589
1038 2682 1045 2706 ;
1060 2674 1153 2709 Morel.
1174 2673 1218 2701 lib.
1235 2682 1265 2707 ll,
1279 2681 1338 2709 cap.
1353 2672 1407 2707 62;
1421 2672 1520 2701 Pallilla
1534 2679 1604 2709 cent.
1619 2674 1649 2705 6,
1665 2681 1688 2700 c.
1700 2672 1760 2709 ;

972 2709 1038 2736 Lud.
1055 2708 1089 2735 de
1099 2708 1191 2743 Augei.
1207 2716 1232 2736 Iv
1244 2709 1276 2735 de
1288 2707 1340 2736 Vit.
1357 2709 1386 2736 S.
1400 2709 1468 2743 Aug.
1479 2709 1527 2741 20;
1538 2708 1651 2735 Roman.
1667 2715 1684 2735 ιι
1700 2707 1762 2743 His-

973 2750 1024 2771 tar.
1037 2743 1138 2771 Eccles.
1153 2743 1204 2775 27;
1218 2743 1381 2772 Laneilottus
1391 2752 1408 2771 ll
1419 2742 1453 2771 de
1467 2743 1519 2771 Vit.
1535 2743 1563 2770 S.
1579 2743 1690 2776 August.
1706 2742 1757 2776 l8,

972 2779 1056 2813 Marq.
1072 2786 1132 2813 cap.
1148 2778 1182 2805 12
1195 2778 1266 2810 Orig.
1288 2778 1378 2806 Erem.
1392 2779 1421 2806 S.
1437 2777 1506 2812 Aug.
1524 2799 1532 2811 ,
1549 2778 1562 2813 §
1578 2777 1614 2809 8;
1634 2778 1684 2813 sed,
1701 2786 1763 2805 om-

973 2822 1021 2842 nes
1034 2812 1066 2841 ex
1082 2812 1134 2840 uno
1149 2813 1230 2840 Paulo
1245 2813 1414 2844 Emeritensi,
1431 2813 1505 2846 cujus
1521 2812 1611 2844 verba,
1629 2817 1657 2839 ut
1670 2812 1704 2840 de
1718 2820 1763 2841 re-

973 2850 1022 2878 bus
1036 2856 1051 2876 a
1065 2848 1167 2877 Nuncto
1181 2848 1311 2883 prmclare
1323 2849 1404 2883 gestis
1418 2853 1512 2882 agant,
1529 2848 1720 2876 transcribunt.
