4032 6186
483 344 581 402 151

1691 313 1890 371 PAULI
1945 307 2316 367 EMERITANI
2357 305 2628 384 DIAQONI

3665 301 3764 356 ίῦὶ

482 457 550 510 tle
577 450 816 519 regione,
844 455 946 513 qua
979 451 1093 508 Ipse
1119 432 1382 491 oriundus
1397 429 1678 486 exstiterat
1702 428 2071 519 negotiatores
2104 431 2144 483 Α
2176 421 2317 519 tibus
2345 429 2566 475 strenue
2593 415 2959 519 crudivittoita
2991 423 3050 470 ut
3093 413 3552 519 inlrapa-ucorum
3591 433 3765 474 cum-

483 518 701 600 Gmcos
746 538 797 590 in
855 530 1084 585 navibus
1129 526 1200 581 de
1241 522 1550 578 Orientibus
1579 518 1879 584 advenisse,
1912 524 2074 584 atque

485 630 752 701 Hispaniae
783 626 961 679 littora
993 619 1283 688 contigisse
1312 628 1582 684 ;cumque
1602 612 1658 666 in
1681 610 2072 701 Emeritensem

485 699 753 779 civitatem
782 712 1174 786 pervenissent,
1198 724 1263 762 ex
1285 705 1438 760 rriore
1459 703 1714 774 episcopo
1734 699 2078 772 prtebuerunt

481 824 765 869 occursum
792 824 808 874 ;
838 805 931 876 qui
974 817 1098 858 cum
1127 800 1194 854 ab
1225 813 1291 853 eo
1324 796 1554 863 benigne
1593 790 1817 847 fuissent
1845 788 2067 856 recepti,

481 919 546 960 ac
563 903 631 957 de
659 899 798 955 atrio
828 899 943 965 ejus
973 892 1310 963 egredientes
1340 889 1392 942 in
1420 887 1581 941 domo
1607 885 1660 938 in
1689 898 1794 951 qua
1824 881 2072 950 hospita-

485 998 682 1051 bantur
712 991 940 1045 inissent
992 982 1219 1052 regressi
1248 999 1263 1047 ;
1291 985 1552 1047 sequente
1596 974 1684 1029 die
1711 973 1780 1027 ad
1808 987 1932 1026 eum
1964 986 2081 1024 tnu-

489 1086 772 1145 uusculum
803 1082 1065 1136 miserunt
1095 1092 1191 1146 pro
1220 1074 1514 1142 gratiarum
1545 1068 1778 1129 actione,
1805 1063 2082 1119 deferente

485 1195 677 1256 puero,
706 1175 925 1232 nomine
946 1171 1139 1235 Fideli,
1163 1169 1401 1239 quicum
1425 1163 1503 1218 eis
1527 1174 1688 1217 causa
1707 1155 1973 1213 mercedis
1993 1169 2081 1209 re-

487 1249 749 1343 cipienda:
789 1269 858 1322 de
906 1264 1128 1333 regione
1170 1275 1354 1315 eorum
1401 1253 1701 1311 conductus
1745 1249 2079 1304 advenerat:

497 1377 732 1433 cumque
754 1360 871 1428 ejus
899 1357 1089 1411 luisset
1117 1358 1471 1424 praesentatus
1493 1344 1818 1416 aspectibus,
1867 1350 1918 1396 et
1969 1352 2088 1408 qua:

487 1464 642 1525 grato
671 1452 849 1506 animo
891 1449 1098 1502 directa
1144 1441 1410 1497 detulerat
1439 1438 1520 1492 vir
1563 1447 1782 1491 sanctus
1808 1438 2086 1502 gratanter

487 1542 832 1613 suscepisset,
863 1554 986 1595 eum
1013 1535 1176 1606 coepit
1221 1530 1495 1601 sigillatim
1542 1525 1807 1582 sciscitari
1835 1539 1944 1594 quo
1981 1538 2080 1576 vo-

487 1643 701 1690 caretur
726 1632 962 1694 nomine,
994 1628 1062 1683 de
1085 1641 1191 1696 qua
1220 1623 1515 1696 provincia,
1534 1619 1620 1674 vel
1637 1618 1705 1673 de
1729 1632 1834 1686 qua
1863 1617 2084 1670 civitate

488 1733 664 1789 esset;
695 1737 815 1778 cum
843 1735 974 1789 ergo
1004 1719 1078 1774 illi
1121 1732 1318 1772 nomen
1346 1729 1501 1768 suum
1529 1722 1584 1766 et
1629 1711 1902 1765 civitatem
1931 1723 2082 1762 suam

2178 515 2296 568 cula
2319 527 2581 566 annorum
2611 523 2773 566 oume
2797 507 3033 563 ollicium
3060 506 3508 574 ecclesiasticum,
3531 523 3768 564 omnem-

2179 620 2285 676 que
2311 604 2693 660 bibliothecam
2724 602 3122 672 Scripturarum
3150 600 3449 655 divinarum
3489 601 3768 672 perlectis-

2179 698 2316 754 sime
2344 697 2628 760 docuerit;
2658 682 2852 751 deinde
2881 711 3010 750 vero
3033 710 3129 764 per
3156 696 3397 764 singulos
3419 695 3614 763 gradus
3641 710 3764 750 eum

2180 787 2499 858 perducens,
2529 787 2817 842 diaconum
2839 786 3134 850 ordinavit;
3158 785 3247 853 qui
3273 801 3399 840 mox
3421 784 3643 840 effectus
3672 786 3770 840 ha-

2181 878 2474 933 bitaculum
2504 877 2736 948 Spiritus
2763 877 2958 944 saneti,
2989 876 3239 931 omnibus
3268 875 3557 930 virtutibus
3589 877 3660 932 ita
3686 883 3770 930 est

2183 971 2497 1033 irradiatu~,
2529 981 2588 1025 ut
2613 971 2920 1034 sanctitate,
2968 969 3253 1034 charitate,
3287 971 3562 1039 patientia,
3587 980 3645 1025 et
3673 971 3772 1024 bu-

2183 1064 2414 1118 militate
2433 1065 2736 1117 universum
2757 1063 3165 1118 transcenderet
3188 1062 3506 1130 clerum,sic
3519 1063 3774 1118 nimirum

2185 1151 2297 1207 Deo
2327 1163 2383 1207 et
2411 1153 2716 1208 hominibus
2740 1168 3012 1218 securum,
3045 1151 3423 1222 aliabiiemque
3443 1153 3690 1222 praebuit,
3714 1163 3776 1208 ut

2184 1261 2349 1300 unum
2381 1245 2528 1300 illum
2553 1254 2803 1316 putarent
2824 1245 3070 1300 homines
3091 1260 3158 1300 ex
3182 1261 3406 1300 numero
3436 1246 3775 1314 angelorum.

2187 1334 2400 1390 Interea
2443 1333 2570 1389 dum
2613 1335 2856 1406 plurimis
2877 1336 3032 1390 annis
3080 1335 3189 1390 Deo
3237 1335 3782 1405 irreprebensibiliter

2187 1425 2507 1490 deservirct,
2535 1435 2594 1481 et
2615 1440 2778 1494 supra
2809 1425 3086 1480 nominato
3111 1425 3360 1481 nutritori
3391 1441 3490 1481 suo
3517 1427 3660 1481 dulei
3686 1427 3783 1482 ob-

2185 1518 2376 1587 sequio
2403 1519 2455 1572 in
2483 1518 2732 1573 omnibus
2752 1516 3026 1580 obediret,
3056 1533 3119 1572 ac
3145 1524 3481 1572 senectutem
3511 1515 3627 1587 ejus
3655 1519 3782 1574 abs-

2187 1624 2294 1681 que
2335 1610 2514 1678 aliqua
2551 1608 2850 1665 ollensione
2886 1610 3124 1664 suaviter
3151 1609 3485 1665 oblectaret:
3518 1610 3659 1665 idem
3690 1627 3781 1666 su-

2187 1717 2284 1772 pra
2308 1701 2620 1755 nominatus
2644 1699 2990 1754 beatissimus
3012 1700 3189 1764 Pater,
3234 1701 3443 1754 exactis
3463 1700 3576 1770 jam
3598 1701 3790 1758 multis

492 1812 820 1872 nominaret,
850 1810 1035 1863 videns
1057 1807 1455 1862 adolescentem
1480 1803 1636 1856 bonae
1655 1797 1868 1859 indolis,
1892 1809 2084 1852 cuncta
2121 1808 2162 1865 Β
2191 1795 2470 1852 curriculis
2497 1810 2781 1860 annorum,
2806 1805 2968 1866 atque
2995 1804 3155 1850 aetate
3175 1795 3452 1866 decrepita
3484 1796 3537 1850 in
3567 1796 3782 1850 senium

492 1917 616 1959 eum
644 1916 741 1973 per
768 1900 1016 1956 ordinem
1047 1896 1418 1964 interrogavit,
1459 1901 1514 1947 et
1563 1891 1780 1946 nomina
1811 1897 2094 1958 parentum

497 1993 816 2064 requisivit;
848 2001 904 2046 at
933 1991 1025 2046 ille
1051 1993 1448 2056 consequenter
1475 1981 1770 2038 secundum
1797 1980 2096 2047 interroga-

501 2085 725 2147 tionem,
747 2083 996 2153 patriarn,
1019 2080 1314 2144 civitatem,
1339 2077 1540 2138 vicum,
1572 2071 1789 2128 nomina
1816 2079 2096 2140 parentum

498 2173 818 2244 simpliciter
870 2169 1269 2234 manifestavit;
1325 2166 1441 2222 hmo
1485 2180 1554 2220 eo
1581 2163 1795 2218 dicente
1844 2161 2098 2230 cognovit

499 2277 697 2318 nomen
737 2261 942 2317 sororis
965 2273 1096 2323 suae,
1128 2258 1219 2328 qui
1248 2257 1430 2312 statim
1457 2253 1712 2310 exsiliens
1745 2253 1813 2306 de
1847 2251 1975 2305 sede
1999 2264 2096 2304 sua

497 2353 552 2409 in
586 2360 881 2422 conspectu
892 2351 1132 2406 onmium
1153 2348 1488 2419 amplexibus
1512 2345 1630 2415 ejus
1653 2343 1917 2410 incubuit,
1948 2358 2098 2398 eom-

499 2454 644 2502 tnota
660 2445 862 2515 quippe
878 2441 1421 2512 fuerantsuperillum
1442 2441 1652 2495 viscera
1683 2438 1822 2508 ejus,
1841 2444 2003 2506 atque
2029 2435 2100 2489 ir-

500 2551 666 2593 ruens
678 2550 840 2606 super
854 2535 1051 2591 collum
1068 2518 1275 2603 ejus,'et
1298 2532 1597 2589 diutissime
1623 2529 1962 2594 exosculans,
1991 2543 2042 2597 pr
2054 2542 2101 2582 te

507 2629 708 2696 gaudio
755 2629 988 2684 ubertim
1016 2627 1183 2694 ﬂevit,
1209 2625 1389 2681 statim
1437 2621 1908 2694 supranominatos
1933 2633 2100 2687 nego-

503 2721 728 2775 tiatores
756 2719 1010 2775 accersiri
1047 2718 1320 2788 praecepit.
1351 2715 1548 2786 quibus
1571 2713 1682 2768 ait:
1715 2712 1946 2767 Puerum
1971 2707 2102 2765 mihi

509 2811 672 2867 istum
701 2810 1003 2875 concedite,
1052 2817 1107 2863 et
1131 2807 1392 2877 quidquid
1440 2805 1604 2860 vultis
1631 2818 1664 2858 a
1694 2817 1782 2858 me
1810 2801 2102 2873 postulate.

504 2902 576 2959 At
598 2900 676 2958 illi
707 2901 1142 2972 responderunt:
1194 2897 1307 2954 Hoc
1341 2895 1517 2955 facere
1547 2909 1882 2967 nequaquam
1911 2908 2104 2964 possu-

501 3009 640 3059 tnus,
669 2993 794 3062 quia
826 2993 1087 3062 ingenuus
1114 2993 1280 3046 homo
1308 3000 1413 3056 est,
1464 2997 1520 3043 et
1562 3005 1591 3043 a
1646 2986 1962 3058 parentibus
1992 2999 2093 3056 pro

503 3095 691 3143 nostro
740 3085 936 3142 solatio
962 3083 1294 3141 conductum
1343 3081 1671 3152 accepimus,
1727 3081 1845 3135 sine
1881 3079 1986 3135 isto
2038 3078 2106 3134 ad

506 3185 760 3249 parentes
790 3191 919 3232 suos
950 3176 1256 3231 nullatenus
1280 3187 1526 3229 remeare
1553 3187 1862 3242 possumus,
1891 3185 1991 3226 nec
2018 3170 2099 3225 la-
2127 3191 2172 3250 ς

506 3267 646 3322 ciem
689 3279 876 3320 eorum
905 3264 1048 3318 ultra
1097 3263 1314 3317 videndi
1360 3262 1680 3316 habebimus
1723 3259 2016 3326 licentiam,
2056 3260 2101 3313 si

508 3357 653 3412 hunc
683 3353 736 3408 in
769 3362 878 3408 tam
909 3352 1258 3421 longinquae:
1290 3350 1619 3420 provinciam
1647 3348 2028 3403 dimiserimus.
2062 3346 2102 3399 E

506 3453 696 3504 contra
736 3444 825 3500 ille
853 3452 928 3499 att
954 3462 965 3495 :
995 3443 1345 3512 Compertum
1391 3440 1545 3495 vobis
1569 3440 1639 3494 sit
1667 3439 1815 3507 quia,
1868 3439 1912 3492 si
1944 3439 2101 3492 istum

508 3536 639 3592 mihi
683 3549 790 3590 non
817 3534 1105 3599 dimittitis,
1130 3549 1230 3588 vos
1258 3534 1310 3587 in
1342 3532 1568 3602 patriam
1600 3539 1836 3584 vestram
1887 3530 2106 3584 minime

510 3627 817 3694 revertetis,
867 3625 962 3682 sed
988 3625 1221 3696 accipite
1270 3641 1300 3678 a
1343 3640 1430 3678 me
1479 3622 1761 3696 pecuniam
1809 3622 2104 3691 copiosam,

509 3728 568 3775 et
595 3718 742 3774 abite
764 3732 954 3774 secure
981 3724 1269 3787 pergentes
1297 3731 1419 3771 eum
1444 3729 1596 3785 pace.
1629 3713 1756 3769 l-I:ec
1785 3713 1862 3768 illi
1889 3713 2110 3767 audien-

511 3817 616 3874 tes,
660 3822 759 3863 nec
783 3807 1016 3877 amplius
1040 3814 1204 3860 tntae
1231 3805 1489 3874 potestati
1532 3805 1799 3859 obsistere
1845 3804 2110 3870 valentes,

512 3899 663 3953 aiunt
689 3897 757 3953 ad
793 3913 922 3952 eum
968 3913 982 3950 :
1017 3897 1112 3952 Dic
1139 3896 1315 3959 nobis,
1345 3895 1584 3961 domine,
1627 3894 1757 3964 quid
1788 3909 1964 3948 causa:
2003 3902 2108 3961 est,

521 3995 580 4042 ut
609 3987 882 4043 hominem
914 3987 1012 4041 tibi
1045 3985 1376 4055 incognitum
1398 3995 1551 4040 tanto
1574 3999 1762 4040 amore
1787 3984 2012 4053 diligere
2030 3984 2114 4039 di-

513 4077 691 4147 gneris
713 4077 737 4132 ’ἒ
761 4075 857 4132 llle
883 4091 1036 4140 vero,
1071 4075 1375 4144 proximum
1406 4090 1562 4130 suum
1587 4074 1727 4141 esse,
1757 4074 1969 4144 sibique
1997 4074 2115 4128 alii-

515 4167 684 4223 nitate
737 4165 896 4224 valde
949 4165 1227 4233 vicinum;
1279 4173 1336 4220 et
1382 4164 1565 4219 addit:
1598 4165 1758 4220 Abite
1803 4165 1857 4220 in
1897 4167 2114 4222 nomine

517 4261 728 4317 Domini
778 4259 982 4330 absque
1021 4258 1198 4327 aliqua
1229 4257 1588 4325 haesitatione,
1621 4257 1996 4311 renuntiantes
2021 4272 2114 4312 so-

520 4353 631 4407 rori
657 4366 810 4417 meat,
840 4351 965 4421 quia
996 4349 1166 4408 lilium
1194 4350 1312 4419 ejus
1332 4349 1403 4406 ob
1432 4348 1862 4404 consolationem
1888 4349 2110 4418 captivi-

519 4443 646 4497 tatis
691 4457 824 4498 meze
875 4458 1042 4513 penes
1086 4457 1172 4496 me
1201 4441 1444 4508 retinui;
1498 4441 1590 4510 qui
1642 4440 1852 4495 diversa
1903 4455 1999 4509 per
2022 4454 2118 4495 eos

521 4534 740 4590 mittens
761 4549 985 4590 munera
1008 4535 1203 4600 sorori,
1240 4535 1478 4606 ipsisque
1501 4535 1680 4589 nautis
1702 4535 1868 4587 multa
1896 4532 2117 4600 largitus
2143 4564 2194 4624 ι)

520 4636 600 4681 est
631 4626 791 4687 dona,
820 4641 884 4680 ac
900 4627 977 4680 sic
991 4625 1142 4680 dilati
1165 4626 1282 4694 ejus
1312 4624 1641 4689 muneribus,
1667 4623 1890 4692 ingressi
1907 4631 2031 4676 sunt
2060 4625 2112 4676 in

523 4715 752 4787 patriam
782 4730 934 4770 suam
964 4729 1086 4771 cum
1115 4716 1310 4784 gaudio
1349 4729 1564 4785 magno.
1603 4715 1810 4782 Quibus
1838 4714 2114 4770 redeunti-

525 4809 625 4862 bus
649 4806 830 4864 statim
861 4805 1140 4876 praefatum
1170 4806 1568 4861 adolescentem
1599 4815 1624 4843 ι
1657 4806 1883 4862 tondere
1914 4788 2114 4875 price-

525 4901 623 4968 pit,
652 4914 718 4954 ac
739 4899 850 4954 Deo
879 4897 1238 4968 omnipotenti
1265 4897 1593 4953 serviturum
1617 4898 1834 4962 obtulit,
1861 4906 1918 4952 et
1945 4897 2110 4953 veluti

525 4990 752 5045 alterum
782 4989 1084 5046 Samuelem
1110 4991 1162 5044 in
1204 4991 1407 5059 templo
1436 4990 1648 5045 Domini
1677 4991 1868 5045 diebus
1894 5006 1956 5044 ac
1983 5005 2112 5045 noc-

597 5150 621 5178 ε
651 5141 1036 5213 Adolescentem
1081 5142 1294 5213 tondere
1343 5144 1612 5212 prtecepit,
1658 5159 1720 5195 ac
1763 5142 1871 5196 Deo
1917 5159 2112 5213 omnip.

529 5212 832 5266 serviturum
867 5212 1068 5267 obtulit.
1119 5211 1294 5276 Bene,
1344 5211 1469 5266 nam
1508 5223 1642 5266 teste
1670 5213 1730 5266 D.
1767 5213 1984 5267 llieron.
2036 5211 2117 5281 (ut

530 5284 758 5337 habetur
786 5281 886 5346 12,
914 5297 969 5350 q.
1005 5284 1054 5346 1,
1083 5299 1132 5336 c.
1164 5283 1265 5336 duo
1292 5285 1463 5346 sunt),
1502 5285 1644 5337 rasio
1671 5285 1858 5352 capitis
1887 5293 1961 5335 est
1992 5292 2119 5336 lem-

527 5352 800 5423 aurelium
832 5354 1059 5407 omnium
1105 5352 1387 5422 depositio,
1438 5354 1687 5406 nimirum
1739 5363 1802 5423 ut
1839 5353 1979 5416 Deo,
2027 5355 2115 5423 qui

531 5432 720 5477 tonsus
761 5422 851 5486 sit,
894 5426 997 5478 hoc
1026 5430 1107 5477 est
1135 5425 1391 5483 clericus.
1433 5424 1719 5477 deserviat.
1764 5422 2004 5477 Tonsura
2026 5422 2118 5478 or-

532 5501 644 5545 tum
671 5493 854 5547 habuit
873 5510 902 5547 a
919 5492 1204 5555 Nazarmis,
1228 5509 1256 5546 a
1281 5494 1476 5562 quibus
1496 5495 1725 5562 apostoli
1749 5494 1799 5548 in
1831 5492 2120 5548 Ecclesiam

533 5575 652 5684 «(iam
683 5564 1116 5686 ilcl:l["0dl‘lxertlttl,
1146 5574 1368 5620 auctore
1388 5563 1594 5618 lsidoro
1618 5579 1655 5619 ιι
1697 5565 1764 5618 de
1804 5563 2010 5620 Eccles.
2044 5565 2126 5619 ol-

534 5644 621 5684 με.
646 5668 661 5691 .
701 5649 820 5697 cap.
867 5644 918 5687 4.

600 5700 642 5779 τι.
670 5699 929 5780 (Insulam.
978 5703 1174 5780 Eadem
1202 5720 1305 5759 vox
1342 5704 1391 5780 in
1425 5704 1718 5780 interprete
1746 5704 2127 5780 veteri__l’l_tilo_-

543 5768 644 5822 ‘bci
685 5772 920 5840 episcopi
969 5775 1070 5829 Cl’.
1102 5776 1309 5830 Comm.
1343 5779 1410 5831 de
1439 5768 1682 5832 sam-Oli.
1735 5789 1860 5832 tom.
1897 5776 1957 5832 IV
1992 5775 2125 5831 Bibl.

2198 1900 2424 1955 vergens
2473 1886 2614 1941 hunc
2634 1886 2736 1940 sibi
2757 1900 3128 1940 successorem
3153 1885 3337 1955 elegit,
3359 1899 3596 1955 moxque
3615 1887 3785 1941 etiam

2198 1977 2250 2031 in
2275 1977 2397 2032 loco
2417 1991 2516 2030 suo
2537 1990 2597 2029 se
2624 1975 2838 2029 vivente
2857 1973 3142 2039 ordinavit,
3173 1983 3227 2028 et
3246 1974 3485 2029 omnium
3515 1975 3788 2030 bonorum

2198 2082 2417 2122 suorum
2457 2065 2727 2120 hazredem
2759 2065 3025 2130 instituit;
3059 2065 3130 2118 ita
3171 2065 3334 2120 etiam
3377 2067 3788 2120 testamentaria

2197 2157 2479 2212 sanctione
2522 2155 2846 2223 decernens,
2898 2155 2999 2210 etsi
3039 2169 3161 2210 eum
3213 2155 3388 2210 clerus
3432 2154 3798 2211 Emeritensis—

2199 2246 2400 2300 habere
2427 2244 2594 2299 vellet
2630 2242 2959 2313 pontiﬁcem,
2993 2259 3182 2298 omnes
3219 2260 3305 2298 res
3333 2259 3467 2313 quas
3493 2243 3569 2298 illi
3597 2255 3791 2300 contu-

2201 2339 2336 2393 lerat
2363 2351 2482 2408 p05t
2513 2338 2717 2392 obitum
2745 2352 2900 2393 suum
2925 2337 3242 2406 supradicttc
3270 2336 3509 2392 ecclesia:
3549 2335 3790 2392 derelin-

2199 2436 2392 2498 queret
2414 2444 2428 2493 ;
2450 2427 2530 2482 sin
2553 2428 2703 2491 alias,
2728 2428 2952 2484 haberet
2971 2427 3196 2482 liberum
3220 2429 3500 2483 arbitrium
3521 2429 3789 2499 quidquid

2200 2518 2435 2574 voluerit
2461 2519 2529 2574 de
2559 2517 2794 2597 prmfatis
2823 2520 2984 2574 rebus
3009 2520 3155 2574 disce
3187 2535 3346 2586 nere;
3370 2520 3454 2574 vel
3486 2520 3737 2590 judicare
3769 2540 3786 2574 :

2202 2613 2306 2667 hoc
2330 2627 2459 2666 sane
2482 2611 2758 2666 decretum
2785 2613 2865 2666 vir
2885 2621 3128 2679 sanctus,
3150 2614 3426 2669 revelante
3451 2614 3552 2669 sibi
3581 2612 3791 2684 Spiritu

2202 2714 2391 2760 sancto
2437 2705 2820 2776 promulgavit,
2863 2707 3162 2776 prophetiae
3191 2706 3359 2776 gratia
3401 2721 3650 2777 praescius
3678 2723 3794 2762 non

2202 2794 2483 2852 defuturas
2526 2795 2704 2851 eidem
2749 2797 2866 2851 viro
2907 2798 3197 2852 multorum
3249 2798 3516 2854 obsistere
3561 2799 3794 2856 invidias

2205 2888 2483 2944 hominum
2531 2888 2924 2960 improborum,
2955 2890 3045 2961 qui
3096 2906 3216 2946 cum
3250 2878 3454 2948 canino
3485 2907 3635 2949 more
3682 2892 3796 2949 cir-

2206 2996 2545 3052 cumquaque
2566 2982 2618 3036 in
2642 2982 2986 3052 postmodum
3012 2983 3366 3053 oblatrarent,
3389 2995 3551 3056 atque
3580 2986 3796 3042 invidim

2208 3073 2452 3131 faucibus
2475 3076 2606 3147 [Αι.,
2631 3075 2856 3147 lacibus]
2871 3091 3178 3131 successum
3204 3078 3804 3134 mordaciterlaniaret.‘

2206 3167 2425 3223 interim
2453 3167 2601 3234 dum,
2625 3169 2843 3237 auspice
2873 3168 3125 3235 Domino,
3157 3169 3522 3224 constituisset
3542 3185 3664 3224 eum
3691 3185 3768 3224 an
3799 3207 3803 3214 .

2206 3259 2454 3323 tistitem,
2479 3258 2552 3312 ita
2583 3259 2841 3313 ei'astare
2869 3268 2924 3313 et
2945 3258 3218 3315 deservire
3245 3261 3495 3330 cupiebat
3514 3261 3653 3316 sicut
3675 3261 3801 3317 dia-

2205 3357 2429 3406 conatus
2486 3357 2734 3419 tempore
2787 3349 3095 3406 ministrare
3152 3358 3549 3418 consueverat,
3605 3351 3679 3405 ita
3737 3363 3802 3408 ut

2208 3458 2410 3497 exuens
2432 3442 2532 3497 sibi
2551 3439 2578 3478 ι)
2603 3442 2861 3507 casulam,
2881 3459 3030 3498 more
3053 3443 3301 3505 ministri,
3325 3458 3512 3498 coram
3535 3459 3602 3499 eo
3634 3444 3803 3500 assis.

2209 3541 2352 3602 tcns,
2385 3532 2659 3586 servitium
2681 3548 2844 3587 omne
2866 3533 3199 3602 persolveret
3225 3550 3238 3600 ;
3267 3547 3424 3602 quem
3447 3533 3534 3588 ille
3557 3532 3606 3586 id
3636 3546 3805 3601 agere

2210 3625 2484 3697 prohibuit
2511 3643 2525 3693 ;
2565 3634 2620 3680 et
2650 3633 2708 3679 ut
2729 3624 2840 3694 jam
2871 3626 3126 3694 deinceps
3157 3625 3536 3681 auctoritatem
3578 3625 3809 3693 pontiﬁ-

2210 3725 2367 3773 catus
2390 3717 2473 3772 sui
2496 3726 2808 3772 constanter
2839 3725 3021 3771 tenere
3049 3715 3349 3779 admonuit,
3383 3724 3563 3786 atque,
3598 3724 3656 3770 ut
3683 3714 3807 3770 fra-

2213 3819 2350 3865 trum
2389 3825 2611 3864 suorum
2641 3809 2822 3879 potius
2868 3824 3052 3864 curam
3082 3817 3282 3876 ageret,
3316 3808 3638 3877 imperavit:
3684 3809 3807 3878 ipse

2211 3916 2342 3956 vero
2365 3899 2733 3955 sanctissimus
2756 3915 2920 3954 senex
2951 3914 3077 3953 mox
3102 3899 3480 3968 derelinquens
3507 3900 3721 3962 atrium,
3745 3911 3807 3956 et

2213 3993 2392 4046 omnia
2425 3992 2703 4061 privilegia
2736 3992 2960 4046 honoris
2996 3991 3076 4046 sui
3117 4007 3238 4046 sese
3276 3993 3341 4044 ad
3371 3991 3644 4044 basilicam
3675 4005 3806 4044 san-

2213 4093 2313 4139 ctae
2328 4082 2546 4138 Eulalia:
2569 4085 2622 4138 in
2643 4083 2895 4139 cellulam
2916 4083 3230 4138 vilissimam
3253 4083 3500 4138 contulit.
3523 4081 3646 4149 Qui,
3673 4082 3807 4136 dum

2215 4175 2506 4246 aliquando
2529 4175 2727 4230 ibidem
2759 4175 2965 4244 positus
2995 4191 3024 4229 a
3047 4175 3226 4230 smculi
3251 4175 3406 4243 hujus
3427 4174 3678 4242 procellis
3707 4172 3807 4226 ab-

2215 4268 2440 4331 solutus,
2476 4275 2531 4321 et
2570 4267 2622 4320 in
2670 4266 2835 4320 multa
2865 4268 3049 4336 quiete.
3093 4266 3417 4320 constitutus
3448 4265 3498 4318 in
3541 4262 3720 4318 cilicio
3747 4271 3806 4318 et

2216 4359 2397 4414 cinere
2440 4358 2661 4423 cubans,
2705 4373 2803 4428 pro
2835 4358 3000 4413 totius
3043 4357 3224 4412 mundi
3260 4354 3488 4428 piaculis
3518 4353 3805 4408 Dominum

2219 4459 2550 4522 precaretur,
2583 4449 2834 4519 migravit
2871 4464 2902 4505 e
2948 4464 3197 4519 corpore.

2825 4557 3052 4614 CAPUT
3091 4558 3178 4611 Ἠ.

2217 4652 2412 4735 Fidelis
2443 4653 2710 4735 episcopus
2734 4652 3080 4735 possessiones
3126 4666 3248 4704 suas
3294 4648 3534 4735 relinquit
3577 4645 3804 4702 ecclesia

2360 4722 2422 4777 S.
2442 4717 2685 4786 Eulaliw,
2715 4717 2926 4774 clericos
2955 4737 2986 4773 a
3013 4734 3180 4775 ruma:
3205 4717 3662 4790 periculoliberat.
3845 4721 3856 4734 '

2285 4811 2418 4868 Post
2467 4811 2620 4882 cujus
2671 4812 2969 4868 discessum
3017 4812 3234 4882 quidam
3269 4809 3513 4881 pestiferi
3553 4807 3807 4863 homines

2211 4904 2365 4973 juxta
2396 4904 2447 4958 id
2471 4903 2615 4974 quod
2649 4904 2730 4958 vir
2748 4901 2841 4957 Dei
2866 4901 3210 4973 praedixerat,
3232 4911 3416 4956 contra
3442 4900 3809 4955 beatissimum

2222 5007 2244 5035 ο
2280 4995 2520 5052 Fidelem
2549 4995 2862 5066 episcopum
2895 4995 3069 5050 verbis
3100 4992 3347 5062 malignis
3387 4989 3680 5046 mussitare
3701 5001 3810 5044 cte-

2220 5156 2329 5202 vet.
2367 5145 2494 5208 PP..
2533 5147 2637 5202 col.
2671 5146 2773 5201 528
2802 5166 2814 5200 :
2845 5147 3123 5218 Egreditur
3158 5156 3296 5200 retro
3334 5143 3577 5199 sacerdos
3619 5142 3810 5196 demis-

2222 5235 2333 5272 sam
2363 5230 2576 5289 portans
2618 5221 2877 5282 casulam,
2899 5217 3103 5271 ’Grmce
3145 5218 3429 5289 q/Ott‘léltov,
3467 5229 3591 5266 nam
3623 5225 3812 5266 catum

2161 5335 2178 5338 _
2223 5287 2552 5343 voce‘utitur
2583 5289 2801 5357 inferius
2829 5290 2940 5357 ipse
2971 5287 3268 5357 interpres;
3298 5294 3352 5340 et
3371 5287 3560 5357 placet
3587 5301 3648 5337 ea
3670 5298 3807 5357 pro-

2224 5360 2514 5420 vocabula,
2544 5361 2736 5428 quibus
2767 5353 3003 5413 Ecclesia
3036 5353 3277 5428 lic—tuam
3308 5353 3496 5428 utitur,
3540 5353 3684 5428 apud
3716 5367 3813 5404 an-

2225 5429 2404 5496 tiquos
2431 5421 2722 5495 scriptores
2760 5429 3020 5482 invenire.
3055 5427 3177 5481 th.
3218 5426 3546 5480 Amalarium
3576 5421 3812 5496 Fortun.

2226 5490 2320 5553 lib.
2353 5515 2404 5552 vt
2430 5500 2497 5554 de
2527 5490 2736 5554 Eccles.
2769 5498 2949 5561 Ollic..
2983 5514 3104 5567 cap.
3138 5497 3224 5562 l9,
3255 5505 3311 5550 et
3339 5496 3538 5567 lib._nt,
3564 5509 3688 5564 cap.
3721 5490 3813 5557 l5,

2167 5635 2178 5652 Κ
2228 5579 2282 5624 et
2320 5569 2526 5652 Italian:
2557 5569 2724 5652 Maur.
2753 5569 2893 5652 libgt
2922 5563 3216 5652 Instieler.
3244 5607 3260 5631 ,
3285 5582 3409 5647 cap.
3437 5563 3527 5652 ξι.

2305 5654 2325 5679 ο
2358 5638 2593 5693 Fidelem
2621 5641 2778 5710 apisci.
2829 5638 3069 5710 De_quo
3097 5629 3255 5693 iidem
3304 5629 3817 5710 scriptoresuttoslri

2233 5709 2421 5767 Moral.
2453 5726 2489 5766 ιι
2523 5751 2536 5777 ,
2565 5706 2682 5783 cap.
2711 5709 2798 5781 72,
2824 5719 2878 5764 et
2908 5707 3109 5765 Padilla
3140 5716 3279 5764 cent.
3316 5723 3385 5776 vt,
3409 5706 3528 5778 eup.
3571 5706 3659 5760 ευ.
