2016 3093
146 161 196 190 εδδ

668 158 711 185 DE
731 157 810 185 VlTA
831 157 971 185 PATIIUM
990 157 1260 187 EMERITENSHTM.

1730 167 1781 194 ιδι

144 222 254 256 perunt,
270 221 299 245 ut
313 224 376 244 eum
396 215 432 243 de
445 215 514 243 loco-
526 221 581 249 quo
602 215 766 242 constitutus
791 213 878 241 fuerat
891 220 939 248 per
952 216 977 246 Α
991 212 1029 240 ita
1038 213 1184 241 nimirum”
1197 214 1281 249 ipsius
1290 214 1393 244 mdilicii
1402 218 1489 253 spatia
1500 219 1579 255 longe
1591 221 1701 256 lateth
1708 220 1774 248 altio

145 271 334 302 quamcunque
356 262 529 294 occasionem
551 261 703 296 pellerent:
720 260 790 295 quod
810 267 872 288 cum
897 259 944 287 ille

145 309 343 347 perpendisset,
359 308 410 335 etsi
426 315 480 334 una
499 313 561 333 cum
581 306 661 333 rebus
675 305 732 333 suis
746 305 779 332 ab
792 312 887 333 eorum
902 304 937 332 in-

145 346 294 385 sectatione
325 361 452 390 separare
476 353 629 385 voluisset;
652 356 793 388 comperto
816 352 850 380 ab
878 346 941 386 illis,

145 401 217 436 quod
231 401 254 429 si
268 400 313 428 ille
325 399 439 427 sublatis
453 398 487 426 de
499 398 560 433 jure
577 397 702 425 Ecclesia:
718 398 825 433 praediis
844 398 899 425 suis
912 404 942 425 se

145 448 179 473 ab
194 447 233 473 eis
253 450 405 480 separaret,
421 444 472 470 illis
488 444 599 470 omnino
616 443 680 469 nihil
695 448 866 469 remaneret:
884 443 942 476 plus

147 494 221 521 inviti
237 500 319 526 quam
343 496 441 526 sponte
461 490 572 525 pedibus
597 489 653 517 suis
677 497 706 516 se
729 493 941 523 prostraverunt,

148 539 244 572 quibus
258 538 303 564 ille
319 546 372 564 non
386 543 580 570 usquequaque
596 543 755 568 repugnans,
773 534 885 568 priL‘buii
899 542 942 562 as-

148 592 258 612 sensum
274 603 281 615 ,
297 588 335 615 ut,
353 587 380 609 et
400 589 492 609 curam
507 580 643 614 rcgiminis
658 585 773 614 gerent,
789 584 815 606 et
831 581 855 606 in
870 583 943 613 post-

149 631 258 657 modum
280 637 361 656 onme
382 628 572 663 patrimonium
588 635 663 653 suum
680 626 804 653 Ecclcsia;
827 626 943 652 derelin-

146 681 253 710 queret.
268 675 346 708 Quod
363 675 398 701 ita
413 674 510 701 factum
533 678 584 704 est,
603 677 631 698 ut
653 680 685 699 eo
702 676 824 706 tempore
839 676 943 697 tantum

147 722 265 749 Ecclesia
283 722 446 755 locupletata
462 724 503 746 est
528 719 596 752 ipsa,
614 722 641 744 ut
658 718 700 744 illa
718 718 744 743 in
760 717 893 751 llispauim
913 716 943 742 ii-

147 769 226 795 nibus
241 768 313 795 nulla
329 771 402 794 esset
413 766 583 800 opulentior;
600 772 631 790 ac
646 764 692 795 ita,
711 763 824 789 Domino
845 769 944 796 coope-

147 818 223 841 rante
236 812 397 841 conlirmata
412 815 453 838 est
468 811 494 837 iu
517 817 578 837 eum
593 814 750 835 cunctorum
767 815 833 842 pura
845 812 872 834 et
886 807 943 834 sin-

146 868 209 887 cera
235 859 348 886 dilectio
370 858 395 885 in
413 861 527 889 tantum,
554 860 582 882 ut
606 862 699 882 omnes
715 862 768 881 uno
793 854 944 887 eodetuque

993 259 1069 287 ribm
1082 259 1261 288 columinibus
1284 261 1400 295 erigens,
1416 263 1587 298 pretiosaque
1607 266 1668 292 atrii
1681 265 1783 293 colum-

993 312 1088 333 narum
1100 306 1241 333 ornatibus
1257 307 1434 341 suspendens,
1446 315 1478 335 ac
1489 309 1671 343 pavimentum
1690 317 1779 344 omne,

993 351 1036 379 vel
1064 351 1181 386 parietes
1205 357 1318 379 cunctos
1338 352 1429 380 nitidis
1452 355 1629 382 marmoribus
1651 355 1781 390 vestiens,

993 396 1114 424 miranda
1126 396 1243 431 desuper
1255 401 1325 425 tecta
1340 398 1499 430 contexuit;
1514 402 1570 425 tum
1580 399 1676 427 deinde
1690 399 1717 426 in
1732 400 1784 427 mi-

992 448 1052 469 rum
1072 442 1258 477 dispositionis
1280 442 1390 470 modum
1404 442 1542 471 basilicam
1557 444 1718 472 beatissime
1732 446 1785 473 vir-

992 486 1061 520 ginis
1074 486 1182 514 Eulalim
1204 488 1358 515 instaurans
1381 488 1408 515 in
1423 488 1519 516 melius
1533 489 1561 516 in
1587 489 1646 524 ipso
1660 491 1780 519 sacratis

992 532 1061 560 simo
1083 533 1184 567 templo
1198 533 1270 560 celsa
1291 533 1402 560 turrium
1417 533 1521 569 fastigia
1535 533 1645 561 sublimi
1660 535 1787 569 produxit

993 577 1020 604 in
1036 585 1109 604 arce.
1127 577 1174 605 llic
1191 585 1308 611 namque
1321 578 1362 605 vir
1371 579 1467 605 beatus
1482 579 1507 605 in
1522 578 1574 605 hoc
1585 586 1701 614 corpore
1714 580 1785 614 posi-

993 627 1036 650 tus
1049 623 1145 650 crebro
1160 631 1221 650 cum
1236 627 1391 650 sanctorum
1402 624 1518 650 catervis
1529 623 1556 650 in
1567 623 1651 651 choro
1666 624 1787 651 ecclesia:

992 673 1078 702 stans,
1094 674 1121 696 et
1137 669 1254 703 psallens
1279 669 1351 697 visus
1378 669 1462 697 fuisse
1490 669 1657 704 perhibetur,
1685 676 1713 698 et
1736 671 1788 698 alia

993 715 1076 741 multa
1092 719 1236 741 narrantur
1250 722 1310 749 quae
1335 714 1455 742 scribere
1469 719 1581 749 propter
1604 715 1787 750 pro‘ixitatem

993 760 1044 793 sui,
1059 768 1093 787 ne
1107 759 1168 787 lasti
1179 760 1242 787 illim
1270 760 1419 794 legentibus
1434 760 1581 795 pnebcant,
1608 761 1788 789 deseruimus.

1274 805 1390 833 CAPUT
1410 805 1463 832 \‘ll.

1029 853 1130 881 Fidelis
1153 855 1288 889 episcopus
1312 855 1380 880 visu:
1393 853 1517 881 interesse
1531 857 1677 881 seruierunt
1691 853 1787 881 choris.

147 906 248 938 animo,
264 904 361 931 ardore
377 903 513 929 immensa:
537 901 676 928 charitatis
696 899 851 935 flagrantes,
877 905 941 932 erga
961 901 981 931 Β
1029 900 1078 928 Die
1100 900 1218 934 quodam
1243 907 1354 935 puerum
1369 899 1528 927 familiarem
1543 907 1620 927 suum
1635 899 1669 925 ad
1689 899 1789 933 locutn,

146 959 208 978 eum
224 951 356 977 immenso
369 955 462 974 amore
477 946 563 973 sancti
579 946 646 980 ignis
659 949 813 975 aestuarem,
824 949 851 970 ut
863 952 943 970 unum

147 1004 194 1024 cor
207 1001 235 1023 et
249 995 350 1023 labium
362 1002 423 1021 cum
439 1001 471 1019 co
486 992 586 1024 effecti,
605 991 677 1018 nullo
692 990 799 1024 penitus
816 990 894 1016 modo
911 989 944 1016 ab

147 1043 250 1070 alterna
257 1041 402 1068 dilectione
414 1038 729 1066 discidiointercurrente
742 1036 837 1070 discre,
848 1039 943 1068 arent;

147 1086 274 1121 quoniam
299 1085 366 1112 tanti
388 1084 457 1111 vatis
479 1083 686 1110 memoravimus
711 1089 819 1113 nomen,
842 1087 945 1115 operte-

147 1133 264 1167 pretium
290 1131 367 1158 nobis
391 1130 526 1156 videretur
542 1135 601 1155 esse
629 1127 799 1162 perspicuum
820 1127 855 1153 de
884 1126 944 1160 ejus

147 1178 254 1209 multis,
275 1176 373 1212 quibus
398 1175 494 1203 crebro
510 1174 619 1207 ell‘ulsit,
635 1174 777 1200 virtutibus
800 1173 945 1207 quamdam

147 1224 273 1258 exiguam
291 1221 450 1257 particulam
463 1219 598 1246 memoria:
614 1219 728 1245 tradere.
745 1218 875 1250 Quoniam
892 1217 942 1251 igi-

148 1275 192 1297 tur
209 1269 351 1296 Dominico
372 1268 425 1300 die,
451 1266 515 1293 dum
540 1266 566 1292 iu
582 1265 679 1291 atrium
695 1272 754 1290 cum
770 1264 860 1290 multis
884 1263 945 1290 litiis

148 1315 270 1342 occlusis:
287 1313 420 1345 tenderet,
441 1316 470 1339 ut
494 1318 552 1338 mos
568 1314 617 1342 est,
635 1314 647 1327 κ
664 1309 868 1336 archidiaconus
884 1315 944 1334 cum

149 1360 222 1388 clero
238 1359 264 1386 iu
280 1358 349 1385 albis
362 1358 396 1384 ab
417 1356 531 1384 ecclesia
548 1355 686 1381 venientes
701 1361 792 1380 coram
806 1361 838 1379 eo
854 1353 945 1379 astite-

149 1409 227 1436 runt;
253 1410 381 1438 moxque,
399 1402 443 1429 ille
458 1408 607 1434 consurch
627 1420 633 1432 ,
650 1399 805 1426 diaconibus
826 1407 859 1425 ex
871 1405 946 1424 more

150 1449 285 1477 thuribula
299 1447 464 1482 gerentibus,
479 1451 560 1480 atque
575 1450 637 1471 ante
652 1452 713 1471 eum
730 1444 945 1478 prmeedentibus

150 1503 207 1523 cum
235 1494 369 1521 uuivrrsis
390 1494 434 1528 qui
455 1492 575 1525 aderant,
601 1490 634 1518 ad
651 1490 791 1517 ecclesiam
815 1489 942 1523 perrexit,

152 1541 276 1575 qualiter,
293 1539 347 1566 Deo
361 1539 513 1573 av‘-juv:\nte,
527 1536 666 1564 Illissarum
682 1535 811 1562 solemnia
822 1534 944 1562 celebra-

995 946 1038 974 cui
1059 945 1193 980 Capsiaua
1208 945 1367 973 vocabulqu
1382 948 1434 977 est,
1456 944 1527 979 quod
1542 945 1575 971 ab
1592 944 1708 972 Emerita
1723 944 1790 972 urbe

995 990 1114 1018 millibus
1134 990 1270 1018 sexdecim
1285 989 1378 1023 distat,
1393 989 1502 1021 direxit,
1516 997 1549 1017 ac
1561 990 1691 1025 praecepit
1704 989 1728 1016 ei
1740 989 1790 1017 sub

995 1035 1070 1063 omni
1094 1034 1270 1063 festinatione
1297 1035 1397 1062 reverti
1422 1043 1429 1060 :
1463 1035 1508 1070 qui
1540 1042 1601 1062 cum
1633 1035 1790 1068 fuisset,et

996 1079 1093 1108 eodem
1112 1079 1156 1108 die
1181 1079 1281 1107 reverti
1306 1087 1360 1107 non
1385 1079 1559 1113 occurrisset,
1583 1079 1684 1107 ibidem
1711 1088 1786 1107 man-

994 1129 1049 1160 sit;
1072 1128 1116 1155 cui
1143 1127 1170 1155 in
1193 1127 1252 1163 ipso
1271 1127 1360 1155 noctis
1383 1126 1459 1154 initio
1467 1127 1523 1161 jam
1537 1126 1682 1154 dormienti
1703 1135 1788 1155 visum

995 1174 1045 1202 fuit
1058 1174 1144 1209 gallos
1154 1179 1290 1207 cantasse,
1304 1173 1451 1208 statimque
1465 1172 1680 1209 expergefactus,
1701 1173 1790 1202 cabal-

995 1220 1051 1248 lum
1066 1228 1144 1248 suurn
1166 1219 1295 1251 ascendit,
1315 1223 1397 1254 atque
1420 1218 1533 1247 festinus
1552 1226 1710 1254 properans,
1725 1223 1790 1247 ante

996 1266 1115 1293 medium
1136 1265 1224 1293 noctis
1241 1265 1274 1292 ad
1289 1269 1395 1300 portam
1419 1264 1503 1299 ipsius
1524 1264 1652 1299 civitatis,
1667 1272 1728 1299 quas
1741 1272 1790 1300 ap-

996 1311 1110 1346 pellatur
1119 1311 1200 1339 Porta
1212 1311 1314 1346 pontis,
1329 1310 1453 1345 pervenit
1464 1317 1472 1343 ;
1483 1310 1530 1345 qui
1546 1317 1607 1338 cum
1621 1309 1719 1338 ibidem
1730 1310 1790 1338 diu-

997 1357 1099 1384 tissime
1113 1356 1233 1384 residens
1247 1358 1371 1384 cerneret
1381 1355 1445 1390 quia
1460 1360 1523 1382 ante
1537 1355 1635 1383 horam
1656 1360 1788 1390 opportu-

996 1409 1058 1429 nam
1086 1401 1319 1435 cousurrexisset,
1349 1405 1378 1428 et
1404 1400 1467 1436 quia
1495 1400 1621 1435 quamvis
1646 1400 1790 1429 clamasset

995 1446 1184 1478 vociferatur.
1206 1445 1295 1474 nullus
1309 1445 1334 1473 ei
1357 1447 1462 1480 portam
1486 1445 1624 1480 aperiret;
1647 1446 1734 1473 visqu
1748 1450 1790 1474 est

996 1491 1033 1520 ei,
1046 1495 1076 1517 ut
1089 1490 1194 1518 caballo
1206 1498 1256 1518 suo
1271 1490 1407 1525 paululum
1421 1490 1531 1517 herbam
1546 1491 1632 1522 daret.
1648 1498 1790 1526 quousque

996 1535 1093 1570 aliquis
1107 1535 1219 1563 forsitan
1234 1540 1338 1571 portam
1354 1540 1498 1563 reseraret.
1516 1535 1549 1563 Et
1563 1543 1628 1564 ecce
1642 1537 1731 1565 subito
1745 1537 1790 1565 in-

151 1590 229 1614 rent:
247 1592 273 1612 at
288 1584 332 1612 ubi
348 1583 464 1611 universi
477 1590 537 1610 cum
552 1589 586 1609 eo
606 1581 639 1608 de
654 1581 724 1607 atrio
739 1580 875 1615 paululum
890 1579 945 1607 fere
959 1586 982 1617 ο
998 1587 1135 1618 tempesta:
1148 1582 1236 1610 noctis
1249 1582 1316 1610 liora
1330 1582 1439 1610 elevans
1453 1581 1547 1610 oculos
1560 1590 1624 1610 suos
1638 1583 1704 1610 vidit
1722 1583 1789 1611 emi-

151 1633 245 1660 decem
269 1631 399 1666 graduum
416 1633 616 1663 processerunt,
640 1628 711 1654 illico
726 1627 759 1653 ab
775 1626 833 1653 imis
851 1626 945 1653 funda-

152 1678 249 1705 mentis
263 1677 350 1704 omnis
365 1680 475 1710 repente
487 1674 642 1709 amplissimi
658 1668 716 1700 atrii
730 1672 804 1699 fabri.
814 1681 827 1698 a
843 1673 906 1703 ruit,
917 1675 946 1700 et

153 1731 211 1752 nem
228 1724 301 1750 inem
317 1723 352 1749 ibi
363 1722 506 1756 oppres-it,
516 1720 689 1754 Deojubeute
698 1720 782 1755 [Anne
791 1719 901 1752 juvante
910 1717 944 1753 ης

153 1776 183 1796 ex
199 1775 253 1803 qua
271 1775 300 1794 re
315 1766 481 1802 pensandum
497 1769 547 1797 est,
564 1765 640 1799 cujus
663 1764 749 1791 meriti
767 1765 817 1791 iste
836 1764 875 1790 vir
891 1764 946 1790 fue-

153 1815 195 1845 rit,
211 1813 258 1848 qui
284 1813 320 1839 ita
340 1812 410 1847 apud
427 1811 508 1838 Deum
529 1810 583 1838 suis
598 1809 724 1844 precibus
739 1809 895 1838 obtinuerit,
918 1812 948 1834 ut

154 1860 226 1895 prius
252 1866 306 1886 non
321 1859 432 1886 daretur
447 1857 558 1891 antiquo
580 1855 648 1882 hosti
670 1859 789 1889 potestas
805 1859 886 1880 tanta:
909 1853 947 1880 fa-

153 1907 232 1934 bricae
253 1908 410 1940 perpetrare
433 1903 547 1935 ruinam,
572 1909 652 1936 quam
675 1902 731 1935 ipse
751 1905 864 1928 cunetos
885 1899 948 1927 loris

154 1953 265 1980 eductos
278 1951 382 1985 integro
404 1956 527 1981 numero,
555 1948 609 1975 Deo
630 1948 786 1978 miserante,
812 1946 947 1973 salvaret:

153 1999 199 2027 sed
213 2003 245 2025 ut
259 1998 286 2025 in
304 2001 381 2024 tanto
395 1995 516 2031 periculo
532 1994 620 2021 nullus
642 1993 751 2028 periret,
767 1993 818 2019 hoc
834 1992 949 2018 maxime

154 2043 256 2071 meritis
270 2042 445 2070 sanctiSsima:
456 2041 566 2075 virginis
582 2039 689 2066 Eulalia:
702 2039 785 2066 fuisse
801 2038 949 2073 prmstituu}

154 2090 242 2117 nullus
254 2089 389 2122 ambigat;
405 2096 465 2115 cum
481 2094 545 2113 vero
557 2085 820 2118 solliciteiequircns
834 2084 950 2111 invertis-

153 2140 194 2162 set
207 2134 271 2170 quia
288 2141 367 2161 nemo
376 2133 487 2167 periret,
500 2132 525 2158 in
539 2131 611 2158 nullo
624 2131 729 2164 penitus
740 2131 857 2155 animum
872 2136 949 2156 suum

153 2178 335 2210 conturbavit,
345 2177 391 2205 sed
405 2177 487 2210 magis
502 2176 602 2210 gratias
616 2175 670 2201 Deo
682 2175 744 2208 egit,
758 2174 835 2207 eique
848 2173 949 2200 sacrill-

154 2225 224 2252 cium
237 2223 314 2250 hctus
325 2221 566 2255 obtulit,diemque
580 2220 664 2254 ipsum
674 2218 790 2253 jucunde
803 2219 827 2244 iu
838 2218 950 2246 Domino

996 1635 1047 1655 nus
1058 1628 1166 1662 globum
1182 1628 1289 1662 igneum
1305 1627 1338 1655 ab
1358 1627 1471 1655 ecclesia
1488 1632 1499 1647 ο
1518 1627 1546 1655 S.
1567 1627 1667 1661 Fausti,
1680 1635 1742 1663 quae
1755 1629 1789 1659 ab

997 1673 1062 1700 urbe
1084 1672 1140 1701 fere
1166 1673 1291 1701 milliaria
1314 1673 1405 1705 distat,
1422 1673 1624 1708 procedentem,
1648 1677 1731 1708 atque
1755 1673 1791 1703 ad

998 1718 1136 1746 basilicam
1149 1718 1179 1746 S.
1195 1717 1207 1737 ’³
1224 1718 1364 1746 Leocritia:
1379 1726 1454 1753 pem
1461 1719 1590 1751 nieutem,
1606 1719 1654 1753 qui
1672 1719 1736 1747 dum
1748 1723 1791 1747 ta.

997 1765 1066 1791 citus
1088 1765 1318 1798 contemplaretur
1331 1763 1458 1797 quidnam
1486 1768 1567 1796 esset,
1591 1771 1642 1791 nec
1661 1771 1748 1798 mora,
1763 1769 1791 1792 et

998 1817 1062 1837 ecce
1080 1809 1223 1836 multitudo
1237 1813 1402 1841 sanctorum,
1416 1809 1513 1843 quibus
1527 1809 1592 1837 illud
1607 1810 1696 1838 lumen
1712 1811 1792 1846 pmi-

998 1854 1054 1886 bat,
1073 1853 1210 1881 venientes
1230 1860 1279 1887 per
1293 1857 1402 1888 pontem
1417 1853 1451 1880 ad
1473 1859 1579 1889 portam
1593 1862 1679 1889 usque
1692 1862 1791 1890 perve-

999 1905 1106 1931 nerunt,
1128 1907 1189 1927 cum
1212 1898 1309 1934 quibus
1321 1899 1404 1926 etiam
1418 1900 1592 1934 gradiebatur
1604 1901 1692 1928 sancti
1706 1901 1790 1929 simus

999 1943 1097 1972 Fidelis
1111 1945 1271 1980 episcopus:
1287 1950 1314 1972 at
1328 1944 1374 1972 ubi
1389 1949 1498 1972 ventum
1514 1949 1556 1973 est
1569 1945 1604 1972 ad
1623 1950 1740 1981 portam,
1752 1946 1791 1973 vi-

999 1989 1065 2017 dens
1078 1990 1246 2024 supradictus
1264 1997 1333 2024 puer
1347 1993 1427 2017 aucta
1448 1989 1651 2018 candidatorum
1673 1991 1792 2026 agmina,

1000 2034 1086 2069 ipsum
1111 2034 1193 2062 etiam
1214 2032 1244 2062 S.
1260 2034 1381 2063 Fide'cm
1403 2034 1546 2070 chlamyde
1561 2035 1636 2062 uivca
1658 2035 1791 2068 indutum,

1000 2080 1027 2107 in
1041 2081 1130 2108 medio
1149 2088 1244 2108 eorum
1257 2085 1446 2116 properantem
1470 2088 1582 2109 cernens
1596 2082 1746 2117 obstupuit,
1764 2087 1792 2111 et

1001 2126 1144 2154 exterritus
1164 2131 1245 2162 atque
1260 2125 1453 2154 tremebundus
1468 2134 1522 2161 prie
1538 2126 1633 2154 timore
1651 2126 1737 2156 factus
1751 2133 1793 2156 est

1000 2173 1075 2201 velut
1087 2177 1208 2200 mortuus
1221 2181 1227 2198 :
1241 2171 1287 2199 ille
1306 2179 1370 2199 vero
1384 2171 1498 2199 clau-tra
1513 2175 1651 2206 portarum
1666 2172 1793 2201 divinitus

1002 2218 1139 2250 reseravit,
1153 2224 1270 2251 moxque
1284 2216 1396 2251 ingressi
1411 2219 1473 2243 sunt
1483 2216 1738 2251 civitatem;quibus
1752 2218 1793 2246 in-

154 2276 214 2296 cum
226 2266 352 2295 omnibus
365 2266 419 2293 suis
433 2266 533 2301 potitus
547 2265 632 2299 [Anne
653 2265 764 2298 partitus
773 2262 794 2298 ἲν]
820 2268 869 2290 est.
889 2262 952 2290 Post
968 2273 991 2301 υ
1003 2263 1110 2298 gres-sis,
1127 2263 1171 2289 illc
1178 2268 1341 2296 consurgens
1352 2266 1433 2295 atque
1444 2261 1536 2289 volens
1548 2266 1609 2297 post
1622 2269 1669 2290 eos
1680 2263 1792 2298 ingredi,

156 2323 220 2343 vero
231 2314 344 2342 multum
356 2318 457 2348 lempor
465 2313 487 2340 is
498 2312 667 2340 intervallum
681 2311 751 2338 sedis
761 2311 855 2337 diruta)
871 2310 949 2337 labri-

155 2368 214 2388 catn
225 2359 398 2392 restauravit,
407 2366 437 2385 ac
447 2358 584 2393 pulchrius
592 2357 646 2384 Deo
656 2357 803 2391 opitulante
819 2356 948 2391 patravit:

191 2421 205 2435 ⁸
218 2415 422 2442 Archidiaconus
438 2424 494 2442 cunt
508 2415 575 2442 clero
589 2415 615 2441 in
627 2415 706 2446 Albis,
722 2419 775 2441 etc.
797 2413 872 2441 llunc
891 2418 949 2442 tan-

156 2451 428 2488 ιιιιιιιιΑρι-ςιξίξὶνιιιιιι]⁵
440 2450 565 2488 Ecclesia:
587 2449 722 2488 Hispania;
736 2457 838 2488 morem
856 2451 949 2488 obserj

156 2483 221 2514 v'ant
244 2483 346 2513 Horal.’
365 2490 392 2512 et
412 2484 511 2511 Padilla
530 2492 563 2511 ex
589 2483 680 2511 nostro
704 2483 799 2515 l’aulo,
823 2485 867 2518 qui
890 2484 950 2511 addi

156 2523 238 2550 etiam
263 2520 348 2555 possit
367 2520 399 2548 iis
417 2527 476 2555 qua:
494 2520 612 2547 lsithl‘US
633 2520 709 2553 epist.
731 2519 763 2555 ad
791 2519 951 2546 Laufretium

156 2554 276 2584 Cnrdub’.
298 2555 383 2590 episc.
410 2554 443 2582 de
463 2555 553 2582 Ollicio
574 2554 752 2590 archidiaconi
776 2555 895 2590 scripsit,
925 2558 952 2590 et

157 2590 316 2626 fragmentis
336 2589 753 2626 qua),rBernardusﬂprtcryisitus
775 2589 911 2626 l’apien_sis_
924 2589 951 2616 in

156 2624 265 2654 collect.
280 2625 386 2652 Decret.
402 2625 448 2652 lib.
464 2634 486 2657 ι,
502 2625 542 2652 tit.
557 2624 602 2657 i5,
617 2632 642 2652 c.
658 2624 689 2652 3.
710 2632 742 2651 ex
755 2624 850 2651 coucil.
863 2624 951 2652 Tolet.

157 2662 192 2690 de
205 2660 326 2695 ejusdem
340 2667 451 2688 munere
465 2661 582 2694 collegit.

192 2696 207 2716 ι
220 2693 312 2725 ipsius
331 2695 436 2730 tediﬁcii
450 2693 545 2730 spatia?
556 2697 630 2730 longe
643 2695 742 2729 lateque
761 2693 894 2720 altioribus
908 2702 951 2721 co-

157 2731 297 2759 luminibus
311 2730 420 2766 erigens,
435 2731 599 2766 pretiaﬂque
613 2730 673 2756 atrii
685 2731 860 2766 columnarum
876 2737 951 2755 oma-

158 2767 224 2794 tilma
244 2765 419 2799 suspendens,
443 2774 474 2792 ac
493 2766 664 2800 pavimentum
689 2773 763 2800 omne
782 2765 819 2791 vel
841 2769 949 2800 parietes

157 2810 245 2829 omnes
256 2800 346 2828 nitidis
360 2801 529 2828 marmoribus
543 2800 651 2827 vestiens
660 2820 667 2831 ,
683 2804 735 2826 etc.
748 2799 828 2826 Certe
838 2799 869 2825 ad
881 2799 950 2826 hunc

159 2837 267 2877 modum
323 2834 432 2877 _Euiali:_c
445 2836 573 2871 templum
593 2835 719 2870 graphice
736 2834 892 2861 l‘rudcntius
905 2833 951 2862 de-

159 2872 264 2907 scripsit
279 2872 306 2899 in
323 2872 405 2906 ipsius
419 2872 509 2905 liyum.

348 2907 391 2929 |lit:
408 2909 447 2929 ubi
461 2912 579 2930 marmore
592 2912 656 2936 vers,
668 2912 720 2929 tr'uo

1001 2309 1049 2337 sed
1068 2309 1221 2336 nullatenus
1239 2308 1336 2343 potuit,
1364 2308 1428 2343 quia
1446 2312 1552 2343 portam
1579 2308 1616 2336 ita
1647 2309 1767 2338 clausam
1783 2330 1792 2344 ,

1001 2355 1072 2383 sicut
1089 2359 1168 2383 antea
1187 2353 1308 2381 invenit:
1324 2352 1369 2388 qui
1392 2360 1453 2381 cum
1472 2353 1559 2388 primo
1573 2353 1690 2383 diluculo
1715 2362 1793 2390 aper-

1183 2409 1256 2434 ‘Atria
1267 2408 1368 2434 luminat
1377 2409 1424 2434 alta
1435 2410 1507 2440 nitor,

1190 2439 1219 2465 Et
1231 2441 1377 2471 peregrinus
1390 2444 1414 2465 et
1427 2441 1540 2469 indigena

1188 2471 1325 2502 Reliquias,
1337 2473 1484 2503 cineresque
1494 2477 1575 2496 sacros
1597 2473 1604 2487 κ

1190 2502 1277 2526 Servat
1286 2503 1376 2527 inutilis
1385 2502 1522 2527 veneranda
1536 2509 1549 2526 s
1558 2509 1600 2527 nu.

1188 2533 1264 2557 'l‘ecta
1277 2539 1377 2558 corusca
1386 2532 1564 2564 superrutilant

1188 2564 1228 2589 De
1241 2564 1395 2595 laquearibus
1406 2564 1520 2595 aureolis,

1186 2597 1300 2623 Suoque
1313 2601 1375 2619 ctesa
1383 2594 1463 2622 solum
1476 2597 1576 2624 variant,

1188 2625 1300 2650 Fiunbus
1313 2630 1338 2649 ut
1349 2624 1472 2649 rosulenta
1488 2629 1559 2655 pulos

1191 2657 1259 2681 Prata
1273 2658 1408 2681 rubescere
1420 2655 1574 2680 multimodis.

1041 2694 1052 2708 ι
1069 2687 1159 2715 Sancti
1173 2687 1276 2714 Fausti.
1300 2686 1410 2721 Hispani
1427 2686 1550 2721 nimirum
1571 2690 1705 2721 martyris,
1726 2686 1791 2714 Cur.

1002 2724 1079 2752 duba:
1093 2724 1162 2758 passi
1177 2725 1246 2758 apud
1256 2722 1287 2758 VS.
1301 2720 1397 2758 Eulog.
1411 2721 1434 2748 ll
1446 2720 1524 2748 Mem.
1540 2720 1588 2748 SS.
1605 2720 1684 2755 tx,’ct
1697 2721 1791 2752 Isidor.

1002 2757 1100 2795 hymn.’
1108 2758 1188 2795 cilicii
1196 2757 1317 2795 ίῼοιὴῇεζί⁷

1038 2795 1050 2813 ά
1065 2794 1094 2821 S.
1112 2793 1255 2821 Leocrititz.
1275 2792 1361 2819 Etiam
1379 2790 1558 2819 Corilubensis
1575 2795 1700 2826 martyris
1723 2799 1791 2824 apud

1004 2830 1130 2857 Alvarutu
1145 2829 1253 2856 Paulum
1269 2828 1297 2855 S.
1316 2826 1419 2860 Eulogii
1439 2828 1552 2862 amicum
1570 2826 1595 2853 in
1615 2826 1697 2862 ipsius
1711 2826 1791 2856 Euiu-

1003 2866 1039 2901 gii
1059 2866 1181 2897 passione
1200 2869 1226 2891 et
1248 2864 1345 2899 hymno
1362 2862 1414 2889 dici
1428 2860 1611 2889 anuivcharii.
