4032 6186
488 276 589 333 155

1705 262 1910 319 PAULI
1950 260 2321 318 EMERI'PANI
2365 263 2632 320 DIACONI

3647 275 3748 329 |56

480 397 538 443 ra
579 381 907 454 pervenisset
950 377 1019 433 ad
1045 376 1262 438 atrium,
1303 374 1547 446 protinus
1576 389 1700 430 eum
1737 391 1818 430 νη·
1839 382 2057 431 sant-tus
2083 377 2132 436 Δ
2159 389 2301 430 cium
2329 391 2449 433 esse
2468 377 2827 448 completum;
2858 392 2965 449 quo
2985 378 3202 452 expleto
3227 381 3390 451 paulo
3418 383 3594 439 adhuc
3621 401 3752 445 ante

482 474 861 542 interrogavit,
889 470 1031 540 quali
1079 469 1211 522 hora
1241 467 1309 523 de
1346 467 1600 538 praedicto
1641 467 1764 524 loco
1810 480 2058 536 egressus

481 564 711 620 fuisset?
739 561 840 628 Qui
869 560 969 626 illi,
995 567 1050 613 et
1076 559 1265 613 horam
1293 557 1346 612 iu
1374 572 1479 626 qua
1503 566 1833 620 surrexerat,
1863 564 1922 612 et
1947 570 2062 610 mo-

479 671 591 711 ram
620 668 780 724 quam
826 652 892 707 ad
921 661 1128 722 portam
1161 649 1378 714 fecerat,
1409 649 1682 705 enarravit
1704 665 1721 715 ;
1743 662 1903 717 quem
1935 662 2059 702 cum

479 747 558 801 vir
589 745 684 800 Dei
709 744 1080 813 interrogavit,
1109 743 1154 797 si
1199 741 1400 810 aliquid
1441 741 1698 797 vidisset?
1723 741 1830 806 ille,
1863 739 2061 796 vidisse

475 849 536 893 se
564 835 857 902 fateretur;
890 835 1033 890 hunc
1072 834 1368 897 admonuit,
1409 841 1465 889 et
1490 848 1772 903 quousque
1797 833 1912 903 ipse
1937 848 2064 887 san-

475 941 596 986 ctus
624 931 706 984 vir
731 931 781 984 in
808 943 1039 998 corpore
1063 936 1225 992 esset,
1259 928 1388 982 nulli
1418 928 1664 994 referret,
1690 943 1760 982 ne
1783 927 1833 983 ei
1861 926 1928 981 ad
1958 927 2061 981 im-

476 1037 635 1077 mane
655 1021 948 1091 pericuium
970 1021 1286 1089 pertineret.
1309 1019 1424 1074 Alia
1447 1035 1663 1089 quoque
1681 1020 1798 1075 vice
1817 1019 2063 1074 similiter

475 1127 599 1168 cum
629 1112 846 1180 quidam
887 1111 1166 1176 religiosus
1194 1125 1316 1164 cum
1362 1109 1709 1164 multitudine
1746 1118 2060 1165 sanctorum

475 1203 708 1274 quadam
727 1209 884 1256 nocte
899 1201 966 1253 de
982 1200 1209 1254 ecclesia
1223 1208 1421 1254 sancta:
1437 1199 1658 1254 Eulalia:
1672 1200 2059 1271 egredientem,

475 1301 532 1348 et
559 1308 654 1364 per
681 1292 954 1346 basilicam
987 1291 1276 1362 Martyrum
1303 1300 1518 1346 euntem
1545 1292 1695 1358 vidit,
1722 1292 1819 1348 sed
1850 1294 2062 1350 incaute

475 1398 657 1452 agens,
711 1383 891 1437 multis
937 1383 1118 1436 statim
1162 1381 1446 1448 indicavit;
1485 1390 1761 1452 postremo
1791 1383 1858 1438 ad
1886 1385 2061 1438 virum

474 1474 572 1528 Dei
601 1473 838 1538 veniens,
870 1479 926 1527 et
953 1473 1002 1526 ei
1031 1473 1174 1542 quod
1223 1472 1452 1541 viderat,
1480 1474 1683 1537 retulit,
1714 1457 1919 1531 cui'ille
1944 1476 2020 1530 ait
2045 1493 2058 1529 :

474 1565 590 1622 Hoc
621 1576 677 1620 ut
705 1566 882 1620 vidisti
910 1565 1020 1633 jam
1051 1565 1243 1620 alicubi
1268 1565 1470 1631 dixisti,
1503 1574 1597 1621 aut
1635 1567 1789 1625 non?
1831 1567 1922 1636 qui
1953 1576 2062 1622 sta-

473 1659 568 1712 tim
598 1657 949 1727 respondens,
974 1656 1287 1727 simpliciter
1314 1655 1588 1726 professus
1630 1667 1709 1714 est
1739 1673 1798 1713 se
1818 1659 2018 1714 dixisse
2043 1677 2058 1727 ;

2161 467 2424 536 gallorum
2463 477 2682 524 cantum
2727 484 2847 524 cum
2879 469 3123 526 laudibus
3167 484 3532 540 pervenerunt
3557 477 3625 530 ad
3657 494 3750 534 ec-

2161 555 2380 612 clesiam
2405 556 2462 612 S.
2497 557 2678 612 Mariae
2719 559 2788 614 ad
2823 559 3159 616 basiliculam
3188 561 3246 616 S.
3277 560 3522 631 Joannis,
3556 565 3609 620 in
3640 583 3749 636 qua

2163 648 2534 718 baptisterium
2564 659 2668 715 est,
2698 667 2818 721 qua:
2845 653 3068 708 nimium
3094 655 3344 725 contigua
3375 658 3628 714 antefata:
3649 660 3751 714 ba-

2163 739 2325 795 silica:
2354 741 2557 810 pariete
2593 751 2798 798 tantum
2827 743 3148 815 interposito
3187 754 3415 818 utraque
3453 764 3564 803 uno
3619 749 3748 805 tecti

2167 832 2401 900 tegmine
2449 843 2832 904 conteguntur,
2877 836 3249 906 explieitisque
3279 837 3527 895 laudibus
3562 855 3751 911 cmpe-

2165 931 2290 977 runt
2325 923 2391 978 ad
2420 924 2662 980 invicem
2677 925 2894 982 dicere:
2943 927 3082 983 Ecce
3110 931 3365 985 continuo
3395 931 3525 986 liora
3556 943 3661 1003 est,
3692 945 3754 989 nt

2166 1012 2377 1082 signum
2407 1013 2522 1068 dari
2549 1014 2776 1081 debeat;
2819 1017 2894 1070 ob
2930 1016 3034 1071 hoc
3057 1017 3203 1086 prius
3231 1033 3453 1076 necesse
3481 1029 3584 1084 est,
3617 1032 3676 1075 ut
3698 1022 3753 1077 id

2164 1117 2263 1172 pro
2293 1119 2400 1173 quo
2425 1104 2676 1160 destinati
2706 1122 2925 1173 sumus,
2971 1107 3318 1166 ordinamus:
3371 1125 3600 1180 cumque
3647 1113 3753 1168 hoc

2164 1192 2442 1260 dixissent,
2467 1207 2829 1266 apparuerunt
2852 1199 2902 1252 in
2928 1210 3225 1268 conspectu
3245 1216 3434 1256 eorum
3461 1202 3753 1275 [Ethiopcs

2165 1285 2291 1338 tetri
2315 1285 2644 1356 nimiumque
2668 1289 2952 1355 terribiles,
2984 1305 3212 1358 quorum
3239 1300 3444 1347 statura
3469 1293 3754 1349 videbatur

2165 1389 2284 1429 esse
2329 1375 2599 1444 gigautca,
2631 1376 2849 1446 nigrcdo
2881 1393 3137 1455 perquam
3168 1380 3464 1444 teterrima,
3497 1383 3568 1435 ita
3599 1392 3661 1437 ut
3681 1399 3754 1438 ex

2166 1462 2283 1532 ipso
2312 1479 2498 1519 eorum
2531 1473 2646 1521 toto
2672 1467 2866 1520 intuitu
2896 1469 3225 1538 nimiumque
3253 1481 3373 1526 atro
3402 1472 3547 1527 vultu
3572 1474 3751 1542 palam

2165 1555 2406 1610 cernenti
2435 1554 2655 1610 daretur
2677 1557 2897 1626 intelligi
2932 1559 3075 1626 ipsos
3103 1561 3456 1628 proculdubio
3485 1570 3755 1618 tartareus

2167 1661 2285 1702 esse
2313 1647 2585 1703 ministros
2609 1665 2624 1714 ;
2664 1650 2864 1718 quique
2891 1651 3051 1706 etiam
3079 1654 3379 1721 romphacas
3409 1669 3457 1707 at
3477 1655 3754 1712 latissimas

472 1747 539 1801 ad
566 1747 681 1802 haec
725 1746 812 1800 ille
844 1746 1052 1816 inquit:
1097 1745 1374 1816 lndulgeat
1403 1749 1496 1803 tibi
1543 1748 1820 1812 Dominus.
1872 1750 2059 1821 frater,
2095 1754 2139 1814 Β
2163 1738 2274 1794 suis
2301 1739 2583 1808 gestabant
2609 1740 2660 1794 in
2692 1741 2957 1806 manibus,
2988 1743 3182 1812 quibus
3221 1759 3345 1800 mox
3385 1747 3560 1801 sancti
3597 1746 3753 1801 dixe-

473 1851 581 1891 non
611 1849 762 1892 recte
792 1836 984 1902 fecisti,
1025 1838 1140 1894 scio
1171 1837 1330 1909 igitur
1355 1839 1479 1909 quia
1508 1839 1602 1895 tibi
1629 1841 1684 1897 in
1712 1838 1893 1898 futuro
1915 1842 2063 1912 judi-

473 1927 558 1980 cio
585 1943 692 1981 non
722 1929 1056 1998 reputabitur
1085 1927 1152 1982 ad
1182 1929 1440 1999 culpam':
1481 1931 1693 1986 interim
1721 1932 1880 2001 vade,
1907 1948 2064 1989 cunt-

472 2017 710 2082 munica,
735 2025 791 2072 et
819 2018 884 2072 da
917 2019 1074 2074 nobis
1101 2020 1342 2075 osculum
1369 2037 1385 2087 ;
1413 2021 1622 2077 valefac
1643 2023 1916 2085 omnibus.
1939 2027 2063 2094 quia

473 2107 646 2162 iturus
673 2124 732 2164 es
763 2117 964 2175 tamen,
993 2118 1048 2165 et
1073 2111 1255 2166 domui
1284 2121 1390 2168 tuae
1415 2113 1514 2169 sub
1541 2115 1689 2170 omni
1719 2114 2067 2172 festinatione

473 2198 719 2266 diapone,
749 2207 806 2253 et
831 2199 877 2254 si
914 2200 1190 2255 desideras
1217 2202 1510 2258 remedium
1537 2204 1868 2273 paenitentia:
1894 2207 2068 2275 perci-

473 2305 561 2360 pe.
595 2289 696 2356 Qui
727 2307 854 2346 mox
897 2298 1120 2363 accepta
1162 2292 1479 2363 poenitentia
1506 2293 1874 2365 dispositaque
1901 2297 2066 2352 domo

473 2395 590 2445 sua,
614 2380 937 2440 valefaciens
976 2382 1208 2451 cunctis,
1255 2383 1503 2452 sequenti
1555 2392 1714 2442 nocte
1759 2385 2012 2455 migravit
2034 2403 2067 2444 e

473 2485 722 2542 corpore.

1064 2583 1294 2642 CAPUT
1333 2584 1466 2641 νιιι.

474 2671 674 2728 Fidelis
696 2675 969 2752 episcopus
1003 2677 1196 2752 visione
1232 2676 1528 2752 admonitus
1559 2677 1712 2734 bonis
1733 2695 1788 2734 tn
1815 2695 2063 2752 pauperes

794 2745 1088 2800 distributis
1115 2747 1308 2817 migrat
1335 2749 1404 2801 ad
1436 2747 1736 2804 Dominum.

542 2833 768 2889 Cuidam
797 2835 916 2889 viro
938 2835 1192 2905 religioso
1214 2836 1409 2891 iterum
1433 2838 1714 2896 intendere
1737 2839 1806 2895 ad
1827 2838 2063 2896 cilicium

469 2925 893 2982 ecclesiasticum
920 2927 1220 2982 recurrenti
1244 2928 1476 2998 quadam
1505 2924 1668 2986 nocte
1703 2931 1828 2986 dum
1869 2932 1922 2986 in
1951 2933 2063 2988 lec-

471 3017 585 3072 tulo
613 3033 712 3073 suo
750 3017 1090 3087 intempestas
1114 3017 1288 3080 noctis
1309 3019 1526 3076 silentio
1547 3037 1748 3094 sopore
1777 3024 2062 3093 depressus

2165 1837 2329 1885 runt:
2371 1829 2483 1885 Sub
2512 1831 2657 1886 omni
2687 1831 2967 1887 celeritate
2996 1843 3283 1903 pergentes
3311 1836 3379 1890 ad
3409 1837 3627 1905 atrium,
3668 1839 3753 1892 in-

2165 1920 2446 1988 gredimini
2488 1922 2676 1976 cellam
2703 1965 2717 1987 ,
2751 1923 2804 1977 in
2847 1938 2952 1992 qua
2981 1933 3199 1982 sanctus
3245 1927 3440 1984 Fidelis
3463 1929 3753 2001 episcOpus

2160 2009 2330 2080 jacet,
2359 2019 2416 2066 et
2443 2013 2709 2081 percutite
2734 2027 2857 2068 eum
2887 2015 3112 2071 vulnere
3149 2017 3298 2084 gravi
3328 2017 3381 2072 in
3409 2033 3659 2088 corpore,
3691 2029 3753 2075 ut

2167 2102 2346 2157 anima
2374 2101 2493 2172 ejus
2531 2104 2854 2172 quantocius
2882 2105 3162 2173 egrediens
3192 2121 3224 2161 e
3261 2108 3529 2176 corporali
3558 2118 3752 2164 catena

2169 2193 2450 2248 nobiscum
2481 2193 2548 2249 ad
2581 2192 2864 2248 Dominum
2896 2205 3137 2250 nostrum
3166 2195 3351 2252 Jesum
3377 2197 3668 2264 Christum,
3697 2211 3753 2253 et

2167 2283 2234 2338 ad
2281 2294 2635 2354 praeparatam
2677 2285 2778 2341 sibi
2825 2288 2994 2356 possit
3032 2289 3315 2357 pervenire
3339 2304 3621 2346 coronam.
3647 2290 3752 2356 Qui

2166 2371 2312 2427 illico
2329 2373 2498 2442 jussui
2516 2373 2624 2446 [ΑΙ.
2638 2373 2797 2446 jussi]
2819 2375 3277 2446 obtemperantes,
3303 2378 3752 2444 ambulaverunt;

2165 2463 2259 2520 sed
2288 2479 2412 2520 eum
2433 2467 2654 2521 minime
2674 2468 3042 2537 percutientes
3063 2470 3265 2526 reversi
3295 2479 3441 2536 sunt,
3465 2472 3707 2528 dicentes
3734 2489 3749 2524 :

2168 2554 2224 2609 ln
2247 2554 2438 2611 cellam
2485 2558 2603 2625 ejus
2630 2556 2852 2613 minime
2881 2558 3085 2627 ingredi
3118 2575 3438 2630 possumus,
3463 2562 3589 2630 quia
3640 2577 3752 2618 non

2165 2647 2385 2711 dormit,
2417 2649 2511 2704 sed
2538 2649 2592 2703 in
2619 2657 2762 2704 terra
2786 2659 3089 2719 prostratus
3110 2650 3256 2720 jacet
3281 2660 3338 2707 et
3356 2663 3506 2720 orat;
3531 2654 3753 2725 insuper

2169 2747 2318 2794 tanto
2369 2740 2731 2811 thymiamatis
2777 2743 3097 2798 suavrssimo
3127 2742 3295 2799 odore
3340 2743 3475 2800 cella
3524 2745 3635 2812 ipsa
3665 2763 3754 2802 re-

2165 2829 2334 2898 dolet,
2365 2839 2425 2884 ut
2469 2831 2613 2886 nitor
2653 2839 2813 2886 tante
2864 2829 3172 2900 fragrantia;
3211 2833 3418 2890 incensi
3455 2836 3550 2904 qui
3585 2835 3652 2891 ab
3681 2851 3755 2890 eo

2166 2921 2382 2976 oblatus
2403 2930 2486 2976 est
2513 2921 2742 2977 Domino
2773 2938 2871 2978 nos
2900 2923 3028 2979 illuc
3055 2925 3269 2994 penitus
3298 2925 3498 2981 intrare
3539 2941 3648 2982 non
3673 2927 3752 2982 si-

2117 3047 2124 3061 .
2167 3022 2277 3068 nat.
2307 3010 2512 3079 Quibus
2555 3013 2733 3068 denuo
2783 3023 3175 3084 prmceperunt,
3233 3016 3514 3071 dicentes:
3545 3017 3661 3083 Ite,
3694 3024 3753 3072 et

471 3108 694 3179 iaceret,
725 3108 897 3163 visum
922 3116 1023 3175 est,
1051 3117 1075 3146 ⁸
1102 3109 1250 3178 quod
1279 3110 1490 3179 signum
1519 3111 1586 3165 ad
1617 3113 1939 3168 matutinum
1970 3115 2062 3168 de-
2091 3119 2138 3181 ρ
2169 3105 2432 3173 percutite
2468 3119 2612 3170 eum,
2643 3105 2766 3174 quia
2793 3105 2963 3174 jussio
3015 3105 3226 3162 Domini
3251 3115 3334 3162 est
3382 3108 3748 3178 adimplenda.

473 3197 681 3262 disset;
721 3197 811 3266 qui
839 3199 1019 3252 statim
1058 3213 1387 3268 consurgens
1426 3200 1573 3254 omni
1620 3201 1965 3257 festinatione
1993 3203 2061 3257 ad

473 3283 792 3349 Ecclesium,
823 3298 892 3340 ne
931 3285 980 3339 ei
1012 3295 1222 3355 tempus
1250 3287 1495 3342 sacrificii
1524 3291 1840 3358 praeteriret,
1875 3306 2064 3346 occur-

473 3375 563 3437 rit,
620 3389 890 3444 cursuque
929 3375 1269 3445 rapidissimo
1311 3392 1625 3447 properans,
1655 3380 2062 3437 anhelabundus

472 3463 597 3520 illuc
624 3464 905 3535 pervenit:
935 3473 992 3519 at
1018 3462 1045 3503 δ
1077 3465 1164 3520 ubi
1214 3467 1484 3536 ingressus
1512 3478 1593 3524 est
1622 3470 1903 3525 ecclesiam
1932 3487 2058 3528 san-

471 3567 574 3612 ctu:
605 3556 804 3621 Mariae,
851 3571 970 3627 qui:
1015 3556 1211 3613 Sancta
1239 3557 1573 3616 Hierusalem
1603 3576 1745 3616 nunc
1775 3577 1945 3632 usque
1973 3579 2064 3618 vo-

470 3657 645 3713 catur,
678 3649 880 3704 audivit
907 3664 1067 3707 voces
1112 3650 1261 3706 mira:
1305 3652 1683 3708 modulationis
1724 3656 2056 3720 canentium,

470 3741 864 3812 iuspiciensquc
891 3742 957 3797 ad
977 3743 1222 3807 chorum,
1254 3743 1387 3798 vidit
1406 3751 1638 3800 stantem
1664 3745 2059 3818 multitudinem

469 3839 826 3898 sanctorum;
871 3831 963 3901 qui
1011 3833 1176 3887 nimio
1224 3847 1424 3902 pavore
1467 3849 1762 3890 concussus
1789 3819 1952 3905 atque
1999 3836 2053 3891 in

471 3930 762 3977 tremorem
795 3937 981 3976 versus
1025 3937 1145 3978 sese
1189 3923 1242 3977 in
1272 3923 1524 3990 angulum
1565 3925 1798 3980 basilicae
1839 3926 2060 3981 si'enter

369 4083 376 4088 ι
471 4011 716 4077 contulit,
746 4020 909 4080 atque
966 4011 1126 4066 tacite
1155 4012 1550 4082 contemplans,
1581 4014 1809 4070 sollicite
1848 4017 2061 4072 auscul-

471 4113 611 4171 tans,
641 4103 844 4159 audivit
871 4110 1135 4158 consueto
1177 4103 1370 4158 ordine
1394 4119 1556 4160 omne
1597 4106 1666 4160 ab
1693 4106 1772 4162 eis
1800 4107 1917 4176 ejus
1944 4107 2062 4162 olli-

541 4250 567 4279 ⁸·
601 4240 751 4307 Quod
777 4239 978 4310 signum
1007 4238 1077 4292 ad
1104 4239 1410 4311 mrtutinnm
1436 4239 1678 4311 dedisset.
1704 4239 1793 4311 Sic
1822 4239 2060 4311 inferius,

470 4308 606 4364 Ecce
641 4308 883 4364 continuo
921 4311 1048 4380 liora
1083 4319 1242 4364 estut
1275 4310 1478 4380 signum
1518 4310 1633 4364 dari
1662 4310 1864 4365 debeat.
1911 4308 2063 4366 Anti;

469 4381 756 4450 quissimus
777 4380 863 4435 hic
889 4381 940 4434 in
967 4379 1206 4435 Ecclesia
1228 4380 1379 4448 signo
1401 4383 1528 4434 dato
1549 4380 1612 4434 ad
1646 4380 1806 4435 horas
1833 4397 2061 4450 congre-

2165 3197 2268 3263 Qui
2298 3213 2419 3252 cum
2447 3195 2691 3262 fuissent,
2724 3213 2825 3253 nec
2845 3199 3046 3253 intrare
3068 3197 3388 3267 potuissent,
3413 3208 3752 3255 revertentes

2163 3288 2358 3342 iterum
2388 3288 2674 3342 dixerunt:
2702 3287 2866 3342 Vacat
2885 3288 3060 3343 oratio
3089 3287 3303 3360 quando
3323 3278 3469 3343 venit
3497 3289 3750 3344 vocatio:

2161 3380 2258 3433 sed
2291 3379 2366 3433 ite
2416 3388 2471 3433 et
2499 3379 2716 3448 implete
2746 3387 3071 3450 prmeeptum
3103 3379 3333 3446 Domini,
3385 3379 3528 3448 quod
3578 3380 3752 3436 semel

2162 3469 2348 3522 datum
2379 3477 2462 3523 est
2487 3484 2826 3539 nequaquam
2855 3469 3158 3524 transcendi
3186 3477 3384 3538 potest.
3416 3469 3484 3523 At
3514 3467 3604 3524 ubi
3634 3477 3750 3524 ter-

2162 3560 2237 3614 tio
2266 3559 2500 3629 fuerunt,
2526 3561 2871 3630 permittente
2894 3560 3030 3626 Deo,
3059 3560 3284 3628 ingressi
3308 3568 3455 3626 sunt,
3480 3569 3588 3615 tam
3618 3561 3750 3616 forti

2161 3651 2368 3706 scilicet
2399 3667 2557 3706 manu
2605 3651 2806 3707 crudeli
2845 3666 2972 3706 eum
3019 3661 3420 3721 percusserunt,
3469 3661 3529 3706 ut
3554 3668 3748 3709 vocem

2160 3757 2322 3812 quam
2351 3743 2530 3797 emisit
2558 3757 2679 3798 cum
2710 3743 2899 3798 dolore
2927 3743 3077 3811 gravi
3125 3742 3410 3811 simulque,
3438 3751 3495 3798 et
3519 3744 3747 3811 gemitu,

2163 3837 2208 3891 is
2257 3835 2347 3906 qui
2398 3835 2451 3888 in
2508 3835 2736 3890 ecclesia
2786 3833 2964 3889 stabat
3013 3833 3296 3902 religiosus
3344 3835 3488 3888 clare
3515 3833 3746 3889 audivit.

2161 3929 2329 3984 Facto
2351 3942 2482 3982 vero
2506 3926 2740 3980 diluculo
2791 3925 2856 3980 ad
2885 3933 3127 3980 sanctum
3151 3925 3462 3994 episcOpum
3491 3925 3748 3990 accessit,

2126 4026 2220 4089 ,et
2240 4025 2432 4072 cuncta
2460 4031 2579 4086 quae
2608 4015 2812 4070 viderat
2839 4029 3068 4084 qumque
3095 4013 3259 4068 etiam
3285 4013 3528 4068 audierat
3547 4014 3598 4070 ei
3617 4013 3748 4068 inti-

2163 4110 2350 4177 mavit,
2380 4109 2464 4165 cui
2491 4109 2584 4164 ille
2628 4108 2736 4162 ait:
2767 4107 2914 4176 Scio,
2970 4107 3044 4161 ﬁli
3090 4105 3181 4170 mi,
3215 4109 3347 4174 scio,
3375 4115 3431 4162 et
3455 4120 3542 4162 me
3593 4105 3748 4160 nullo

2163 4241 2428 4322 potuisset.
2455 4238 2864 4322 Campanarium
2892 4238 3457 4322 gecat‘bltilaxusﬂid.
3482 4237 3526 4293 Ι.
3552 4239 3613 4295 C.
3637 4238 3747 4296 Bu-

2163 4309 3381 4450 ⁰⁸ἱῖ⁸ὃῗὲ¹ἒὶἰξμῖἑῗέιῖἔὶὲΐὲυῗτῖὲέἶὲΑἓθιτὲἳεῗέ
3400 4396 3535 4450 qua,
3559 4391 3745 4436 sancta

470 4449 626 4542 gandi
657 4450 1047 4542 ecclesiasticos
1085 4452 1230 4505 viros
1274 4466 1390 4505 mos
1428 4460 1530 4505 est.
1553 4450 1670 4542 Sed
1699 4449 2059 4542 quatuorch
2091 4483 2137 4542 υ
2169 4449 2498 4542 ῌίεηιιεαιρηὶ
2549 4466 2841 4542 truncusque
2875 4461 3111 4530 rogatur.
3159 4449 3248 4504 Sic
3298 4449 3461 4542 etiam
3505 4450 3744 4542 caeli

470 4517 781 4599 modis_pro
828 4520 1138 4575 diversitate
1178 4529 1493 4599 temporuui
1518 4517 1784 4599 cliectuinA
1811 4523 2054 4599 animad-

473 4589 977 4659 verti,g_ligno,:cre,
1007 4606 1162 4659 voce,
1187 4606 1423 4646 cursore.
1461 4590 1535 4645 De
1566 4593 1726 4659 ligno,
1757 4591 2056 4647 Amalarius

473 4673 525 4728 tv
547 4658 615 4712 de
635 4657 786 4728 Ollio.
817 4658 952 4714 diut.
972 4657 1043 4710 25
1070 4678 1082 4711 :
1115 4660 1293 4728 Lignei
1322 4657 1645 4715 instrumenii
1673 4677 1800 4715 sono
1820 4661 2056 4716 utebatur

473 4727 709 4780 Ecclesia
746 4727 892 4782 Rom.
934 4729 1156 4798 antiquis
1182 4727 1526 4800 temporibus,
1571 4731 1775 4800 quando
1816 4733 2054 4785 latitabat

472 4814 564 4867 per
590 4809 797 4867 crypta;
826 4808 1032 4868 prapter
1061 4809 1424 4867 persecutores.
1478 4799 1636 4856 Liber
1672 4801 2051 4856 miraculorum

473 4869 737 4942 {Anastasii
776 4868 1021 4938 Martyris
1045 4870 1220 4942 inan
1252 4871 1465 4942 syno|.,
1516 4880 1624 4942 act.
1659 4871 1720 4934 4,
1764 4872 2053 4942 recitatus,

475 4938 739 5012 [.ignaque
775 4954 927 5012 sacra
966 4939 1226 5009 pulsantes
1267 4940 1480 5012 invicem
1514 4941 1874 5012 obviamﬂfncti
1913 4938 2050 4995 sunt.

477 5009 561 5080 De
591 5024 725 5080 azre,
756 5009 931 5062 notius
977 5019 1087 5072 est.
1116 5023 1274 5080 quam
1319 5019 1376 5062 ut
1403 5010 1490 5080 hic
1512 5009 1770 5080 exemplis
1814 5014 2055 5080 pateliat.

475 5077 590 5132 Vid.
622 5079 770 5148 plura
799 5080 938 5144 apud
970 5080 1124 5132 Joan.
1146 5077 1411 5148 Stephan.
1439 5077 1714 5134 Durandfl
1745 5077 1924 5134 de‘rit.
1958 5080 2057 5136 Ec-

473 5149 602 5203 cles.
645 5149 800 5203 Calh.
844 5149 932 5201 2'3.
983 5149 1055 5202 De
1094 5165 1256 5216 voce,
1302 5149 1521 5205 Hieron.
1565 5150 1720 5219 epist.
1768 5149 1836 5202 27
1876 5167 1890 5206 :
1933 5150 2062 5205 Post

471 5220 695 5291 Alleluia
721 5227 1003 5282 cantatum,
1035 5237 1132 5291 quo
1162 5223 1306 5291 signo
1335 5220 1649 5275 vocabantur
1677 5221 1745 5273 ad
1772 5220 2057 5291 collectam,

475 5299 580 5345 etc.
613 5290 668 5344 in
707 5288 1056 5345 monasterio
1080 5288 1274 5345 Paula}.
1325 5290 1400 5345 De
1436 5292 1777 5354 cursoribus,
1827 5289 2061 5358 lgnatius

477 5360 676 5432 Martyr
714 5361 871 5429 epist.
895 5361 959 5414 ad
993 5360 1267 5431 Polycarp.
1301 5377 1315 5427 ;
1348 5361 1411 5416 iis
1432 5362 1718 5416 utebantur
1745 5359 2052 5425 Christiani,

477 5430 552 5502 uti
583 5430 754 5499 ligno,
792 5440 1014 5502 propter
1037 5430 1439 5500 persecutores,
1464 5431 1758 5502 rsedinitio
1785 5433 2055 5486 nascentis

478 5497 744 5555 Ecclesizr.
790 5497 951 5570 Signa
998 5497 1148 5565 vero,
1197 5501 1309 5555 sive
1358 5501 1732 5567 tintinnabula,
1776 5509 1870 5554 aut
1914 5511 2054 5555 tione

477 5584 688 5636 semper
731 5572 780 5624 in
835 5571 1174 5627 eminentiori
1230 5572 1368 5625 loco.
1424 5570 1723 5626 Einhardus
1772 5571 1862 5624 lib.
1887 5586 1943 5626 ιιι
1984 5571 2054 5626 de

479 5648 499 5689 t
530 5638 825 5695 anslatiune
867 5643 964 5700 SS.
1009 5642 1296 5698 Marcellini
1336 5650 1392 5697 et
1437 5641 1576 5696 Petri
1613 5657 1731 5708 cap.
1779 5640 1866 5695 15.
1917 5640 2052 5695 Tur-

480 5709 656 5772 τιμία,
695 5725 809 5780 qua'
836 5715 983 5784 signa
1015 5715 1241 5770 basilij
1282 5711 1602 5782 continebat,
1636 5712 1699 5767 ab
1727 5712 1799 5766 eis
1825 5712 2048 5780 conspici

2166 4529 2229 4578 In
2260 4523 2498 4574 thesauro
2521 4521 2747 4574 ecclesia:
2773 4521 3012 4583 senioris,
3045 4535 3156 4588 qua:
3183 4528 3392 4573 vocatur
3418 4532 3599 4574 sancta
3619 4519 3746 4575 Ilie-

2162 4593 2414 4654 rusalem;
2435 4591 2730 4657 tconcilium
2749 4589 3079 4644 Emeritense
3111 4600 3353 4658 tempore
3363 4589 3747 4648 Reccesuintlii

2163 4665 2330 4734 regis,
2366 4664 2479 4734 ipso
2511 4661 2696 4734 initio,
2727 4659 3067 4734 Congr‘egatis
3094 4657 3248 4734 nobis
3275 4661 3510 4734 omnibus
3535 4661 3748 4734 prouin-

2161 4729 2256 4790 cia?
2286 4731 2570 4785 Lusitania:
2596 4729 2862 4800 Episcopis
2889 4729 2946 4782 in
2974 4729 3181 4783 nomine
3211 4729 3438 4792 Domini,
3468 4729 3748 4784 residenti-

2163 4805 2252 4858 bus
2282 4804 2336 4856 in
2371 4801 2698 4854 Hierusalem
2724 4801 2938 4852 ecclesia
2962 4841 2977 4867 ,
3017 4815 3131 4869 qua:
3159 4800 3214 4852 in
3247 4801 3551 4853 Emeritensi
3574 4801 3700 4853 urbe
3723 4839 3744 4866 ,

2162 4881 2456 4946 quw‘caput
2487 4870 2635 4946 {utjus
2663 4871 2934 4946 provincia:
2962 4872 3328 4946 noscitur_esse
3351 4880 3443 4946 ,‘et
3473 4871 3564 4946 sub
3591 4871 3747 4946 prin-

2157 4938 2312 5012 cipali
2363 4938 2567 5012 inguine
2613 4938 2783 4994 manet
2812 4940 3003 5012 dicata,
3035 4949 3141 5012 etc.
3186 4938 3311 5012 Non
3333 4938 3645 5012 absimiliter
3687 4940 3747 4998 in

2160 5009 2388 5069 concilio
2419 5011 2592 5065 Tolet.
2637 5027 2806 5071 Lxxu,
2835 5011 3072 5080 cpiscop.
3099 5011 3248 5080 jussu
3280 5009 3572 5064 Reccaredi
3597 5012 3747 5079 regis

2161 5089 2487 5151 congregato
2512 5082 2565 5133 in
2597 5082 2779 5150 templo
2808 5078 3116 5151 "inicimus.
3143 5078 3350 5141 Mariis,
3382 5082 3438 5133 in
3463 5078 3746 5151 secretario

2164 5149 2298 5208 dicto
2329 5151 2653 5204 llierusa’rm
2706 5154 2844 5219 apud
2894 5149 2963 5204 Μ.
3009 5149 3296 5204 Maximum
3325 5151 3394 5204 ad
3425 5166 3550 5205 ann.
3593 5149 3701 5204 590
3723 5194 3744 5218 ,

2165 5234 2219 5279 et
2264 5224 2317 5277 in
2376 5221 2603 5276 concilio
2651 5221 2892 5289 Spalcnsi
2939 5222 3046 5290 (sic
3100 5223 3151 5274 in
3188 5221 3420 5288 antiquis
3465 5221 3745 5277 codicibus

2169 5295 2363 5360 legitur
2388 5308 2422 5345 ιι
2455 5303 2694 5360 tempore
2722 5290 2954 5345 Sisebuti
2982 5292 3138 5359 regis,
3171 5290 3550 5345 considentibus
3590 5290 3743 5345 nobis

2155 5365 2210 5417 in
2236 5363 2511 5416 secretario
2541 5371 2886 5414 sacrosancta:
2916 5360 3245 5414 Hierusalem
3272 5360 3540 5426 Spalemis
3571 5361 3743 5414 eccle—

2156 5437 2267 5496 siaz.
2299 5440 2405 5486 etc.
2438 5431 2546 5484 Nec
2571 5431 2728 5484 aliter
2757 5433 2806 5484 in
2833 5447 2848 5484 ι
2893 5432 2972 5500 (si
3002 5432 3284 5485 concilium
3317 5431 3449 5500 illud
3472 5442 3553 5485 est
3577 5473 3593 5498 ,
3639 5445 3744 5486 seu

2155 5505 2334 5574 potius
2362 5518 2393 5557 e
2415 5501 2647 5574 concilio
2675 5499 2908 5574 epistula
2933 5502 3308 5574 eieiiscoparum
3337 5501 3403 5554 ad
3435 5499 3744 5574 i?egasiuui)

2154 5569 2274 5643 cap.
2311 5573 2358 5626 l.
2414 5571 2547 5625 Nam
2594 5571 2708 5624 haec
2753 5569 3156 5643 absqueldubio
3202 5570 3748 5643 metwpulitananun

2153 5639 2497 5698 ecclesiarum
2516 5640 2870 5712 prerogativa.
2893 5639 3008 5696 για.
3038 5641 3222 5696 l’adill.
3247 5639 3389 5697 cent.
3422 5641 3453 5693 7
3476 5681 3490 5708 ,
3522 5656 3644 5712 cap.
3669 5641 3748 5695 1'3

2152 5723 2204 5769 et
2229 5713 2316 5766 47.
