4032 6186
344 357 410 410 37
1372 355 1458 409 DE
1499 354 1654 409 V'ITA
1698 350 1976 407 PATRUM
2023 351 2550 409 EMERITENSIUM.

3462 356 3558 412 138

304 471 467 528 modo
518 470 691 536 latet;
746 484 973 538 cumque
1029 471 1129 524 hoc
1181 470 1421 534 dixisset,
1477 478 1529 523 et
1584 466 1877 523 imminenli
1907 470 1955 527 Α
1983 473 2199 518 sanctus
2220 476 2428 533 sancto,
2460 467 2578 535 pius
2608 468 2716 537 pio,
2743 470 2911 527 bonus
2940 474 3188 543 benigno,
3232 483 3392 544 atque
3424 489 3561 528 cu..-

301 559 617 631 aegritudine
634 560 855 614 artubus
866 560 975 629 jam
1005 560 1372 615 fatiscentibus
1402 575 1459 614 se
1491 570 1660 615 totum
1692 559 1883 613 dissol-

302 652 355 707 vi
385 658 610 721 repente
650 652 931 718 sensisset,
980 652 1047 705 ab
1081 651 1356 706 basilicam
1395 651 1746 706 sanctissimae
1775 650 1882 703 vir-

302 744 443 813 ginis
466 742 685 796 Eulalia:
710 757 770 795 se
808 740 998 795 deferri
1046 741 1319 811 praecepit,
1350 755 1444 794 sua
1476 740 1670 795 ibidem
1701 739 1884 809 impri-

304 836 404 891 mis
452 834 630 889 multis
659 833 1015 904 lacrymarum
1061 831 1511 885 satisfaction‘ibns
1548 829 1763 885 deﬂevit
1791 830 1886 885 de—

302 925 451 988 licta,
481 922 677 978 deinde
706 923 890 977 multis
918 922 1142 991 captivis
1172 931 1225 975 et
1253 922 1436 989 egenis
1477 923 1697 975 multam
1726 922 1888 990 largi-

304 1024 391 1068 tus
437 1021 521 1067 est
572 1013 801 1081 stipem;
857 1012 923 1065 ad
972 1012 1212 1065 ultimum
1261 1012 1485 1066 redditis
1514 1012 1885 1081 chirographis

303 1104 588 1158 mu'torum
619 1102 799 1155 debita
845 1101 1126 1155 relaxavit.
1159 1101 1268 1155 Sed
1310 1102 1438 1156 dum
1471 1102 1721 1157 omnibus
1762 1101 1887 1156 red-

301 1194 550 1258 didisset,
578 1193 761 1246 cautio
803 1191 1077 1261 cujusdam
1130 1193 1303 1247 vidua:
1334 1204 1717 1258 .remanserat,
1767 1208 1886 1261 quin

299 1285 528 1339 necdum
581 1283 753 1337 fuerat
784 1283 1009 1348 reddita,
1058 1298 1218 1353 quam
1246 1283 1337 1338 ille
1384 1292 1723 1353 exspectaret
1752 1294 1807 1337 ut
1835 1284 1882 1338 ei

296 1372 586 1436 redderet,
615 1371 706 1425 sed
741 1371 1192 1439 quemadmodum
1214 1373 1546 1437 muliercula,
1577 1387 1687 1442 prae
1718 1372 1885 1427 turbm

295 1460 593 1523 densitate,
626 1474 729 1527 qua
761 1459 1153 1528 circumseptus
1194 1470 1332 1528 erat,
1366 1470 1426 1515 ut
1463 1461 1749 1517 accederet
1774 1478 1880 1517 non

296 1550 570 1604 habebat:
598 1565 718 1617 qum
747 1565 870 1603 cum
910 1566 1007 1620 per
1034 1552 1275 1621 singulos
1304 1553 1421 1608 dies
1460 1555 1685 1619 veniret,
1719 1565 1773 1609 et
1801 1556 1880 1610 lo-

293 1658 415 1697 cum
460 1643 681 1696 minime
706 1643 985 1711 reperiret,
1011 1650 1067 1697 et
1094 1643 1314 1698 nimium
1342 1644 1679 1701 mmstificata
1702 1655 1884 1701 mente

295 1734 610 1787 anxiaretur
640 1733 768 1786 nihil
799 1747 981 1802 agens,
1014 1748 1243 1789 mmrore
1269 1734 1462 1789 afﬂicta
1486 1737 1548 1790 ad
1573 1752 1729 1790 suum
1760 1738 1884 1792 hos-

1983 554 2085 608 otis
2108 554 2518 612 charismatibus
2542 556 2827 626 refulgens,
2868 564 3104 619 rutilanti
3149 564 3423 618 immensis
3449 562 3561 617 vir-

1984 644 2189 700 tutibus
2214 645 2533 699 sacerdotali
2556 647 2743 703 ordine
2762 647 2788 683 lt
2809 649 3051 707 Massona
3081 655 3337 709 successit
3357 653 3559 707 Fideli:

1987 732 2381 799 praedecessore
2403 749 2502 789 suo
2526 736 2774 791 nimirum
2798 741 3066 808 astrigeris
3084 744 3285 798 civibus
3310 748 3567 797 conserto

1989 822 2039 875 in
2070 825 2218 877 caelis
2237 827 2562 880 successoris
2596 831 2790 883 mansit
2817 830 3070 900 dulcedo,
3112 834 3332 904 ejusque
3354 834 3558 901 insigne

1987 912 2232 967 meritum
2259 924 2573 970 cunctorum
2597 919 2793 972 civium
2841 937 3126 977 maerorem
3159 924 3344 978 lenivit
3371 925 3423 978 in
3453 932 3561 979 ter-

1988 1006 2078 1070 ris,
2110 1013 2168 1058 ut
2208 1008 2463 1061 omnibus
2494 1024 2593 1077 pro
2629 1011 2779 1065 obitu
2814 1016 3002 1067 sancti
3051 1016 3317 1084 pontificis
3363 1030 3563 1070 ιηωνοι⁸

1989 1112 2095 1149 non
2111 1096 2281 1150 solum
2300 1097 2677 1167 discuteretur,
2696 1117 2878 1155 verum
2901 1104 3059 1158 etiam
3082 1106 3248 1158 instar
3267 1105 3564 1173 priscorum

1988 1185 2205 1240 Patrum
2233 1186 2361 1242 Elia:
2387 1190 2672 1257 quemdam
2698 1191 2811 1263 (sic)
2842 1202 2896 1247 et
2917 1195 3078 1249 Elisei
3104 1193 3211 1261 (IV
3238 1194 3365 1264 Reg.
3392 1210 3450 1260 ιι,
3475 1192 3566 1263 15)

1988 1278 2253 1347 duplicata
2284 1278 2546 1335 Paracleti
2573 1280 2802 1350 Spiritus
2823 1287 2994 1352 gratia
3016 1286 3190 1355 palam
3221 1286 3427 1340 cunctis
3447 1300 3568 1341 cer-

1989 1369 2235 1424 nenibus
2262 1369 2319 1423 S.
2371 1369 2565 1425 Fidelis
2593 1374 2848 1429 antistitis
2894 1376 2946 1429 in
2978 1375 3278 1432 Massonam
3321 1383 3568 1431 sanctum

1988 1459 2297 1528 episcopum
2331 1461 2660 1529 requievisse
2688 1464 2978 1529 videretur,
3022 1475 3076 1519 et
3107 1466 3257 1534 plebs
3286 1466 3569 1520 sublevate

1988 1560 2203 1618 pastore
2251 1566 2357 1604 non
2388 1566 2767 1621 usquequaque
2799 1554 3018 1610 tmderet
3058 1554 3251 1611 afﬂicta
3282 1557 3563 1623 languore,

1985 1640 2078 1693 sed
2106 1640 2375 1709 geminato
2424 1642 2620 1708 gaudio
2667 1645 3048 1711 congauderet,
3081 1646 3260 1701 divina
3293 1647 3563 1701 tribuente

1988 1729 2350 1796 miseratione,
2405 1729 2528 1783 dum
2558 1740 2614 1784 et
2658 1731 2807 1785 illum
2839 1748 2937 1802 pro
2984 1736 3066 1788 sui
3109 1738 3284 1791 salute
3307 1736 3563 1806 praemisit

295 1826 484 1895 pitium
518 1835 806 1888 remearet,
840 1825 889 1879 ei
934 1826 1163 1893 quadam
1205 1834 1360 1880 nocte
1387 1828 1753 1883 sanctissimus
1779 1829 1882 1899 Cy-

1990 1821 2051 1874 ad
2083 1820 2270 1887 cmlos,
2312 1829 2367 1874 et
2405 1821 2561 1875 istum
2613 1824 2821 1887 exmia:
2870 1826 3083 1881 virtutis
3126 1829 3297 1881 virum
3327 1828 3565 1897 suscepit

294 1917 515 1986 prianus
547 1925 601 1970 et
649 1915 966 1970 Laurentius
1012 1917 1064 1970 in
1096 1918 1211 1971 visu
1242 1919 1546 1985 astiterunt,
1589 1920 1830 1975 dicentes
1864 1940 1876 1973 :

294 2008 467 2071 Nosti,
518 2023 687 2075 quare
718 2009 892 2062 locum
935 2024 1039 2061 non
1089 2009 1295 2064 invenis
1318 2010 1341 2062 ?
1368 2019 1421 2062 at
1452 2011 1536 2063 illa
1566 2013 1839 2080 respondit
1867 2032 1877 2065 :

293 2099 509 2152 Nescio.
546 2097 731 2165 Etdic,
761 2100 1030 2169 inquiunt,
1058 2115 1223 2168 quare
1254 2116 1347 2170 per
1374 2103 1608 2171 reliquas
1638 2104 1883 2162 basilicas

293 2188 518 2243 fratrum
552 2198 861 2245 nostrorum
898 2200 1217 2245 cccterormn
1252 2202 1543 2264 martyrum
1578 2196 1884 2266 frequenter

290 2281 597 2347 concurris,
624 2280 690 2335 ad
718 2296 817 2335 nos
841 2297 969 2336 vero
992 2283 1173 2336 venire
1200 2286 1517 2339 contemnis.
1550 2286 1675 2351 Qua:
1702 2287 1881 2339 statim

288 2385 521 2439 surgens
550 2369 614 2425 ad
636 2386 825 2426 eorum
850 2370 1100 2426 basilicas
1121 2375 1407 2438 concurrit,
1440 2376 1740 2432 orationem
1763 2393 1881 2430 cum

254 2520 259 2529 ‘
289 2461 546 2531 lncrytiiis
572 2462 725 2524 fudit,
750 2476 851 2531 pro
874 2478 921 2516 nc
943 2463 1195 2531 gligentia
1221 2467 1475 2521 retroacti
1502 2470 1758 2537 temporis
1789 2486 1883 2525 ve-

289 2550 438 2604 niam
471 2551 798 2621 imploravit,
831 2562 993 2621 atque
1020 2554 1142 2608 inde
1171 2555 1236 2609 ad
1266 2556 1540 2611 basiliiam
1573 2558 1628 2612 S.
1665 2559 1882 2615 Eulalim

289 2632 475 2705 rediit,
528 2642 663 2696 mira
693 2642 971 2698 celeritate
1016 2644 1191 2699 locum
1220 2647 1440 2715 reperit,
1472 2648 1881 2719 chirographum

289 2748 455 2789 suum
496 2736 700 2805 absque
727 2734 1044 2791 difficultate
1072 2738 1294 2806 recepit,
1331 2738 1440 2792 Deo
1477 2747 1533 2793 et
1555 2750 1740 2795 sancto
1769 2740 1884 2808 ejus

290 2827 456 2881 miras
479 2827 680 2894 gratias
710 2826 915 2891 retulit,
965 2843 1064 2896 pro
1092 2843 1199 2897 quo
1231 2844 1345 2883 non
1368 2829 1542 2883 solum
1575 2830 1750 2885 locum
1783 2848 1880 2900 pa-

289 2924 470 2971 ratum
500 2916 745 2971 invenire
785 2917 982 2971 meruit
1021 2918 1372 2987 ingrediendi,
1405 2934 1588 2973 verum
1620 2920 1779 2974 etiam
1810 2922 1880 2976 ita

292 3006 498 3061 sanctis
528 3006 621 3061 Dei
664 3006 1071 3076 disponentibus
1096 3016 1304 3076 gestum
1333 3018 1434 3077 est,
1468 3018 1527 3063 ut
1554 3010 1768 3078 quando
1797 3012 1881 3065 in-

294 3112 477 3166 gressa
509 3106 610 3162 est,
635 3106 855 3152 sanctus
876 3098 1160 3167 episcopus
1182 3098 1489 3153 cautionem
1522 3099 1691 3168 ipsam
1722 3116 1882 3156 manu

1986 1911 2316 1978 gratulanter
2354 1909 2405 1961 in
2439 1911 2612 1965 terris.
2667 1912 2901 1982 Denique
2930 1924 3147 1970 sanctus
3197 1916 3441 1970 Massona
3465 1933 3565 1970 an-

1988 2004 2158 2067 tistes,
2197 2012 2217 2038 ε
2252 2002 2416 2056 nobili
2445 2012 2596 2057 ortus
2624 2004 2674 2056 in
2698 2006 2802 2059 hoc
2849 2010 3045 2061 sacculo
3074 2008 3301 2075 origine,
3322 2008 3418 2063 sed
3448 2010 3566 2062 vita:

1989 2090 2192 2145 meritis
2222 2090 2425 2143 exstitit
2455 2092 2623 2145 multo
2673 2093 2935 2159 nobilior;
2964 2109 3161 2164 genere
3211 2097 3426 2164 quidem
3456 2096 3566 2151 Go-

1990 2180 2128 2244 thus,
2161 2178 2253 2233 sed
2283 2187 2465 2234 mente
2513 2183 2933 2250 promptissima,
2983 2198 3106 2253 erga
3138 2184 3418 2239 Dominum
3447 2200 3567 2255 per-

1986 2284 2145 2338 quam
2167 2269 2412 2335 devotus,
2440 2279 2603 2341 atque
2640 2272 2864 2327 viriliter
2892 2272 3150 2329 Altissimi
3179 2276 3381 2329 virtute
3422 2291 3566 2346 pra:-

1987 2360 2214 2427 cinctus,
2262 2361 2503 2416 moribus
2552 2363 2753 2417 sanctis
2782 2374 3026 2432 ornatus,
3060 2364 3353 2434 habituque
3390 2366 3566 2434 magni

1985 2450 2198 2505 decoris
2244 2451 2662 2520 pulchrificatus,
2707 2455 2984 2509 charitatis
3030 2457 3452 2526 humilitatisque
3498 2458 3567 2511 ab

1988 2542 2206 2597 ineunte
2244 2552 2403 2598 aetate
2432 2545 2712 2614 refulgenti
2741 2547 2875 2601 stola
2906 2547 3353 2613 circumamictus,
3387 2549 3565 2602 balteo

1988 2633 2107 2688 fidei
2139 2634 2362 2690 firmiter
2386 2636 2822 2705 circumcinctus,
2846 2639 3126 2707 prudentia
3173 2639 3379 2695 scilicet
3402 2648 3456 2695 et
3478 2641 3565 2709 ju-

1986 2726 2127 2780 stitia
2162 2726 2440 2795 insigniter
2483 2728 2890 2797 circumseptus,
2919 2730 3207 2785 dilectione
3236 2731 3429 2785 summi
3472 2731 3566 2785 Dei

1986 2825 2041 2870 et
2071 2818 2298 2885 proximi
2344 2816 2569 2873 mirifice
2598 2818 2900 2885 decoratus,
2932 2819 3159 2875 dilectus
3190 2836 3419 2890 namque
3456 2821 3567 2875 Deo

1986 2919 2041 2962 et
2069 2909 2377 2964 hominibus
2415 2918 2551 2974 erat,
2597 2920 2652 2963 et
2685 2911 2751 2976 gl;
2777 2911 2854 2964 ria
2883 2912 3160 2976 mirabilis,
3204 2921 3414 2966 amator
3464 2911 3565 2965 fra-

1988 3006 2146 3062 trum,
2175 2999 2401 3053 multum
2442 3014 2603 3053 orans
2631 3015 2729 3068 pro
2762 3001 2960 3069 populo
2979 3042 2995 3068 ,
3025 3001 3175 3069 cujus
3205 3017 3399 3056 nomen
3429 3000 3565 3055 ntul-

1991 3089 2058 3142 tis
2101 3089 2434 3144 coruscando
2484 3090 2757 3145 miraculis
2806 3106 2901 3160 per
2944 3107 3155 3147 omnem
3206 3100 3403 3147 terram
3445 3108 3565 3163 per-

293 3188 513 3258 propria
541 3196 755 3253 tenens,
776 3189 1177 3259 praestolaretur
1198 3188 1285 3244 cui
1306 3188 1601 3244 reformare
1628 3189 1878 3255 deberet;
1913 3209 1957 3269 ρ
1990 3181 2253 3236 ῑνθηείνίῐ-
2281 3180 2449 3250 Hujus
2471 3183 2654 3250 ίιθίιυο
2677 3183 3007 3252 temporibus
3029 3184 3341 3239 morborum
3363 3194 3567 3255 Ρθεῑθιη

292 3282 463 3344 atque
490 3276 563 3330 ita
594 3276 792 3330 factum
824 3284 928 3344 est,
957 3286 1016 3331 ut
1046 3278 1135 3332 illo
1162 3278 1392 3347 benigne
1417 3278 1696 3344 reddente,
1722 3289 1883 3351 atque

294 3369 381 3424 illa
414 3384 541 3423 cum
584 3368 797 3437 gaudio,
830 3384 948 3437 qua:
976 3368 1066 3423 diu
1107 3369 1523 3433 desideraverat,
1565 3372 1880 3442 recipiente,

293 3457 455 3527 paulo
487 3465 612 3528 post
635 3457 715 3511 vir
741 3452 958 3512 sanctvs
989 3459 1412 3527 pra'ce‘lentibus
1441 3468 1748 3515 sanctorum
1772 3477 1883 3517 caa-

294 3548 458 3613 tiba,
486 3548 1031 3618 exspectantibusque
1057 3549 1315 3618 angelicis
1344 3550 1525 3605 choris
1554 3551 1622 3605 ad
1647 3553 1882 3607 aetherea

297 3650 463 3706 regna
491 3636 834 3707 tripudiando
862 3638 1137 3705 migraret,
1163 3637 1575 3709 cmlestibusque
1605 3641 1886 3710 phalangis

297 3735 585 3782 consertus
622 3742 742 3782 cum
773 3729 1134 3783 exsultatione
1163 3737 1421 3799 perpetua
1464 3733 1723 3801 perpetim
1752 3747 1884 3787 con-

298 3822 508 3890 globari
540 3822 594 3876 in
625 3821 850 3876 sidereis
879 3821 1269 3885 mansionibus,
1301 3821 1427 3876 Jesu
1457 3822 1684 3877 Domino
1714 3824 1887 3893 perci-

300 3916 502 3983 piente,
532 3913 822 3976 meruerit;
852 3913 1226 3981 corpusculum
1249 3927 1377 3968 vero
1398 3912 1512 3982 ejus
1526 3912 1672 3982 juxta
1692 3929 1889 3983 corpus

298 4003 625 4057 Sanctissimi
658 4002 1069 4071 praedecessoris
1104 4003 1187 4056 sui
1229 4017 1336 4057 uno
1366 4003 1665 4072 eodemque
1702 4019 1888 4059 sarco-

300 4094 479 4161 phago
512 4093 791 4159 traditum,
826 4093 971 4148 velut
1001 4094 1053 4148 in
1082 4109 1191 4149 uno
1242 4094 1459 4161 lectulo,
1492 4096 1786 4165 honorifice
1809 4105 1891 4152 est

304 4187 647 4241 tumulatum.

923 4276 1154 4333 CAPUT
1194 4279 1284 4333 IX.

303 4368 558 4424 Hassoua
612 4370 822 4424 natione
864 4369 1095 4435 Gothus,
1125 4373 1348 4426 nutritus
1374 4375 1428 4426 in
1457 4375 1669 4428 ecclesia
1700 4386 1893 4430 sancta:

372 4460 604 4516 Eulalia
630 4502 646 4527 ,
690 4462 913 4515 succedit
963 4461 1132 4516 Fideli
1183 4465 1238 4517 in
1285 4466 1618 4535 episcopatu:
1662 4468 1893 4521 xenodo-

378 4556 551 4608 cuium
573 4565 623 4607 et
652 4556 967 4608 monasteria
1007 4556 1255 4627 cedi/icat.

376 4645 513 4700 Huic
557 4646 782 4715 praefato
840 4646 982 4702 almo
1044 4648 1162 4702 viro
1212 4649 1278 4703 ad
1324 4664 1609 4719 supernam
1658 4653 1883 4721 patriam

302 4740 705 4807 transmigrauti
738 4738 1075 4808 providentia
1107 4740 1297 4795 divina:
1329 4742 1541 4811 pietatis
1569 4743 1888 4809 subrogatur

303 4849 409 4885 non
434 4833 608 4900 impar
634 4832 873 4885 omnium
922 4832 1176 4885 virtutum
1218 4834 1401 4901 gloriae,
1424 4835 1503 4888 vir
1532 4835 1885 4901 orthodoxus,

299 4923 386 4977 mi
427 4936 626 4977 nomen
657 4930 775 4975 erat
804 4921 1049 4977 Massona
1079 4930 1128 4985 ⁸,
1150 4922 1355 4977 scilicet
1381 4924 1569 4978 beatus
1607 4925 1787 4991 beato,
1836 4934 1891 4979 et

376 5080 403 5109 ⁸
444 5073 713 5144 Messana.
756 5074 897 5144 Aliis,
922 5073 1181 5128 Mausona
1210 5082 1321 5144 est;
1360 5074 1427 5127 de
1455 5090 1561 5143 quo
1599 5078 1890 5144 scriptores

306 5146 478 5197 nastri
506 5142 661 5196 Joan.
691 5144 852 5197 abbas
884 5142 1167 5198 Biclarens.
1196 5146 1245 5198 in
1276 5142 1511 5204 Chr0n.;
1538 5144 1604 5197 Μ.
1632 5142 1890 5199 Maximus

305 5214 375 5267 ad
418 5228 545 5266 ann.
570 5212 693 5277 579,
726 5212 849 5275 586,
880 5212 1003 5278 588,
1025 5214 1148 5268 597.
1184 5214 1432 5269 Roderir.
1465 5213 1583 5267 Tol.
1612 5230 1671 5279 ιι,
1702 5232 1749 5271 c.
1784 5215 1885 5279 M,

304 5284 513 5339 Chron.
560 5282 824 5350 Hispania:
865 5284 1117 5350 generale
1165 5283 1318 5351 jussu
1373 5285 1629 5353 Alphonsi
1689 5300 1889 5352 cogno-

303 5362 494 5408 mento
522 5353 776 5412 sapientis
803 5354 1147 5433 collectum}:
1178 5363 1314 5423 part.
1336 5395 1351 5419 ,
1395 5370 1515 5477 cap.
1544 5354 1640 5418 40;
1670 5356 1888 5436 Vaszeus

303 5425 373 5477 ad
404 5439 557 5477 ann..
586 5421 680 5473 571
715 5418 1432 5477 5.η9;ϐθιίιι.1ιι).νημεθο.
1495 5425 1881 5477 3:1llnral.hb.

301 5425 373 5477 ad
404 5439 557 5493 ann.,
586 5421 680 5493 511
715 5418 1160 5493 5»9;Gariu.lib.
1180 5418 1294 5484 vin,
1314 5418 1432 5493 eap.
1458 5418 1555 5485 83;
1580 5426 1768 5480 Moral.
1791 5426 1881 5479 lib.

302 5508 409 5553 xtl,
442 5508 491 5547 c.
523 5492 585 5557 6;
612 5491 832 5562 Marian.
885 5493 1068 5562 libav,
1102 5509 1220 5562 cap.
1254 5494 1321 5547 l5
1349 5491 1402 5548 et
1432 5494 1517 5547 Μ.
1541 5495 1728 5549 Loaisn
1759 5495 1882 5548 Not.

304 5566 376 5617 ad
413 5563 624 5617 Concil.
658 5561 831 5615 Tolet.
860 5578 935 5615 nt.
977 5561 1352 5621 Padill.’Cent.
1384 5580 1473 5631 v1,
1512 5580 1560 5618 c.
1588 5565 1656 5616 l5
1701 5577 1753 5619 et
1783 5564 1881 5629 55,

303 5633 427 5697 alii,
477 5632 573 5688 sed
620 5632 949 5703 recentiores
990 5646 1056 5685 ex
1088 5648 1192 5687 uno
1223 5634 1386 5688 Paulo
1412 5675 1426 5695 ,
1456 5650 1614 5703 quem
1646 5650 1711 5689 ex
1761 5637 1885 5703 ipsis

365 5706 513 5759 iterit
567 5703 687 5770 quis
737 5701 1039 5755 illustrare:
1083 5703 1148 5756 iis
1195 5704 1332 5757 adde
1385 5701 1650 5758 illustriss.
1692 5701 1882 5758 Annal.

365 5720 513 5759 tlel'll
567 5720 687 5770 (11118
737 5720 1039 5755 ιιιιιδιγπθε
1083 5720 1148 5756 IIS
1195 5720 1332 5757 auue
1385 5720 1650 5758 lllllSll‘lSS.
1692 5720 1882 5758 Annal.

303 5720 517 5830 ἔξωθε.
560 5772 827 5827 Caesarem
858 5772 923 5825 ad
972 5787 1098 5826 ann.
1150 5773 1281 5842 5:9;
1334 5786 1388 5830 ct
1420 5792 1537 5846 qua:
1566 5776 1630 5831 ad
1670 5792 1787 5843 rap.
1818 5778 1887 5831 2’0

599 5906 869 5969 PATROL.
920 5905 1182 5967 LX'XX.

1990 3272 2288 3342 inediazque
2311 3273 2544 3341 inopiam
2574 3272 2642 3326 ab
2666 3273 2800 3327 urbe
2836 3271 3151 3328 Emeritensi
3173 3282 3226 3327 et
3252 3275 3397 3330 onmi
3418 3273 3567 3331 Lusi-

1990 3369 2132 3424 tania
2156 3368 2272 3438 ejus
2290 3369 2537 3439 precibus
2549 3367 2807 3423 Dominus
2827 3371 3009 3438 procul
3035 3370 3229 3438 abegit,
3256 3370 3571 3438 meritisque

1986 3470 2347 3515 sacrosancta:
2392 3458 2613 3513 Eulalize
2659 3459 2880 3526 virginis
2926 3458 3137 3529 longius
3192 3460 3418 3529 pepulit,
3452 3472 3570 3516 tan-

1988 3560 2203 3620 tamque
2226 3551 2451 3605 salutem
2481 3558 2535 3605 et
2563 3551 2803 3605 omnium
2844 3552 3057 3620 copiam
3086 3551 3395 3607 deliciarum
3438 3569 3571 3609 cun-

1989 3652 2076 3697 cto
2106 3642 2308 3711 p0pulo
2337 3642 2612 3712 impertire
2631 3643 2882 3711 dignatus
2904 3652 3005 3708 est,
3028 3651 3089 3697 ut
3116 3645 3290 3699 nullus
3313 3660 3567 3713 unquam,

1988 3733 2235 3802 quamvis
2256 3732 2430 3802 in0ps,
2455 3731 2654 3801 aliquid
2676 3732 2876 3788 habere
2899 3732 3190 3797 videretur,
3223 3741 3315 3786 aut
3334 3734 3570 3801 qualibet

1992 3809 2313 3882 necessitate
2342 3825 2670 3893 fatigaretur,
2701 3825 2795 3880 sed
2826 3824 3277 3895 quemadmodum
3310 3826 3571 3896 opulenti,

1991 3918 2064 3971 ita
2086 3926 2143 3970 et
2172 3917 2362 3985 inopes
2383 3915 2630 3971 omnibus
2658 3915 2813 3971 bonis
2842 3915 3196 3981 abundarent,
3225 3926 3280 3971 et
3306 3917 3569 3986 quodam-

1993 4007 2156 4062 modo
2186 4008 2354 4061 instar
2376 4006 2613 4061 caelestis
2637 4007 2811 4075 gaudii
2845 4008 2897 4061 in
2925 4007 3082 4063 terris
3131 4010 3263 4062 tanti
3306 4007 3571 4078 pontificis

1992 4099 2186 4153 merito
2216 4095 2654 4165 congauderent;
2679 4097 2929 4152 omnibus
2951 4098 3124 4151 iuerat
3143 4098 3411 4165 gaudium,
3438 4113 3570 4152 cun-

1992 4193 2201 4260 ctisque
2222 4189 2410 4244 aderat
2432 4204 2559 4259 pax,
2590 4189 2720 4243 nulli
2744 4189 2931 4243 aberat
2960 4188 3207 4255 felicitas,
3248 4190 3301 4242 in
3330 4190 3569 4244 omnium

1993 4283 2157 4336 corda
2188 4279 2414 4336 ﬂorebat
2444 4278 2680 4349 perfecta
2735 4280 2992 4345 Charitas,
3040 4281 3093 4333 in
3144 4280 3381 4333 omnium
3410 4298 3570 4339 sensu

1994 4374 2238 4443 pollebat
2262 4373 2494 4441 jucunda
2547 4370 2922 4439 tranquillitas,
2977 4371 3049 4424 ita
3079 4370 3350 4437 nimirum,
3383 4382 3440 4425 ut
3470 4374 3568 4427 de-

1996 4467 2138 4521 victo
2185 4464 2558 4533 antiquissimo
2608 4463 2803 4527 hoste,
2855 4478 2918 4517 ac
2982 4473 3234 4532 superato
3288 4475 3573 4519 veternoso

1923 4578 1973 4632 ο
1996 4557 2248 4621 dracone,
2283 4570 2442 4608 nemo
2464 4567 2697 4609 maerore
2727 4562 3124 4621 consternatus,
3146 4569 3303 4608 nemo
3330 4557 3574 4624 angustia

1996 4646 2243 4711 afﬂictus,
2283 4632 2442 4698 nemo
2469 4644 2711 4713 quolibet
2761 4654 2969 4699 terrore
2999 4644 3298 4713 perculsus,
3325 4645 3408 4699 vel
3437 4661 3575 4714 quo-

1999 4736 2127 4791 libet
2173 4736 2290 4789 zelo
2319 4743 2411 4787 aut
2444 4735 2638 4789 invidia
2682 4743 2857 4789 tactus
2881 4735 3058 4790 callidi
3084 4737 3270 4805 anguis
3296 4738 3577 4794 virulentis

1995 4825 2227 4881 stimulis
2280 4834 2626 4893 quateretur;
2659 4827 2752 4880 sed
2805 4825 3046 4895 perfecta
3086 4828 3354 4883 charitate
3383 4829 3578 4898 repleti

1998 4916 2198 4981 cuncti,
2224 4914 2335 4969 Deo
2357 4914 2695 4982 admittente,
2720 4915 2791 4984 pii
2816 4913 2989 4970 Patris
3013 4916 3185 4984 gratia
3198 4914 3577 4984 jucundantes,

1996 5083 2261 5128 notamus.

2070 5143 2093 5181 δ
2132 5143 2382 5199 Massona
2428 5145 2669 5199 successit
2702 5144 2889 5199 Fideli.
2944 5145 3015 5199 M.
3047 5145 3307 5199 Maximus
3346 5144 3411 5199 ad
3446 5160 3574 5201 ann.

1996 5212 2099 5267 560
2127 5216 2367 5268 ordinem
2398 5216 2630 5279 invertit,
2663 5232 2781 5270 cum
2813 5218 2887 5269 ait
2915 5233 2927 5269 :
2962 5217 3024 5271 S.
3057 5216 3306 5269 Massoua
3334 5218 3573 5268 successit

1993 5286 2048 5355 in
2099 5283 2407 5338 Emeritensi
2455 5285 2572 5340 sede
2622 5286 2821 5349 Paulo;
2856 5295 2911 5339 et
2964 5288 3029 5339 ad
3076 5301 3201 5355 ann.
3248 5285 3354 5338 566
3383 5285 3575 5338 Paulus

1997 5353 2331 5407 Emeritensis
2374 5357 2639 5426 episcopus
2685 5358 2920 5426 episcopo
2971 5353 3213 5409 successit
3266 5356 3443 5426 Fideli
3469 5371 3496 5426 ;7
3543 5370 3575 5408 e

1997 5433 2182 5478 nostro
2235 5424 2624 5489 emendandus;
2676 5424 2799 5480 nam
2836 5427 3003 5480 Paulo
3050 5426 3307 5479 successit
3354 5424 3572 5489 Fidelis,

1992 5494 2160 5547 Fideli
2192 5494 2437 5548 Massona
2469 5516 2480 5547 :
2514 5497 2618 5551 vid.
2654 5497 2838 5551 Moral.
2871 5496 2961 5549 lib.
2997 5512 3065 5560 ιι,
3108 5511 3229 5563 cap.
3259 5493 3358 5561 72,
3390 5504 3444 5549 et
3473 5495 3576 5551 Pa-

1993 5564 2119 5618 dilla
2147 5565 2302 5635 (Sent.
2333 5581 2384 5617 vr
2407 5604 2423 5629 ,
2454 5582 2572 5635 cap.
2601 5566 2685 5619 50.

2070 5646 2090 5670 α
2136 5634 2466 5758 λὲοὺὶιὶρνιαε
2493 5634 2543 5689 in
2572 5638 2665 5690 hoc
2693 5637 2881 5691 sazculo
2910 5634 3333 5709 origine.Moral.
3362 5638 3452 5695 lib.
3490 5657 3585 5708 xu,

2070 5721 2113 5758 ι).
2187 5745 2199 5758 .

1993 5721 2113 5775 cap.
2148 5721 2199 5758 υ.

3124 5885 3156 5943 5
3234 5932 3243 5944 .
