4032 6186
432 345 530 400 4'59

432 457 798 531 imperterriti,
844 454 962 509 sine
1007 457 1156 504 metu
1205 444 1287 501 vel
1337 443 1618 502 formidine
1655 444 1893 498 omnium
1950 441 2002 493 in
2035 446 2074 497 Λ

430 551 522 606 Dei
550 547 792 603 laudibus
859 541 1220 612 persistebant
1279 544 1611 603 constanter,
1661 549 1768 588 non
1823 531 1999 587 solum

429 651 605 697 autem
634 652 687 691 tn
741 635 980 690 omnium
1033 632 1266 688 fidelium
1315 628 1529 685 arcanis
1579 625 1696 696 ejus
1743 623 2004 693 ﬂagrabat

1589 305 1818 400 ‘rAULt
1863 337 2226 394 summm
2277 328 2550 388 DIACONI

3579 290 3683 348 ΗΟ

2106 436 2185 490 da:
2212 433 2288 488 rei
2312 445 2472 500 quam
2498 422 2838 498 appetendae,
2881 426 3149 490 potiorem
3181 409 3342 467 dandi
3370 422 3540 500 quam
3594 419 3690 500 ac-

2104 495 2343 595 cipiend'i-
2361 495 2626 575 didicerat
2655 513 2944 572 fortunam,
2975 506 3138 560 multa
3195 499 3544 568 largiebatur,
3596 495 3687 548 ni-

2107 587 2288 686 hilque
2367 609 2662 673 auferebat,
2721 603 2814 660 sed
2862 601 3003 656 ultro
3075 594 3282 652 cunctis
3336 587 3687 652 concedebat,

429 731 686 783 immensa
715 724 970 792 charitas,
998 723 1094 778 sed
1122 721 1284 777 etiam
1312 719 1549 775 omnium
1588 714 1892 771 Iudaeorum
1923 712 2005 767 vel
2104 709 2341 766 donabat
2361 705 2552 768 multa,
2575 697 2902 768 largiebatur
2918 690 3168 792 plurima,
3187 679 3694 792 ditabatuniversos

429 817 718 874 Gentilium
766 821 974 871 mentes
1019 814 1156 868 miro
1207 809 1502 867 dulcedinis
1550 823 1658 864 suae
1699 805 1890 862 atl‘ectu
1938 805 2005 859 ad

427 912 623 967 Christi
646 910 868 980 gratiam
891 907 1255 978 pertrabebat.
1280 903 1520 971 Quantus
1541 902 1702 970 igitur
1727 899 2009 970 qualisque

429 1003 608 1067 fuerit,
662 1001 854 1056 inertia
893 999 1088 1068 lingum
1128 1003 1327 1050 nostra:
1372 994 1439 1046 ad
1476 990 1684 1060 singula
1740 986 2009 1058 explicare

430 1111 536 1150 non
568 1093 742 1162 valet;
783 1091 876 1148 sed
897 1088 1142 1160 quamvis
1173 1086 1404 1141 maxima
1431 1092 1732 1150 taceamus,
1767 1089 2009 1137 extrema

431 1187 622 1244 saltem
655 1199 687 1240 e
716 1182 962 1237 maximis
989 1192 1371 1236 memoremus.
1405 1176 1643 1244 Denique
1671 1173 2012 1244 supradictus

433 1279 517 1332 vir
573 1283 596 1311 α
654 1274 964 1344 priusquam
1033 1269 1374 1324 ordinaretur
1436 1267 1721 1336 episcopus
1765 1264 1818 1318 in
1867 1262 2012 1317 basi-

438 1370 542 1425 lica
573 1367 920 1423 sanctissimae
961 1361 1181 1433 virginis
1208 1359 1428 1414 Eulaliae
1457 1356 1624 1414 fertur
1653 1372 1772 1412 cum
1805 1367 2011 1411 summa

437 1457 713 1528 diligentia
757 1453 1043 1518 advixisse,
1095 1458 1151 1506 et
1225 1450 1422 1505 ibidem
1471 1447 1652 1504 multis
1696 1447 1848 1501 anuis
1906 1445 2014 1499 Deo

435 1545 979 1618 irreprehensibiliter
1003 1541 1349 1597 deserviisse:
1385 1547 1670 1610 postquam
1697 1552 1828 1591 vero
1853 1534 2014 1603 ittSpi-

435 1647 588 1694 rante
614 1637 724 1692 Deo
753 1636 806 1690 in
823 1634 1098 1690 hominum
1126 1646 1240 1697 ore,
1267 1630 1437 1686 oculis
1463 1635 1520 1682 et
1546 1628 1726 1682 animo
1754 1625 2022 1691 residens,

435 1729 680 1784 sublatus
726 1726 872 1794 inde,
921 1724 1249 1780 constitutus
1276 1728 1360 1776 est
1397 1705 1704 1790 episcopus,
1746 1716 1929 1770 statim
1961 1715 2015 1768 in

2107 795 2399 857 beneficiis,
2423 799 2479 848 et
2503 784 2864 845 muniﬁcentia
2894 792 3118 847 magnus
3149 771 3477 833 habebatur;
3505 778 3693 821 omnes

2108 891 2175 946 ab
2196 889 2289 945 illo
2318 884 2670 954 augebantur,
2701 876 2856 932 donis
2893 887 2958 928 ac
2977 868 3175 924 divitiis
3204 859 3691 954 locupletabantur,

2108 991 2164 1038 et
2190 997 2294 1037 non
2339 986 2544 1033 tantum
2572 970 2823 1028 fratribus
2843 974 2898 1022 et
2919 962 3125 1024 amicis,
3152 964 3414 1028 quantum
3434 959 3490 1005 et
3524 948 3694 1038 servis

2110 1073 2239 1144 ipsis
2261 1067 2519 1125 Ecclesiae
2537 1078 2596 1119 se
2620 1058 2929 1116 muneribus
2949 1054 3176 1120 largum,
3203 1047 3342 1100 ultra
3365 1055 3523 1142 quam
3547 1036 3695 1144 credi

2110 1128 2314 1235 potest,
2365 1155 2668 1229 przebebat;
2701 1152 2772 1206 ita
2797 1148 3048 1203 nimirum
3103 1137 3434 1210 temporibus
3462 1133 3588 1235 .ejus
3613 1128 3699 1235 di-

2113 1221 2208 1310 iati
2231 1221 2384 1317 sunt,
2401 1257 2460 1305 ut
2481 1248 2535 1303 in
2554 1247 2640 1302 die
2661 1240 2998 1300 sanctissimo
3024 1233 3240 1289 Paschae
3263 1244 3385 1284 cum
3414 1225 3479 1280 ad
3517 1221 3696 1317 eccle-

2112 1351 2246 1405 siam
2277 1315 2616 1416 procederet,
2647 1334 2864 1409 plurimi
2885 1330 3039 1404 pueri
3068 1322 3362 1383 chlamides
3405 1315 3700 1416 olqsericas

2115 1406 2397 1495 induentes
2424 1446 2606 1488 coram
2636 1406 2724 1493 eo,
2755 1423 2911 1495 quasi
2961 1433 3146 1477 coram
3175 1428 3300 1484 rege
3347 1406 3700 1471 incederent;

2115 1539 2171 1586 et
2196 1527 2336 1598 quod
2359 1526 2442 1580 his
2463 1518 2796 1590 temporibus
2813 1514 2991 1582 nullps
3019 1514 3232 1581 poterat
3258 1501 3541 1598 nullusque
3563 1512 3702 1568 pra:-

2115 1593 2382 1682 sutnebat,
2438 1607 2748 1682 hujusmodi
2808 1600 3134 1662 indumentis
3177 1593 3359 1652 amicti
3395 1598 3522 1646 ante
3573 1601 3703 1643 eum

2118 1680 2690 1768 debitum-deferentes
2725 1695 3064 1767 obsequium,
3095 1690 3412 1761 pergerent;
3459 1680 3552 1736 sed
3583 1693 3701 1733 me-

437 1817 659 1874 exordio
701 1768 1042 1886 episcopatus
1071 1813 1151 1868 sui
1180 1768 1508 1866 monasteriis
1538 1768 1704 1863 iurulta
1751 1805 2011 1870 fundavit,
2049 1812 2092 1870 Β
2118 1803 2222 1858 rito
2244 1801 2293 1857 ei
2315 1801 2383 1854 ab
2404 1790 2759 1865 omnipotenti
2783 1786 3006 1845 Domino
3029 1783 3127 1838 fuit
3148 1778 3282 1835 tanti
3304 1772 3480 1886 meriti
3499 1768 3701 1886 donum

439 1908 651 1974 praediis
689 1907 896 1976 magnis
945 1902 1306 1974 locupletavit,
1364 1901 1613 1956 basilicas
1653 1900 1834 1970 plures
1881 1901 2019 1955 miro

441 2013 604 2068 opere
639 1996 961 2060 construxit,
987 2004 1042 2050 et
1061 1993 1258 2048 multas
1284 1991 1479 2046 ibidem
1508 1992 1620 2046 Deo
1649 1991 1856 2045 animas
1883 2006 2019 2044 con-

438 2089 701 2157 secravit;
745 2089 938 2145 deinde
967 2085 1364 2144 xenodochium
1398 2083 1676 2139 fabricavit
1704 2083 2020 2153 magnisque

443 2182 778 2254 patrimoniis
807 2180 1014 2244 ditavit,
1045 2177 1454 2246 constitutisque
1495 2173 1750 2230 ministris
1799 2173 1881 2228 vel
1909 2187 2023 2228 me-

443 2274 576 2328 dicis
599 2271 1026 2342 peregrinorum,
1052 2276 1107 2323 et
1129 2267 1507 2337 :egrotantium
1539 2265 1722 2322 usibus
1749 2263 2023 2319 deservire

441 2363 729 2433 prmcepit;
756 2361 969 2432 taleque
997 2367 1326 2432 praeceptum
1365 2358 1534 2425 dedit,
1558 2365 1617 2412 ut
1637 2364 1846 2412 cuncta:
1876 2355 2024 2412 urbis

444 2455 703 2508 ambitum
752 2451 944 2507 medici
999 2440 1366 2506 indesinenter
1392 2456 1793 2520 percurrentes,
1835 2462 2023 2518 quem-

444 2559 652 2613 cunque
672 2558 887 2599 servum
908 2557 1004 2598 seu
1021 2543 1268 2607 liberum,
1287 2541 1652 2598 Christianum
1674 2553 1768 2594 seu
1783 2537 2024 2592 Judteum

445 2637 770 2707 reperissent
790 2641 1067 2702 aegrotum,
1091 2633 1233 2689 ulnis
1261 2633 1373 2688 suis
1396 2639 1671 2702 gestantes
1697 2627 1764 2683 ad
1787 2628 2027 2684 xenodo-

445 2733 624 2788 chium
667 2730 958 2798 deferrent,
988 2729 1331 2786 straminibus
1357 2741 1574 2797 quoque
1601 2725 1813 2782 lectulis
1841 2724 2024 2780 itidem

442 2821 778 2892 praeparatis,
801 2819 1047 2875 eumdem
1071 2818 1337 2873 infirmum
1361 2817 1556 2873 ibidem
1579 2822 2024 2890 superponentes,

445 2916 591 2971 cibos
615 2914 880 2970 delicatos
907 2921 962 2967 et
988 2911 1186 2966 nitidos
1213 2925 1453 2980 eousque
1478 2917 1864 2981 prmparantes,
1893 2922 2028 2978 quo-

445 3018 612 3075 usque
638 3018 758 3058 cum
785 3003 895 3058 Deo
919 3011 1122 3071 aegroto
1153 3001 1251 3072 ipsi
1281 3002 1510 3056 salutem
1534 3000 1814 3070 pristinam
1852 2998 2025 3054 refor-

445 3101 689 3156 marent;
712 3102 767 3148 et
795 3093 1088 3163 quamlibet
1113 3107 1140 3146 a
1169 3091 1382 3164 praediis
1402 3091 1796 3147 xenodoehium
1819 3089 2028 3146 collatis

2119 1899 2394 1960 col'atum,
2418 1894 2570 1961 cujus
2587 1904 2699 1953 cor,
2722 1887 2774 1942 in
2803 1891 2950 1939 tanta
2963 1877 3237 1950 opulentia
3259 1867 3502 1961 etgloria
3524 1873 3704 1961 trans-

2119 1953 2292 2043 itorize
2334 1953 2706 2053 prosperitatis
2746 1971 2965 2044 gaudio,
2993 1978 3264 2036 nunquam
3303 1959 3402 2016 fuit
3435 1953 3703 2053 turgidum

2120 2091 2222 2133 nec
2250 2048 2528 2139 inﬂatum;
2580 2067 2830 2124 nimirum
2881 2057 3100 2117 humilis
3142 2055 3352 2110 animus
3401 2048 3705 2139 ejussupra

2121 2132 2352 2225 solidam
2381 2132 2590 2236 petram
2620 2157 2872 2214 fundatus
2924 2143 3335 2206 immaculabilis
3363 2132 3706 2230 conscientiae

2121 2229 2450 2328 cogitatione
2473 2253 2682 2308 sincera
2705 2240 3119 2307 calliditatisque
3140 2235 3342 2303 ignara,
3361 2229 3415 2283 in
3436 2229 3709 2296 prosperis

2123 2323 2358 2414 humilis,
2391 2346 2444 2400 in
2475 2339 2714 2398 adversis
2764 2332 3030 2392 existebat
3079 2323 3423 2387 fortissimus,
3455 2331 3552 2414 nec
3581 2327 3707 2385 pro-

2123 2408 2384 2513 speritate
2427 2435 2756 2504 erigebatur,
2823 2442 2923 2482 nec
2970 2419 3296 2478 adversilate
3345 2408 3707 2512 frangebatur,

2125 2501 2272 2590 nullo
2299 2501 2623 2586 detrimento
2653 2530 2748 2579 aut
2775 2523 3068 2589 augmento
3095 2506 3399 2568 constantia
3449 2501 3566 2570 ejus
3591 2513 3709 2590 tnu-

2129 2624 2368 2687 tabatur;
2409 2626 2664 2676 constans
2689 2620 2809 2670 erat
2837 2611 2891 2664 in
2919 2605 3146 2668 cunctis,
3170 2610 3226 2656 et
3253 2598 3506 2653 adversus
3529 2589 3710 2687 omnia

2128 2710 2525 2785 promptissime
2568 2713 2804 2777 paratus,
2858 2698 3068 2770 patiens
3110 2691 3358 2754 nimium,
3412 2693 3469 2740 et
3514 2682 3712 2784 robore

2131 2805 2488 2868 firmissimus,
2527 2801 2580 2855 in
2628 2797 2836 2854 cunctis
2866 2788 3111 2848 adversis
3139 2792 3417 2846 constans,
3447 2778 3499 2832 iu
3539 2772 3712 2831 omni~

2129 2899 2231 2954 bus
2281 2893 2540 2963 angustiis
2584 2885 2980 2959 imperterritus
3050 2873 3453 2950 perseverabat,
3505 2867 3714 2963 vultum

2132 3001 2233 3043 nec
2259 2957 2476 3055 gaudio,
2527 2996 2629 3036 nee
2664 2957 2907 3033 vmosrore
2933 2967 3332 3029 commutabat;
3360 2974 3499 3016 unus
3539 2957 3714 3012 vultus

2133 3052 2349 3147 semper
2369 3075 2504 3145 ejus,
2531 3086 2635 3127 una
2661 3068 2932 3125 hilaritate
2953 3065 3238 3119 decoratus
3275 3052 3488 3112 eunetis
3526 3062 3717 3105 occur-

445 3182 625 3238 multis
653 3182 965 3238 deliciarum
987 3182 1140 3253 copia
1173 3155 1472 3253 pararetur,
1503 3181 1676 3236 adhuc
1703 3182 1819 3236 viro
1840 3190 2028 3235 sancto
2057 3181 2101 3243 C
2133 3171 2312 3242 rebat:
2337 3182 2553 3237 semper
2573 3163 2740 3228 idem,
2758 3160 2909 3230 cujus
2933 3157 3114 3212 vultus
3141 3161 3509 3253 nec.unq.ua.m
3536 3155 3718 3253 re‘rutn

446 3286 634 3342 parum
686 3286 805 3326 esse
848 3272 1161 3338 videbatur;
1192 3272 1289 3327 sed
1329 3272 1412 3326 his
1459 3271 1708 3327 omnibus
1752 3270 2028 3326 beneficiis

439 3361 705 3430 adjiciens
731 3363 955 3431 majora,
987 3361 1243 3431 praecepit
1289 3361 1532 3427 medicis,
1562 3369 1622 3414 ut
1653 3361 1830 3429 sagaci
1879 3360 2027 3416 solli-

448 3450 686 3506 eltudine
713 3459 964 3520 gererent
1005 3465 1210 3517 curam,
1246 3457 1306 3505 ut
1333 3450 1400 3506 de
1428 3451 1678 3506 omnibus
1719 3450 1930 3506 eximiis
1963 3451 2030 3506 ab

449 3542 710 3598 universis
757 3541 1077 3597 sanctuariis
1107 3558 1175 3597 cx
1221 3542 1365 3598 omni
1405 3541 1732 3613 patrimonio
1777 3540 2030 3598 Ecclesia:

450 3633 504 3687 in
553 3632 745 3687 atrium
784 3631 946 3688 illatis
983 3631 1326 3688 medietatem
1383 3634 1712 3702 acciperent,
1758 3644 1814 3688 et
1843 3633 2030 3688 iisdem

450 3719 676 3777 infirmis
700 3719 990 3778 deferrent.
1021 3720 1079 3776 Si
1107 3722 1229 3792 quis
1256 3722 1396 3777 enim
1423 3721 1492 3777 de
1520 3722 1727 3777 civibus
1752 3721 1916 3787 urbis,
1941 3729 2032 3776 aut

451 3812 667 3868 rusticis
694 3812 763 3867 de
807 3812 1073 3868 ruralibus
1119 3812 1186 3868 ad
1213 3813 1410 3868 atrium
1439 3812 1510 3868 ob
1535 3812 1910 3868 necessitatem
1937 3827 2030 3867 ac-

459 3899 728 3961 cessisset,
760 3898 1024 3968 liquorem
1053 3898 1181 3964 olei,
1204 3898 1334 3965 vini,
1357 3899 1441 3954 vel
1469 3897 1644 3954 mellis
1660 3913 1689 3952 a
1715 3897 2029 3968 dispensan-

458 3988 600 4041 tibns
629 3989 980 4056 poposcisset,
1008 3995 1064 4042 et
1090 3986 1118 4026 δ
1145 4002 1239 4044 vas
1267 3988 1565 4058 parvulum,
1592 3989 1643 4043 in
1671 4003 1779 4058 quo
1809 3989 2031 4058 levaret,

454 4079 819 4146 exhibuisset;
874 4087 1075 4134 etcum
1123 4080 1205 4134 vir
1253 4090 1494 4147 sanctus,
1546 4088 1605 4134 ut
1651 4087 1767 4135 erat
1821 4095 2036 4150 semper

453 4171 645 4225 obtutu
673 4180 872 4237 gratus,
907 4168 1130 4239 jucundi
1160 4170 1355 4238 vultus,
1388 4185 1515 4226 mox
1559 4170 1730 4240 ipsum
1759 4170 2033 4226 vasculum

453 4259 736 4329 confringi,
761 4268 816 4316 et
845 4268 903 4315 ut
925 4258 1100 4330 majus
1125 4260 1378 4329 deferret,
1407 4261 1772 4331 praecipiebat.
1805 4260 1862 4317 ln
1884 4262 2032 4318 elee-

455 4353 691 4423 mosyuis
718 4367 846 4408 vero
890 4351 1189 4422 pauperum
1233 4360 1493 4421 quantum
1523 4352 1702 4420 largus
1743 4353 2030 4420 exstiterit,

455 4443 554 4496 soli
578 4441 690 4498 Deo
716 4453 1045 4499 reservatum
1076 4452 1158 4500 est
1184 4459 1380 4512 nosse;
1404 4452 1584 4498 tamen
1622 4452 1678 4498 et
1706 4443 1772 4500 de
1793 4445 1896 4500 hoc
1917 4445 2033 4515 ipso

2129 3233 2395 3318 varietate
2420 3233 2761 3321 mutabatur;
2787 3267 2891 3307 non
2915 3249 3061 3304 illum
3086 3241 3296 3300 cunctis
3316 3238 3534 3295 inimica
3555 3233 3718 3290 elatio

2129 3353 2420 3410 virtutibus
2461 3348 2670 3412 extulit,
2710 3345 2807 3402 sed
2843 3345 2895 3400 in
2926 3341 3174 3399 omnibus
3227 3332 3580 3392 humilitatem
3610 3325 3720 3382 sin-

2130 3461 2308 3504 ceram
2331 3445 2544 3500 sincere
2563 3436 2898 3497 consecravit
2915 3430 3277 3490 sarratissimo
3298 3422 3475 3481 cordis
3491 3418 3721 3480 affectu;

2129 3549 2360 3604 cumque
2399 3533 2596 3588 talibus
2648 3527 2833 3584 divino
2887 3523 3073 3578 favore
3117 3515 3409 3574 virtutibus
3428 3509 3722 3604 _polleret,

2129 3600 2284 3680 fama
2323 3623 2592 3678 bonorum
2636 3614 2898 3689 opinione
2944 3613 3334 3670 concrescente
3385 3600 3616 3662 aliulsit;
3665 3605 3722 3652 rt

2131 3731 2296 3788 opera
2325 3714 2542 3770 luminis
2569 3727 2599 3766 a
2632 3725 2761 3766 vero
2808 3707 3012 3763 lumine
3066 3697 3397 3766 contionati],
3451 3690 3636 3754 multis
3663 3690 3723 3750 in

2131 3807 2438 3878 regionibus
2467 3803 2790 3862 coruscavit.

2766 3890 2994 3947 CAPUT
3034 3888 3098 3943 X.

2139 3991 2464 4063 Leovigildus
2489 4003 2583 4042 rea:
2604 3984 3008 4058 Wisigotharum
3032 3981 3256 4035 Arianus
3283 3976 3450 4032 studet
3493 3984 3724 4027 avertere

2169 4081 2474 4148 Mauonam
2501 4079 2795 4149 episcopum
2817 4075 3191 4129 Emeritensem
3213 4087 3245 4124 α
3274 4069 3379 4140 ﬁde
3405 4065 3678 4120 catholica.

2207 4169 2360 4225 Unde
2407 4170 2603 4228 accidit
2640 4175 2699 4221 ut
2728 4168 2842 4221 hrec
2871 4164 3052 4235 opinio
3094 4159 3370 4217 saevissimi
3399 4169 3561 4226 atque
3588 4171 3721 4212 cru-

2134 4263 2389 4319 delissimi
2419 4259 2843 4330 Wisigothorum
2886 4255 3184 4324 Leovigildi
3230 4254 3373 4321 regis
3411 4257 3727 4322 penetraret

2134 4355 2397 4420 auditum,
2443 4363 2499 4409 et
2527 4367 2639 4408 sua:
2668 4351 2880 4405 invidiae
2908 4349 3072 4403 draco
3103 4343 3521 4401 immanissimus
3564 4341 3726 4396 bonis

2137 4445 2391 4518 operibus
2418 4459 2634 4515 semper
2679 4441 2924 4506 aemulus,
2956 4438 3187 4496 stimulis
3215 4433 3515 4502 acrioribus
3543 4433 3725 4487 irrita-

457 4533 740 4600 quamdam
763 4535 1078 4602 particulam
1093 4549 1424 4592 enarremus.
1452 4535 1621 4590 Tanta
1661 4536 1735 4590 illi
1765 4551 1890 4592 cura
1918 4544 2034 4591 erat
2065 4545 2114 4606 D
2141 4549 2272 4604 tum,
2301 4535 2547 4606 ejusdem
2587 4532 2843 4604 principis
2871 4533 3110 4586 animum
3141 4529 3287 4584 virus
3325 4528 3599 4596 vipereum
3629 4538 3724 4577 sa-

458 4637 556 4693 pro
600 4626 834 4680 omnium
875 4627 1128 4683 :erumnis
1175 4629 1515 4695 miserorum,
1549 4638 1606 4684 ut
1634 4629 1701 4684 ad
1756 4630 2031 4685 basilicam

458 4713 809 4772 sanctissima:
827 4715 1045 4783 virginis
1068 4716 1283 4772 Eulalia:
1302 4719 1550 4786 diacono,
1582 4720 1697 4774 viro
1719 4721 2029 4786 venerabili,

463 4818 486 4845 ο
521 4805 816 4874 Redempto
844 4807 1081 4872 nomine,
1109 4808 1199 4875 qui
1230 4819 1472 4876 prreerat,
1505 4811 1612 4865 duo
1639 4811 1804 4866 millia
1832 4812 2033 4868 solidos

460 4896 685 4962 dederit,
711 4911 742 4952 e
770 4901 981 4966 quibus,
1007 4913 1134 4952 mox
1161 4908 1219 4952 ut
1247 4900 1437 4970 aliquis
1484 4904 1690 4970 urgenti
1715 4905 2033 4960 necessitate

461 4987 734 5042 advenerit
785 4986 925 5042 facta
975 4991 1224 5046 cautione
1278 4991 1384 5064 [αι.
1415 4992 1774 5065 quaestione],
1799 5005 2032 5063 quantos

461 5078 624 5132 vellet
649 5079 848 5148 absque
876 5079 1051 5147 aliqua
1100 5096 1249 5134 mora
1290 5081 1372 5135 vel
1399 5080 1713 5137 difficultate
1742 5086 2030 5155 acciperet,

459 5169 678 5238 suisque
705 5169 963 5236 angustiis
987 5170 1324 5250 consuleret:
1357 5187 1456 5226 nec
1476 5171 1580 5226 hoc
1607 5171 1870 5227 silendum
1891 5189 2032 5238 reor,

461 5274 622 5328 quam
651 5258 920 5328 largiﬂuus
950 5260 1002 5314 in
1033 5263 1342 5318 muneribus
1388 5264 1679 5330 exstiterit,
1707 5265 1908 5335 quippe
1944 5267 2037 5334 qui

461 5352 651 5407 aliena
674 5354 748 5407 rei
779 5352 1153 5421 abstinentior,
1201 5370 1312 5410 sure
1339 5356 1557 5425 largior,
1591 5371 1690 5413 nec
1718 5357 2036 5428 accipiendi,

463 5442 555 5497 sed
584 5443 745 5500 dandi
775 5445 1229 5516 magnanimitate,
1276 5446 1645 5517 praepollebat,
1673 5447 1878 5503 avidior
1903 5447 2038 5502 dan-

467 5645 565 5766 ca;
603 5637 906 5758 Iégiusqnam
929 5643 1256 5697 ordinaretur
1275 5645 1560 5714 episc0pns.
1578 5642 1778 5698 Padilla
1791 5643 1944 5698 Cent.
1969 5661 2040 5711 vt,

540 5778 563 5812 ιι
616 5776 714 5828 l’as
743 5782 1003 5843 patt‘ulttm
1051 5785 1101 5836 in
1149 5801 1246 5840 auo
1279 5785 1486 5856 levaret,
1513 5795 1618 5841 etc.
1652 5785 2038 5846 llispanismus.

2141 4630 2320 4695 tiaret,
2376 4633 2430 4680 et
2478 4625 2728 4696 poculum
2769 4629 3092 4678 venenatum
3148 4619 3267 4689 ejus
3319 4619 3374 4672 in
3428 4614 3727 4671 visceribus

2142 4716 2568 4772 transl‘underet:
2595 4714 2748 4785 cujus
2793 4712 2971 4784 poculi
3001 4709 3226 4768 lethalis,
3240 4709 3454 4772 haustu,
3479 4704 3727 4776 protinus

2138 4808 2363 4864 consilio
2383 4815 2643 4871 armatus,
2668 4804 2931 4860 diabolica
2954 4801 3266 4858 stimulante
3290 4798 3508 4863 invidia,
3534 4811 3730 4867 supra-

2139 4895 2283 4952 dicto
2309 4897 2646 4952 sanctissimo
2675 4895 2791 4949 viro
2814 4893 3004 4962 legatis
3026 4889 3504 4947 intercurrentibus
3529 4887 3728 4944 iterum

2139 4990 2440 5060 iterumque
2469 4987 2745 5043 mandavit
2800 4995 2875 5050 ut,
2931 4985 3117 5040 relicta
3167 4983 3269 5039 fide
3315 4981 3603 5046 catholica,
3657 4979 3726 5032 ad

2137 5086 2385 5141 Arianam
2417 5084 2661 5140 hmresim
2703 5097 2822 5139 cum
2853 5081 3198 5136 universitate
3226 5079 3395 5149 plebis
3423 5075 3728 5131 commissae

2137 5176 2451 5230 diverteret:
2485 5187 2717 5243 cumque
2760 5172 2844 5226 vir
2883 5171 2993 5226 Deo
3038 5171 3249 5226 dicatus
3292 5165 3728 5224 constantissime

2138 5266 2522 5336 responderet,
2573 5273 2628 5320 et
2677 5266 2757 5320 bis
2808 5274 2994 5334 terque
3040 5262 3467 5333 regredientibus
3499 5259 3723 5326 nuntiis,

2140 5360 2252 5430 regi
2282 5359 2562 5413 mandaret
2589 5373 2859 5427 nunquam
2898 5372 2959 5412 se
2985 5347 3166 5411 veram
3207 5353 3366 5408 fidem
3397 5352 3728 5430 relinquere,

2143 5465 2300 5518 quam
2353 5449 2518 5504 semel
2561 5449 2885 5529 agnovisset,
2920 5447 3021 5519 ipsi
3048 5461 3219 5517 nuper
3244 5447 3445 5500 Ariano
3488 5427 3597 5512 regi
3625 5459 3725 5498 ex-

2146 5645 2309 5702 Nobis
2333 5648 2545 5717 itollere
2571 5654 2652 5701 'est
2680 5648 2856 5712 llevar,
2897 5647 3167 5717 duplicato
3187 5684 3202 5712 ,
3245 5654 3431 5700 nostro
3463 5657 3634 5708 more,
3661 5641 3719 5709 ιι,

2147 5718 2239 5773 sed
2270 5733 2298 5770 a
2330 5716 2518 5770 Latino
2557 5718 2724 5771 levare
2767 5716 3015 5772 tractum.

2221 5800 2242 5826 ε
2289 5787 2586 5859 Rcdempto.
2617 5789 2690 5843 De
2717 5803 2824 5857 quo
2865 5790 3024 5843 etiam
3062 5801 3181 5857 cap.
3204 5784 3238 5840 3
3259 5796 3311 5841 et
3344 5783 3429 5839 l8.
