4032 6186
319 328 406 380 HI

1364 312 1452 367 DE
1491 310 1646 366 VITA
1688 306 1965 365 PATRUM
2004 306 2523 365 EMERITENSIUM.

3488 286 3585 370 ni

316 438 612 511 probl‘aVll,
665 441 720 487 ut
741 429 943 495 debuit,
975 428 1198 499 ejusque
1245 424 1312 479 ad
1341 441 1399 481 se
1426 423 1702 494 perliiliam
1731 420 1905 490 dignis
1940 426 1974 476 .\
2009 435 2118 476 ces.
2141 420 2246 476 Sed
2267 437 2482 478 servum
2518 423 2874 495 Deiprobatis
2906 425 3092 495 imum,
3116 441 3215 484 nec
3243 429 3589 486 comminatio

316 526 772 598 increpationibus
801 522 1034 594 repulit;
1065 519 1133 574 ad
1156 534 1214 574 se
1242 519 1424 587 itaque
1449 515 1678 570 reversis
1707 511 1908 567 nuntiis

316 621 475 690 coepit
518 617 860 688 supradictus
891 630 987 669 rex
1035 611 1261 667 diversis
1304 607 1644 664 suasionibus
1690 614 1745 660 et
1773 619 1906 676 pne-

316 715 544 769 miurum
576 708 1018 781 proniissinnihus
1049 705 1166 774 ejus
1193 705 1430 759 animum
1461 702 1682 766 illicere,
1712 698 1756 753 si
1795 697 1905 752 for-

317 805 450 860 sitan
508 817 606 872 per
659 813 1040 868 quamcunque
1084 797 1425 852 occasionem
1477 801 1664 864 posset
1703 791 1771 846 ad
1798 805 1908 845 sua:

319 891 717 964 superstitionis
763 888 1094 943 voluntatem
1146 886 1457 940 inccrvare:
1508 883 1597 938 ille
1626 897 1752 937 vcro
1780 896 1906 936 sua-

319 988 498 1043 siones
551 984 668 1053 ejus
717 981 940 1038 callidas
990 979 1351 1049 contempsit;
1403 977 1542 1032 dona
1586 984 1642 1032 et
1667 973 1905 1046 prauuia,

320 1077 479 1134 veluti
508 1081 880 1146 purgamenta,
913 1071 1144 1142 repulit;
1178 1079 1202 1106 ι
1234 1071 1390 1125 fidem
1435 1066 1753 1124 catholicam
1783 1065 1910 1118 viri-

320 1171 438 1223 liter
466 1182 688 1238 prorsus
719 1165 1036 1230 vindicavit;
1068 1177 1168 1218 nec
1199 1170 1375 1216 tamen
1413 1168 1602 1217 contra
1631 1157 1907 1229 perfidiam

321 1271 498 1316 tacere
551 1257 757 1320 maluit,
787 1271 856 1310 ne
907 1253 1142 1309 tacendo
1172 1251 1392 1307 forsitan
1421 1251 1726 1306 consentire
1764 1247 1910 1303 vide-

319 1359 482 1414 retur,
516 1349 612 1403 sed
643 1347 769 1402 totis
796 1346 1005 1401 nixibus
1033 1343 1149 1413 ejus
1170 1342 1397 1398 vesania:
1419 1355 1740 1411 repugnans,
1763 1339 1911 1394 clan-

319 1456 447 1510 gore
502 1440 745 1495 veritatis
785 1436 1084 1507 personuit.
1136 1436 1380 1507 Cumque
1429 1449 1488 1490 se
1533 1434 1621 1488 ille
1665 1440 1912 1489 cerneret

321 1547 472 1586 casso
521 1530 707 1585 labore
733 1529 984 1595 ili-licere,
1015 1536 1199 1598 raptus
1229 1528 1280 1580 in
1313 1526 1571 1591 furorem,
1602 1525 1766 1593 cmpit
1788 1538 1910 1578 eum

323 1623 506 1678 multis
535 1621 750 1692 pulsare
790 1619 1110 1685 terroribus,
1141 1617 1365 1686 opinans
1393 1616 1550 1670 minis
1577 1628 1736 1686 posse
1782 1629 1912 1671 con-

322 1723 506 1768 cutere
535 1728 695 1781 quem
726 1710 1104 1766 blandimentis
1143 1723 1397 1778 superare
1428 1708 1791 1778 nequivisset;
1817 1705 1910 1759 sed

2011 511 2243 567 fnrciferi
2272 512 2445 582 fregit,
2481 527 2580 569 nec
2619 514 2922 570 turbulenta
2962 517 3037 572 ira
3075 517 3311 586 pestiferi
3343 520 3590 588 mollivit,

2007 617 2110 658 nec
2140 611 2432 672 tempestas
2463 603 2781 658 insanientis
2819 605 3010 674 perditi
3041 605 3274 669 deﬂexit,
3299 608 3393 662 sed
3425 609 3594 665 instar

2007 697 2280 753 mitissimi
2325 698 2463 754 muri
2512 699 2799 754 immobilis
2857 699 3051 770 (Prov.
3086 717 3239 764 xvm,
3276 702 3334 756 Η
3359 702 3375 767 )
3405 711 3593 758 contra

2009 803 2194 844 omnes
2219 788 2487 859 procellas
2508 805 2606 860 pro
2631 799 2830 845 sancta:
2860 790 2979 844 fidri
3008 792 3316 848 defensione
3344 809 3594 863 perman-

2008 882 2114 935 sit:
2148 896 2379 950 cumque
2408 889 2523 936 toto
2551 881 2747 937 adnixu
2775 881 2868 937 Dei
2900 882 3153 938 famulum
3184 885 3268 940 vel
3307 901 3494 943 omnes
3530 887 3589 940 li-

2010 973 2157 1028 dcles
2189 973 2298 1042 jam
2326 973 2500 1029 dictus
2539 971 2765 1028 inﬁdelis
2793 975 3071 1043 exquisitis
3113 978 3379 1046 martyriis
3415 990 3595 1036 exturs

2011 1063 2140 1118 bare
2161 1065 2342 1129 ve!let,
2369 1080 2468 1120 nec
2496 1075 2696 1135 posset,
2724 1065 2888 1121 fretus
2919 1067 3103 1123 favore
3131 1070 3298 1138 regio,
3324 1071 3596 1129 basilicam

2011 1152 2364 1208 sanctissima:
2402 1154 2621 1222 virginis
2652 1153 2873 1210 Eulaliae
2913 1158 3110 1227 passim
3142 1159 3355 1229 aggredi
3389 1161 3601 1217 niteba-

2013 1257 2126 1312 tur,
2188 1255 2244 1302 ut
2293 1263 2355 1302 ea
2410 1249 2618 1304 sublata
2675 1249 2742 1305 de
2795 1252 2996 1322 proprii
3045 1253 3282 1325 episcopi
3338 1262 3606 1325 potestate

2013 1341 2227 1396 Arianae
2255 1341 2443 1396 hairesi
2476 1339 2783 1410 dedicaret;
2816 1345 2902 1398 cui
2948 1360 3070 1399 cum
3101 1355 3319 1401 sanctus
3353 1347 3600 1404 Massona

2013 1431 2334 1500 episc0pus,
2381 1432 2466 1486 vel
2516 1432 2797 1488 universus
2847 1449 2969 1490 cum
3017 1450 3082 1490 eo
3129 1438 3359 1507 populus
3406 1439 3602 1501 ar-ritcr

2013 1521 2194 1576 obsisti
2215 1530 2330 1588 ret,
2361 1537 2424 1577 ac
2451 1523 2803 1580 vehementer
2847 1535 3219 1596 oppugnaret;
3267 1530 3603 1599 supradictus

2014 1612 2504 1684 pseudoepiscomis
2547 1615 2728 1672 Sunna
2781 1617 3019 1672 antcfato
3066 1619 3292 1691 principi
3334 1623 3500 1677 multa
3548 1624 3601 1678 in

2015 1704 2414 1759 accusationem
2447 1707 2619 1761 sancti
2651 1707 2752 1762 viri
2783 1709 3018 1779 scripsit,
3061 1710 3219 1780 eique
3249 1713 3514 1781 suggessit
3547 1723 3606 1768 ιιι

323 1807 403 1859 vir
450 1813 674 1858 sanctus
721 1817 819 1857 nec
867 1800 1166 1856 terroribus
1220 1800 1479 1868 frangitur
1510 1838 1526 1864 ,
1573 1813 1672 1854 nec
1702 1797 1909 1852 b'andi-
1944 1789 1987 1848 Β
2017 1794 2126 1864 ipsa
2158 1809 2312 1850 sacra
2340 1795 2582 1861 basilica,
2628 1813 2787 1866 quam
2816 1799 2966 1854 adire
3014 1800 3331 1867 inliiaverat,
3361 1817 3391 1856 a
3419 1803 3605 1857 (atho-

324 1895 519 1948 mentis
565 1892 822 1947 suadetur
860 1909 873 1944 :
925 1891 1022 1946 sed
1064 1889 1192 1945 forti
1235 1902 1614 1958 congressnone
1659 1890 1916 1943 adversus

322 1986 718 2060 atrocissimum
777 1994 1062 2055 tyrannum
1109 1982 1401 2047 dimicans,
1452 1997 1550 2053 pro
1603 1980 1917 2037 defensione

323 2077 375 2147 ju
409 2077 540 2132 tilia
570 2075 892 2146 persistebat
918 2075 1166 2150 invictus.

932 2163 1160 2221 CAPUT
1210 2163 1302 2219 XI.

239 2287 246 2296 -
324 2259 348 2297 ¹³
383 2260 572 2315 Summ
606 2259 1068 2330 pseudoepiscopus
1109 2257 1443 2312 Emeritensis
1471 2259 1696 2312 Ariamts
1739 2257 1914 2328 dispu-

636 2349 833 2401 talione
861 2346 1063 2414 publica
1092 2348 1251 2400 victus
1279 2363 1310 2399 a
1337 2345 1606 2401 Massona.

391 2439 692 2511 Comperto
719 2439 915 2494 dehinc
940 2439 1343 2494 crudelissimus
1370 2447 1628 2511 tyrannus
1647 2437 1792 2508 quod
1821 2454 1919 2494 nec

323 2533 507 2597 minis,
539 2547 639 2588 nec
667 2531 1002 2596 muneribus,
1036 2531 1137 2585 viri
1186 2530 1279 2585 Dei
1307 2531 1545 2586 animum
1585 2545 1616 2584 a
1647 2539 1791 2587 recta
1818 2530 1921 2586 fide

322 2627 386 2677 ad
411 2623 496 2677 sui
524 2621 803 2692 perfidiam
846 2629 1154 2690 apostatare
1192 2629 1398 2691 posset,
1431 2629 1488 2674 ut
1515 2629 1630 2676 erat
1659 2629 1802 2676 totus
1828 2637 1921 2677 vas

324 2715 417 2769 ine
471 2713 651 2781 (Rom.
710 2729 790 2777 iv,
846 2712 938 2783 22)
970 2711 1251 2784 ΐοιηθεᾳ-ιε
1297 2713 1578 2779 vitiorum,
1629 2729 1691 2770 ac
1746 2713 1918 2768 frutex

322 2805 714 2870 damnationis,
745 2806 896 2874 cujus
925 2805 1206 2860 obsidebat
1230 2815 1416 2872 pectus
1438 2807 1791 2862 truculenti-r
1810 2808 1918 2861 ha:-

323 2896 481 2958 resis,
511 2903 572 2950 et
608 2895 882 2964 captivum
927 2895 980 2949 in
1010 2910 1105 2950 sua
1137 2895 1341 2951 ditione
1371 2895 1589 2951 tenebat
1633 2896 1920 2952 callidissi-

325 3003 444 3042 mus
472 3003 699 3058 serpens
728 2986 883 3060 (Gen.
918 3004 1096 3043 xxxvii
1119 3030 1136 3056 ,
1178 2988 1254 3060 6),
1287 3003 1470 3043 amara
1503 3004 1600 3059 pro
1645 2989 1918 3056 dulcibus,

327 3094 423 3149 pro
455 3079 667 3134 lenibus
703 3093 896 3148 aspera
945 3079 1142 3134 obtulit
1184 3079 1420 3146 civibus,
1455 3095 1552 3150 pro
1583 3080 1756 3135 salute
1800 3095 1917 3135 me-

2020 1885 2244 1940 licorum
2275 1896 2544 1956 potesmte
2571 1888 2798 1956 sublata,
2830 1889 3020 1944 ditioni
3051 1906 3160 1945 sua:
3198 1893 3348 1961 regio
3380 1893 3606 1962 imperio

2019 1973 2351 2042 traderetur;
2402 1976 2467 2030 ad
2491 1985 2604 2033 hicc
2648 1978 2792 2032 illum
2834 1979 2994 2034 talem
3025 1980 3197 2035 fertur
3233 1983 3608 2051 pronuntiasse

2019 2069 2383 2122 sententiam:
2416 2067 2485 2124 Ut
2513 2070 2869 2126 residentibus
2909 2072 2962 2127 in
3006 2074 3144 2129 atrio
3177 2071 3425 2130 Ecclesiae
3461 2074 3608 2144 ju~|i-

2019 2158 2174 2214 cibus
2199 2158 2479 2229 utriusque
2517 2161 2755 2232 episcopi
2801 2164 2868 2217 ab
2897 2164 3098 2219 eisdem
3145 2166 3404 2236 assumpti
3453 2165 3610 2222 ades-

2019 2259 2175 2316 sent,
2204 2250 2440 2321 ipsisque
2482 2267 2661 2308 coram
2695 2254 2883 2324 positis
2923 2256 3200 2326 utriusque
3230 2258 3396 2328 partis
3427 2241 3610 2314 deferi-

2019 2344 2173 2399 sione
2200 2341 2452 2398 conﬂictu
2483 2343 2860 2414 disputationis
2903 2346 3318 2418 altercarentur,
3361 2350 3610 2405 alternis-

2021 2451 2128 2506 que
2175 2435 2456 2492 adversum
2512 2451 2571 2492 se
2619 2439 3087 2507 congressionibus
3139 2439 3496 2510 dimicantes,
3545 2443 3610 2498 de

2020 2543 2298 2583 sacrarum
2329 2527 2729 2598 Scripturarum
2756 2529 3117 2585 voluminibus
3139 2572 3156 2599 ,
3181 2545 3407 2602 qiaeque
3437 2533 3505 2588 ab
3535 2535 3611 2589 eis

2021 2627 2204 2673 essent
2222 2619 2364 2674 dicta
2391 2619 2613 2690 prolatis
2635 2620 2952 2676 testimoniis
2982 2630 3287 2678 astruerent
3334 2624 3418 2679 vel
3449 2624 3612 2679 robo-

2021 2719 2234 2775 rarent;
2284 2718 2339 2765 et
2383 2709 2535 2780 cujus
2580 2725 2706 2781 pars
2749 2711 3075 2781 triumphum
3128 2713 3297 2768 bravii
3326 2715 3613 2780 obtineret,

2022 2800 2137 2871 ip..e
2186 2801 2532 2857 nihilominus
2567 2804 2854 2860 ecclesiam
2901 2813 3100 2860 sanctae
3145 2804 3367 2861 Eulaliae
3403 2807 3614 2862 sibimet

2021 2891 2336 2947 vindicaret.
2373 2891 2442 2945 At
2485 2893 2573 2948 ubi
2620 2893 2924 2963 hujusmodi
2970 2894 3243 2959 decretum
3284 2896 3616 2952 increscente

2022 2998 2242 3039 rumore
2270 2985 2323 3038 in
2345 2984 2561 3039 auribus
2589 2986 2713 3040 almi
2734 2986 2832 3041 viri
2863 2985 3120 3042 Massona
3153 2988 3448 3058 personuit,
3472 2989 3614 3046 illico

2022 3073 2298 3130 basilicam
2333 3085 2539 3132 sancta:
2584 3075 2804 3131 Eulalia:
2843 3077 3061 3146 virginis
3111 3094 3375 3148 properus
3424 3081 3615 3150 petiit,

326 3170 630 3226 dicamenta
660 3167 968 3236 mortifera;
1000 3169 1285 3239 quemdam
1323 3170 1530 3228 scilicet
1556 3171 1726 3225 virum
1757 3172 1920 3240 pesti—
1950 3163 1998 3229 (ἒ
2032 3167 2307 3238 tribusque
2337 3167 2525 3222 diebus
2553 3169 2878 3239 totidemque
2915 3170 3165 3226 noctibus
3194 3172 3242 3226 in
3275 3173 3618 3242 parcitnoniis

326 3261 524 3327 ferum,
553 3261 771 3316 Arianie
797 3261 1063 3316 haereseos
1089 3261 1406 3330 pravitatem
1430 3276 1525 3332 per
1549 3259 1728 3316 omnia
1759 3261 1925 3317 vindi-

325 3362 580 3418 cantem,
639 3352 728 3407 cui
790 3367 987 3408 nomen
1057 3361 1174 3407 erat
1227 3351 1450 3420 Sunna,
1502 3369 1600 3424 pro
1656 3353 1923 3410 seditiosis

325 3445 694 3502 simultatibus
727 3444 1059 3512 excitandis,
1086 3453 1143 3500 et
1178 3460 1278 3516 pro
1315 3445 1726 3502 conturbatione
1753 3446 1924 3503 sancti

329 3541 422 3594 viri
444 3582 459 3605 ,
489 3542 576 3595 vel
608 3539 773 3594 totius
798 3539 1016 3610 populi,
1048 3539 1102 3594 in
1126 3539 1317 3595 eadem
1355 3540 1574 3597 civitate
1613 3540 1922 3613 episcopum

332 3636 545 3690 Arianze
569 3637 738 3707 partis
758 3638 1020 3705 instituit;
1043 3637 1214 3692 virum
1236 3636 1468 3706 denique
1495 3637 1642 3708 pravi
1666 3638 1927 3707 dogmatis

333 3728 637 3789 fautorem,
682 3727 956 3784 hominem
1009 3728 1312 3791 funestum,
1361 3726 1512 3782 vultu
1558 3729 1922 3793 teterrimum,

335 3816 489 3886 cujus
508 3824 630 3872 erat
654 3814 804 3872 frons
833 3827 1005 3886 torva,
1031 3826 1210 3872 truces
1231 3816 1391 3883 oculi,
1415 3825 1667 3887 aspectus
1695 3817 1925 3882 odibilis,

335 3918 517 3964 mutus
563 3907 886 3975 horrendus,
917 3917 1138 3979 eratque
1185 3917 1364 3964 mente
1406 3909 1645 3978 sinister,
1692 3909 1930 3964 moribus

337 4016 556 4070 pravus,
591 4000 771 4069 lingua
812 4000 1034 4057 mordax
1059 4041 1075 4067 ,
1105 4001 1283 4056 verbis
1310 4001 1597 4067 obscenus,
1632 4001 1930 4056 forinsecus

337 4093 614 4160 turgidus,
647 4092 969 4147 intrinsecus
1013 4107 1246 4157 vacuus,
1297 4095 1574 4147 estrorsus
1603 4091 1806 4152 elatus,
1849 4093 1932 4146 in-

337 4194 548 4239 trorsus
587 4185 779 4248 inanis,
805 4183 935 4239 foris
982 4183 1216 4253 inﬂatus,
1251 4185 1475 4240 interius
1513 4185 1719 4240 cunctis
1759 4185 1930 4238 virtu-

338 4275 482 4330 tibus
526 4283 854 4343 evacuatus;
907 4275 1194 4345 utrobique
1236 4273 1512 4341 deformis,
1543 4274 1611 4331 de
1651 4275 1808 4331 bonis
1845 4275 1930 4329 in-

334 4365 563 4434 dgnus,
611 4367 678 4421 de
723 4367 966 4437 pessimis
1020 4368 1337 4438 opulentus,
1382 4368 1590 4424 delictis
1633 4369 1930 4432 obnoxius,

337 4471 618 4529 perpetua:
645 4460 802 4516 morti
829 4461 987 4516 nimis
1013 4460 1326 4517 ultroneus:
1353 4462 1440 4517 hic
1466 4461 1573 4531 jam
1595 4461 1934 4530 supradictus

2026 3265 2083 3311 et
2119 3257 2333 3314 fletibus
2363 3273 2733 3329 perseverans,
2765 3269 2890 3316 ante
2927 3260 3096 3318 altare
3135 3263 3235 3318 sub
3264 3279 3372 3333 quo
3392 3281 3618 3321 venera-

2026 3350 2134 3405 bile
2151 3350 2530 3422 corpusculum
2549 3367 2716 3408 sacrzc
2736 3351 2982 3425 Martyris
3002 3355 3161 3410 situm
3185 3365 3288 3422 est,
3311 3357 3618 3427 pavimento

2027 3449 2332 3512 prostratus
2381 3441 2656 3510 incubuit;
2707 3443 2867 3500 tertio
2913 3443 3130 3500 demum
3175 3447 3262 3501 die
3305 3445 3375 3500 ad
3421 3448 3619 3504 atrium

2027 3534 2173 3605 quod
2203 3543 2284 3590 est
2320 3531 2594 3590 fundatum
2641 3535 2780 3590 intra
2827 3537 3026 3592 mtenia
3067 3537 3234 3607 ipsius
3265 3538 3411 3594 urbis
3463 3553 3619 3611 repe-

2028 3627 2204 3692 davit,
2238 3634 2496 3696 tantaque
2531 3642 2652 3682 cum
2695 3627 2973 3682 alacritate
3001 3637 3056 3682 et
3082 3629 3274 3683 tuentis
3315 3629 3618 3685 constantia

2029 3719 2300 3786 ingressus
2340 3726 2442 3785 est,
2476 3728 2535 3772 ut
2561 3717 2688 3773 nulli
2720 3718 2957 3774 fidelium
2989 3720 3294 3790 ambiguum
3321 3720 3616 3786 videretur,

2030 3811 2179 3866 illum
2221 3811 2273 3865 in
2310 3811 2427 3880 ejus
2455 3795 2697 3880 pergere
2742 3810 3090 3881 adjutorium,
3120 3812 3212 3882 qui
3237 3813 3406 3868 dixit:
3439 3811 3621 3869 Nolite

2029 3904 2365 3974 pra'cogitare
2389 3901 2512 3974 quid
2546 3903 2849 3973 loquamini,
2881 3903 3086 3958 dabitur
3113 3906 3249 3958 enim
3277 3904 3415 3959 vobis
3443 3907 3498 3960 in
3528 3906 3621 3959 illa

2030 3993 2157 4046 hora
2186 3993 2310 4064 quid
2337 3993 2641 4065 loquamini,
2671 4011 2771 4050 non
2802 3996 2936 4049 etaim
2959 4011 3044 4050 vos
3065 3995 3185 4049 estis
3214 3995 3496 4067 loquentes,
3530 3996 3621 4051 sed

2033 4084 2260 4154 Spiritus
2299 4095 2510 4140 sanctus
2556 4085 2779 4157 (Matth.
2814 4103 2878 4155 x,
2911 4087 2995 4153 19,
3017 4087 3139 4159 20);
3172 4103 3399 4159 cumque
3430 4104 3622 4158 perve-

2033 4175 2200 4229 nisset
2243 4176 2295 4229 in
2347 4179 2566 4242 urbem,
2613 4179 2989 4248 ingressusque
3029 4180 3222 4234 atrium
3253 4179 3618 4243 consedisset,

2032 4267 2211 4323 vultus
2230 4267 2310 4322 sui
2336 4267 2674 4338 jucunditate
2699 4278 3017 4325 cunctorum
3049 4269 3280 4325 tidelium
3308 4270 3621 4325 mmstitiam

2033 4357 2271 4422 abstulit,
2296 4374 2360 4413 ac
2390 4375 2458 4414 ne
2503 4359 2556 4414 in
2585 4359 2764 4429 aliquo
2793 4360 2861 4416 de
2886 4360 3001 4429 ejus
3033 4362 3257 4416 victoria
3287 4361 3618 4430 hazsitarent,

2034 4447 2349 4517 admonuit;
2381 4451 2661 4520 ipsumque
2684 4449 2971 4506 nefandum
2994 4451 3250 4507 Arianum
3279 4453 3622 4524 episcopum,

338 4551 578 4620 perﬁdia;
617 4561 805 4606 auctor
841 4552 968 4607 dum
1011 4553 1064 4607 in
1108 4553 1294 4608 urbem
1338 4553 1723 4608 Emeritensem
1761 4551 1923 4607 θάνε-
1958 4550 2013 4610 D
2037 4544 2302 4612 simulque
2327 4543 2532 4612 judices
2569 4543 2926 4597 diutissimum
2965 4552 3048 4598 est
3095 4545 3462 4615 praestolatus;
3506 4558 3623 4601 tan-

342 4642 516 4710 niens,
538 4641 798 4710 quasdam
826 4642 1075 4699 basilicas
1102 4659 1224 4699 cum
1265 4645 1513 4700 omnibus
1541 4659 1724 4698 earum
1771 4645 1932 4716 privi-

345 4732 496 4798 legiis
541 4731 888 4801 praecipiente
935 4747 1062 4802 rege
1100 4732 1358 4799 sublatas,
1390 4749 1520 4789 ausu
1552 4734 1837 4788 temerario
1867 4733 1932 4788 de

341 4831 618 4892 potestate
651 4824 854 4892 proprii
894 4824 1161 4893 pontificis
1186 4825 1401 4881 sibimet
1428 4826 1740 4896 aggrediens
1772 4843 1927 4882 usur-

343 4925 520 4985 paret,
542 4915 788 4970 addictus
811 4916 1073 4985 pmdonis
1101 4916 1296 4970 funesti
1323 4916 1644 4971 arctioribus
1670 4917 1896 4971 viculis
1915 4960 1928 4982 ,

342 5007 682 5073 Satiatusque
732 5005 799 5058 de
845 5005 961 5072 ejus
991 5005 1278 5060 lethalibus
1306 5007 1529 5075 poculis,
1557 5007 1720 5076 coepit
1747 5015 1932 5061 contra

347 5097 443 5151 Dei
477 5097 734 5152 famulum
774 5097 993 5152 rabidos
1021 5098 1275 5152 allatrare
1319 5113 1629 5162 sermones,
1659 5107 1714 5153 et
1759 5099 1936 5154 verbis

343 5190 712 5261 strepentibus
743 5189 1134 5245 comminantes
1170 5189 1539 5260 spurcissimas
1566 5205 1816 5246 evomere
1842 5207 1934 5246 vo-
1971 5182 1989 5193 ’

425 5353 451 5380 ι
478 5345 660 5400 Fidem
688 5346 993 5416 catholicam
1021 5347 1236 5400 viriliter
1263 5364 1471 5416 prorsus
1497 5349 1787 5402 vindicavit.
1813 5349 1942 5402 Mas-

350 5432 485 5472 Snna
513 5460 528 5484 ,
557 5417 700 5470 unde
739 5414 896 5468 Joan.
951 5415 1239 5470 Biclarens.
1263 5414 1282 5468 ξ
1328 5417 1574 5472 Messana
1603 5418 1938 5474 Emeritensis

349 5485 606 5608 ’Erglfsia:
651 5484 937 5556 Episcopus
976 5487 1031 5539 in
1080 5485 1270 5540 Christi
1322 5488 1444 5557 fidei
1486 5489 1725 5558 dogmate
1767 5494 1938 5545 clarus

367 5574 422 5607 ια
456 5574 484 5609 ε
507 5575 588 5610 ur.

430 5627 451 5660 θ’
492 5627 698 5680 Sunna.
721 5624 840 5697 lflon
866 5625 952 5680 hic
971 5626 1155 5679 solum
1170 5626 1656 5697 pseudoepiscupus
1684 5629 1734 5683 in
1762 5630 1938 5683 locum

348 5692 621 5748 Ilassima:
643 5694 898 5750 suffectus
925 5704 1027 5759 est,
1057 5697 1152 5751 sed
1172 5692 1331 5751 etiam
1363 5692 1496 5751 alius
1517 5718 1526 5749 :
1546 5692 1808 5754 Maximus
1825 5699 1938 5752 Cu:-

2035 4639 2158 4694 dem
2209 4640 2436 4693 Arianus
2481 4637 2768 4707 episcopus
2811 4653 2914 4692 una
2946 4654 3066 4692 cum
3101 4637 3405 4708 judicibus,
3435 4650 3622 4711 septus

2036 4732 2267 4787 catervis
2296 4729 2477 4800 populi
2513 4729 2858 4798 turgidusque
2887 4730 3024 4785 fastu
3056 4733 3320 4802 superbiae
3346 4733 3623 4803 ingressus

2036 4833 2138 4882 est.
2179 4822 2312 4876 Tum
2356 4820 2548 4876 deinde
2593 4821 2950 4876 residentibus
2979 4801 3278 4893 episcopis,
3308 4801 3621 4884 resetlei'unt

2037 4928 2091 4972 et
2127 4916 2362 4985 judices,
2418 4914 2491 4968 illi
2534 4916 2766 4969 maxime
2805 4915 2894 4982 qui
2934 4926 3088 4970 erant
3135 4916 3370 4974 fautores
3410 4918 3622 4974 Arianae

2041 5010 2211 5080 partis
2239 5017 2293 5064 et
2338 5009 2630 5077 impiissimi
2685 5009 2824 5076 regis
2858 5022 3086 5078 cumque
3115 5009 3466 5073 resedissent,
3499 5025 3621 5064 san-

2042 5113 2160 5159 ctus
2189 5101 2434 5160 Massona
2483 5103 2796 5171 cpiscopus,
2826 5109 2885 5155 ιιι
2924 5111 3040 5156 erat
3081 5117 3301 5156 summae
3343 5102 3621 5169 gravitatis

2043 5208 2369 5263 summasque
2398 5193 2724 5263 prudentiae,
2765 5191 2856 5246 diu
2883 5192 3215 5263 multumque
3253 5193 3441 5249 oculos
3484 5194 3623 5249 caelo

2045 5358 2263 5416 quente,
2310 5347 2776 5415 llermenegildum
2798 5347 3059 5418 synodum
3089 5359 3506 5419 congregarant,
3536 5365 3623 5407 re-

2021 5427 2229 5473 »censet
2255 5419 2491 5472 Sunnam
2522 5421 2652 5485 (non
2683 5419 2985 5482 Samnium,
3014 5430 3068 5471 ut
3098 5421 3148 5472 in
3177 5419 3397 5483 vulgatis
3427 5421 3555 5489 est.)
3576 5428 3625 5477 et

2045 5490 2683 5559 Nepotianumepisi'opos
2713 5489 3047 5542 Emeritensis
3090 5489 3336 5559 Ecclesia:
3362 5493 3622 5557 intrusos;

2041 5557 2140 5630 etsi
2197 5561 2336 5630 hunc
2365 5557 2722 5630 Nepotianum
2745 5559 3025 5630 iNepHpem
3055 5558 3375 5630 crediderim
3403 5578 3468 5616 ex
3498 5579 3618 5630 cap.

2041 5628 2109 5681 13
2157 5636 2220 5701 et
2257 5625 2514 5701 l5_nostri
2548 5627 2714 5701 Pauli.
2741 5629 2817 5682 De
2838 5625 3025 5701 Su'n_ua
3054 5628 3172 5701 vid:
3193 5628 3379 5686 Moral.
3406 5633 3492 5687 lib.
3531 5625 3582 5689 xi
3603 5674 3620 5701 ,

2037 5713 2160 5777 cap.
2192 5699 2268 5765 6;
2315 5697 2534 5754 Marian.
2580 5700 2670 5752 lib.
2719 5718 2767 5766 v,
2803 5716 2920 5769 cap.
2951 5697 3114 5766 5i,ct
3147 5698 3330 5758 Padill.
3376 5722 3492 5777 cap.
3520 5697 3622 5773 68,

350 5778 659 5835 saraugusi.
686 5766 750 5820 ad
769 5781 892 5821 ann.
909 5765 1008 5819 681
1032 5767 1169 5822 inter
1188 5783 1283 5823 eos
1299 5769 1410 5837 qui,
1437 5767 1741 5841 Lcovigildo
1760 5787 1942 5840 persc~
2039 5765 2198 5829 (ient.
2221 5787 2292 5826 vi.
