4032 6186
398 278 499 336 H3

1552 288 1755 347 PAULI
1796 287 2172 346 ΕΜΕΒΙΤΑΝΙ
2215 285 2484 343 ΜᾹΟΟΝΙ

3577 268 3675 322 Hb

395 399 633 455 ἱιιιθιιιοε
653 396 1072 459 εἱεοηιῑοιεηυίιν
1091 406 1322 462 cumque
1345 389 1549 452 sileret,
1568 397 1590 423 ἰ
1609 385 1981 440 haereticorum
2010 385 2058 443 Λ
2087 405 2431 459 induraverat
2459 401 2648 458 hostis.
2685 401 2812 457 Post
2838 400 2955 457 h:ec
2977 408 3290 472 superatum
3318 415 3379 457 se
3421 400 3473 455 in
3502 404 3677 457 omni-

392 488 577 546 Snnna
621 490 902 559 episcopus
939 489 1089 559 prius
1132 485 1277 555 loqui
1306 497 1531 538 exorsus
1567 488 1686 546 est,
1714 477 1982 546 cmpitque

395 578 606 635 nefandi
638 578 748 632 oris
796 578 1091 649 strepentia
1138 589 1329 645 aspera
1349 614 1364 640 ,
1407 571 1593 627 scabra
1613 610 1628 635 ,
1660 576 1712 622 ct
1750 567 1982 622 obscena

394 683 606 726 summo
650 682 775 723 cum
820 667 1035 738 fragore
1085 666 1384 736 producere
1410 662 1593 717 verba.
1626 658 1723 714 Cui
1752 673 1875 713 cum
1903 655 1985 709 vir

397 759 487 813 Dei
511 758 799 829 patienter,
823 759 1036 827 leniter,
1061 758 1403 824 suaviterque
1429 750 1798 822 responderet,
1825 756 1985 816 atque

395 848 482 904 ille
507 856 695 904 contra
720 849 1122 919 procacioribus
1152 846 1346 911 verbis,
1375 850 1565 914 utpote
1588 855 1682 912 per
1710 855 1773 895 os
1797 838 1986 893 draco-

397 942 477 995 nis
508 940 828 1003 insibilaret,
857 948 1139 1009 coeperunt
1186 936 1400 1006 utrique
1444 936 1584 987 inter
1610 946 1670 986 se
1699 928 1982 984 verborum

397 1031 581 1098 ingens
624 1031 823 1085 habere
872 1039 1181 1092 certamen,
1223 1028 1316 1081 sed
1364 1024 1509 1080 nulla
1555 1022 1766 1077 ratione
1813 1018 1987 1089 potuit

396 1127 569 1182 moles
613 1141 810 1180 carnea
848 1125 1125 1194 sapientiae
1156 1123 1248 1177 Dei
1277 1129 1572 1188 sanctoque
1618 1114 1863 1188 Spiritui,
1893 1113 1985 1184 qui

397 1231 493 1290 per
519 1232 581 1272 os
622 1216 765 1272 servi
806 1216 888 1271 sui
935 1215 1191 1270 Massonae
1241 1212 1478 1282 episcopi
1519 1210 1867 1280 loquebatur,
1896 1221 1987 1261 re-

395 1310 606 1364 sistere.
642 1308 777 1375 Quid
806 1307 1008 1363 multa?
1046 1307 1192 1362 omni
1222 1306 1434 1361 ratione
1458 1302 1737 1360 convictus
1766 1315 1988 1369 supera-

397 1409 589 1470 tusque
610 1398 889 1465 conticuit,
912 1413 976 1453 ac
1003 1398 1211 1468 pudore
1239 1395 1406 1451 nimio
1430 1400 1721 1463 coopertus
1750 1390 1983 1454 erubuit,

396 1498 452 1545 et
479 1504 585 1544 non
617 1497 824 1543 tantum
855 1488 945 1544 ille
986 1496 1243 1556 quantum
1275 1486 1599 1542 mediatores
1624 1482 1863 1554 perversi
1895 1482 1987 1550 qui

396 1580 512 1652 éjus
558 1582 799 1652 partibus
828 1580 1134 1652 importune
1171 1579 1480 1634 nitebantur
1506 1576 1647 1631 ferre
1688 1572 1986 1630 adminicu-

396 1674 528 1740 lum,
560 1682 615 1728 et
643 1688 751 1727 non
782 1672 954 1725 solum
986 1669 1196 1727 confusi
1233 1668 1583 1732 erubuerunt,
1608 1680 1795 1721 verum
1824 1663 1986 1718 etiam

2086 494 2185 550 bus
2212 494 2421 560 videns,
2450 494 2615 563 cmpit
2642 492 2812 562 magis
2842 491 3121 561 magisque
3150 500 3333 547 mente
3369 490 3533 547 effera
3578 493 3678 548 ad-

2085 600 2275 640 versus
2314 584 2572 651 famulum
2618 582 2711 638 Dei
2757 583 3160 639 criminatiOnes
3188 589 3243 637 et
3271 580 3481 651 objecta
3524 598 3676 638 com-

2084 678 2285 733 mercia
2347 675 2558 732 callidis
2631 675 2927 730 machinari
2982 674 3462 744 dispositionibus,
3515 682 3680 744 atque

2083 775 2274 825 contra
2300 766 2524 821 militem
2562 764 2765 820 Christi
2794 765 2941 820 omni
2970 778 3169 833 genere
3204 773 3390 834 septus
3411 764 3677 830 telorum,

2084 858 2318 926 seipsum
2350 857 2532 928 potius
2556 863 2963 927 expugnaturus
2987 854 3212 920 advehi,
3243 855 3525 925 ipsumque
3553 855 3677 910 bea-

2086 949 2350 1004 tissimum
2397 951 2570 1002 virum
2630 947 2933 1002 Massonam
2985 948 3297 1017 episcopum
3353 947 3406 1001 in
3459 947 3682 1004 auribus

2087 1039 2344 1109 principis
2386 1037 2683 1107 LeOVigildi
2725 1037 2909 1091 Ariani
2954 1036 3093 1092 clam
3139 1036 3324 1092 multis
3366 1037 3684 1092 criminibus

2086 1145 2374 1197 accusare;
2406 1129 2538 1184 nihil
2562 1144 2695 1184 sane
2720 1128 2992 1183 calliditas
3017 1128 3356 1184 adversantis
3377 1131 3681 1199 pratvaluit,

2087 1220 2217 1274 nihil
2243 1220 2360 1275 viro
2388 1218 2482 1275 Dei
2509 1220 2821 1275 calamitosa
2861 1219 3099 1290 nequitia
3127 1222 3332 1286 nocuit,
3363 1237 3523 1290 quem
3551 1236 3681 1291 gra-

2087 1314 2162 1368 tia
2190 1313 2564 1383 Redemptoris
2588 1311 2952 1383 spiritualibus
2974 1313 3138 1368 armis
3159 1314 3405 1368 armavit.
3438 1314 3681 1371 Tandem

2087 1405 2305 1475 spiritus
2333 1419 2562 1474 nequam
2588 1404 2845 1474 compulit
2881 1418 3024 1475 saepe
3053 1405 3383 1459 nominatum
3422 1406 3682 1462 Arianum

2087 1508 2299 1564 regem,
2341 1502 2397 1548 ut
2444 1505 2689 1549 sanctum
2719 1495 2894 1548 virum
2927 1509 2957 1547 a
2991 1495 3205 1564 propria
3244 1496 3371 1551 sede
3398 1505 3677 1562 moveret,

2087 1587 2304 1655 suisque
2331 1585 2605 1641 obtutibus
2634 1592 2963 1655 praesentare
2999 1585 3214 1654 juberet
3245 1602 3258 1638 :
3289 1587 3547 1656 ociusque
3576 1589 3682 1641 mi—

2089 1678 2246 1734 nistri
2287 1692 2568 1747 compares
2601 1676 2841 1732 criminis
2879 1676 3025 1746 ejus,
3068 1678 3443 1748 praeceptionis
3471 1678 3679 1736 dictum

398 1766 680 1823 audientes
709 1761 1139 1819 inexistimabilis
1164 1760 1420 1816 doctrinm
1441 1758 1707 1827 loquelam
1730 1753 1988 1811 mellilluo

2096 1767 2379 1839 implentes
2398 1807 2414 1834 ,
2445 1772 2606 1836 atque
2632 1765 2699 1820 ad
2739 1764 3127 1821 Emeritensem
3156 1766 3338 1821 urbem
3368 1768 3680 1839 venientes,

395 1872 645 1913 sermone
665 1856 733 1911 de
755 1854 871 1923 ejus
891 1869 986 1909 ore
1009 1852 1412 1924 procedentem,
1434 1856 1613 1904 mente
1634 1846 1988 1912 consternati,

396 1959 558 2018 atque
597 1948 651 2003 in
695 1956 918 2016 stupore
964 1944 1127 2000 nimio
1156 1942 1437 2008 conversi,
1469 1955 1592 1996 cum
1620 1938 1791 1993 multa
1820 1936 1991 1990 admi-

396 2042 604 2096 ratione
626 2053 787 2108 quem
808 2051 1119 2107 expugnare
1147 2045 1272 2089 ante
1294 2041 1556 2088 venerant
1577 2028 1987 2095 collaudabant;

398 2147 521 2188 nam
566 2138 769 2185 tantam
807 2130 1036 2199 gratiam
1084 2128 1138 2182 in
1176 2127 1290 2183 suis
1334 2124 1490 2179 labiis
1518 2138 1585 2178 eo
1613 2122 1700 2178 die
1729 2120 1991 2175 Dominus

396 2222 645 2277 co..ferre
672 2221 919 2290 dignatus
946 2228 1068 2286 est,
1118 2224 1176 2271 nt
1227 2230 1499 2285 nunquam
1546 2228 1670 2269 eum
1709 2213 1989 2283 quisquam

399 2312 591 2367 viderit
638 2312 786 2382 prius
823 2318 933 2364 tam
982 2308 1131 2365 claro
1177 2306 1394 2375 eloquio
1441 2303 1752 2364 facundum,
1784 2310 1841 2357 et
1869 2300 1993 2356 licet

397 2419 612 2474 semper
630 2401 879 2458 docuerit
902 2416 997 2455 ore
1021 2397 1269 2460 facundo,
1298 2406 1424 2451 tunc
1449 2405 1628 2450 tamen
1650 2408 1759 2463 pra:
1782 2391 1993 2448 creterfs

398 2496 584 2551 diebus
607 2492 947 2564 eloquentior
973 2490 1203 2556 exstitit,
1233 2495 1359 2543 tunc
1384 2487 1527 2542 enim
1556 2483 1805 2541 viderunt
1834 2481 2021 2547 recti,’

399 2597 453 2642 et
485 2586 644 2642 lmtati
672 2591 821 2651 sunt,
844 2592 902 2639 et
930 2582 1105 2639 onmis
1134 2579 1386 2649 iniquitas
1434 2574 1705 2632 obturavit
1749 2589 1810 2628 os
1837 2588 1991 2628 suum

401 2676 636 2748 (l’salm.
678 2691 804 2743 ενι,
835 2674 979 2744 4'2);
1013 2671 1266 2741 quoniam
1313 2667 1581 2724 obstruxit
1629 2665 1888 2720 Dominus
1931 2678 1992 2718 os

317 2788 323 2793 '
399 2768 734 2837 loquentium
786 2766 967 2835 iniqua
1018 2762 1263 2834 (Psalm.
1296 2776 1440 2827 tht,
1471 2757 1596 2824 12).
1642 2754 1833 2811 Cuncti
1861 2769 1992 2825 ergo

399 2857 583 2915 fideles
611 2860 961 2914 vehementer
1002 2854 1250 2910 admirati
1299 2861 1421 2908 sunt
1439 2893 1456 2919 ,
1484 2848 1609 2921 quia
1635 2849 1880 2917 quamvis
1910 2848 1992 2903 vi-

402 2967 518 3007 rum
544 2952 684 3007 hunc
705 2959 863 3005 antea
887 2948 1161 3003 novissent
1182 2942 1697 3013 eloquentissimum,
1730 2954 1993 3009 nusquam

403 3055 581 3102 tamen
612 3053 719 3100 tam
741 3042 1064 3099 scholastice
1089 3053 1375 3104 sermone,
1399 3044 1507 3090 tam
1538 3034 1707 3089 nitido
1726 3074 1743 3102 ,
1775 3040 1995 3102 tamque

2092 1861 2263 1915 virum
2302 1858 2518 1913 beatum
2548 1856 2648 1913 sub
2676 1857 2823 1912 omni
2849 1857 3129 1912 celeritate
3152 1856 3179 1894 δ
3206 1858 3274 1912 ad
3305 1859 3488 1915 urbem
3518 1860 3681 1918 Tole-

2094 1962 2296 2014 tanam,
2328 1951 2381 2005 in
2411 1965 2517 2020 qua
2545 1964 2638 2005 rex
2663 1957 2800 2016 erat,
2831 1964 3127 2020 preperare
3152 1951 3483 2022 compellunt
3507 1970 3523 2006 :
3553 1954 3682 2010 hinc

2089 2056 2211 2096 cum
2255 2039 2431 2094 subito
2477 2039 2846 2095 sanctissimus
2868 2039 2969 2101 vir,
3004 2037 3253 2094 Massona
3297 2022 3617 2112 episcopus,
3645 2034 3683 2103 ὁ

2090 2131 2295 2200 gremio
2325 2137 2509 2198 raptus
2539 2126 2786 2183 Ecclesiae
2816 2128 3115 2196 tolleretur,
3145 2137 3201 2185 et
3232 2130 3497 2188 indemnis
3521 2136 3681 2203 quasi

2090 2236 2215 2277 reus
2243 2220 2310 2275 ad
2338 2219 2585 2276 exsilium
2614 2219 2918 2284 duceretur,
2952 2220 3191 2275 omnium
3231 2222 3424 2277 civium
3473 2222 3677 2281 Emeri-

2091 2311 2322 2365 tensium
2352 2325 2456 2365 vox
2497 2308 2697 2378 cjulatu
2746 2323 2941 2378 magno
2977 2325 3100 2364 cum
3131 2310 3554 2371 intolerabilibus
3598 2315 3681 2370 la-

2091 2403 2290 2473 crymis
2315 2401 2706 2472 perstrepebat,
2746 2400 2879 2455 tanti
2924 2402 3133 2471 patroni
3178 2403 3427 2474 abrogari
3456 2407 3556 2461 sibi
3587 2423 3677 2463 re-

2092 2493 2290 2559 media,
2318 2493 2592 2548 immensis
2635 2492 2944 2561 gemitibus,
2983 2494 3364 2565 immensisque
3391 2498 3682 2557 ululatibus

2091 2582 2532 2652 proclamabant,
2581 2583 2666 2638 bis
2730 2583 2981 2639 nimirum
3030 2585 3251 2640 vocibus
3300 2587 3676 2646 clamitantes:

2092 2670 2201 2726 Cur
2229 2670 2370 2727 ovile
2406 2678 2576 2734 tuum,
2610 2671 2696 2741 pie
2724 2670 2928 2730 deseris
2956 2671 3151 2729 Pater?
3178 2691 3276 2732 cur
3292 2690 3508 2746 gregem
3537 2682 3681 2750 peri-

2096 2772 2271 2819 turum
2320 2764 2619 2833 relinquis?
2666 2780 2842 2835 neque
2894 2766 3143 2836 luporum
3197 2784 3296 2825 nos
3337 2770 3391 2824 in
3436 2770 3681 2828 faucibus

2096 2853 2302 2919 mittas,
2346 2869 2414 2908 ne
2439 2868 2569 2909 oves
2595 2861 2722 2922 tum,
2749 2854 3008 2912 hactenus
3034 2858 3305 2914 nectareis
3346 2857 3566 2932 ﬂoribus
3594 2877 3681 2916 re-

2096 2941 2283 3010 fecttc,
2320 2944 2636 3000 mortalibus
2679 2945 2931 3002 dentibus
2957 2962 2988 3001 a
3027 2949 3368 3007 mordacibus
3414 2952 3679 3010 lanientur

2097 3035 2273 3106 lupis?
2302 3034 2460 3089 nimis
2507 3043 2832 3105 procurante
2876 3035 3150 3106 pontifice,
3191 3047 3319 3095 tunc
3366 3040 3471 3097 ille!
3501 3053 3681 3099 motus

403 3135 655 3197 dulciﬂuo
708 3133 925 3202 eloqu30
977 3128 1460 3187 reminisceballlul‘
1510 3124 1673 3179 fuisse
1728 3123 1988 3183 locutum.
2019 3127 2064 3188 C
2098 3135 2178 3181 tot
2205 3120 2435 3193 ﬂetibus,
2467 3133 2525 3180 ut
2551 3141 2764 3197 semper
2807 3128 2860 3182 in
2889 3126 3117 3185 Domino
3144 3130 3359 3200 pietatis
3387 3132 3680 3189 visceribus

404 3226 555 3282 Tunc
591 3226 835 3297 protinus
860 3238 1048 3279 omnes
1074 3219 1361 3278 orthodoxi
1391 3232 1688 3285 omnesque
1718 3215 1994 3283 catholici,

406 3318 688 3389 prostratis
716 3316 1091 3386 superatisque
1129 3312 1405 3374 hostibus,
1447 3310 1499 3364 in
1540 3309 1784 3363 laudibus
1821 3307 1993 3362 accla-

409 3416 729 3471 tnavcrunt,
777 3406 1057 3461 dicentes:
1094 3405 1219 3471 Quis
1266 3402 1452 3455 similis
1500 3401 1573 3454 tui
1615 3400 1669 3453 in
1714 3399 1845 3463 diis,
1891 3399 1997 3454 Do-

407 3501 584 3557 mine?
611 3501 725 3572 quis
773 3498 959 3554 similis
1006 3497 1132 3550 tibi?
1170 3505 1221 3550 et
1266 3511 1370 3549 non
1416 3502 1493 3548 est
1521 3494 1797 3548 secundum
1843 3508 2000 3563 opera

410 3604 497 3646 tua
545 3590 777 3662 (l’salm.
811 3605 1009 3651 Lxxxv,
1042 3586 1104 3653 6;
1135 3602 1271 3655 Lxx,
1302 3585 1399 3651 19;
1432 3601 1643 3651 Lxxxu,
1668 3583 1754 3655 2).
1800 3583 2003 3639 Deinde

407 3682 474 3737 ad
520 3681 794 3736 basilicam
841 3678 1088 3748 gloriosa:
1116 3678 1333 3746 virginis
1364 3674 1601 3740 Eulalim,
1636 3689 1737 3729 una
1777 3689 1897 3729 cum
1921 3674 2000 3729 vi-

407 3784 557 3830 ctore
595 3774 837 3828 antistite
867 3770 1116 3827 Massoua
1152 3768 1479 3825 unanimiter
1522 3774 1912 3838 perrexerunt,
1947 3766 2000 3820 in

394 3852 503 3920 ‘Dei
534 3865 784 3920 nimirum
826 3861 1071 3916 laudibus
1099 3860 1432 3914 exsultantes
1461 3866 1747 3925 venerunt,
1777 3856 2001 3911 immen-

333 3971 343 3980 ·
409 3957 591 4024 sisque
624 3952 927 4022 fragoribus
951 3950 1243 4020 jubilantes
1279 3947 1698 4003 sacratissimum
1723 3946 1839 4016 ejus
1867 3954 2004 4002 tem-

412 4045 560 4116 plum
612 4044 966 4109 introierunt,
1009 4039 1244 4095 inﬁnitas
1269 4037 1466 4108 gratias
1506 4036 1617 4093 Deo
1646 4037 2003 4107 omnipotenti

412 4136 663 4200 retulere,
688 4135 778 4203 qui
808 4144 1007 4190 sancta:
1035 4147 1145 4187 suae
1176 4129 1398 4200 virginis
1419 4130 1668 4201 precibus
1694 4128 1745 4183 in
1774 4128 2003 4184 sublime

413 4237 662 4283 erexerat
699 4224 947 4289 famulos,
974 4232 1031 4280 et
1057 4222 1126 4278 ad
1148 4221 1377 4277 nihilum
1405 4235 1532 4277 suos
1573 4219 1859 4289 redegerat
1899 4220 2001 4275 ini-

402 4320 608 4377 micos.
654 4364 659 4371 .

1011 4405 1240 4465 CAPUT
1290 4404 1400 4461 XII.

2096 3215 2381 3285 inﬂuebat,
2435 3218 2762 3289 lacrymasse
2815 3219 3155 3289 perhibetur;
3203 3222 3396 3279 deinde
3444 3225 3687 3293 plurimis

2097 3323 2193 3363 eos
2230 3308 2507 3377 alloquens
2549 3309 2764 3373 verbis,
2804 3310 2939 3366 mira
2967 3312 3259 3368 subtilitate
3285 3312 3555 3369 consolari
3601 3316 3685 3371 di-

2096 3406 2290 3469 gnatus
2332 3407 2445 3465 est;
2495 3407 2616 3469 post
2645 3399 2760 3456 haec
2780 3401 3102 3459 valelaciens
3130 3404 3360 3469 cunctis,
3388 3406 3684 3463 comitante

2098 3489 2200 3546 sibi
2228 3488 2481 3559 sull‘ragio
2511 3490 2714 3557 divino,
2752 3491 3024 3562 profectus
3048 3502 3134 3550 est
3164 3495 3450 3565 tranquilla
3478 3506 3685 3567 mente,

2101 3581 2370 3637 constanti
2408 3580 2607 3645 animo,
2636 3582 2793 3637 hilari
2814 3584 2984 3648 vultu,
3008 3593 3066 3639 ut
3092 3599 3306 3657 semper
3331 3587 3523 3643 solitus
3541 3596 3684 3645 erat.

2100 3671 2345 3743 Cumque
2365 3674 2700 3743 pervenisset
2724 3674 2791 3729 ad
2811 3675 3082 3731 civitatem
3100 3675 3435 3743 Toletanam,
3452 3686 3507 3734 et
3534 3686 3685 3735 atro.

2103 3764 2302 3820 cissimi
2334 3765 2543 3836 tyranni
2571 3767 2947 3836 conspectibus
2983 3769 3261 3834 astitisset,
3289 3771 3534 3840 plurimis
3560 3789 3685 3833 eum

2101 3871 2200 3912 rex
2226 3855 2492 3913 lacessens
2513 3858 2790 3925 conviciis,
2807 3859 3096 3929 multisque
3122 3863 3417 3918 terroribus
3442 3864 3686 3934 pulsans,

2103 3947 2170 4002 ad
2198 3947 2445 4004 haeresim
2469 3948 2724 4005 Arianam
2762 3952 2909 4007 omni
2937 3951 3133 4008 adnixu
3171 3970 3347 4025 prava:
3375 3956 3691 4015 intentionis

2103 4040 2419 4108 pertrahere
2467 4042 2754 4111 cupiebat:
2786 4042 2882 4098 sed
2930 4059 3052 4100 cum
3089 4045 3171 4100 vir
3219 4045 3316 4102 Dei
3357 4063 3547 4104 omnes
3586 4051 3688 4107 sibi

2102 4131 2276 4185 illatas
2322 4133 2677 4189 contumelias
2720 4133 2951 4190 libenter
2996 4137 3271 4204 toleraret,
3300 4140 3465 4210 erepit
3507 4150 3688 4198 tamen

2102 4220 2357 4277 adversus
2377 4238 2460 4290 ea,
2489 4238 2611 4294 quae
2634 4224 2850 4281 rabidus
2876 4226 3025 4282 canis
3049 4227 3374 4295 oblatrabat,
3399 4245 3521 4285 cum
3539 4232 3687 4288 omni

2102 4314 2513 4369 mansuetudine
2561 4317 2935 4373 incunctanter
2972 4319 3336 4389 reSpondere,
3380 4329 3438 4376 et
3474 4323 3687 4382 omissis

2103 4404 2334 4475 propriis
2363 4406 2718 4469 contumeliis.
2742 4423 2842 4479 pro
2871 4407 3077 4479 injuriis
3097 4409 3378 4467 catholica:
3399 4411 3522 4469 lidei
3551 4431 3688 4471 cou-

419 4502 665 4558 Massona
695 4502 926 4558 Toletum
961 4519 993 4555 a
1019 4520 1138 4574 rege
1165 4509 1394 4565 vocatur,
1426 4514 1670 4553 recusans
1711 4498 1837 4552 dare
1867 4497 1999 4551 tuni-
2031 4490 2079 4551 D
2105 4494 2315 4563 dolens,
2347 4495 2470 4577 ipsi,
2495 4502 2722 4568 tyranno
2761 4498 3038 4555 audaciter
3074 4500 3346 4569 resistere,
3375 4504 3528 4574 cujus
3553 4520 3688 4562 con-

488 4612 605 4650 cam
647 4605 841 4650 sancire
871 4593 1129 4662 Eulalia,
1170 4594 1225 4647 in
1276 4592 1517 4648 exsilium
1562 4591 1768 4656 missus,
1816 4605 1999 4662 equum

492 4688 714 4757 [erucem
743 4685 942 4743 demat.

488 4797 654 4867 Igitur
709 4794 1050 4866 supradictus
1107 4793 1393 4850 haereticus
1443 4794 1662 4862 Sunna,
1708 4793 2004 4864 quamlibet

417 4888 562 4943 omni
593 4882 802 4941 ratione
826 4892 879 4940 et
899 4882 1127 4939 veritate
1150 4881 1313 4937 fuerit
1331 4884 1634 4952 convictus,
1658 4884 2003 4953 pertinaciter

433 4978 487 5035 in
517 4978 671 5034 tidem
715 4973 994 5049 pristinam
1044 4971 1386 5043 perduravit,
1419 4987 1521 5027 nec
1564 4980 1775 5041 poterat
1821 4972 2004 5027 liberis

416 5064 692 5134 gressibus
720 5064 785 5119 ad
825 5072 1038 5135 portum
1089 5075 1380 5130 preperare
1431 5059 1654 5125 salutis,
1706 5060 1858 5128 cujus
1911 5074 2006 5115 cor

419 5155 690 5228 lapideum
719 5153 882 5208 instar
902 5150 1195 5207 Pharaonis
1215 5150 1485 5220 antiquus.
1509 5148 1850 5218 permittente
1873 5148 2004 5215 Deo,

495 5331 523 5363 ⁸
561 5325 939 5382 Hiereticorum
963 5323 1149 5380 Sunna
1176 5324 1402 5393 episcop.
1443 5323 1589 5392 prius
1617 5321 1758 5393 loqui
1791 5336 2006 5393 exorans

423 5406 530 5459 est,
563 5406 671 5452 etc.
703 5394 881 5451 Habes
913 5396 1018 5460 hic,
1047 5395 1133 5465 pie
1166 5391 1383 5465 Lector,
1415 5391 1723 5465 graphiram
1755 5391 2007 5446 catholici

426 5476 482 5520 et
507 5468 735 5523 haeretici
766 5466 983 5537 spiritus
1008 5460 1450 5537 descriptionem.
1482 5460 1550 5537 Ut
1568 5462 1767 5517 veritas
1795 5475 2010 5529 semper

429 5551 547 5607 una,
566 5533 859 5607 eademque
887 5533 1210 5607 celebratur,
1239 5534 1317 5607 sic
1345 5533 1565 5607 haeresis
1594 5546 1865 5607 nunquam
1898 5546 2009 5586 suae

429 5605 643 5675 malitim
686 5600 923 5662 colorem
968 5606 1214 5660 mutavit.
1267 5601 1649 5675 Intemperiem
1711 5600 2007 5675 etfastum

431 5673 546 5728 falsi
583 5676 691 5744 oris
736 5676 825 5730 h‘c
868 5677 1057 5744 vides,
1109 5672 1522 5744 temperantiam
1577 5683 1634 5744 et
1679 5672 2006 5744 soliditatem

431 5743 716 5799 Christiani
743 5747 977 5812 pectoris
1007 5742 1406 5815 cuntemplaris.
1437 5742 1580 5810 Quot
1605 5743 1748 5798 inter
1776 5743 2008 5799 catholi-

2106 4587 2303 4642 stantia
2339 4588 2509 4657 magis
2553 4588 2829 4660 magisque
2866 4600 3142 4661 permotus
3171 4592 3539 4650 insanissimus
3563 4610 3689 4663 rex,

2108 4679 2278 4734 multo
2305 4679 2473 4749 magis
2511 4679 2675 4749 erepit
2708 4679 2899 4735 rabido
2926 4694 3023 4735 ore
3057 4681 3412 4739 rabidioribus
3436 4685 3691 4741 adversus

2108 4770 2201 4827 Dei
2222 4770 2480 4826 famulum
2500 4770 2785 4827 infremere
2809 4771 3115 4839 latratibus;
3142 4772 3354 4840 deinde,
3378 4784 3436 4830 ut
3458 4778 3692 4833 tunicam

2111 4864 2458 4920 sanetis:im:e
2503 4864 2719 4933 virginis
2766 4862 2988 4920 Eulaliae
3032 4875 3605 4938 praesentaret,quam
3637 4869 3691 4923 in

2109 4954 2382 5010 basilicam
2409 4955 2620 5010 Arianae
2659 4942 2937 5025 pravitatis
2966 4954 3160 5011 ibidem
3192 4956 3246 5010 in
3274 4956 3463 5011 Toleto
3491 4958 3694 5014 habere

2108 5044 2356 5113 deberet,
2402 5046 2567 5116 erepit
2610 5045 2768 5100 minis
2816 5045 3219 5116 terroribusque
3266 5044 3561 5117 impellere.
3610 5046 3693 5102 Ad

2111 5138 2226 5193 lucc
2245 5138 2325 5193 vir
2352 5137 2447 5194 Dei
2476 5137 2788 5205 reSpoudit:
2822 5135 3166 5208 Compertum
3195 5137 3289 5192 tibi
3317 5145 3417 5204 est,
3446 5138 3570 5207 quia
3598 5153 3695 5193 cor

2115 5336 2211 5377 eos
2237 5328 2294 5375 et
2329 5319 2613 5389 hrereticos
2640 5332 2968 5389 congressus
3005 5316 3133 5372 olim
3151 5324 3230 5389 _et
3259 5329 3423 5389 nunc
3445 5314 3694 5389 legimus,

2112 5400 2223 5445 tant
2265 5390 2467 5445 similes
2522 5384 2851 5443 admiramur
2914 5401 3077 5456 quam
3136 5387 3234 5443 lac
3298 5384 3465 5452 lacti;
3510 5387 3694 5456 itaque

2112 5461 2374 5529 exemplis
2405 5459 2752 5529 supersedeo.
2806 5494 2813 5503 .

2183 5529 2209 5568 ιτ
2249 5523 2330 5583 Ad
2357 5523 2532 5584 urbem
2569 5527 2890 5583 Toletanam.
2924 5526 3000 5581 De
3036 5527 3208 5581 accitu
3237 5526 3294 5581 S.
3337 5524 3596 5579 Massona:
3623 5523 3693 5579 ad

2112 5616 2231 5656 eam
2262 5600 2449 5656 Moral.
2478 5617 2582 5663 xu,
2613 5613 2733 5668 cap.
2757 5598 2819 5664 6,
2851 5607 2907 5651 et
2932 5595 3120 5651 Padill.
3155 5596 3416 5668 Cen‘t.‘v1,
3445 5610 3566 5668 cap.
3595 5592 3690 5668 68.

2112 5672 2321 5798 De_ilpsa
2346 5672 2479 5729 urbe
2497 5687 2597 5728 nos
2621 5665 3015 5740 copiosissime,
3040 5668 3129 5724 lib.
3156 5667 3224 5724 de
3246 5665 3365 5724 Tol.
3394 5668 3512 5722 urb.
3540 5666 3689 5719 Anti-

2113 5761 2201 5812 qm
2233 5782 2247 5798 .
