3976 6178
282 393 373 446 li!)

885 501 1112 559 CAPUT
1154 503 1285 559 XIV.

281 616 603 689 Lcocigildus
644 634 735 671 rex
763 634 1029 685 percussus
1050 635 1081 670 a
1108 627 1288 670 sancta
1324 615 1530 670 Eulalia
1565 615 1867 671 Massonam

660 708 881 759 restituit
904 707 1131 760 ecclesia:
1156 704 1489 759 Emeritensi.

351 820 481 873 Post
528 819 734 888 aliquot
781 834 909 873 vero
955 819 1069 873 dies
1117 833 1239 873 cum
1285 818 1335 871 in
1382 817 1653 871 basilicam
1702 816 1867 887 ipsius

280 909 592 963 monasterii
635 910 806 975 gratia
852 908 1110 963 orationis
1155 908 1434 969 intrasset,
1484 908 1665 962 subito
1705 923 1868 977 super

282 1004 451 1054 altare
500 998 744 1068 ejusdem
793 1008 995 1054 sanctae
1034 998 1265 1053 basilice
1310 998 1669 1054 sacratissima
1716 998 1867 1065 virgo

284 1093 489 1145 Eulalia
523 1093 572 1145 in
605 1091 867 1145 columba:
909 1090 1090 1160 specie
1136 1090 1275 1144 nivei
1313 1090 1561 1146 candoris
1589 1091 1864 1159 apparuit,

281 1197 518 1251 cumque
553 1180 748 1235 blande
773 1180 1054 1249 alloquens
1082 1180 1291 1249 (utpote
1323 1181 1560 1249 piissima
1602 1178 1863 1248 domina),

282 1270 654 1325 ﬁdelissimum
701 1270 916 1338 dignata
966 1276 1049 1323 est
1095 1269 1362 1325 consolari
1401 1284 1643 1335 servum;
1675 1269 1869 1324 deinde

280 1363 353 1415 ait
378 1362 447 1416 ad
474 1376 599 1415 eum
628 1379 640 1414 :
672 1359 810 1416 Ecce
835 1361 946 1430 jam
970 1368 1181 1430 tempus
1210 1368 1291 1414 est
1312 1359 1398 1427 utf,
1426 1359 1491 1413 ad
1514 1370 1659 1414 tuam
1686 1374 1864 1428 regre-

280 1452 436 1505 diens
484 1435 792 1512 civitaiem,
849 1450 1132 1519 pristinum
1180 1449 1309 1503 mihi
1361 1449 1560 1503 debeas
1611 1449 1867 1503 exhibere

278 1560 303 1598 ε
341 1543 593 1605 rvitium;
624 1552 681 1597 et
704 1544 817 1597 haec
840 1542 1021 1597 dicens
1045 1540 1210 1597 alacri
1239 1540 1418 1595 volatu
1462 1540 1529 1594 ab
1567 1540 1736 1595 oculis
1757 1540 1868 1595 suis

279 1634 525 1687 evanuit.
554 1633 645 1687 Vir
669 1634 849 1701 itaque
878 1630 992 1696 Dei,
1024 1632 1148 1687 licet
1177 1638 1338 1685 tanta:
1358 1631 1575 1686 visionis
1602 1639 1869 1699 tantaeque

278 1722 671 1778 consolationis
697 1721 868 1791 gratia
903 1721 1231 1787 exsultaret,
1264 1718 1392 1774 ﬂere
1420 1721 1642 1774 nimium
1666 1721 1829 1790 coepit
1850 1758 1866 1784 ,

276 1813 426 1884 quod
483 1814 722 1883 quietem
779 1811 1109 1881 paupertatis
1155 1820 1210 1866 et
1262 1812 1709 1881 peregrinationis
1760 1828 1869 1866 suae

1314 390 1399 445 DE
1440 390 1597 447 VITA
1639 390 1914 446 PATRUM
1956 384 2489 445 EMERITENSIUM.

1891 499 1945 559 Δ

3460 400 3555 457 150

2560 504 2785 562 CAPUT
2825 506 2937 561 XV.

1973 613 2019 667 1"
2021 616 2222 688 ugiente
2251 617 2456 690 Nepopi
2498 622 2948 693 preudoepiscopo,
2974 624 3222 682 Matrona
3249 644 3329 683 res
3360 628 3551 685 Eccle—

2557 713 2648 765 siw
2676 724 2961 781 recuperat.

2040 815 2241 873 Dehinc
2269 834 2389 873 cum
2419 820 2655 875 maximo
2679 822 2939 878 comitatu
2965 824 3032 879 de
3054 825 3172 882 loco
3201 844 3308 897 quo
3337 831 3546 901 relega-

1970 916 2056 963 tus
2108 908 2281 965 fuerat
2333 911 2401 966 ad
2451 911 2839 969 Emeritensem
2890 916 3074 972 urbem
3131 934 3378 978 reversus
3424 935 3546 991 est;

1968 999 2119 1069 cujus
2166 1001 2292 1057 dum
2342 1018 2642 1073 regressum
2694 1007 2962 1078 Nepopis,
3016 1011 3109 1079 qui
3156 1013 3328 1068 eidem
3378 1014 3551 1072 fuerat

1969 1091 2317 1160 subrogatus,
2351 1095 2669 1161 audivisset,
2706 1105 2912 1153 terrore
2951 1100 3133 1155 divino
3162 1103 3339 1159 subito
3368 1115 3541 1161 exter-

1969 1181 2101 1234 ritus
2124 1180 2191 1234 ad
2218 1182 2486 1252 propriam
2515 1186 2735 1251 urbem,
2769 1188 2821 1241 in
2877 1204 2979 1257 qua
3017 1198 3174 1246 antea
3211 1190 3383 1247 fuerat
3410 1196 3547 1264 epis.

1970 1284 2153 1337 copus,
2187 1269 2372 1340 fugere
2414 1274 2715 1340 nitebatur,
2761 1277 2910 1345 prius
2940 1285 3117 1333 tamen
3144 1295 3305 1348 quam
3335 1283 3547 1348 abiret,

1971 1366 2248 1424 argentum
2275 1360 2552 1429 copiosum
2577 1400 2592 1426 ,
2618 1371 2673 1417 et
2697 1375 3012 1421 ornamenta
3040 1367 3285 1437 insignia,
3318 1378 3373 1425 et
3400 1386 3548 1441 qure-

1970 1464 2074 1517 que
2121 1450 2340 1505 meliora
2377 1452 2506 1507 vidit
2534 1453 2588 1507 in
2627 1454 2943 1511 Emeritensi
2984 1460 3211 1515 ecclesia
3234 1501 3249 1525 ,
3299 1462 3550 1531 plaustris

1972 1539 2211 1607 plurimis
2236 1542 2470 1597 oneratis
2512 1559 2608 1613 per
2648 1544 2890 1601 homines
2921 1547 3266 1605 Emeritensis
3294 1551 3549 1609 Ecclesiae

1972 1629 2109 1683 clam
2157 1639 2420 1687 nocturno
2468 1640 2712 1704 tempore
2748 1634 2813 1689 ad
2850 1652 3000 1691 suam
3034 1639 3304 1695 civitatem
3333 1640 3547 1697 fraudu-

1973 1720 2146 1775 lenter
2191 1721 2442 1788 immisit;
2472 1724 2585 1793 ipse
2612 1725 2863 1782 videlicet
2909 1728 3141 1799 Nepopis
3170 1731 3451 1787 infeliciter
3478 1734 3546 1787 ab

1976 1811 2119 1864 omni
2140 1811 2287 1866 clero
2308 1812 2390 1867 vel
2409 1814 2608 1883 populo
2631 1815 2814 1885 pulsus
2834 1817 2900 1872 ab
2923 1816 3157 1873 Emerita
3181 1820 3249 1875 ad
3276 1822 3547 1876 civitatem

278 1881 561 1969 amittens,
585 1904 651 1958 ad
670 1905 906 1958 turbines
927 1913 982 1958 et
1010 1902 1275 1973 procellas
1297 1902 1598 1958 mundiales
1627 1913 1869 1958 reverte-
1903 1881 1948 1939 Β
1976 1915 2129 1956 suam
2157 1900 2383 1959 festinus
2411 1881 2676 1973 porrexit,
2708 1921 2771 1961 ac
2796 1922 2863 1963 ne
2899 1923 3020 1963 eum
3058 1910 3138 1963 vir
3172 1910 3266 1965 Dei
3306 1911 3549 1966 Massona

278 2009 461 2061 retur,
497 2014 603 2051 non
632 1997 706 2051 illi
733 1997 931 2067 quippe
957 1995 1263 2064 ambiguum
1293 1974 1491 2049 erat/id
1520 1994 1662 2064 quod
1687 1996 1872 2050 aurlie-

276 2078 369 2143 rat
400 2087 684 2142 confestim
712 2101 833 2142 e'se
861 2085 1286 2156 adimplendum;
1318 2093 1447 2141 tunc
1492 2085 1683 2141 deinde
1726 2087 1870 2140 nulla

282 2180 685 2233 intercurrente
713 2191 887 2239 mora,
912 2185 934 2212 ⁸
964 2176 1182 2245 prmfata
1205 2176 1435 2245 gloriosa
1466 2176 1617 2245 virgo
1646 2176 1867 2244 injurias

279 2269 429 2323 servi
490 2271 571 2322 sui
623 2269 959 2324 severissima
1011 2267 1300 2322 vindicavit
1350 2266 1575 2322 ultione.
1632 2267 1872 2336 Denique

280 2369 450 2413 noete
491 2360 722 2427 quadam
768 2358 1045 2414 recubanli
1070 2359 1122 2412 in
1150 2358 1317 2413 strato
1345 2373 1444 2412 suo
1472 2358 1636 2426 impio
1677 2356 1871 2413 Leovi-

278 2450 432 2519 gildo
470 2459 699 2521 tyranno
742 2451 940 2516 astitit,
972 2452 1127 2518 eique
1171 2448 1350 2518 ﬂagris
1395 2449 1485 2503 diu
1536 2448 1761 2503 multum
1781 2462 1869 2515 jue

281 2553 517 2611 utraque
559 2543 727 2597 latera
773 2543 1093 2609 verberavit,
1124 2542 1307 2597 dicens
1337 2560 1351 2594 :
1384 2539 1567 2595 Redde
1595 2540 1725 2595 mihi
1747 2556 1874 2594 ser-

278 2654 411 2689 vum
442 2652 649 2701 meum,
680 2652 801 2690 nam
822 2676 836 2700 ,
862 2637 906 2691 si
938 2650 1141 2690 moram
1173 2634 1384 2695 feceris,
1406 2633 1541 2688 scito
1573 2643 1624 2687 te
1647 2633 1871 2687 acriori-

284 2728 390 2781 bus
418 2726 693 2795 suppliciis
729 2725 1075 2780 cruciandum
1108 2742 1121 2777 :
1164 2725 1236 2778 ita
1280 2723 1530 2778 nimirum
1574 2723 1871 2791 flagellatus

283 2824 375 2871 est
394 2818 558 2870 miser
576 2853 595 2882 ,
622 2824 682 2870 ut
706 2815 1114 2885 expergefactus
1140 2828 1261 2869 cum
1292 2810 1419 2867 ﬂetu
1446 2826 1640 2881 magno
1666 2812 1875 2866 cunctis

285 2906 391 2961 sibi
445 2906 819 2961 assistentibus
871 2914 949 2961 tot
998 2905 1176 2961 illatos
1229 2904 1463 2960 ostendit
1532 2904 1768 2966 livores,
1819 2911 1876 2958 et

285 2997 493 3051 idcirco
514 2996 791 3051 clamitans
816 3011 874 3051 se
904 2994 1064 3051 fuisse
1094 2995 1439 3065 ﬂagellatum,
1470 2994 1609 3064 quod
1648 2995 1875 3049 sanctis-

283 3084 427 3138 simo
455 3084 709 3153 episcOpo
750 3085 972 3153 injurias
1001 3085 1317 3154 irrogasset;
1362 3100 1487 3138 nam
1522 3084 1643 3152 quis
1676 3084 1725 3137 ei
1751 3099 1874 3136 vcr-

287 3175 421 3228 bera
446 3174 684 3228 intulerit
704 3216 720 3241 ,
762 3189 957 3228 nomen
985 3216 1001 3240 ,
1037 3173 1275 3228 habitum
1299 3213 1315 3239 ,
1344 3174 1628 3242 vultusque
1677 3188 1871 3227 venus-

1974 1993 2027 2048 in
2074 2009 2172 2049 sua
2217 1994 2456 2051 Ecclesia
2487 1996 2861 2064 inveniret,et
2889 2015 3012 2054 cum
3061 2002 3207 2056 omni
3256 2002 3547 2071 ignominia

1975 2085 2215 2153 pelleret,
2246 2090 2567 2155 quantocius
2595 2089 2776 2157 egredi
2819 2088 3108 2144 festinavit.
3134 2091 3375 2162 Cumque
3405 2095 3551 2163 prior

1974 2176 2087 2245 ipse
2114 2191 2236 2232 cum
2267 2178 2449 2246 paucis
2479 2178 2640 2233 sociis
2667 2177 2892 2248 fugeret.
2921 2189 3043 2250 post
3090 2182 3259 2250 ipsum
3283 2185 3459 2238 cuncti
3484 2185 3550 2238 ad

1974 2282 2099 2337 eum
2128 2268 2460 2336 pertinentes
2493 2270 2625 2325 urbe
2664 2270 3016 2338 ignominiose
3054 2275 3295 2342 egressi,
3323 2275 3549 2344 diSpcrai

1972 2359 2383 2429 conturbatique
2401 2402 2417 2427 ,
2447 2375 2511 2415 ac
2540 2376 2633 2430 per
2655 2362 2863 2417 diversa
2902 2364 3143 2433 palantes
3172 2367 3236 2420 ad
3280 2369 3548 2439 propriam

1976 2446 2266 2501 tendebant
2310 2448 2601 2503 civitatem.
2643 2450 2885 2520 Cumque
2931 2453 3045 2507 hazc
3072 2464 3384 2522 agerentur,
3419 2465 3549 2511 nutu

1976 2533 2067 2588 Dei
2116 2537 2427 2606 meritisque
2473 2547 2671 2593 sanctae
2716 2538 2936 2594 Eulalia:
2984 2543 3209 2611 contigit
3240 2543 3431 2599 eodem
3460 2546 3549 2600 die

1974 2626 2151 2681 subito
2178 2636 2421 2681 sanctum
2459 2628 2760 2684 Massonam
2800 2645 2921 2685 cum
2959 2629 3164 2685 inﬁnita
3211 2632 3551 2687 multitudine

1975 2734 2072 2788 per
2104 2719 2273 2789 ipsam
2298 2720 2437 2773 viam
2463 2720 2647 2790 egredi
2691 2721 2758 2775 ad
2801 2720 3090 2776 Emeritam
3137 2724 3409 2780 civitatem
3456 2740 3551 2795 per

1975 2824 2134 2877 quam
2177 2811 2413 2880 plaustra
2456 2813 2617 2868 rebus
2648 2812 2763 2883 ejus
2806 2822 2999 2869 onusta
3040 2816 3435 2885 properabant;
3466 2818 3549 2870 cui

1976 2900 2101 2954 dum
2132 2901 2185 2954 in
2216 2901 2331 2970 ipso
2351 2902 2542 2957 itinere
2573 2903 2713 2956 haud
2738 2905 2924 2973 procul
2951 2906 3019 2959 ab
3048 2906 3180 2960 urbe
3206 2907 3512 2960 obviassent
3535 2946 3549 2969 ,

1977 2991 2059 3045 vir
2085 3000 2302 3047 sanctus
2332 2993 2590 3049 sciscitari
2621 2995 2873 3063 prmcepit
2910 2994 3061 3062 cujus
3096 3004 3274 3050 essent
3309 2997 3551 3051 homines

1977 3083 2061 3135 vel
2088 3081 2344 3151 plaustra.
2364 3083 2432 3136 At
2451 3083 2525 3137 illi
2548 3093 2933 3152 cognoscentes
2948 3086 3221 3154 proprium
3246 3087 3550 3152 Dominum,

1978 3171 2172 3239 gaudio
2193 3185 2385 3239 magno
2406 3172 2595 3241 repleti
2619 3173 3012 3243 responderunt
3037 3194 3048 3228 :
3074 3174 3224 3230 Servi
3248 3176 3321 3231 tui
3337 3193 3550 3243 sumus,

286 3274 456 3317 tatem
485 3263 752 3333 sigillatim
784 3263 1008 3333 pandit;
1032 3272 1086 3318 et
1114 3266 1292 3320 omnia
1322 3264 1527 3334 magnis
1548 3280 1671 3319 cum
1696 3264 1868 3333 cjula-
1895 3244 1941 3306 ο
1978 3261 2213 3316 domine.
2245 3261 2392 3328 Quos
2428 3261 2517 3317 ille
2546 3262 2754 3327 denuo,
2784 3263 2908 3331 quid
2956 3264 3010 3318 in
3059 3265 3309 3333 plaustris
3349 3265 3551 3324 ferrent

286 3356 430 3408 tibus
451 3354 881 3427 manifestissime
900 3355 1227 3425 prepalavit;
1254 3355 1397 3409 illico
1420 3370 1651 3424 namque
1673 3355 1873 3409 veritus

286 3462 355 3501 ne
386 3446 412 3483 δ
442 3448 675 3512 graviori
703 3447 964 3516 supplicio
990 3447 1363 3515 mulctaretur,
1393 3456 1451 3502 ut
1471 3455 1586 3502 erat
1615 3448 1670 3501 in
1700 3449 1873 3502 omni-

287 3543 384 3592 bus
435 3540 598 3593 rebus
668 3538 950 3594 simulator
1016 3540 1317 3607 pessimus,
1395 3552 1458 3592 ac
1505 3536 1871 3593 dissimulator

286 3631 574 3684 facillimus
594 3668 610 3694 ,
641 3631 841 3698 pietate
862 3628 1107 3683 simulata
1138 3630 1390 3699 prmcepit
1418 3637 1473 3683 ut
1511 3630 1593 3686 vir
1632 3629 1747 3693 Dei,
1778 3630 1869 3697 qui

290 3719 488 3774 frustra
510 3719 687 3773 luerat
712 3736 742 3772 a
774 3720 991 3773 civitate
1007 3733 1103 3773 sua
1131 3727 1394 3786 remotus,
1418 3736 1602 3775 rursus
1620 3720 1688 3775 ad
1713 3735 1865 3774 suam

282 3811 569 3864 accederet
607 3809 894 3877 regendam
940 3807 1234 3864 Ecclesiam
1262 3851 1276 3875 ,
1326 3810 1416 3878 qui
1447 3810 1572 3864 dum
1600 3824 1662 3865 ea
1687 3850 1703 3874 ,
1748 3824 1868 3879 qua:

282 3905 502 3956 insanus
532 3919 622 3955 rex
652 3900 977 3970 postulabat,
1010 3900 1184 3955 minus
1212 3912 1473 3957 annueret
1498 3901 1867 3957 sanctissimus

280 3995 360 4046 vir
401 3994 679 4057 Massona,
726 4007 954 4062 seseque
1006 4008 1415 4061 permansurum
1457 3994 1547 4047 ubi
1597 3993 1867 4062 relegatus

280 4087 455 4141 fuerat
475 4094 746 4141 assereret
767 4103 782 4151 ;
808 4086 1108 4155 iterumque
1123 4085 1317 4140 oblatis
1335 4085 1581 4154 precibus
1598 4086 1864 4155 poposcit,

284 4189 338 4231 ut
382 4179 450 4230 ad
502 4192 657 4229 suam
706 4175 1017 4244 dignaretur
1064 4174 1559 4247 redirecivitatem
1620 4195 1633 4229 ε
1694 4176 1865 4244 pietas

278 4270 474 4336 quippe
501 4267 696 4320 sunnni
722 4265 813 4319 Dei
844 4266 1022 4323 statim
1052 4266 1319 4320 sincerum
1348 4275 1534 4335 pectus
1559 4267 1820 4321 emollivit
1845 4307 1858 4330 ,

280 4376 339 4413 ac
370 4358 747 4413 beveanentia
778 4358 995 4425 copiosa
1044 4358 1181 4410 viam
1209 4373 1307 4412 suo
1339 4357 1537 4412 famulo
1565 4358 1775 4427 aperuit
1806 4367 1862 4411 ut

279 4449 669 4516 regrederetur.
695 4447 828 4501 Cum
860 4462 987 4501 vero
1014 4447 1121 4501 Dco
1145 4446 1256 4515 jam
1285 4449 1579 4517 opitulante
1609 4450 1863 4518 regrede-

279 4550 442 4601 retur,
473 4537 725 4609 precibns
746 4538 1162 4605 muneribusque
1192 4554 1314 4592 eum
1350 4540 1638 4608 propitium
1665 4540 1857 4595 crude-

1976 3353 2322 3420 interrogavit
2346 3369 2362 3419 ;
2388 3353 2461 3406 illi
2491 3352 2942 3408 autemdixerunt
2967 3372 2979 3407 :
3014 3354 3117 3409 Res
3138 3364 3339 3410 sancta:
3367 3356 3551 3413 Eccle-

1974 3445 2066 3498 siae
2088 3452 2143 3498 et
2172 3454 2322 3509 tuas,
2349 3459 2483 3513 quas
2526 3444 2734 3499 hostilis
2778 3446 2962 3515 praido
2993 3445 3225 3517 Nepopis
3255 3448 3513 3517 prazdavit
3532 3493 3549 3515 ,

1975 3534 2227 3603 portavit,
2276 3543 2332 3588 et
2378 3534 2476 3602 ipsi
2516 3534 2755 3590 infelices
2784 3536 2837 3589 in
2873 3537 3240 3605 captivitatem
3282 3540 3551 3608 pergimus

1972 3625 2205 3693 separati
2244 3638 2275 3677 a
2307 3624 2465 3677 rebus
2489 3663 2505 3689 ,
2549 3632 2606 3677 et
2654 3624 2806 3689 liliis,
2855 3625 3161 3694 nostrisque
3201 3628 3489 3693 uxoribus,
3521 3642 3550 3683 θ

1974 3714 2145 3784 patria
2170 3755 2184 3779 ,
2214 3713 2267 3768 in
2296 3730 2398 3783 qua
2431 3716 2537 3767 nati
2568 3729 2788 3782 sumus,
2829 3715 3057 3785 expulsi.
3104 3714 3257 3782 Quod
3301 3732 3421 3772 cum
3470 3719 3549 3773 vir

1974 3806 2185 3860 Domini
2213 3805 2522 3869 audivisset,
2556 3819 2749 3873 magno
2774 3805 2968 3874 gaudio
2997 3806 3235 3876 repletus
3261 3808 3333 3861 ait
3366 3826 3379 3861 :
3408 3806 3546 3862 Gra-

1970 3897 2071 3949 tias
2099 3896 2224 3959 tibi,
2250 3890 2473 3949 Domine
2500 3893 2627 3949 Jesu
2656 3894 2797 3949 bone
2820 3934 2835 3961 ,
2864 3895 3040 3951 refero
3058 3937 3072 3961 ,
3105 3897 3228 3965 quia
3257 3912 3447 3966 magna
3471 3908 3549 3954 est

1969 3984 2254 4039 multitudo
2280 3984 2579 4040 dulcedinis
2608 3993 2729 4049 ture,
2755 3985 2846 4054 qui
2874 3995 3074 4040 tantam
3100 3987 3153 4042 in
3175 3988 3422 4042 omnibus
3453 4004 3550 4058 pro

1971 4077 2095 4141 tuis,
2124 4077 2250 4130 licet
2276 4076 2525 4144 indignis,
2555 4077 2725 4131 servis
2751 4092 2933 4133 curam
2964 4093 3150 4148 gerere
3176 4080 3425 4147 dignatus
3454 4096 3545 4145 es;

1968 4174 2023 4219 et
2052 4174 2108 4219 ut
2138 4181 2235 4220 nos
2264 4165 2331 4219 ab
2355 4166 2603 4222 omnibus
2630 4166 2784 4219 malis
2812 4174 3025 4235 ereptos
3043 4182 3300 4238 prospere
3327 4169 3547 4222 reduce-

1968 4270 2070 4320 res,
2103 4263 2159 4308 et
2184 4270 2271 4309 res
2301 4263 2417 4309 tuas
2436 4254 2623 4309 ditioni
2652 4255 2987 4309 inimicorum
3026 4256 3244 4310 minime
3283 4257 3539 4312 traderes.

1967 4348 2032 4400 Et
2078 4348 2189 4402 haec
2226 4347 2433 4413 dicens,
2466 4355 2688 4401 cunctos
2715 4347 2780 4400 ad
2804 4346 3073 4401 civitatem
3112 4362 3261 4401 suam
3292 4363 3547 4403 revocare

1968 4438 2258 4509 praecepit,
2286 4453 2349 4492 ac
2377 4438 2454 4491 sic
2481 4452 2600 4491 cum
2646 4436 2908 4489 immenso
2952 4435 3147 4503 gaudio
3192 4437 3547 4504 gaudentibus

1966 4532 2173 4587 cunctis
2201 4529 2267 4583 ad
2299 4530 2481 4583 urbem
2511 4527 2781 4597 pervenit,
2811 4535 2865 4580 et
2892 4527 3031 4581 sicut
3068 4528 3329 4597 quispiam
3358 4530 3547 4585 sitiens

279 4631 508 4683 l;s~iutus
536 4644 627 4681 rex
655 4628 925 4681 nitebatur
945 4626 1161 4682 eflicerc
1184 4669 1197 4692 ,
1231 4643 1388 4697 quem
1427 4629 1623 4683 dudum
1655 4629 1857 4685 fraudis
1888 4616 1937 4674 D
1966 4624 2015 4677 in
2047 4622 2240 4677 ardore
2268 4618 2292 4656 δ
2320 4620 2577 4675 caumatis
2601 4619 2795 4673 ﬂuenta
2827 4618 3052 4673 fontium
3083 4621 3439 4691 concupiscit,
3469 4624 3546 4678 sic

276 4720 609 4785 relegaverat
631 4716 978 4771 damnatione
1011 4735 1022 4769 :
1057 4716 1144 4771 ille
1172 4726 1349 4771 autem
1376 4734 1595 4771 munera
1618 4719 1851 4787 respuit,

276 4806 413 4861 dona
459 4808 677 4871 abnuit;
729 4805 933 4860 facinus
974 4816 1336 4876 perpetratum
1383 4810 1563 4863 animo
1603 4809 1856 4864 clementi

275 4899 497 4959 laxavit,
531 4909 587 4952 et
611 4898 765 4965 juxta
792 4900 1111 4952 sententiam
1146 4909 1167 4937 ε
1204 4899 1411 4953 Domini
1440 4901 1624 4970 culpas
1654 4900 1854 4955 deben-

273 4990 399 5041 tium
431 5005 537 5041 non
570 4987 825 5049 retinuit,
852 4987 946 5041 sed
978 4987 1196 5041 dimisit.

269 5144 540 5215 aecepis'ti;
584 5156 705 5198 nam
737 5146 781 5198 si
811 5148 1010 5199 tertium
1041 5150 1321 5201 (remissam
1366 5166 1467 5203 non
1514 5149 1811 5205 abstuliss’s
1836 5194 1850 5209 .

265 5218 443 5282 procul
464 5218 619 5269 dubio
644 5226 894 5268 trecemos
911 5219 1212 5285 accepisses.
1247 5217 1319 5270 Ex
1354 5218 1580 5281 liberali,
1604 5222 1850 5274 nimirum

265 5296 516 5405 σρτὲτὸιιυε
537 5287 736 5340 Christi
767 5285 1119 5355 promissione
1146 5286 1333 5341 Matth.
1368 5304 1474 5349 XIX,
1500 5289 1587 5354 ‘29,
1612 5300 1665 5343 et
1689 5290 1847 5345 Marc.

268 5371 319 5405 x.
348 5372 383 5405 ο
422 5395 435 5405 .

268 5371 319 5419 x,
348 5371 435 5408 ou.

336 5438 358 5460 ⁸
394 5425 629 5496 Prmfam
658 5426 883 5495 gloriosa
914 5427 1053 5492 virgo
1080 5426 1295 5495 injurias
1322 5429 1453 5480 servi
1483 5430 1563 5481 sui
1592 5432 1853 5483 severissi-

264 5512 344 5545 ma
368 5498 646 5549 vindicari!
673 5496 893 5559 ultione,
926 5508 1029 5548 etc.
1074 5496 1185 5548 Non
1218 5501 1383 5551 scmel
1413 5497 1613 5551 Eulalia
1647 5499 1849 5553 Emeri-

266 5567 428 5637 tensis
457 5568 609 5637 urbis
635 5577 685 5637 et
722 5564 1239 5637 Ecclt-sim‘lutclaris
1267 5575 1544 5637 ulramque
1587 5586 1615 5621 a
1667 5580 1846 5637 tyran-

266 5634 384 5687 nide
416 5636 594 5688 hostili
630 5635 892 5688 lib-aravit.
929 5635 1158 5687 Isidorus
1199 5636 1248 5689 in
1280 5634 1479 5690 Chron:
1522 5634 1749 5691 Cotlnir.
1783 5639 1848 5693 ad

265 5719 385 5758 ann.
418 5704 515 5758 491
555 5723 566 5756 :
623 5704 966 5758 Theudoricus
1014 5706 1075 5756 de
1125 5705 1373 5759 Gallwcia
1420 5710 1471 5759 in
1526 5708 1847 5761 [uisitaniam

269 5776 420 5826 rirtor
444 5776 744 5840 succedens,
793 5775 909 5826 dum
945 5774 1311 5829 Emeritenth
1359 5778 1529 5831 urbem
1561 5780 1845 5843 depnrduri

269 5848 544 5913 moliretur,
579 5844 888 5899 beatissima:
918 5844 1140 5900 Eulaliw
1168 5849 1408 5917 martyris
1440 5857 1650 5902 terretur
1671 5860 1842 5903 osten-

1964 4717 2053 4771 ille
2078 4717 2144 4769 ad
2174 4714 2446 4768 basilicam
2471 4720 2673 4767 sanctae
2712 4709 2930 4765 Eulaliae
2971 4712 3151 4766 animo
3186 4712 3408 4765 ferventi
3440 4713 3536 4767 fre.

1960 4808 2253 4875 quentique
2275 4805 2462 4874 spiritu
2485 4846 2499 4869 ,
2530 4803 2801 4861 adnitente
2833 4803 2942 4857 Deo
2964 4847 2976 4865 ,
3010 4804 3289 4870 pervenire
3312 4805 3529 4871 meruit,

1958 4912 2187 4964 cumque
2238 4894 2431 4949 ibidem
2487 4902 2599 4948 toto
2647 4892 2840 4947 mentis
2894 4892 3095 4947 affectu
3153 4892 3399 4948 desiderii
3461 4896 3541 4949 sui

1959 4985 2347 5042 accumulasset
2376 4982 2624 5038 ell‘ectum
2651 5024 2665 5049 ,
2696 4982 2972 5036 exsultans
3014 4983 3065 5037 in
3099 4982 3325 5037 Domino
3354 4982 3541 5038 exsul-

1963 5157 2027 5208 (ξε
2076 5172 2093 5207 :
2146 5171 2267 5207 mor
2312 5152 2538 5206 adversis
2591 5152 2688 5204 sibi
2736 5153 2927 5204 nuntiis
2958 5152 3167 5204 territus
3206 5152 3267 5204 de
3314 5151 3541 5208 Emerita

1962 5242 2193 5345 egressam
2225 5223 2424 5276 Gallias
2454 5224 2652 5292 repetit,
2686 5232 2787 5276 etc.
2828 5221 2939 5274 \‘id.
2977 5222 3223 5276 lioderic.
3260 5222 3429 5276 TOIrl.
3464 5239 3497 5275 ιι
3523 5266 3539 5289 ,

1963 5312 2080 5345 can.
2154 5333 2167 5345 .

1963 5312 2023 5349 ca
2069 5335 2080 5346 .
2116 5312 2167 5345 υ.

2031 5312 2316 5417 BCraviori
2355 5362 2623 5430 supplicio.
2674 5361 2763 5415 Sic
2814 5361 3093 5427 legendum
3140 5376 3290 5419 reor,
3340 5377 3538 5417 nonne

1962 5436 2166 5514 gravius
2194 5433 2255 5485 de
2267 5432 2465 5502 judicio
2494 5433 2843 5493 mulctaretur,
2877 5440 2935 5485 ut
2964 5432 3013 5484 in
3040 5431 3432 5499 exemplaribus
3463 5434 3538 5488 lc-

2075 5520 2118 5556 Γ.

1958 5514 2245 5625 munitum
2272 5572 2577 5625 sententiam
2610 5571 2835 5625 Domini.
2867 5568 3015 5635 Apud
3043 5568 3228 5622 Matth.
3254 5586 3327 5633 vt,
3356 5571 3438 5625 12.

2028 5642 2051 5679 σι
2086 5641 2146 5693 1η
2175 5642 2360 5695 ardore
2390 5644 2661 5694 taumatia.
2697 5648 2869 5705 καῦμα
2913 5647 3072 5691 ίιλςῐιιδ
3113 5648 3167 5691 et
3204 5643 3333 5695 solis
3364 5641 3540 5700 fervor

1954 5720 2067 5764 est:
2101 5719 2283 5763 amant
2306 5712 2630 5777 ejusccmodi
2661 5711 2878 5761 vocibus
2902 5709 3194 5777 scriptorcs
3219 5714 3400 5767 smculi
3425 5716 3538 5770 bar-

1944 5782 2137 5843 ‘haric‘,
2170 5782 2318 5848 quasi
2350 5781 2592 5851 gemmis,
2623 5782 2716 5833 nti.
2752 5778 3022 5848 Exemplis
3052 5781 3397 5851 conﬁrmare,
3428 5787 3538 5839 otio

1951 5860 2005 5907 ct
2039 5860 2278 5921 tempore
2308 5850 2451 5903 abuti
2476 5849 2595 5907 crit,
3090 5848 3095 5859 ‘
