4032 6186
399 328 496 382 {Si

1583 319 1786 377 PAULI
1831 317 2200 374 EMERITANI
2251 317 2518 374 DIACONI

3551 307 3657 364 ΙΞῖ

392 441 626 496 tantibus
665 431 923 490 universis
953 431 1140 487 urbem
1176 431 1445 499 ingressus
1474 437 1575 486 est.
1605 429 1686 484 Ita
1716 429 1965 482 nimirum
1998 429 2044 487 Α
2071 425 2250 478 omnia
2295 423 2628 486 catholicus,
2678 437 2768 491 qui
2824 435 2931 476 non
2971 428 3182 490 patrem
3226 418 3522 489 perﬁdum.
3564 419 3658 473 sed

391 529 628 588 Ecclesia
655 522 1002 580 Emeritensis
1032 521 1307 576 exsultans
1335 535 1458 575 cum
1487 533 1692 574 summa
1711 516 1965 587 jucundi-

393 631 504 679 tate
547 633 701 674 suum
750 615 1165 684 gubernatorem
1212 612 1419 680 recepit
1457 628 1470 664 :
1519 609 1784 680 gaudebat
1823 609 1966 663 enim

389 709 532 781 quod
580 706 869 776 reperisset
916 713 1150 773 aegrotus
1199 700 1775 768 medelam,solatium
1826 699 1968 767 quod

389 799 679 856 invenisset
722 809 1044 865 oppressus,
1087 794 1398 848 alimentum
1443 791 1585 860 quod
1625 806 1730 844 non
1759 789 1971 844 deesset

388 900 580 956 cgetso.
628 885 766 951 Quid
815 883 1018 938 multa?
1048 881 1256 937 reddita
1285 889 1411 935 sunt
1444 895 1475 934 a
1511 879 1738 934 Domino
1769 876 1969 930 Emeri-

391 976 531 1031 tensi
569 975 811 1031 ecclesiae
857 974 1077 1044 copiosa
1117 971 1366 1040 sulTragia
1395 988 1410 1036 ;
1443 987 1565 1025 nam
1607 970 1968 1025 calamitatum

393 1070 668 1142 penurias.
692 1078 747 1122 et
769 1067 988 1122 crebras
1008 1065 1324 1136 pestilentiae
1345 1064 1546 1131 clades,
1576 1062 1972 1130 insolentesque

395 1163 558 1216 tutius
589 1160 736 1215 urbis
767 1159 1030 1228 procellas
1058 1159 1230 1214 sancti
1265 1157 1364 1212 viri
1396 1155 1672 1226 praesentia
1699 1195 1714 1220 ,
1744 1153 1972 1208 Domino

393 1252 718 1314 miserante,
748 1249 1062 1318 suspendit,
1090 1265 1226 1318 quos
1265 1248 1482 1303 indubie
1510 1256 1719 1302 remoto
1756 1255 1972 1317 pastore

391 1356 554 1398 causa
585 1341 703 1410 ejus
731 1339 986 1395 absentiae
1011 1339 1300 1409 oppressit.

979 1464 1206 1520 CAPUT
1245 1466 1379 1520 XVI.

395 1579 691 1650 Leomgildo
740 1581 847 1650 regi
889 1579 944 1632 in
991 1579 1174 1632 haeresi
1209 1587 1412 1633 mortuo
1462 1577 1779 1633 Reccaredus
1833 1579 1973 1646 ﬁlius

886 1669 1166 1723 catholicus
1189 1672 1450 1724 successit.
1523 1689 1527 1692 ·

2067 513 2340 567 Christum
2390 510 2674 565 Dominum
2727 525 2959 582 sequens
3012 509 3082 564 ab
3135 508 3332 563 Ariana
3388 511 3658 564 hareseos

2069 608 2333 676 pravitate
2376 619 2668 660 conversus
2714 611 2836 668 est,
2898 611 3178 672 totamque
3235 600 3657 670 Wisigothmum

2068 708 2281 767 gentem
2304 696 2435 752 mira
2459 696 2842 767 praedicatione
2870 695 2935 749 ad
2967 710 3148 750 veram
3179 692 3335 747 ﬁdem
3364 693 3616 763 perduxit
3641 710 3656 744 :

2070 797 2186 842 erat
2229 787 2372 842 enim
2417 785 2689 854 religionis
2731 784 2922 838 divina:
2969 793 3238 847 assertor,
3282 791 3442 855 recta;
3480 780 3662 847 gloriae

2072 880 2388 949 prtedtcator
2409 887 2463 932 et
2483 877 2752 939 defensor,
2791 876 3115 931 omnimodis
3139 875 3459 929 catholicam
3506 871 3662 926 fidem

2075 979 2098 1007 ε
2129 979 2475 1037 sanctamque
2498 967 2810 1022 Trinitatem
2847 977 3169 1021 coaeternam
3187 973 3242 1019 et
3275 961 3430 1018 unius
3452 961 3666 1018 virtutis

2072 1070 2128 1117 et
2153 1060 2461 1116 substantiae
2493 1058 2819 1128 pmdicaus,
2847 1067 3008 1126 atque
3060 1059 3111 1111 in
3157 1071 3506 1126 personarum
3540 1069 3657 1125 pro-

2072 1154 2303 1222 prietate
2322 1150 2671 1219 distinguens,
2699 1151 2750 1203 in
2768 1158 2952 1204 natura
2987 1163 3149 1202 unum
3174 1149 3340 1203 Deum
3365 1148 3665 1211 aflirmans,

2077 1245 2288 1300 Patrem
2337 1244 2630 1312 ingenitum
2670 1244 2874 1306 dicens,
2911 1241 3102 1296 Filium
3131 1257 3196 1296 ex
3230 1240 3389 1294 Patre
3418 1254 3450 1308 g
3486 1239 3660 1292 nitum

2075 1346 2322 1392 astruens
2345 1376 2360 1399 ,
2393 1335 2650 1406 Spiritum
2682 1327 2812 1389 vero
2841 1341 3085 1388 sanctum
3117 1347 3182 1387 ex
3216 1340 3443 1391 utroque
3472 1345 3669 1400 proce-

2075 1429 2204 1482 dere
2231 1437 2476 1482 credens.
2509 1425 2600 1479 llis
2626 1425 2875 1480 videlicet
2921 1423 3204 1478 virtutibus
3244 1430 3464 1477 ornatus
3503 1419 3671 1489 erepit

2077 1532 2264 1572 omnes
2307 1531 2446 1585 quos
2475 1516 2671 1571 charos
2698 1515 2808 1570 Deo
2849 1513 3118 1571 sentiebat
3163 1511 3413 1582 diligere,
3443 1511 3672 1565 horrere

2077 1609 2298 1663 omnino
2345 1616 2402 1662 et
2449 1607 2720 1663 exsecrari
2749 1619 2940 1660 omnes
2965 1620 3102 1674 quos
3147 1603 3258 1658 Deo
3308 1601 3672 1671 cognoscebat

2080 1699 2321 1762 odibiles,
2357 1706 2519 1766 atque
2542 1697 2914 1753 lnereticorum
2947 1694 3189 1751 nefanim
3218 1693 3509 1764 impietatis
3537 1707 3672 1748 con-

465 1784 629 1853 Igitur
655 1797 776 1838 cum
806 1797 912 1836 non
939 1789 1214 1852 praeesset,
1243 1780 1337 1836 sed
1367 1782 1622 1847 obesset,
1649 1781 1819 1850 magis
1847 1797 1972 1851 per-

2104 1790 2334 1845 lemnare
2387 1803 2662 1852 errorem;
2717 1785 2862 1859 quod
2893 1789 3020 1843 dum
3070 1787 3332 1842 instanter
3378 1787 3564 1844 ﬁeret.
3613 1790 3672 1838 et

397 1879 551 1932 deret
604 1891 764 1943 quam
821 1883 1034 1942 regeret
1085 1874 1426 1943 Leovigildus
1481 1874 1824 1945 Hispaniam,
1878 1888 1978 1928 nec

398 1966 674 2035 quidpiam
701 1966 767 2020 de
797 1963 1009 2034 ﬂagitiis
1035 1965 1119 2020 vel
1142 1964 1465 2020 facinoribus
1506 1973 1810 2020 remaneret
1837 1964 1982 2034 quod

399 2076 504 2113 non
538 2058 810 2128 proprium
833 2058 935 2111 sibi
964 2057 1297 2124 defenderet,
1323 2057 1578 2112 deserens
1600 2070 1984 2126 usquequaque

403 2153 568 2205 Deum
593 2190 608 2213 ,
640 2149 749 2203 imo
795 2148 1084 2202 derelictus
1125 2149 1238 2216 ipse
1276 2164 1305 2201 a
1350 2147 1478 2211 Deo,
1509 2158 1534 2184 ἰ
1563 2161 1782 2215 regnum
1824 2145 1984 2200 simul

401 2257 522 2293 cum
564 2240 669 2292 vita
714 2238 999 2293 infeliciter
1047 2237 1312 2306 perdidit,
1343 2239 1768 2306 gravissimoque
1796 2236 1985 2292 morbo

404 2331 498 2384 Dei
522 2330 723 2400 judicio
768 2338 1050 2398 correptus
1073 2371 1090 2399 ,
1120 2330 1282 2382 vitam
1314 2327 1664 2385 fmdissimam
1695 2329 1902 2390 amisit,
1932 2335 1988 2382 et

406 2433 632 2479 mortem
681 2422 779 2478 sibi
833 2429 1145 2492 perpetuam
1183 2421 1502 2490 acquisivit,
1535 2420 1930 2490 crudeliterque
1956 2434 1988 2474 e

403 2531 632 2585 corpore
660 2515 778 2584 ejus
803 2514 978 2568 anima
1002 2514 1262 2576 resoluta,
1291 2513 1564 2582 perpetuis
1586 2513 1754 2582 pinnis
1771 2510 1988 2565 detenta

404 2606 711 2674 perenniter
757 2603 913 2658 Erebi
963 2605 1267 2673 mancipata
1308 2604 1522 2657 tartaris
1571 2618 1676 2656 non
1722 2601 1989 2656 immerito

405 2696 638 2763 relegata
666 2702 920 2766 tenetur,
951 2694 1158 2762 picibus
1186 2708 1370 2746 arsura
1406 2707 1619 2762 semper
1644 2692 1991 2747 bullientibus

406 2787 582 2842 titulis.
611 2787 634 2823 δ
658 2784 784 2840 Post
803 2784 956 2852 cujus
978 2784 1400 2839 crudelissimam
1429 2793 1656 2838 mortem
1674 2781 1993 2837 venerabilis

406 2881 486 2931 vir
516 2876 853 2932 Reccaredus
883 2877 1134 2946 princeps
1165 2875 1307 2928 filius
1335 2875 1478 2942 ejus,
1505 2875 1626 2942 jure
1654 2873 1992 2926 administra-

407 2976 607 3028 tionem
635 2972 787 3041 regni
817 2973 1042 3040 adeptus
1073 2979 1154 3024 est
1179 3011 1194 3036 ,
1225 2968 1527 3036 meritoque
1553 2967 1619 3021 ad
1650 2966 1860 3020 culmen
1891 2965 1992 3020 sibi

407 3067 640 3121 debitum
687 3065 1017 3135 principatus
1058 3069 1279 3118 evectus
1309 3071 1424 3126 est,
1459 3059 1746 3130 prmcipuis
1785 3058 1994 3114 meritis

2090 1880 2256 1936 multa
2285 1880 2561 1935 catholica:
2604 1877 2857 1934 Ecclesia:
2896 1875 3109 1932 favente
3157 1876 3267 1930 Deo
3317 1873 3676 1944 tranquillitas

2085 1972 2429 2036 redderetur,
2461 1980 2516 2026 et
2544 1971 2757 2025 Ariana:
2781 1968 3104 2024 calamitatis
3147 1960 3301 2022 error
3331 1967 3398 2021 ab
3428 1966 3680 2021 omnibus

2085 2079 2224 2135 pene
2248 2065 2517 2120 mentibus
2541 2063 2916 2128 discuteretur,
2963 2069 3018 2115 et
3058 2059 3265 2116 cunctis
3309 2057 3678 2114 simultatibus

2086 2158 2254 2229 pulsis
2280 2157 2406 2212 urbs
2432 2154 2665 2210 Emerita
2697 2169 2800 2208 una
2837 2168 2957 2207 cum
2986 2149 3012 2190 ¹¹
3047 2159 3237 2208 sancto
3260 2149 3508 2205 Massona
3537 2149 3680 2216 epis-

2088 2263 2229 2319 copo
2259 2263 2359 2316 pro
2380 2255 2542 2301 tanta:
2573 2243 2970 2314 tranquillitatis
2999 2242 3170 2312 gratia
3199 2240 3594 2308 congauderet,
3624 2249 3680 2292 et

2090 2339 2319 2393 Domino
2357 2336 2721 2408 indesinenter
2761 2335 2960 2404 gratias
2988 2332 3257 2398 referret;
3307 2345 3492 2385 rursus
3541 2327 3678 2382 anti-

2089 2446 2224 2499 quus
2253 2429 2424 2485 hostis
2469 2428 2664 2483 invidia
2699 2435 2911 2482 assueta
2962 2427 3217 2482 incitatus
3243 2467 3258 2493 ,
3289 2423 3530 2479 rediviva
3585 2419 3680 2476 Dei

2091 2520 2289 2574 famulo
2318 2534 2414 2589 per
2442 2534 2571 2575 suos
2595 2518 2872 2572 ministros
2901 2516 3080 2571 intulit
3112 2515 3312 2586 praelia.

2665 2651 2893 2709 CAPUT
2933 2651 3092 2707 XVII.

2096 2772 2292 2828 Sunnw
2313 2771 2731 2840 pseudoepisropi
2771 2769 2953 2840 fraude
2997 2784 3111 2822 cum
3140 2784 3172 2821 a
3197 2765 3469 2820 Witterico
3496 2763 3684 2819 comite

2228 2863 2477 2918 Massona
2501 2863 2672 2935 gladio
2704 2871 2982 2932 peteretur,
3013 2860 3265 2914 miraculo
3288 2859 3552 2913 liberatus.

2166 2977 2350 3033 Sunna
2401 2991 2631 3046 namque
2665 2975 2928 3031 Gothicus
2956 2975 3242 3044 episcopus
3265 3013 3280 3037 ,
3324 2971 3476 3042 cujus
3519 2985 3686 3041 supra

2097 3070 2411 3126 memoriam
2461 3068 2703 3132 fecimus,
2728 3067 2968 3122 irritatus
3025 3081 3054 3120 a
3112 3064 3360 3129 diabolo,
3416 3061 3687 3132 quosdam

411 3158 646 3226 legitime
695 3156 1115 3221 solernniterque
1181 3153 1360 3220 regale
1413 3153 1666 3218 culmen,
1725 3152 1995 3206 tribuente

2104 3160 2305 3216 Gothos
2352 3160 2557 3214 nobiles
2587 3173 2786 3228 genere
2813 3157 3116 3227 opibusque
3147 3155 3439 3211 ditissimos
3463 3194 3477 3219 ,
3507 3168 3540 3208 e
3565 3153 3689 3222 qui-

415 3248 542 3311 heo,
599 3247 925 3315 promeruit;
985 3246 1066 3298 vir
1115 3245 1348 3314 denique
1378 3243 1745 3306 orthodoxus,
1801 3251 1858 3297 et
1900 3258 1995 3312 per

481 3391 504 3416 ³·
543 3380 772 3450 Regnum
800 3381 953 3434 simul
995 3395 1119 3450 cum,
1152 3379 1256 3450 vita
1282 3376 1559 3446 infeliciter
1586 3375 1833 3450 perdidit.
1861 3375 2000 3429 Leo-

413 3445 673 3517 vigildus;
703 3450 770 3502 de
799 3452 950 3514 cujus
980 3447 1292 3518 pmuiteotia
1324 3445 1377 3500 et
1403 3461 1530 3500 vera
1561 3445 1882 3518 publicaque
1909 3460 1997 3499 er-

415 3515 596 3578 rorum
624 3519 958 3586 abjuratione
982 3515 1233 3571 dubitant
1273 3531 1404 3572 cum
1435 3524 1620 3586 nostro
1657 3515 1919 3586 scriptore
1948 3524 2003 3567 et

413 3590 674 3657 Gregorio
694 3585 893 3658 Magno
935 3590 1024 3643 lib.
1067 3604 1122 3642 ιιι
1170 3586 1351 3658 Dial.._
1385 3585 1792 3658 cap.751,-alii
1827 3586 2002 3658 etiam

416 3655 605 3714 nostri.
654 3658 756 3712 Pro
787 3655 876 3714 illo
917 3668 1094 3712 tamen
1125 3667 1267 3712 stant
1314 3655 1602 3724 GregOrius
1649 3655 1796 3719 alter
1826 3655 2000 3710 Turo-

415 3746 566 3785 nens.
591 3745 681 3783 vm
746 3728 880 3783 Hist.
929 3729 1148 3789 Franc.,
1179 3743 1298 3783 can.
1331 3728 1450 3790 ult.,
1494 3736 1548 3779 et
1588 3725 1655 3778 Μ.
1689 3725 1904 3779 Maxim.
1937 3725 2003 3778 ad

416 3817 541 3853 ann.
575 3799 714 3861 585,
745 3801 832 3868 qui
863 3801 972 3867 ejus
1004 3800 1351 3865 paenitentiam
1383 3797 1734 3866 lacrymasque
1772 3797 1964 3849 notavit
1987 3836 2002 3860 ,

420 3883 479 3923 ut
508 3870 576 3923 de
602 3884 660 3922 se
695 3870 804 3934 ipse
835 3869 1052 3921 fatetur.

492 3939 517 3977 δ
553 3939 675 3991 l’ost
703 3939 846 4006 cujus
877 3937 1143 3990 crudeliss.
1179 3945 1392 3990 mortem
1425 3935 1814 3988 Reccaredus...
1839 3935 2007 4006 admi-

419 4005 779 4062 nistrationem
809 4008 954 4075 regni
984 4007 1198 4075 adeptus
1228 4017 1332 4069 est,
1363 4006 1448 4075 qui
1490 4021 1592 4058 non
1620 4014 1816 4072 patrem
1847 4005 2006 4074 perﬁ-

398 4081 562 4149 .dum,
593 4077 682 4130 sed
712 4075 970 4128 Christum
999 4086 1198 4129 secutus
1229 4077 1527 4149 ab__i_i_ri_ana_
1553 4075 1801 4126 haereseos
1839 4076 2008 4142 pravi-

422 4158 526 4201 tate
570 4162 839 4201 conversus
869 4155 964 4210 est,
995 4154 1252 4214 totamque
1283 4143 1618 4214 Wisigothor.
1649 4153 1848 4214 gentem
1878 4145 2010 4196 mira

423 4218 791 4288 praedicatione
818 4215 888 4268 ad
909 4212 1260 4288 veramﬁdem
1286 4212 1513 4288 reduirit.
1541 4212 1914 4288 Omnino_ha:c
1944 4230 2012 4266 ex

424 4280 685 4356 Gregorio
713 4285 904 4356 Magno
933 4302 986 4339 ιιι
1045 4280 1202 4356 DiaL,
1233 4301 1350 4351 cap.
1385 4285 1484 4356 5l_.
1522 4283 1746 4356 sumpsit
1778 4280 2008 4344 Paulus;

425 4353 554 4411 naui
593 4357 704 4410 hate
734 4353 842 4420 ille,
879 4353 1000 4410 Post
1047 4355 1156 4425 ejus
1186 4365 1399 4409 mortem
1435 4353 1748 4406 Reccaredus
1778 4369 1869 4405 rex
1909 4368 2012 4425 non

424 4436 623 4497 patrem
665 4428 914 4494 perﬁdum
934 4467 948 4489 ,
980 4423 1081 4480 sed
1101 4429 1315 4496 fratrem
1355 4433 1632 4493 martyrem
1670 4433 1903 4497 secutus,
1929 4423 2012 4497 _ab

425 4491 624 4550 lriana
651 4491 900 4558 pratvitate
928 4491 1220 4562 conversus,
1276 4506 1434 4550 totam
1474 4491 1669 4565 quoque
1698 4491 2011 4565 Wisigo_t_/to-

2101 3251 2200 3305 bus
2229 3251 2390 3305 etiam
2423 3249 2662 3304 nonnulli
2697 3259 2719 3284 ο
2751 3249 2802 3304 in
2835 3248 3153 3317 quibusdam
3185 3246 3492 3302 civitatibus
3519 3243 3690 3301 comi-

2103 3382 2258 3450 fuerit
2289 3391 2592 3448 generatus;
2624 3382 2775 3435 unius
2808 3390 2978 3434 tamen
3006 3389 3216 3446 uterque
3237 3377 3542 3434 substantiae
3561 3376 3695 3430 divi~

2103 3452 2263 3522 nitate
2291 3450 2748 3522 subsistat._Pnter
2777 3467 2841 3504 ea:
2873 3467 2969 3522 quo
3000 3450 3145 3522 sit‘F
3151 3451 3270 3503 ilius
3294 3467 3311 3505 :
3362 3450 3613 3522 ipserero
3633 3463 3697 3522 ea

2106 3521 2252 3574 nullo
2281 3521 2346 3591 sit
2368 3521 2510 3591 alio:
2547 3517 2590 3570 F
2593 3521 2712 3574 ilius
2743 3522 2826 3591 qui
2851 3517 3035 3574 habent
3060 3519 3293 3591 Patrem:
3325 3517 3415 3571 sed
3442 3517 3698 3591 sine__ini-

2107 3591 2200 3653 tio,
2229 3601 2278 3642 et
2307 3590 2417 3644 sine
2441 3587 2780 3644 diminutione
2829 3592 2884 3644 in
2925 3607 3004 3654 ea,
3035 3607 3135 3660 qua
3164 3589 3314 3660 Patri
3339 3587 3619 3660 cotequalis
3647 3595 3698 3639 et

2106 3668 2390 3714 coreternus
2444 3669 2521 3713 est
2545 3699 2560 3722 ,
2623 3661 2888 3714 divinitate
2940 3661 3202 3714 subsistat.
3271 3659 3498 3726 Spiritus
3560 3672 3702 3778 rique

2108 3741 2316 3778 sanctus
2350 3730 2671 3778 confitendus
2695 3747 2725 3778 a
2754 3730 2901 3778 nobis
2930 3739 2978 3778 et
3010 3731 3373 3778 nrrrdicantlus
3396 3737 3491 3778 est.
3517 3743 3550 3778 a
3641 3744 3702 3777 a-

2108 3741 2316 3782 snnctus
2350 3730 2671 3796 conﬁtendus
2695 3747 2725 3781 a
2754 3730 2901 3784 nobis
2930 3739 2978 3783 et
3010 3731 3373 3797 prrrdicandus
3396 3737 3491 3789 est,
3517 3743 3550 3779 a
3591 3730 3703 3778 Pa-

2108 3809 2186 3852 tre
2224 3809 2272 3851 et
2298 3816 2329 3852 a
2376 3798 2515 3852 Filio
2544 3801 2834 3868 procedere.
2861 3809 2910 3853 et
2939 3817 3054 3852 cum
3104 3798 3260 3852 Patre
3300 3807 3348 3850 et
3381 3797 3516 3868 Filio
3547 3798 3702 3868 unius

2107 3885 2218 3922 esse
2267 3865 2586 3924 substantiae.
2638 3868 2864 3922 Tertiam
2909 3886 3021 3924 vero
3070 3871 3123 3921 in
3175 3869 3430 3922 Trinitate
3472 3865 3703 3932 Spirit's

2110 3940 2274 3991 sancti
2302 3955 2412 3992 esse
2460 3956 2771 4008 personam,
2815 3940 2902 4008 qui
2933 3951 3099 3992 tamen
3149 3952 3469 4008 communem
3512 3935 3701 4008 habent

2111 4025 2224 4061 cum
2258 4007 2413 4060 Patre
2460 4005 2508 4061 et
2555 4009 2694 4062 Filio
2736 4005 3020 4062 divinitatis
3059 4009 3355 4062 essentiam.
3405 4005 3533 4059 llaec
3561 4006 3702 4058 enim

2109 4086 2291 4130 sancta
2323 4076 2551 4132 Trinitas
2580 4095 2710 4130 unus
2741 4092 2810 4132 es!
2847 4077 2987 4132 Deus
3028 4078 3186 4132 Pater
3213 4087 3261 4130 et
3302 4076 3347 4130 Ρ
3352 4078 3471 4130 ilius
3493 4083 3541 4128 et
3576 4073 3704 4143 Spi-

2110 4149 2240 4200 ritus
2267 4156 2518 4210 sanctus;
2550 4149 2696 4217 cujus
2725 4149 2950 4201 bonitate
2976 4148 3140 4201 omnis
3181 4150 3296 4201 licet
3323 4157 3455 4217 bona
3486 4147 3554 4217 sit
3580 4159 3705 4217 conf

2114 4218 2223 4268 dita
2252 4226 2512 4280 creatura,
2559 4212 2650 4286 per
2674 4227 2993 4284 assumptum
3037 4228 3205 4271 tanten
3236 4235 3266 4270 a
3317 4216 3455 4268 Filio
3489 4212 3704 4286 humani

2113 4287 2315 4358 habitus
2334 4282 2567 4358 formam
2587 4325 2601 4346 .
2644 4303 2674 4358 a
2704 4282 2947 4358 damn_atu
2992 4289 3233 4358 progenie
3263 4289 3613 4358 reformantur:
3636 4282 3704 4334 ad

2114 4353 2478 4428 beatitudinem
2515 4357 2808 4428 pristinam.
2842 4356 2909 4409 Et
2938 4353 3060 4426 post
3089 4353 3229 4428 hanc
3260 4353 3397 4409 rem
3434 4354 3557 4407 lidei
3591 4353 3704 4406 for-

2114 4425 2311 4479 mulam
2345 4425 2528 4486 addit,
2569 4427 2793 4480 Proinde
2814 4425 3192 4481 anathematizo
3222 4429 3401 4480 Arium
3442 4441 3556 4476 cum
3587 4440 3704 4476 om—

2115 4495 2614 4567 nibus_dogmatibus
2643 4506 2692 4550 et
2721 4498 3051 4564 complicibus
3102 4500 3228 4560 suis,
3262 4497 3347 4567 qui
3386 4493 3707 4567 unigenitum

427 4581 541 4618 mm
571 4557 771 4637 gentem
810 4567 884 4616 ita
908 4567 1002 4637 _ad
1032 4557 1218 4637 verant
1245 4557 1497 4637 perduxit
1526 4557 1702 4637 ﬁdem,
1739 4557 1851 4637 e_tc:‘
1887 4561 2006 4616 Vitl.
2046 4557 2088 4611 υ
2115 4565 2213 4620 Dei
2255 4557 2453 4619 Filium
2494 4585 2526 4620 a
2567 4576 2784 4634 paterna
2815 4557 3113 4637 degenerem
3155 4557 3408 4619 esseberat
3455 4557 3566 4637 esse
3596 4561 3708 4637 sub-

429 4630 613 4687 eumd.
646 4633 734 4686 lib.
768 4650 803 4694 ι,
837 4635 991 4700 epist.
1023 4636 1086 4685 ad
1113 4630 1310 4690 Leand.
1337 4636 1424 4697 Μ,
1455 4647 1509 4690 et
1533 4635 1731 4688 Roder.
1756 4630 1928 4686 Tolet.
1954 4647 2012 4694 ιι,

430 4721 481 4758 c.
513 4701 602 4764 25,
638 4717 846 4755 necnon
881 4704 1042 4771 ipsius
1074 4703 1363 4758 Reccaredi
1397 4706 1776 4759 allocutionem
1809 4701 1873 4755 ad
1906 4700 2008 4755 PP.

433 4773 649 4828 concilii
678 4771 795 4826 Tol.
828 4789 880 4826 ιιι
902 4813 916 4830 .
949 4781 1004 4827 et
1055 4774 1211 4840 epist.
1244 4773 1364 4832 ηδ,
1399 4776 1487 4827 lib.
1525 4791 1596 4827 vn
1637 4773 1836 4838 Regist.
1875 4771 2013 4826 Gre—

431 4857 549 4908 gor.
585 4841 648 4896 ad
676 4841 846 4913 ipsum
884 4842 1406 4913 Βθυετιι·ει1ιιιιι(ιι‹›ιι
1449 4842 1842 4913 Necharedunt,
1872 4853 1931 4895 ut
1961 4842 2015 4895 in

436 4913 718 4966 l‘arisiensi
759 4911 994 4966 editione
1033 4929 1157 4965 ann.
1196 4911 1330 4965 1586
1362 4913 1596 4980 legitur)
1628 4925 1739 4980 reg.
1769 4911 2017 4979 Wisego-

435 4982 601 5042 thor..
633 4989 681 5036 el
713 4981 802 5046 4|,
832 4983 918 5046 ljh.
957 4999 1001 5038 ι.
1029 4993 1083 5036 ct
1112 4981 1233 5045 ηδ,
1265 4981 1354 5035 lib.
1389 4999 1458 5036 vn
1512 4981 1576 5034 ad
1600 4982 1660 5034 D.
1696 4981 2012 5035 Leandrum.

513 5065 534 5089 ο
565 5040 812 5105 Sanctam
844 5040 1164 5115 Trinita'em,
1197 5040 1506 5106 cowternam
1533 5053 1778 5120 uniusque
1816 5051 2014 5103 uirtutis

436 5133 482 5176 ct
515 5123 815 5177 substantia:
844 5125 1152 5191 praedicans,
1177 5132 1327 5192 atque
1353 5124 1404 5173 in
1431 5137 1765 5192 personarum
1783 5122 2018 5192 proprie-

439 5204 542 5246 tate
572 5189 890 5261 distinguens
914 5231 928 5254 ,
976 5194 1029 5245 in
1081 5189 1266 5246 natura
1313 5209 1470 5244 ununt
1503 5191 1663 5261 Deum
1711 5189 1976 5261 afﬁrmans
2000 5227 2014 5250 ,

440 5262 654 5315 Patrem
697 5259 978 5330 ingenitum
1008 5265 1200 5324 dicms,
1252 5261 1447 5314 Filium
1491 5277 1556 5314 ea:
1597 5260 1751 5312 l'atre
1794 5259 2017 5330 genitum

439 5345 696 5397 astruens,
731 5333 982 5402 Spiritum
1011 5350 1123 5386 vero
1150 5343 1382 5402 sanctum
1421 5348 1484 5384 ea:
1513 5340 1722 5402 utroque
1744 5329 2020 5402 procedere

441 5404 670 5467 credens,
701 5397 805 5458 etc.
838 5402 1028 5456 Distiiu
1043 5412 1095 5455 te
1127 5403 1239 5468 ipse
1269 5401 1605 5455 lieccaredus
1640 5397 1792 5452 initio
1821 5398 2017 5452 concil.

442 5468 616 5525 Tolet.
670 5489 724 5527 ιιι
773 5493 784 5525 :
846 5470 1284 5536 Quemadmodum
1343 5487 1435 5537 per
1489 5471 1785 5537 Scripturas
1844 5483 2023 5521 sacras

441 5540 665 5606 seipsum
696 5543 910 5610 intelligi
941 5543 1220 5611 (Dominus
1261 5541 1421 5608 Deus)
1453 5540 1608 5593 voluit
1635 5547 1682 5592 et
1711 5539 1849 5611 credi
1888 5554 2026 5611 prie-

441 5611 598 5676 cepit,
639 5613 692 5661 id
717 5623 792 5664 est
820 5609 878 5665 ut
902 5609 1237 5680 conﬁteantur
1275 5627 1386 5664 esse
1415 5611 1640 5669 Patrem,
1679 5609 1765 5679 qui
1794 5609 2023 5677 genuerit

448 5699 514 5734 ex
543 5695 634 5732 sua
661 5680 945 5734 substantia
974 5681 1166 5735 Filum
1189 5681 1281 5734 sibi
1296 5682 1602 5749 cowqualem
1626 5690 1674 5733 et
1690 5690 2019 5741 ceteternum,

450 5763 552 5800 non
583 5756 751 5819 tamen
779 5761 830 5800 ut
869 5753 976 5817 ipse
1005 5753 1138 5804 idem
1164 5753 1228 5805 sit
1268 5761 1419 5804 nutus
1456 5761 1502 5804 et
1533 5753 1759 5819 genitor:
1781 5749 1880 5819 sed
1908 5765 2020 5815 per-

453 5833 578 5872 sona
611 5818 742 5870 ulius
771 5820 836 5871 sit
882 5819 1039 5873 Pater
1085 5824 1167 5889 qui
1209 5824 1409 5893 genuit,
1447 5818 1592 5878 .alius
1639 5823 1702 5876 sit
1746 5818 1912 5874 Filius
1941 5820 2022 5887 qui

2116 4637 2351 4699 stantia;
2395 4654 2485 4688 nec
2513 4655 2544 4690 a
2567 4631 2735 4690 Patre
2765 4631 2990 4706 genitum
3015 4677 3028 4694 .
3073 4638 3162 4689 sed
3211 4653 3276 4688 ex
3304 4635 3465 4706 nihilo
3502 4631 3709 4706 dicebat

2117 4723 2227 4760 esse
2255 4716 2500 4770 creatum,
2533 4717 2639 4760 etc.
2673 4699 2966 4774 Ariiplector
2990 4708 3158 4774 itaque
3185 4715 3232 4758 et
3265 4717 3409 4758 teneo
3436 4703 3591 4774 ﬁdem

2116 4778 2274 4844 episc.
2309 4770 2780 4846 Constantinopoli
2806 4770 3231 4846 congregatarum
3258 4815 3270 4832 .
3319 4770 3710 4844 qiite'Macedo~

2117 4847 2280 4904 nium.
2315 4844 2541 4913 Spiritus
2583 4846 2752 4899 sancti
2794 4844 3136 4899 substantiam
3173 4847 3518 4898 minorantem
3541 4881 3556 4899 .
3602 4850 3712 4913 ειμι

2120 4914 2297 4967 Patris
2325 4909 2374 4966 et
2403 4915 2530 4970 Filii
2559 4917 2758 4968 unitate
2781 4926 2828 4968 et
2843 4917 3064 4969 essentia
3093 4925 3450 4984 segregantem
3469 4953 3503 4984 ,_
3525 4909 3714 4984 jugulo

2121 4985 2345 5037 veritatis
2367 4986 2642 5040 interemit.
2675 4985 2794 5038 llaec
2824 4986 2890 5039 de
2911 5001 2971 5040 se
3000 4986 3106 5039 ille.
3137 4980 3318 5039 Adibis
3346 4980 3714 5038 Scholastico-

2123 5069 2240 5106 rum
2265 5056 2609 5120 coryphaeum
2639 5052 2773 5108 Gab.
2801 5053 3076 5122 Vazquez,
3111 5063 3239 5109 tom.
3275 5070 3331 5114 ιι,
3358 5055 3410 5107 in
3437 5069 3451 5105 ι
3482 5059 3647 5122 part.,
3670 5064 3714 5122 _a

2125 5123 2262 5191 disp.
2291 5119 2492 5204 ηταά
2522 5125 2643 5190 ΠΙ,
2677 5125 2720 5178 si
2746 5119 3054 5193 ingeniosis,
3084 5125 3306 5179 eruditis
3350 5134 3406 5178 et
3431 5119 3714 5190 eiquisitis

2124 5209 2353 5262 caperis.

2199 5259 2222 5299 υ
2255 5264 2315 5317 8.
2350 5263 2600 5318 Massona
2636 5267 2792 5332 episc.
2827 5263 2923 5319 Cui
2954 5264 3112 5318 etiam
3149 5263 3218 5316 M.
3255 5263 3517 5316 Maximus
3546 5259 3714 5332 ﬁlium

2129 5331 2491 5388 Reccaredum
2517 5329 2950 5403 commendatum
2989 5349 3019 5387 τι
3064 5343 3217 5403 patre
3246 5334 3512 5386 moriente
3543 5329 3714 5403 tradi-

2127 5403 2222 5462 dit,
2255 5405 2316 5454 a~.-I
2362 5419 2488 5457 ann.
2520 5402 2639 5456 587.
2675 5403 2788 5456 Rea:
2816 5405 2967 5457 morti
2997 5399 3263 5462 proximus
3305 5401 3628 5457 commendat
3659 5399 3716 5450 in

2127 5480 2428 5527 testamento
2457 5491 2550 5527 suo
2575 5491 2648 5535 se,
2672 5491 2884 5539 regnum
2909 5483 2956 5526 et
2989 5467 3338 5526 Reccaredunt
3373 5474 3538 5539 [ilium
3563 5467 3716 5539 Hus-

2127 5558 2306 5608 sonw,
2359 5542 2598 5596 Leandro
2645 5538 3015 5614 Fulgentioque
3061 5538 3380 5604 exsulibus,
3415 5557 3541 5614 quos
3603 5538 3716 5608 filio

2125 5614 2337 5664 mundat
2368 5614 2665 5680 suppliciter
2691 5612 2863 5666 statim
2893 5612 2956 5665 ab
2986 5613 3166 5666 exsilio
3199 5612 3449 5666 revocari.

2200 5692 2222 5718 °
2255 5681 2317 5735 In
2344 5678 2649 5752 quibusdam
2673 5683 2958 5736 ciritatibus
2986 5685 3194 5737 cantites
3222 5700 3253 5734 a
3284 5698 3401 5752 rege
3421 5678 3713 5734 constituti.

2125 5751 2363 5806 Contztes
2387 5755 2548 5806 etiam
2577 5753 2938 5806 “()mallttl'tllll
2967 5765 3209 5822 tempore
3234 5751 3718 5822 profincijrunfct

2129 5824 2331 5876 urbium
2384 5825 2768 5891 gubernatores
2815 5817 3400 5894 appellariattcétatur
3455 5819 3561 5874 Tit.
3610 5817 3713 5881 Qui
