4032 6186
353 319 443 374 155

1379 325 1462 376 DE
1510 320 1662 374 VITA
1705 321 1982 377 PATRUM
2026 322 2558 386 EMERITENSIUM.

3517 334 3618 393 154

347 448 423 492 tes
449 452 479 490 a
504 451 631 505 rege
660 437 869 489 fuerant
898 434 1201 497 constituti,
1235 435 1464 489 consilio
1509 434 1778 489 diabolico
1810 448 1932 502 per-
1967 442 2006 493 Α
2039 438 2177 493 atrio
2200 479 2217 506 ,
2246 456 2368 496 mox
2422 459 2543 498 cum
2594 444 2795 509 ingenti
2844 443 3186 499 multitudine
3240 448 3620 517 perspicaciter

342 531 531 588 suasit,
563 542 769 594 eosque
814 527 882 579 de
934 526 1324 579 catholicorum
1377 527 1589 594 agmine
1632 541 1696 579 ac
1724 526 1929 593 gremio

341 620 623 675 catholica:
679 616 929 671 Ecclesia:
981 631 1106 669 cum
1159 616 1532 669 innumerabili
1591 616 1932 670 multitudine

344 711 527 780 populi
560 708 852 777 separavit.
879 715 933 759 et
962 716 985 742 ι
1009 714 1198 760 contra
1226 705 1480 760 famulum
1506 706 1600 759 Dei
1631 706 1929 761 Massonam

341 799 654 867 episcopum
688 794 1026 847 fraudulenta
1075 794 1320 857 consilia,
1353 794 1587 863 qualiter
1612 809 1735 849 eum
1765 795 1931 848 inter-

353 889 601 949 ﬁcerent,
652 884 1054 939 commentarit.
1088 882 1241 937 Tunc
1276 884 1470 939 deinde
1498 885 1563 938 ad
1589 900 1708 940 eum
1741 900 1937 954 pueros

348 993 474 1033 suos
503 979 647 1033 nnsit
674 1017 690 1039 .
720 986 774 1031 et
810 978 962 1042 qua<i
988 992 1053 1031 ex
1087 976 1279 1031 allecto
1310 978 1589 1033 charitatis
1621 980 1687 1031 ad
1715 979 1935 1033 domum

346 1086 494 1125 suam
542 1085 641 1139 pro
680 1069 879 1121 eisdem
924 1068 1110 1121 venire
1143 1068 1380 1134 rogavit,
1423 1076 1480 1121 ut
1526 1067 1722 1122 ibidem
1767 1068 1936 1121 virum

350 1163 439 1216 Dei
488 1160 858 1215 crudelissima
906 1168 1081 1212 morte
1128 1159 1450 1227 perimeret;
1480 1160 1570 1229 qui
1612 1175 1733 1215 cum
1764 1161 1941 1213 venis-

347 1262 502 1317 sent,
534 1254 692 1320 eique
748 1251 1163 1320 sucgessissent,
1195 1266 1318 1303 mox
1363 1253 1445 1303 vir
1492 1251 1585 1304 Dei
1633 1250 1819 1320 spiritu
1849 1249 1939 1305 Dei

348 1344 620 1412 repletus,
654 1342 940 1397 consilium
971 1356 1159 1395 eorum
1189 1340 1451 1395 intellex’t
1475 1380 1490 1405 ,
1522 1350 1576 1395 et
1613 1340 1791 1395 statim
1824 1341 1899 1393 ait
1926 1357 1939 1392 :

350 1432 461 1503 Ego
493 1433 619 1487 illuc
643 1432 792 1486 abire
820 1431 981 1486 modo
1004 1430 1223 1485 minime
1248 1445 1489 1500 possum,
1522 1432 1645 1499 quia
1672 1440 1776 1490 est.
1800 1430 1944 1500 quod

350 1538 447 1593 pro
474 1521 799 1577 utilitatibus
811 1521 1089 1576 catholicae
1116 1520 1366 1575 Ecclesia:
1389 1521 1673 1591 disponere
1689 1522 1940 1585 debeam;

350 1626 403 1669 at
448 1616 495 1669 si
548 1630 635 1670 me
681 1614 952 1669 desiderat
995 1614 1211 1681 videre,
1241 1614 1347 1669 huc
1386 1614 1438 1667 in
1468 1614 1660 1668 atrium
1693 1613 1947 1668 Ecclesiae

354 1710 558 1771 veniat,
609 1716 662 1763 et
713 1706 1165 1777 quemadmodum
1208 1708 1355 1771 vult,
1400 1706 1475 1760 ita
1515 1721 1601 1760 me
1632 1704 1877 1760 videbit:
1912 1705 1946 1759 ii

2035 550 2332 604 properans
2358 538 2553 604 adfuit,
2582 538 2832 606 idemque
2860 554 2979 593 cum
3010 539 3093 593 vir
3121 540 3343 593 illustris
3370 541 3622 596 Claudius

2034 623 2227 676 atrium
2257 625 2534 680 introisset
2561 663 2576 687 ,
2606 624 2849 693 protinus
2878 633 2933 678 et
2962 625 3035 678 illi
3061 666 3075 690 ,
3108 627 3199 695 qui
3228 642 3385 695 supra
3418 644 3624 684 metuo-

2034 712 2135 766 rati
2160 722 2303 778 sunt,
2333 730 2455 769 cum
2487 714 2789 782 ingentibus
2815 715 3049 769 catervis
3070 718 3251 785 populi
3277 718 3620 786 introierunt,

2036 816 2099 855 ac
2128 803 2320 858 deinde
2347 805 2580 859 salutato
2604 805 2722 857 viro
2743 818 2808 859 ex
2833 820 2983 858 more
3014 807 3328 861 resederunt
3353 826 3367 873 ;
3392 823 3623 876 cumque

2036 890 2157 960 diu,
2190 896 2523 963 multumque
2566 894 2865 949 residentes
2891 894 2957 948 ad
2988 895 3214 949 invicem
3244 897 3620 965 loquerentur,

2040 982 2178 1039 idem
2198 984 2309 1052 jam
2333 984 2505 1038 dictus
2527 984 2860 1048 Wittericus,
2880 983 3093 1050 juvenis
3116 983 3453 1052 fortissimus,
3476 996 3623 1042 stans

2042 1084 2163 1142 post
2190 1075 2461 1143 scapulam
2490 1074 2689 1143 egregii
2719 1074 2814 1126 viri
2846 1073 3051 1126 Claudii
3082 1073 3268 1139 ducis,
3299 1082 3356 1127 ut
3387 1084 3511 1142 pote
3534 1076 3623 1143 ju-

2039 1167 2228 1220 venior
2258 1166 2435 1220 adhuc
2460 1175 2641 1232 :etate,
2672 1164 2899 1219 reddens
2928 1165 3245 1233 obsequium
3275 1166 3624 1229 seniori,imo

2042 1258 2289 1311 nutritori
2338 1272 2435 1312 suo
2464 1275 2479 1323 ;
2521 1256 2755 1325 gladium
2783 1271 2890 1324 quo
2922 1256 3193 1311 accinctus
3222 1264 3339 1310 erat
3366 1265 3481 1311 toto
3510 1258 3627 1311 nisu

2042 1365 2074 1402 e
2100 1348 2288 1415 vagina
2308 1362 2405 1401 sua
2422 1348 2653 1401 educere
2668 1345 2877 1412 maluit,
2895 1354 2953 1399 ut
2969 1355 3212 1399 sanctum
3226 1346 3272 1398 Μ
3281 1362 3527 1401 assonam
3557 1348 3629 1400 si-

2046 1436 2263 1505 mulque
2283 1445 2339 1491 et
2358 1436 2638 1491 Claudium
2660 1435 2973 1505 (secundum
2988 1435 3131 1503 quod
3144 1435 3418 1490 deﬁnitum
3432 1434 3630 1506 fuerat)

2049 1527 2360 1593 trucidaret;
2378 1526 2471 1581 sed
2486 1534 2616 1580 nutu
2646 1526 2740 1579 Dei
2772 1526 2842 1579 ita
2862 1526 3068 1593 gladius
3091 1527 3143 1580 in
3167 1527 3358 1594 vagina
3379 1528 3632 1580 astrictus

2047 1626 2156 1682 est,
2176 1625 2231 1670 ut
2248 1625 2530 1686 putaretur
2552 1616 2715 1672 clavis
2732 1615 2919 1670 lerreis
2934 1632 3054 1670 cum
3074 1631 3136 1670 ea
3154 1614 3317 1671 fuisse
3337 1616 3629 1682 conﬁxum,

2049 1707 2382 1775 cumquediu
2414 1707 2746 1775 multumque
2789 1721 2971 1761 ensem
3013 1706 3244 1761 educere
3268 1706 3547 1772 voluisset,
3577 1716 3631 1760 et

352 1815 479 1853 vero
527 1799 622 1866 qui
670 1798 815 1852 missi
860 1796 1075 1851 fuerant
1104 1795 1393 1851 redeuntes
1418 1812 1480 1849 ea
1510 1810 1631 1864 quas
1660 1796 1947 1850 audierunt
1980 1815 2025 1874 Β
2051 1800 2271 1853 omnino
2314 1815 2419 1853 non
2433 1799 2705 1862 valuisset,
2722 1806 3268 1867 cmperuntauctores
3295 1798 3453 1867 hujus
3483 1798 3630 1867 pravi

352 1888 831 1952 renuntiaverunt,
861 1901 1091 1955 cumque
1118 1887 1232 1940 haec
1258 1885 1569 1947 audivisset,
1599 1884 1939 1953 supradictos

352 1978 606 2043 comites,
638 1993 759 2033 eum
789 1976 983 2045 quibus
1011 1985 1256 2031 sanetum
1287 1960 1465 2028 virum.
1490 1971 1793 2028 interﬁcere
1822 1973 1943 2025 dis.-

353 2072 608 2139 ponehat,
639 2068 706 2121 ad
729 2068 946 2122 domum
975 2082 1125 2121 suam
1158 2068 1402 2136 protinus
1432 2064 1643 2133 ascivit,
1671 2065 1857 2132 eisque
1884 2070 1943 2116 ut

351 2160 416 2215 ad
444 2160 643 2215 atrium
675 2174 778 2213 una
822 2172 941 2212 cum
984 2172 1050 2211 eo
1094 2165 1382 2226 pergerent
1421 2155 1598 2221 dixit;
1650 2156 1721 2209 ita
1765 2164 1942 2207 tamen

353 2265 475 2306 cum
504 2250 584 2305 eis
615 2248 764 2318 prius
793 2246 1072 2309 deﬁnivit,
1106 2255 1164 2300 ut
1192 2246 1316 2300 dum
1365 2245 1561 2300 atrium
1613 2244 1942 2309 introirent,

355 2356 491 2395 unus
547 2354 613 2393 ex
660 2338 795 2401 illis,
824 2338 912 2392 cui
943 2336 968 2375 δ
992 2336 1308 2391 Wittericus
1358 2350 1554 2391 nomen
1611 2345 1729 2389 erat
1750 2375 1766 2399 ,
1798 2347 1817 2372 ε
1850 2333 1943 2402 qui

353 2431 512 2486 etiam
547 2440 670 2499 post
715 2444 809 2482 rex
865 2426 1165 2482 Gothorum
1215 2418 1313 2481 fuit
1360 2433 1613 2495 exempto
1660 2425 1839 2493 gladio
1888 2426 1945 2478 in

352 2522 721 2577 beatissimum
778 2520 952 2574 virum
1010 2535 1120 2573 uno
1165 2518 1274 2574 ictu
1334 2519 1835 2583 transverberaret,
1887 2524 1946 2570 ut

351 2613 591 2667 secundo
622 2626 760 2680 opus
792 2626 898 2664 non
928 2618 1088 2665 esset.
1115 2608 1249 2663 Cum
1272 2615 1452 2661 autem
1476 2606 1778 2675 hujusmodi
1808 2621 1943 2661 con-

350 2705 468 2759 silio
492 2704 603 2771 jam
636 2703 835 2759 dictum
865 2700 1204 2756 Wittericum
1246 2697 1609 2773 informasset,
1654 2697 1720 2751 ad
1750 2698 1944 2751 atrium

351 2794 523 2850 sancti
596 2792 840 2862 episcopi
896 2806 1005 2845 uno
1061 2791 1242 2844 animo
1298 2789 1599 2856 eademque
1670 2788 1941 2843 sententia

353 2901 541 2939 omnes
570 2884 729 2939 simul
759 2892 1144 2953 perrexerunt;
1170 2881 1402 2949 quicum
1426 2881 1698 2935 venissent
1720 2890 1773 2935 et
1803 2880 1947 2935 illico

354 2975 559 3043 ingredi
618 2974 935 3041 voluissent,
974 2973 1227 3044 prohibiti
1274 2980 1433 3037 sunt,
1481 2980 1535 3027 et
1564 2980 1624 3026 ut
1675 2972 1949 3041 paulisper

353 3082 447 3135 pro
479 3064 684 3120 foribus
715 3074 1090 3135 exspectarent
1115 3064 1376 3120 admoniti
1398 3072 1523 3119 sunt
1546 3105 1562 3129 ,
1595 3064 1947 3133 quoadusque

2049 1891 2260 1946 consilii
2291 1891 2453 1945 tacite
2464 1890 2717 1944 admirari
2735 1905 2829 1943 cur
2848 1889 3156 1943 Wittericus
3171 1888 3315 1957 quod
3331 1887 3504 1943 fuerat
3520 1892 3633 1958 pol-

2046 1982 2230 2037 licitus
2250 1981 2471 2034 minime
2483 1979 2818 2049 adimplerct,
2837 1993 3067 2047 eumque
3078 1979 3346 2032 subtiliter
3366 1978 3536 2033 oculis
3550 1979 3630 2033 in-

2046 2078 2257 2124 tuentes
2269 2072 2437 2139 magis
2450 2070 2723 2138 magisque
2746 2070 3097 2123 hortabantur
3114 2077 3171 2121 ut
3188 2077 3390 2122 tantum
3412 2068 3560 2123 nefas
3580 2076 3631 2123 et

2045 2169 2153 2214 tam
2182 2161 2417 2214 immane
2447 2161 2715 2229 piaculum
2750 2161 3126 2213 incunctanter
3153 2167 3366 2229 patrare
3402 2159 3626 2214 deberet

2046 2249 2146 2320 [An
2178 2247 2457 2319 auderet?]
2490 2259 2544 2303 et
2577 2249 2856 2317 praedictos
2895 2248 3041 2301 viros
3071 2247 3249 2316 gladio
3279 2248 3633 2303 animadverti

2048 2340 2354 2395 nullatenus
2384 2338 2699 2393 formidaret
2725 2355 2738 2402 ;
2766 2338 2830 2390 ad
2856 2352 3085 2406 quorum
3114 2337 3295 2406 itaque
3322 2338 3633 2391 crudelissi-

2046 2444 2186 2483 mam
2213 2429 2648 2484 exhortationem
2694 2428 2889 2481 iterum
2918 2434 3078 2495 atque
3110 2428 3302 2481 iterum
3337 2439 3359 2463 ε
3389 2427 3632 2496 spatham

2046 2536 2199 2576 suam
2228 2536 2259 2575 e
2287 2520 2479 2587 vagina
2510 2520 2638 2573 totis
2668 2519 2869 2573 viribus
2898 2519 3130 2573 educere
3154 2519 3344 2585 voluit,
3371 2518 3463 2572 sed
3495 2535 3632 2573 nuu-

2046 2630 2205 2684 quain
2231 2613 2438 2683 potuit;
2465 2628 2693 2681 cumque
2724 2614 2827 2667 hoc
2849 2612 3189 2680 supradictus
3211 2612 3423 2683 juvenis
3449 2630 3633 2670 cerne-

2044 2714 2170 2770 ret,
2194 2705 2363 2760 sensit
2391 2704 2574 2758 divino
2604 2718 2824 2757 munere
2850 2702 3085 2771 gladium
3116 2704 3279 2758 fuisse
3313 2705 3589 2759 astrictum
3613 2746 3629 2772 ,

2047 2805 2106 2850 ut
2132 2811 2291 2865 quem
2319 2810 2531 2865 semper
2550 2795 2662 2848 suis
2685 2794 2866 2849 usibus
2891 2803 3073 2863 aptum
3101 2795 3351 2859 habebat,
3384 2804 3511 2849 tunc
3538 2796 3633 2849 mi-

2052 2888 2193 2943 nime
2224 2887 2457 2942 educere
2484 2888 2632 2956 potui
2666 2895 2745 2941 set
2773 2925 2790 2952 ,
2821 2896 2875 2940 ct
2904 2887 2990 2942 hic
3019 2887 3071 2940 in
3104 2895 3382 2956 stuporem
3413 2887 3633 2941 nimium

2047 2991 2339 3032 conversus
2364 2976 2653 3046 expalluit;
2681 2984 2932 3031 auctores
2959 2990 3085 3029 vero
3110 2975 3266 3044 hujus
3286 2990 3339 3028 ne
3356 2973 3495 3027 fandi
3519 2989 3633 3028 sce-

2048 3068 2203 3131 leris,
2260 3074 2318 3120 ut
2354 3067 2602 3120 viderunt
2636 3066 2651 3103 ί
2684 3066 3130 3122 concinnatioues
3177 3066 3260 3119 sui
3313 3064 3627 3132 nequissimi

353 3168 569 3213 sanctus
590 3159 839 3213 Massona
882 3158 948 3212 ad
975 3156 996 3194 ἀ
1026 3158 1309 3212 Claudium
1338 3157 1511 3213 virum
1556 3156 1939 3221 clarissimum,
1971 3186 2017 3249 ο
2050 3159 2264 3213 consilii
2317 3159 2498 3212 divino
2523 3157 2726 3226 judicio
2770 3157 2933 3211 luisse
2980 3154 3289 3233 frustratas,
3333 3155 3475 3208 illico
3514 3170 3633 3207 sur-

354 3249 541 3306 ducem
574 3249 927 3305 Emeritensis
959 3249 1193 3304 civitatis
1223 3250 1480 3313 mitteret,
1515 3257 1655 3303 uteo
1675 3254 1942 3317 praesente

353 3355 407 3395 se
452 3342 655 3395 mutuis
701 3340 1030 3408 alternisque
1076 3348 1363 3395 cernerent
1416 3339 1744 3408 aspectibus.
1797 3337 1942 3391 Idem

354 3445 480 3486 vero
537 3428 795 3484 Claudius
839 3428 1005 3483 nobili
1060 3442 1257 3497 genere
1312 3436 1482 3493 ortus,
1534 3426 1792 3483 Romanis
1846 3427 1945 3479 fuit.

355 3522 668 3592 parentibus
687 3521 1034 3592 progenitus;
1053 3520 1317 3575 existebat
1337 3535 1559 3590 prorsus
1588 3517 1693 3575 ﬁde
1718 3519 1946 3574 catholi.

355 3627 467 3680 cus,
498 3621 559 3668 et
586 3612 861 3682 ccligionis
881 3610 1111 3666 vinculis
1132 3610 1342 3691 fortiter
1362 3611 1635 3671 astrictus,
1667 3610 1720 3663 in
1752 3609 1947 3678 praeliis

355 3712 651 3769 strenuus,
695 3704 750 3757 in
787 3703 982 3757 timore
1024 3701 1119 3757 Dei
1165 3690 1321 3757 valde
1370 3702 1839 3771 promptissimus,
1891 3702 1945 3755 in

358 3794 547 3849 bellica
579 3796 755 3849 studia
803 3796 1043 3852 eruditus
1063 3834 1078 3860 ,
1108 3797 1160 3851 in
1188 3798 1365 3852 causis
1396 3796 1570 3868 (Fort.
1598 3797 1765 3866 ausis)
1796 3796 1946 3851 belli-

358 3885 436 3939 cis
464 3885 813 3940 nihilominus
843 3889 1204 3949 exercitatus;
1257 3901 1485 3955 cumque
1514 3885 1685 3941 eidem
1732 3886 1941 3939 nuntia-

362 3979 471 4027 tum
526 3972 745 4039 fuiSSet,
776 3974 901 4042 quia
946 3973 1137 4029 domus
1166 3974 1283 4043 ejus
1331 3972 1487 4028 valde
1532 3972 1785 4042 contigua
1832 3978 1948 4026 erat

362 4107 654 4178 provincias
695 4118 893 4179 rgunl
916 4109 1009 4163 lib.
1052 4125 1109 4174 ιι,
1157 4108 1215 4164 C.
1252 4109 1331 4163 tit.
1367 4109 1452 4164 M.
1496 4111 1568 4164 De
1596 4107 1908 4177 Wisigothis
1932 4147 1947 4172 ,

364 4179 600 4247 ipsorum
651 4178 821 4240 legum
868 4178 1051 4233 Codex
1097 4195 1203 4234 non
1252 4180 1418 4233 semel
1447 4180 1669 4234 civitatis
1710 4181 1949 4232 comitem

364 4260 520 4301 vocat
548 4262 663 4315 arg.
695 4248 746 4301 5.
779 4248 885 4305 Tit.
919 4248 953 4300 4
983 4251 1074 4304 lib.
1106 4267 1233 4312 xvu,
1265 4251 1437 4316 qualis
1461 4249 1759 4304 Waldricus
1780 4264 1949 4301 comes

367 4316 631 4370 Toletanw
657 4320 896 4382 civitatis,
945 4321 1031 4385 qui
1070 4322 1260 4373 concil.
1295 4318 1469 4374 Tolet.
1506 4336 1560 4374 ill
1592 4317 1946 4385 subscripsit;

366 4387 514 4453 cujus
546 4388 711 4439 moris
740 4388 961 4453 vestigia
994 4391 1154 4442 etiam
1186 4390 1323 4457 apud
1356 4388 1732 4443 Misti-Arabes
1754 4386 1952 4457 Mauris

367 4470 543 4507 rerum
593 4457 921 4524 potientibus
963 4456 1283 4512 remansisse
1325 4460 1474 4512 testis
1524 4466 1604 4511 est
1653 4456 1951 4511 Servandus

2046 3258 2327 3313 rexerunt,
2360 3266 2424 3303 ac
2449 3248 2831 3304 valefacientes
2860 3248 2926 3302 ad
2956 3247 3148 3303 domos
3175 3262 3303 3302 suas
3330 3262 3452 3301 cum
3482 3261 3635 3300 ama-

2045 3344 2287 3400 ritudine
2317 3341 2618 3400 iedierunt.

2613 3452 2843 3509 CAPUT
2880 3451 3067 3507 Xle.

2048 3587 2245 3642 Iterum
2276 3589 2328 3642 Μ
2337 3607 2525 3644 assona
2553 3589 2801 3643 liberatur
2827 3588 2890 3641 ab
2916 3588 3120 3641 insidiis
3143 3587 3339 3639 Sunna:
3367 3603 3461 3655 ope
3486 3586 3638 3639 Clau-

2119 3679 2190 3732 dii
2239 3679 2380 3731 ducis
2432 3679 2808 3741 Emeritensis;
2878 3678 3061 3731 Sunna
3112 3684 3349 3744 pertinax
3396 3690 3445 3726 et
3495 3675 3638 3727 exsul

2118 3770 2240 3825 obiit
2291 3771 2345 3824 in
2393 3769 2758 3833 Mauritania;
2818 3768 3027 3822 Vacrila
3092 3768 3259 3820 socius
3306 3766 3534 3818 criminis
3580 3766 3638 3833 ﬁt

2118 3862 2430 3932 mancipium
2469 3860 2733 3914 Ecclesiw.

2120 3973 2334 4042 lllisque
2360 3972 2585 4028 reversis
2619 3970 2928 4027 Wittericus
2966 3986 3088 4026 cum
3119 3970 3197 4025 eis
3226 3968 3445 4023 minime
3488 3967 3638 4036 abiit,

2052 4122 2228 4161 venum
2256 4122 2397 4159 more
2426 4104 2709 4158 Gothorum
2737 4103 2908 4156 sedem
2952 4102 3048 4155 sibi
3083 4102 3240 4171 legit,
3267 4116 3432 4171 suum
3463 4100 3637 4171 cuique

2051 4177 2163 4230 urbi
2211 4178 2566 4245 magistratum
2596 4174 2759 4239 dedit,
2786 4174 2869 4241 qui
2898 4175 3062 4245 duces
3090 4168 3637 4245 vocitabanturzdﬁam

2054 4247 2192 4315 apud
2208 4238 2577 4315 Goibosjnter
2593 4238 2891 4315 praecipuos
2903 4242 3168 4315 palatinos
3189 4243 3294 4315 dux
3317 4239 3442 4315 ;_.§ie_
3457 4238 3639 4290 Wam-

2056 4306 2135 4369 bZI:
2152 4325 2393 4380 tempore
2420 4306 2618 4366 Paulus
2643 4314 2749 4365 dux
2774 4306 3137 4380 Narbonensis
3156 4308 3297 4380 apud
3330 4306 3633 4380 Τιιιιεεδοιιι

2054 4396 2109 4439 et
2140 4376 2459 4437 Ruderieum
2486 4384 2723 4449 episcop.
2756 4389 2809 4434 et
2855 4378 3143 4449 Recearcdi
3194 4377 3447 4449 Claudius
3484 4376 3639 4449 Eine-

2056 4454 2269 4508 ritensis
2321 4454 2462 4507 urbs
2508 4446 2649 4519 apud
2672 4446 2946 4504 'nostrum.
2991 4448 3107 4502 Vid.
3150 4463 3268 4516 qua:
3309 4446 3375 4499 ad
3427 4462 3546 4515 cap.
3577 4448 3639 4501 l9

365 4541 533 4617 fomes
552 4526 691 4605 apud
715 4527 1063 4617 Sarmpslopem
1084 4528 1326 4617 ab‘hatem
1343 4528 1739 4617 Co'rl'dubeusem
1757 4526 1946 4579 eodem
1986 4559 2034 4617 Β
2058 4525 2249 4617 dicam.

366 4602 610 4662 tempore
659 4596 865 4660 put-fat.
909 4598 997 4651 lib.
1044 4614 1078 4651 ιι
1131 4597 1356 4665 Apolog.
1406 4597 1537 4650 llinc
1584 4596 1735 4649 initio
1778 4603 1946 4648 tracta

366 4665 702 4717 consuetudo
752 4668 891 4734 apud
942 4681 1094 4735 reges
1134 4676 1357 4723 nostros
1400 4668 1623 4721 comites
1680 4665 1948 4729 eligendi,

364 4748 485 4800 quae
532 4735 753 4788 nimium
790 4736 898 4803 jam
931 4739 1197 4801 excrevit,
1227 4750 1449 4804 qumque
1480 4735 1655 4789 notior
1680 4742 1763 4789 est
1790 4748 1947 4800 quam

369 4814 424 4857 ut
455 4806 541 4857 hic
573 4807 740 4872 repeti
779 4807 989 4860 debent.
1218 4860 1221 4865 .

439 4886 463 4907 ·¹
495 4874 689 4944 Contra
737 4876 987 4944 famulum
1031 4876 1129 4929 Dei
1180 4876 1343 4929 Musa.
1402 4876 1558 4944 episc.
1619 4875 1950 4942 fraudulenta

367 4945 609 5013 consilia.
636 4943 769 4997 Rem
793 4956 1039 4999 accurate
1062 4956 1279 4999 narrant
1302 4943 1487 4998 Moral.
1519 4945 1606 4996 lib.
1635 4960 1726 5009 χιι,
1752 4960 1869 5013 cap.
1892 4944 1946 5010 9.;

371 5010 574 5065 Padilla
605 5024 747 5067 cent.
778 5031 849 5077 vi,
880 5031 997 5084 cap.
1027 5015 1115 5079 55,
1148 5025 1201 5069 et
1231 5016 1469 5068 Mariana
1504 5014 1595 5067 lib.
1629 5030 1677 5079 v,
1704 5010 1831 5083 cap.
1852 5013 1945 5078 H,

370 5084 630 5136 mutilatis
658 5093 835 5137 tamen
866 5100 894 5136 ιι
931 5084 1090 5137 Paulo
1116 5084 1313 5139 verbis.

447 5152 476 5188 δ
507 5150 923 5222 Wiltericns.Sic
944 5155 1399 5222 exnummisquos
1421 5153 1594 5205 habeo
1632 5152 1948 5220 lego,etiam

376 5222 420 5274 si
452 5222 505 5273 in
534 5223 649 5274 aliis
681 5219 942 5275 Witiricus
988 5232 1035 5274 et
1078 5219 1353 5277 Victericus
1386 5224 1667 5289 distincte,
1692 5219 1800 5276 sed
1829 5239 1951 5276 cor-

377 5300 534 5359 rupte
558 5291 783 5359 legatur.
1760 5314 1765 5321 ~

451 5373 473 5397 ε
509 5360 609 5424 Qui
634 5373 747 5429 post
775 5364 929 5415 etiam
959 5376 1047 5413 rea:
1073 5359 1225 5415 Goth.
1265 5363 1375 5429 fuit.
1412 5360 1538 5414 Post
1582 5360 1776 5413 Liwam
1811 5360 1944 5415 Rec-

376 5432 556 5485 caredi
589 5432 769 5495 lilium,
801 5449 946 5501 quem
972 5434 1023 5483 in
1051 5436 1216 5501 primo
1240 5432 1366 5501 ﬂore
1389 5432 1743 5485 adolescentia:
1769 5430 1949 5501 Wille-

375 5502 515 5554 ricus
537 5512 736 5570 sumpta
767 5500 1039 5571 tyrannide
1065 5503 1340 5555 innocuum
1364 5519 1518 5571 regno
1542 5502 1741 5569 dejecit,
1766 5500 1950 5571 priori;

375 5586 535 5641 suque
582 5568 689 5639 ejus
742 5568 948 5624 άιξιίετιι
997 5572 1219 5636 occidit,
1270 5568 1649 5625 teste'lsidoio
1695 5585 1819 5622 ann.
1848 5568 1945 5621 (ill

376 5641 579 5694 Chron.
603 5642 829 5693 Gothor.

446 5710 471 5745 ιι
501 5712 579 5760 Ad
604 5710 875 5763 Claudium
912 5710 970 5762 V.
1002 5710 1077 5762 Cl.
1113 5712 1289 5763 ducem
1335 5708 1666 5761 Entcritcnsis
1708 5709 1950 5760 civitatis.

384 5778 575 5833 l'aulus
622 5779 840 5833 Rutilius
872 5781 922 5832 in
952 5781 1279 5836 Glirebcrto
1309 5779 1373 5833 dc
1404 5778 1640 5847 Longino
1668 5820 1681 5845 ,
1726 5782 1808 5847 qui
1842 5777 1950 5831 Ra.

2132 4604 2154 4629 ο
2185 4592 2458 4661 Spatham.
2510 4589 2624 4661 Qua
2666 4587 2978 4661 Wittericus
2998 4626 3013 4649 ,
3042 4596 3100 4640 ut
3128 4601 3354 4661 comes,
3400 4601 3464 4639 ex
3498 4603 3636 4653 prm-

2057 4656 2256 4729 sc'ripto
2300 4662 2472 4727 legum
2506 4660 2862 4729 Golhicaruin
2883 4656 3110 4729 debebat
3160 4672 3277 4709 esse
3329 4658 3636 4709 instructus.

2058 4726 2179 4785 Lib.-
2225 4748 2293 4791 Ix,
2331 4726 2407 4782 tit.
2456 4730 2508 4795 2,
2544 4730 2644 4790 leg.
2674 4729 2766 4780 ull.
2798 4727 3023 4794 Wiscg.,
3069 4726 3196 4784 dux,
3242 4740 3409 4777 comes
3436 4767 3451 4782 .
3492 4734 3639 4794 atque

2054 4804 2359 4872 garaingus,
2389 4808 2521 4863 etc.,
2553 4799 2736 4872 scutis,
2764 4798 2987 4872 spat/tis,
3012 4797 3247 4872 serantis,
3279 4796 3471 4846 lanceis
3499 4833 3512 4854 ,
3548 4812 3637 4846 sa-

2054 4868 2291 4943 gittisque
2313 4871 2414 4943 sint
2434 4870 2687 4943 instructi.
2708 4870 2843 4943 Sunt
2864 4883 2952 4935 qui
2980 4868 3218 4943 Latinam
3243 4880 3428 4943 vocent
3444 4872 3638 4943 putent

2055 4935 2347 5010 apud'lsid.
2406 4956 2550 4993 xvtt.
2600 4938 2743 5005 Orig.
2778 4940 2829 4997 ϋ,
2873 4954 2930 4990 eo
2968 4935 3102 5010 quod
3143 4936 3368 5010 spatiosa
3410 4935 3508 4995 sit,
3539 4940 3637 4985 hoc

2054 5004 2153 5075 est,
2186 5013 2293 5062 lata
2319 5021 2364 5061 et
2393 5014 2564 5075 (mtpltt
2590 5025 2606 5060 :
2637 5004 2738 5075 qun
2770 5018 2990 5060 utuntur
3020 5005 3271 5075 Vegetius
3294 5004 3392 5075 lib.
3427 5018 3479 5075 tt,
3512 5018 3632 5075 esip.

2054 5072 2149 5145 15,
2174 5090 2227 5132 et
2256 5095 2329 5139 ιιι,
2356 5072 2591 5145 capJ-l;
2621 5072 2875 5145 Apuleius
2900 5093 2915 5129 ι
2946 5084 3000 5145 et
3032 5091 3059 5127 ι
3091 5073 3262 5126 miles.
3289 5072 3636 5145 Sp_ar_tian.in

2054 5140 2294 5211 Adriam;
2326 5140 2574 5201 Claudat
2604 5140 2828 5203 epistula
2858 5147 2923 5199 ad
2960 5144 3189 5197 Eborum
3231 5141 3369 5210 apud
3402 5140 3632 5195 Trebell.

2055 5219 2295 5281 Pollion;
2324 5218 2432 5269 alii.
2466 5217 2598 5270 llinc
2625 5214 2843 5285 llispaui
2869 5225 2885 5268 t
2920 5218 2968 5268 in
2999 5215 3406 5285 dicomtnututo,
3435 5219 3488 5263 et
3508 5221 3637 5285 ειιιιιι

2050 5306 2104 5341 se
2132 5279 2312 5341 additu
2338 5328 2352 5349 ,
2386 5295 2567 5339 nostro
2602 5279 2766 5347 more,
2795 5288 2988 5353 espudu
3011 5284 3233 5353 dicimus
3262 5296 3436 5345 nunc;
3469 5279 3629 5332 olim-

2052 5374 2158 5425 que
2204 5357 2389 5410 Isidor.
2437 5358 2560 5409 ibt-l.
2598 5375 2607 5407 :
2646 5351 2869 5407 Frumca
2907 5370 3022 5408 vero
3065 5351 3267 5422 glitdius
3309 5365 3372 5402 ex
3421 5360 3635 5418 utraque

2051 5441 2196 5495 parte
2226 5436 2427 5488 acut:s,
2471 5444 2622 5496 quam
2659 5427 2801 5494 vulgo
2849 5435 3049 5496 sputum
3080 5430 3274 5496 vocant.

2133 5497 2148 5534 ί
2192 5489 2620 5550 Concinnutiones
2642 5496 2721 5549 sui
2741 5489 3038 5564 ῖιιηιιῖδδίιιιὶ
3085 5489 3307 5564 consilii.
3340 5490 3427 5564 Sic
3460 5489 3511 5564 in
3540 5504 3635 5564 sa-

2054 5568 2179 5620 cris.
2217 5566 2405 5619 Psalm.
2436 5584 2587 5632 XLIX,
2622 5566 2717 5618 l9:
2752 5559 2948 5631 Lingua
2982 5567 3064 5611 tn'a
3090 5559 3287 5632 conciri;
3311 5561 3432 5615 αὸανι
3460 5562 3628 5632 aptos,

2056 5648 2113 5689 ct
2135 5654 2259 5699 l.\'ll,
2283 5636 2315 5689 5
2348 5656 2357 5687 :
2389 5630 2677 5704 Injnstitius
2703 5630 2879 5685 uulnus
2911 5638 3091 5683 nostra:
3106 5630 3413 5704 concinnant
3439 5648 3464 5704 :A
3486 5630 3633 5684 [sane

2061 5724 2223 5768 xxxii,
2256 5708 2284 5757 7
2314 5726 2324 5757 :
2362 5700 2480 5772 Ipse
2500 5711 2632 5757 cnim
2663 5704 3006 5772 cogitationes
3031 5702 3355 5772 concinnavit
3395 5700 3465 5755 uti
3512 5714 3629 5770 per-

2062 5779 2282 5830 dcndum
2314 5770 2456 5828 mitis
2502 5777 2551 5826 in
2598 5789 2828 5827 sz't'mottt‘
2858 5770 3108 5827 mendaci.
