4032 6186
340 340 439 397 lilii

1458 333 1661 392 PAULI
1722 335 2093 392 EMERITANI
2140 326 2410 396 DlACONl

3512 325 3616 380 ίῖῖϐ

334 458 427 515 sed
476 456 654 512 statim
705 449 1084 509 tremebundus
1132 445 1199 503 ad
1249 444 1414 518 pedes
1456 450 1558 503 viri
1604 441 1929 503 sanctissimt
1958 437 2158 499 Acum
2217 439 2464 495 similiter
2514 437 2826 510 episcopum
2880 440 3010 496 nihil
3062 440 3254 496 borum
3309 440 3621 508 opinantem

336 563 594 617 Massonas
630 554 863 626 episcopi
894 552 1118 618 corruit,
1160 563 1430 621 omneque
1469 546 1753 602 consilium
1802 556 1932 613 pro-

332 655 502 721 didit,
551 662 608 708 et
652 644 1107 719 quemadmodum
1153 659 1279 699 eum
1326 648 1609 712 percutere
1658 640 1927 702 voluerat,

334 762 432 803 nec
470 742 707 813 gladium
738 742 968 796 educere
997 737 1276 802 valuerat,
1308 734 1589 789 sinceriter
1616 730 1928 803 enarravit;

332 854 452 918 post
500 846 613 900 btcc
664 858 786 898 cum
836 841 1090 912 lacrymis
1138 839 1215 893 ait
1261 856 1274 891 :
1317 836 1594 893 Confiteor
1646 840 1927 905 peccatum

330 952 530 1003 meum,
578 934 702 1004 quia
754 941 867 987 tota
916 930 1214 985 intentione
1245 928 1344 981 hoc
1373 927 1570 981 malum
1616 935 1928 995 perpetrare

331 1026 494 1089 volui,
541 1023 637 1078 sed
685 1038 791 1078 non
843 1035 931 1077 me
976 1019 1218 1089 permisit
1247 1018 1419 1084 Deus;
1451 1027 1506 1072 et
1534 1015 1769 1085 adjecit:
1802 1029 1924 1068 nam

330 1128 385 1172 et
413 1116 556 1172 aliud
586 1115 845 1170 adversus
874 1123 926 1168 te
953 1115 1327 1184 disposuerunt
1356 1111 1660 1176 consilium,
1712 1117 1771 1163 ut
1798 1109 1925 1177 quia

332 1218 454 1271 dum
498 1216 552 1271 in
599 1215 791 1270 atrium
837 1214 1000 1268 modo
1040 1230 1145 1268 non
1181 1211 1607 1283 prmvaluerunt,
1643 1208 1833 1264 saltem
1872 1209 1922 1263 in

331 1311 471 1366 diem
500 1308 919 1364 sacratissimum
950 1305 1169 1360 Pascha:
1221 1302 1544 1374 prmvaleaut
1571 1320 1584 1355 :
1608 1303 1749 1356 hanc
1793 1314 1925 1355 vero

331 1398 733 1468 dispositionem
762 1395 986 1462 habent,
1028 1403 1082 1448 ut
1113 1409 1233 1448 cutn
1265 1409 1331 1447 ex
1361 1408 1511 1447 more
1541 1390 1761 1446 Pascha:
1808 1389 1928 1445 Mis.

331 1506 443 1545 sam
489 1486 888 1545 celebraret-itis
918 1486 969 1540 in
1000 1485 1228 1541 ecclesia
1263 1485 1496 1548 seniore,
1545 1490 1669 1554 post
1702 1483 1922 1537 missam

331 1581 504 1651 {juxta
553 1579 697 1650 quod
744 1593 863 1634 mos
905 1576 1011 1644 est)
1040 1575 1106 1631 ad
1132 1574 1406 1631 basilicam
1436 1572 1494 1628 S.
1531 1571 1748 1627 Eulaliae
1776 1571 1919 1643 ps..l—

331 1681 492 1738 leudo
534 1696 652 1736 cum
684 1681 828 1737 omni
862 1678 1059 1752 populo
1086 1679 1356 1735 catholico
1395 1678 1783 1749 processeritis,
1824 1678 1924 1733 bo-

331 1788 505 1830 mines
532 1788 719 1830 eorum
762 1772 830 1827 ad
872 1780 1082 1841 portam
1127 1770 1360 1827 civitatis
1389 1785 1511 1824 cum
1542 1768 1723 1823 multis
1766 1767 1916 1838 plau-
1952 1800 1997 1859 Β

330 1869 456 1925 stris
483 1868 689 1924 onustis
732 1866 943 1936 gladiis,
991 1872 1047 1922 et
1084 1864 1326 1921 vectibus
1353 1863 1682 1920 dissimulata
1714 1861 1921 1916 ca'lidi-

331 1969 463 2026 tate,
494 1962 645 2031 quasi
676 1959 942 2015 frumenta
972 1958 1233 2023 deferant,
1282 1956 1467 2013 statuti
1498 1966 1643 2021 sunt,
1692 1968 1924 2023 cumque

331 2066 428 2105 vos
476 2051 707 2106 inermes
751 2049 1066 2120 simpliciter
1094 2048 1484 2121 processeritis,
1532 2046 1706 2102 omnis
1734 2040 1922 2103 eorum

330 2148 531 2216 repleta
561 2162 723 2218 super
748 2163 844 2203 vos
872 2147 1042 2203 irruat
1083 2147 1391 2216 multitudo,
1431 2146 1766 2217 arreptisque
1810 2147 1924 2215 gla—

330 2238 431 2294 diis
474 2239 555 2294 vel
596 2238 822 2297 fustibus
858 2255 1048 2297 omnes
1085 2240 1288 2309 pariter
1334 2240 1480 2295 viros
1525 2255 1591 2295 ac
1634 2240 1923 2304 mulieres.

330 2344 488 2385 senes
534 2338 592 2385 et
639 2330 925 2400 parvulos,
972 2331 1176 2388 crudeli
1219 2340 1395 2387 morte
1435 2331 1760 2386 interimant.
1813 2330 1924 2401 Ego

329 2439 458 2479 vero
510 2423 718 2493 infelix,
760 2425 851 2496 qui
894 2440 984 2482 me
1012 2425 1066 2480 in
1096 2433 1302 2480 tantum
1332 2423 1539 2481 facinus
1566 2424 1776 2489 miscui,
1807 2438 1837 2479 a
1868 2430 1924 2478 te

328 2514 567 2583 piissimo
614 2514 837 2572 domino
886 2516 1269 2586 indulgentiam
1311 2525 1457 2587 peto,
1488 2524 1630 2572 etut
1657 2516 1788 2571 mihi
1820 2515 1924 2572 tuis

328 2603 579 2672 precibus
634 2607 844 2661 veniam
896 2607 1153 2663 Dominus
1201 2608 1402 2662 tribuat
1445 2622 1687 2678 precor;
1741 2607 1922 2663 omnia

329 2706 516 2748 eorum
544 2709 663 2765 quas
691 2696 815 2750 novi
844 2694 1073 2752 fideliter
1099 2712 1351 2766 suggero,
1399 2705 1454 2752 et
1493 2697 1780 2767 purissime
1808 2712 1922 2752 ma-

329 2779 543 2850 nifesto,
574 2791 630 2838 et
656 2799 784 2840 ecce
813 2786 863 2839 in
894 2786 1136 2841 manibus
1165 2788 1358 2843 vestr's
1385 2802 1522 2855 sum,
1566 2786 1726 2843 facite
1753 2788 1805 2842 in
1836 2802 1924 2843 me

328 2872 473 2940 quod
503 2873 702 2929 bonum
731 2884 832 2940 est,
862 2885 918 2932 et
946 2886 1151 2932 rectum
1178 2878 1388 2933 videtur
1418 2880 1468 2933 in
1498 2878 1668 2935 oculis
1698 2879 1919 2945 vestris;

328 2980 389 3019 ac
420 2979 486 3019 ne
516 2965 736 3022 forsitan
766 2983 854 3024 me
881 2978 905 3003 ει
939 2978 1029 3034 tua
1055 2972 1310 3027 sanctitas
1339 2971 1582 3028 fallacem
1612 2981 1707 3029 aut
1739 2972 1923 3028 illuse—

329 3082 439 3122 rem
469 3069 760 3134 existimet,
793 3086 898 3127 non
927 3087 1013 3127 me
1041 3074 1321 3143 permittas
1346 3074 1549 3143 egredi,
1587 3075 1682 3131 sed
1729 3076 1782 3130 in
1825 3091 1924 3131 cu-

2030 529 2461 600 comprehendit,
2492 546 2727 601 eumque
2752 531 2920 586 ardue
2955 531 3363 586 custodiendum
3393 529 3451 586 S.
3483 530 3622 585 Mas-

2029 634 2178 676 sona:
2202 621 2459 691 episcopo
2487 621 2774 689 delegavit,
2822 622 3093 691 similique
3139 623 3300 677 modo
3347 622 3623 679 universos

2030 711 2265 781 collegas
2291 711 2407 781 ejus
2433 711 2694 767 custodia:
2722 712 3068 782 mancipavit,
3099 711 3438 767 Wiltericum
3469 728 3619 777 vero,

2028 805 2120 872 qui
2178 803 2530 858 nefandorum
2589 804 2873 859 consilium
2938 805 3339 873 ιιιξιιιίτετιωίι,
3392 806 3621 861 ιίιιιηιιη

2028 894 2177 949 abire
2206 895 2489 965 precepit;
2539 904 2596 949 et
2640 896 2821 950 omnia
2868 896 3028 965 igitur
3069 911 3189 964 qum
3236 896 3445 951 fuerant
3472 906 3623 963 gesta

2025 986 2330 1041 orthoJoxo
2378 985 2602 1056 principi
2652 986 2961 1041 lleccacedo
2989 987 3241 1041 Claudius
3269 987 3374 1041 dux
3404 987 3622 1040 intima-

2026 1078 2125 1144 vit,
2155 1086 2320 1147 atque
2349 1086 2407 1133 ut
2432 1086 2679 1148 porrecta
2709 1077 2993 1133 confestim
3041 1077 3242 1133 decreti
3278 1065 3543 1132 sententia
3574 1077 3623 1131 ei

2025 1168 2345 1239 pratciperet
2394 1168 2520 1239 quid
2565 1168 2633 1223 de
2682 1168 2927 1224 hostibus
2978 1166 3193 1223 Domini
3242 1165 3369 1222 Jesu
3423 1166 3625 1221 Christi

2028 1259 2144 1314 lieri
2191 1259 2435 1325 deberet,
2485 1260 2771 1328 suggessit.
2824 1259 2936 1315 llex
2985 1274 3114 1314 vero
3162 1256 3465 1327 hujusmodi
3495 1269 3620 1323 Sug-

2024 1359 2326 1420 gesttouem
2387 1351 2678 1422 accipiens,
2729 1341 3086 1406 talem’dedit
3129 1350 3454 1406 sententiam
3495 1367 3509 1402 :
3558 1346 3625 1403 Ut

2025 1443 2226 1509 cuncti,
2275 1442 2523 1499 omnibus
2561 1443 2898 1513 patrimoniis
2945 1442 3031 1497 vel
3069 1442 3364 1499 honoribus
3406 1440 3621 1512 privati.

2024 1534 2215 1589 exsilio
2245 1535 2428 1590 multis
2473 1536 2698 1592 vinculis
2743 1533 2932 1591 ferreis
2956 1536 3234 1592 constricti
3282 1535 3623 1604 legarentur;

2024 1624 2263 1680 Sunuam
2308 1642 2438 1682 vero
2484 1627 3007 1699 pseudoepiscopum
3047 1627 3461 1683 exhortarentur
3488 1642 3624 1683 con-

2023 1717 2159 1772 verti
2189 1717 2258 1772 ad
2287 1716 2449 1795 fidem
2477 1718 2800 1774 catholicam
2826 1736 2840 1771 :
2866 1726 2940 1783 et,
2968 1718 3012 1774 si
3042 1725 3473 1787 converteretur,
3497 1726 3628 1773 tunc

2025 1806 2240 1863 demum
2285 1809 2336 1863 ei
2386 1810 2702 1880 praeciperet
2728 1817 2787 1864 ut
2815 1809 3186 1879 paenitentiam
3224 1817 3425 1877 ageret,
3457 1817 3514 1864 et
3541 1824 3629 1863 sa-

2027 1899 2327 1956 tisfactione
2376 1901 2735 1974 lacrymarum
2781 1917 2876 1957 sua
2911 1901 3104 1958 drlicta
3149 1901 3390 1968 deﬁeret,
3422 1910 3479 1956 ut
3506 1909 3627 1957 acta

2025 1992 2394 2063 pmnitudine,
2441 2009 2566 2050 cum
2612 2009 2736 2050 eum
2773 1994 2883 2065 jam
2932 2004 3292 2065 agnoscerent
3329 1997 3626 2066 perlectum

2025 2098 2144 2139 esse
2173 2085 2524 2153 catholicum,
2554 2102 2678 2143 eum
2706 2089 3047 2157 postmodum
3080 2089 3133 2144 in
3159 2104 3481 2159 quacunque
3521 2089 3626 2145 alia

2024 2173 2245 2230 civitate
2290 2176 2606 2232 ordinarent
2655 2179 2992 2250 episcopum.
3046 2180 3291 2250 Cumque
3336 2180 3385 2235 ei
3433 2180 3628 2237 crebro

2023 2263 2266 2320 dicerent
2309 2274 2371 2321 ut
2414 2268 2785 2337 paenitentiam
2833 2270 2994 2325 tantis
3022 2285 3120 2340 pro
3151 2270 3375 2341 piaculis
3421 2279 3627 2340 ageret,
3723 2268 3735 2276 “

2023 2368 2080 2414 et
2125 2358 2364 2415 furorem
2409 2360 2645 2439 Domini,
2695 2377 2857 2437 quem
2883 2361 3245 2433 deliuquendo
3273 2365 3627 2430 excitaverat,

2022 2449 2272 2505 deflendo
2300 2451 2604 2521 mitigaret;
2636 2451 2782 2523 quOd
2808 2466 2971 2523 agere
2999 2454 3199 2521 noluit;
3228 2454 3323 2510 sed
3351 2456 3627 2521 tristinam

2023 2557 2130 2596 non
2173 2543 2432 2599 omittens
2463 2544 2820 2615 tyrannidem,
2854 2546 2968 2601 hmo
2996 2547 3275 2616 respondit
3303 2565 3314 2599 :
3344 2545 3456 2614 Ego
3502 2546 3628 2616 quid

2020 2633 2093 2687 sit
2139 2635 2450 2704 poenitentia
2501 2635 2710 2705 ignoro,
2743 2636 2812 2693 ob
2846 2637 2951 2693 hoc
2979 2645 3314 2708 compertum
3363 2638 3432 2692 sit
3456 2637 3627 2706 vobis,

2022 2724 2144 2793 quia
2168 2724 2540 2794 pmnitentiam
2569 2728 2774 2793 nescio,
2803 2736 2860 2783 et
2884 2728 3183 2785 catholicus
3206 2744 3479 2799 nunquam
3507 2743 3625 2791 ero,

2022 2813 2116 2869 sed
2146 2828 2214 2868 eo
2239 2815 2346 2868 ritu
2372 2830 2482 2885 quo
2512 2815 2619 2870 vixi
2647 2816 2843 2881 vivam,
2893 2827 2985 2872 aut
3016 2834 3116 2888 pro
3144 2819 3409 2884 religione
3439 2820 3492 2873 in
3521 2834 3626 2887 qua

2022 2917 2167 2958 nunc
2214 2902 2281 2958 ab
2328 2904 2546 2959 ineunte
2589 2914 2749 2962 aetate
2798 2921 2918 2962 mea
2966 2909 3235 2978 permansi
3278 2910 3630 2965 libentissime

2022 2995 2241 3048 moriar.
2284 2993 2448 3065 Cujus
2491 2998 2618 3052 dum
2649 3007 2882 3054 mentem
2910 3000 3236 3055 obstinatam
3268 3001 3631 3072 pertinacem-

2022 3098 2132 3152 que
2178 3084 2232 3138 in
2277 3086 2436 3141 malis
2481 3096 2790 3156 cernerent,
2834 3089 2979 3144 hunc
3022 3090 3272 3159 protinus
3319 3090 3388 3146 de
3438 3091 3632 3148 finibus

329 3159 502 3214 studia
547 3176 653 3231 qua
696 3161 890 3229 jubeas
937 3165 1107 3231 trade,
1147 3166 1324 3222 donec
1351 3168 1531 3222 omnia
1556 3178 1774 3225 strenue
1801 3183 1924 3238 per-
1951 3164 2000 3227 C
2033 3172 2325 3244 Hispaniae,
2366 3189 2436 3231 ne
2476 3176 2614 3232 alios
2642 3177 2898 3248 pestifero
2923 3180 3113 3235 morbo
3142 3181 3454 3248 macularet,
3505 3197 3631 3237 cum

329 3250 530 3316 quiras,
561 3259 655 3307 aut
681 3253 981 3309 certissime
1010 3270 1327 3325 cognoscas,
1357 3267 1429 3325 et,
1462 3260 1505 3313 si
1536 3274 1623 3313 me
1662 3261 1926 3315 mentien-

332 3346 440 3392 tem
492 3340 649 3395 aliter
698 3345 965 3412 repercris
993 3387 1009 3413 ,
1063 3348 1189 3402 nolo
1240 3349 1440 3404 vivere.
1498 3348 1630 3405 Cum
1683 3350 1797 3405 haec
1845 3351 1929 3406 vir

334 3426 541 3482 Domini
584 3428 851 3497 Massona,
883 3435 974 3503 qui
1004 3450 1219 3506 semper
1244 3438 1438 3493 virtute
1468 3439 1684 3508 pietatis
1711 3441 1923 3506 enituit,

332 3520 585 3588 audisset,
630 3538 751 3578 eum
783 3532 841 3578 ut
872 3526 1003 3580 nihil
1048 3529 1271 3584 omnino
1315 3539 1582 3585 metueret
1613 3531 1804 3585 blande
1833 3531 1928 3586 ad.

332 3610 573 3677 monuit;
619 3612 819 3681 gratias
856 3615 1210 3684 omnipotenti
1260 3618 1373 3673 Deo
1420 3620 1549 3689 egit,
1601 3622 1692 3690 qui
1741 3635 1927 3680 servos

332 3715 459 3756 suos
483 3701 552 3758 de
579 3705 740 3760 tantis
770 3705 1021 3775 periculis
1050 3708 1319 3776 liberavit,
1360 3725 1425 3766 ac
1450 3710 1642 3768 deinde
1668 3710 1734 3766 ad
1762 3712 1925 3768 Clau-

332 3788 478 3845 diutn
524 3791 715 3849 ducem
764 3795 947 3862 misit,
1004 3798 1165 3867 eique
1211 3800 1393 3855 omnia
1444 3802 1726 3855 intimavit.
1775 3801 1928 3868 Quod

333 3897 455 3937 cum
500 3882 590 3937 ille
634 3884 942 3952 audivisset,
988 3892 1243 3961 praecepit
1267 3900 1328 3946 ut
1354 3907 1513 3948 causa
1547 3894 1828 3963 paululum
1856 3895 1927 3950 si-

333 3980 500 4036 lentio
539 3989 831 4051 tegeretur,
874 3987 919 4040 si
968 3988 1187 4044 forsitan
1230 4005 1615 4059 cognoscentes
1657 3997 1927 4066 proditum

334 4067 499 4125 fuisse
527 4085 715 4127 eorum
744 4076 1047 4145 consilium,
1076 4078 1254 4150 fugam
1294 4084 1616 4152 arriperent,
1662 4087 1757 4142 sed
1802 4088 1929 4144 dum

333 4163 600 4231 sagaciter
637 4164 996 4236 investigztvit,
1042 4172 1475 4229 manifestissime
1517 4177 1719 4246 reperit
1766 4177 1930 4235 fuisse

336 4266 521 4307 verum
549 4254 689 4324 quod
718 4254 893 4311 fuerat
911 4260 1233 4315 nuntiatum.
1265 4262 1507 4333 Cumque
1534 4281 1597 4321 ea
1626 4282 1745 4336 qum
1772 4284 1929 4339 expo-

335 4352 553 4398 sueraut
601 4349 824 4405 comites
870 4352 1163 4421 supradicti
1211 4354 1392 4411 Ariani
1443 4358 1812 4426 pratbuisscnt,
1861 4376 1928 4416 ex

337 4447 489 4488 more
517 4435 569 4488 in
600 4452 883 4494 occursum
910 4442 1166 4512 disposita
1197 4445 1615 4519 circumquaque
1644 4451 1929 4508 multitudo

338 4523 390 4576 in
421 4523 640 4589 insidiis,
674 4539 895 4597 repente
934 4549 1097 4602 super
1122 4551 1218 4592 eos
1245 4537 1353 4592 dux
1382 4539 1534 4593 irruit
1563 4539 1834 4609 Claudius,
1872 4552 1928 4597 et

340 4615 429 4669 alii
477 4631 544 4671 ex
584 4618 662 4674 eis
705 4622 847 4691 capti
891 4634 1036 4689 sunt,
1082 4629 1172 4683 alii
1215 4645 1345 4685 vero
1373 4632 1462 4700 qui
1491 4633 1678 4699 gladiis
1711 4635 1923 4704 operari

341 4709 643 4777 voluerunt,
673 4712 849 4779 gladio
878 4718 1057 4771 statim
1089 4721 1391 4789 perierunt;
1441 4733 1569 4779 tunc
1614 4722 1809 4779 deinde
1856 4725 1924 4779 ad

337 4801 556 4855 domum
605 4799 634 4838 ι’
685 4803 955 4860 Sulmonis.
1011 4808 1196 4864 Ariani
1255 4815 1495 4883 episcOpi
1547 4831 1668 4869 cum
1726 4817 1923 4885 ingenti

338 4894 675 4951 multituline
701 4895 805 4951 dux
835 4897 1090 4954 Claudius
1117 4904 1373 4971 perrexit,
1408 4905 1688 4975 ipsumque
1723 4908 1927 4963 hxreti-

396 5104 433 5174 s
471 5092 579 5148 Tua
608 5097 874 5174 sanctitas.
915 5096 1273 5174 Compellatio
1307 5103 1676 5158 saccrdotilms
1706 5105 1923 5174 pr0pria

336 5166 497 5234 etiam
528 5166 668 5234 apud
699 5168 973 5233 ethnicos,
1007 5166 1142 5224 teste
1173 5170 1457 5225 Plutarcho
1499 5174 1564 5227 ad
1590 5166 1921 5229 catlc'ettt'lib.

337 5233 634 5354 :ﬁlgefect.
668 5238 876 5292 oracul.
912 5238 1026 5293 Vid.
1059 5256 1179 5309 qua:
1220 5242 1287 5297 ad
1326 5241 1581 5298 Dextrum
1629 5245 1743 5315 ipsi»
1771 5246 1923 5300 initio

342 5319 493 5356 11010.

377 5373 963 5455 ,ιζῄδιιῃηοηὶδ-ᾼνίαῃᾷ.
996 5379 1163 5446 Quem
1192 5379 1431 5455 Samiam
1464 5399 1682 5454 semper
1725 5384 1923 5443 Paulus

262 5473 285 5496 ο
337 5439 496 5523 dicit.
542 5446 693 5501 Anne
743 5447 827 5504 hic
882 5439 1138 5523 Sinot'tem
1205 5467 1271 5504 ex
1318 5452 1501 5508 Sunua
1550 5439 1616 5509 de
1663 5439 1925 5511 industria

337 5520 570 5582 scriptor
593 5526 777 5573 noster
805 5521 1086 5586 confinxit,
1119 5530 1174 5575 et
1202 5524 1269 5576 ad
1300 5523 1469 5590 illum,
1501 5526 1590 5595 qui

464 5641 492 5679 λ
516 5642 527 5654 ,
566 5640 580 5654 .
617 5641 631 5654 .
670 5645 681 5656 .
721 5609 898 5679 Fidens
917 5615 1080 5674 animi,
1107 5617 1322 5676 atquein
1348 5626 1610 5679 utrumque
1638 5626 1833 5678 paratus

460 5668 561 5716 Seu
591 5682 784 5719 versare
806 5674 959 5732 dolos,
984 5668 1077 5723 seu
1098 5668 1249 5723 crithe
1268 5668 1560 5728 oecuoibcr'e
1584 5668 1726 5729 utiuti

340 5749 479 5822 apud
503 5748 741 5805 divinum
767 5761 976 5821 vatem,
1020 5770 1059 5812 tt
1107 5758 1286 5827 operis
1313 5761 1499 5816 salerni
1523 5800 1537 5827 ,
1576 5760 1793 5833 'l‘rojani
1823 5764 1925 5820 im-

2026 3281 2239 3321 summo
2281 3267 2548 3324 dedecore
2593 3268 2877 3326 infeliciter
2916 3273 3271 3343 pepulerunt,
3315 3282 3479 3343 atque
3505 3289 3632 3333 eum

2028 3358 2294 3413 modicam
2323 3373 2485 3429 supra
2517 3360 2816 3417 naviculam
2846 3364 3204 3432 ignominiose
3233 3365 3628 3435 imposuerunt,

2027 3450 2185 3520 eique
2208 3451 2599 3507 comminantes
2630 3464 3016 3525 perceperunt,
3068 3464 3127 3512 ut
3166 3457 3220 3512 in
3258 3473 3632 3528 quemcunque

2029 3541 2208 3596 locum
2240 3542 2320 3597 vel
2351 3543 2626 3613 regionem
2658 3553 2992 3601 transmeare
3020 3547 3218 3612 vellet,
3271 3548 3495 3604 liberum
3527 3550 3630 3604 ha-

2026 3633 2182 3689 beret
2210 3635 2510 3702 arbitrium,
2541 3651 2867 3708 quocunque
2895 3655 3023 3695 vero
3054 3649 3298 3712 tempore
3339 3641 3392 3695 in
3435 3638 3630 3710 Ilispa-

2029 3726 2114 3780 nia
2142 3727 2329 3783 luisset
2352 3739 2617 3799 repertus,
2641 3732 2874 3800 graviori
2902 3747 2959 3788 se
2989 3741 3342 3804 cognosceret
3367 3733 3631 3789 mulctan-

2030 3816 2157 3872 dum
2204 3824 2493 3876 sententia.
2525 3821 2697 3896 _Tunc
2747 3823 2943 3879 deinde
2993 3824 3249 3893 navigans
3298 3824 3633 3881 Mauritania:

2031 3908 2265 3975 regionis
2308 3912 2570 3980 contingit
2606 3912 2776 3980 littus,
2826 3922 2986 3983 atque
3022 3914 3074 3968 in
3117 3914 3305 3970 eadem
3350 3917 3628 3987 provincia

2030 3999 2337 4066 aliquandiu
2360 4011 2745 4069 commoratus,
2769 4004 2970 4060 multos
2989 4004 3213 4074 perfidia
3237 4006 3385 4076 impii
3414 4005 3632 4075 dogma-

2032 4088 2100 4144 tis
2149 4090 2474 4152 maculavit;
2543 4092 2739 4148 deinde
2788 4094 3033 4164 protinus
3082 4095 3296 4151 Averno
3343 4097 3632 4152 mulctatus

2024 4179 2249 4250 judicio,
2298 4181 2504 4237 crudeli
2552 4184 2699 4238 exitu
2748 4184 2912 4239 vitam
2960 4186 3149 4241 ﬁnivit.
3194 4186 3450 4243 Basilicas
3476 4201 3627 4251 vero,

2030 4272 2233 4340 quibus
2248 4271 2307 4326 S.
2335 4271 2581 4328 Massona
2609 4274 2809 4329 dudum
2835 4274 3030 4344 injuste
3050 4285 3317 4342 caruerat,
3340 4276 3486 4345 justc
3506 4292 3628 4331 cum

2031 4360 2280 4415 omnibus
2330 4360 2618 4431 privilegiis
2663 4364 2903 4433 recipere
2945 4367 3164 4433 meruit,
3193 4373 3250 4420 et
3277 4381 3436 4419 omne
3464 4365 3630 4434 patri-

2034 4453 2271 4507 ntonium
2298 4452 2590 4525 supradicti
2624 4454 2857 4510 haeretici
2903 4456 3238 4511 concedente
3266 4466 3288 4495 ο
3319 4456 3629 4511 clementis-

1957 4536 2004 4594 υ
2030 4544 2167 4597 sinm
2210 4544 2451 4614 principe
2496 4543 2805 4599 Reccaredo
2833 4544 3061 4616 adeptus
3098 4553 3218 4601 est:
3243 4554 3469 4600 caeteros
3499 4561 3629 4599 viro

2025 4636 2285 4692 scelestos
2312 4638 2469 4707 (quos
2491 4650 2650 4706 supra
2675 4634 3108 4705 memoravimus)
3126 4636 3277 4705 juxta
3303 4645 3627 4707 prmceptum

2028 4728 2168 4795 regis
2214 4727 2406 4782 exsilio
2454 4726 2761 4797 relegarunt
2790 4745 2803 4780 :
2828 4742 2861 4782 e
2902 4729 3097 4797 quibus
3129 4744 3266 4783 unus
3294 4728 3629 4785 vocitabatur

2026 4818 2051 4856 ά
2088 4818 2316 4883 Vacrila,
2348 4818 2416 4873 de
2446 4834 2632 4874 eorum
2682 4820 2929 4874 manibus
2957 4819 3193 4875 evadens
3240 4820 3305 4875 ad
3351 4819 3627 4875 basilicam

2025 4911 2084 4965 S.
2116 4910 2335 4965 Eulalia:
2354 4910 2425 4966 ob
2445 4911 2740 4966 remedium
2762 4912 3161 4983 percipiendum
3185 4911 3445 4982 confugit.
3470 4910 3628 4979 Quod

2031 5112 2162 5181 perii
2191 5112 2344 5166 ruina
2376 5111 2511 5166 fuit?
2534 5113 2612 5166 An
2645 5112 2913 5168 Sunnam's
2945 5111 3247 5180 legendum,
3273 5110 3497 5166 Gothica
3528 5111 3629 5167 deo

2030 5182 2343 5244 clinatione,
2369 5192 2428 5235 ut.
2452 5181 2784 5243 Wamhanis,
2812 5182 3076 5252 Egicauis.
3099 5181 3437 5247 Chintilanis,
3462 5181 3630 5236 Suiu-

2032 5253 2229 5314 tilauis,
2263 5261 2316 5305 et
2343 5252 2391 5305 id
2422 5267 2590 5321 genus
2615 5254 2861 5305 aliorum.

2106 5333 2125 5359 ο
2152 5320 2471 5376 Clementis.
2499 5323 2730 5391 principe
2756 5321 3068 5376 Rercaredo.
3093 5320 3174 5377 Ob
3202 5323 3460 5390 insignem
3485 5321 3626 5377 hanc

2032 5392 2324 5447 Rcccaredi
2356 5392 2498 5460 regis
2525 5392 2577 5445 in
2617 5392 2846 5445 rebelles
2876 5393 3215 5445 (tlrtttentiztttt
3250 5407 3496 5446 ouunnus
3521 5408 3623 5443 au.

2030 5478 2151 5518 reus
2180 5478 2338 5516 cusus
2360 5471 2443 5517 est
2468 5478 2590 5515 cum
2622 5461 2788 5528 ipsius
2813 5460 2987 5526 effigie
3027 5471 3081 5515 et
3117 5462 3332 5516 nomine
3363 5461 3508 5514 hisce
3536 5461 3625 5513 lit-

1998 5532 2156 5656 ἦρξε
2200 5531 2572 5654 Βῑοελιιιὲυυδ.
2610 5530 2874 5585 Euenus.
2926 5530 3082 5598 Ples;
3129 5540 3187 5585 ut
3228 5539 3379 5602 putat
3428 5530 3617 5585 Moral.

2002 5638 2015 5648 -
2057 5619 2067 5656 l
2116 5643 2128 5655 .
2163 5618 2254 5656 xu.
2286 5618 2405 5656 cap.
2474 5641 2487 5653 .

2002 5618 2128 5656 4m.
2163 5618 2254 5666 xu,
2286 5618 2405 5670 cap.
2433 5618 2487 5654 τ.

2100 5672 2127 5707 ά
2168 5667 2415 5743 γαειιξιάκ
2440 5671 2513 5726 De
2541 5687 2644 5743 quo
2709 5671 2850 5726 idem
2900 5668 3087 5727 Μυκη.
3138 5669 3261 5725 ibid.
3295 5679 3350 5725 et
3392 5667 3618 5726 Marian.

2030 5742 2124 5799 lib.
2156 5757 2209 5811 v,
2242 5756 2360 5812 cap.
2393 5741 2442 5797 Ξ.
