4032 6186
376 365 432 380 '-

340 365 432 420 ’δι

336 579 578 638 masset,
627 570 731 624 hoc
778 567 974 622 dixisse
1020 565 1226 620 fertur:
1259 562 1506 619 Inimicus
1551 563 1744 617 summi
1794 559 1926 624 Dei,

336 665 527 731 miror,
565 677 688 718 cum
728 675 831 729 qua
877 659 1011 712 facie
1040 657 1173 710 atria
1202 671 1318 724 ejus
1343 663 1528 710 sancta
1558 651 1760 722 ingredi
1790 664 1928 721 prae-

336 753 650 823 sumpserit,
679 759 737 804 ut
764 765 925 819 quem
956 749 1217 803 hactenus
1238 744 1554 801 insan'endo
1581 741 1774 799 frustra
1802 757 1933 812 per-

337 851 560 899 secutus
586 851 689 901 est,
724 854 864 894 nunc
892 838 957 892 ad
987 853 1108 892 eum
1141 851 1301 890 causa
1332 833 1663 904 percipiendi
1706 831 1931 889 remedii

337 932 646 1001 confugium
677 929 831 995 facit;
877 927 974 983 sed
1004 927 1127 994 quia
1159 926 1337 980 mulae
1385 923 1744 980 miserationis
1771 921 1934 977 novi—

340 1039 456 1078 mus
485 1038 605 1077 esse
641 1021 829 1084 Deum,
880 1029 935 1074 et
975 1019 1178 1073 nullum
1216 1018 1515 1088 despicere,
1556 1015 1803 1086 quamvis
1837 1013 1935 1068 de-

340 1114 672 1183 linquentem
703 1111 769 1166 ad
799 1125 856 1166 se
885 1116 1290 1165 convertentem
1319 1107 1668 1177 ambigimus;
1718 1103 1790 1159 ob
1829 1102 1934 1159 hoc

340 1205 526 1275 itaque
547 1201 904 1264 decernimus,
937 1207 995 1254 ut
1020 1199 1134 1269 ipse
1161 1197 1372 1252 Vacrila
1410 1211 1534 1251 cum
1561 1208 1750 1260 uxore,
1790 1189 1931 1258 ﬁliis,

338 1303 393 1350 et
419 1294 568 1348 omni
612 1291 937 1362 patrimonio
984 1303 1083 1343 suo
1129 1287 1392 1357 perpetim
1440 1283 1789 1340 sanctissimae
1829 1281 1937 1335 vir-

339 1385 446 1453 gini
476 1383 694 1437 Eulaliae
721 1381 1005 1446 deserviat,
1050 1394 1176 1434 nam
1205 1386 1257 1433 et
1285 1375 1679 1446 bocopmsenti
1718 1373 1937 1428 decreto

340 1473 631 1536 sancimus,
663 1479 719 1525 et
746 1470 886 1524 sicut
913 1469 1083 1523 ultimi
1115 1469 1268 1538 pueri
1298 1475 1422 1521 ante
1449 1480 1646 1534 equum
1687 1461 1936 1517 domino-

342 1576 456 1616 rum
485 1577 708 1617 suorum
738 1559 940 1628 absque
981 1559 1162 1629 aliquo
1195 1557 1422 1612 vehiculi
1446 1555 1722 1625 juvamine
1750 1553 1938 1606 ambu-

343 1650 454 1705 lare
481 1649 628 1704 soliti
657 1657 801 1714 sunt,
830 1649 902 1702 ita
932 1655 1057 1703 ante
1087 1657 1110 1684 ⁸
1142 1646 1405 1704 caballum
1454 1642 1657 1698 domini
1683 1640 1775 1711 qui
1803 1654 1936 1709 pra:-

342 1751 422 1794 est
448 1740 600 1795 cella:
627 1746 827 1794 sancta:
857 1738 1079 1792 Eulaliae
1108 1735 1382 1791 ambulare
1418 1733 1629 1797 debeat,
1675 1739 1729 1787 et
1776 1744 1937 1785 omne

1379 360 1465 414 DE
1512 359 1667 414 VITA
1710 357 1992 415 PATRUM
2038 353 2582 412 EMERITENSIUM.

335 478 456 536 dum
502 475 733 547 principi
781 472 1089 530 Rcccaredo
1137 471 1474 542 supradictus
1512 471 1764 526 Claudius
1808 470 1930 523 inti—
1960 473 2004 529 Α

3513 355 3606 407 tus

2624 465 2849 520 CAPUT
2890 467 3005 521 XIX

2032 558 2387 614 Narbonensis
2417 557 2680 620 tumultus,
2725 557 3036 612 Arianorum
3076 556 3140 610 ab
3179 559 3414 628 episcopo
3458 557 3620 612 Atha-

2066 651 2178 706 loco
2207 649 2479 714 excitatus,
2501 663 2822 716 compressus
2841 656 2916 700 est
2943 665 3098 717 opera
3132 647 3409 702 Reccaredi
3431 648 3586 717 regis.

2103 740 2177 794 Ea
2209 740 2369 809 igitur
2399 738 2882 808 tctnpestateaptid
2910 737 3200 792 Galliarum
3229 739 3312 793 exi
3337 739 3478 791 niam
3529 754 3620 791 ur-

2030 832 2154 888 bem
2180 831 2482 886 Narbonam
2516 829 2882 898 hujuscemodi
2913 839 3098 884 contra
3123 830 3275 884 tidem
3301 829 3621 884 catholicam

2033 927 2276 983 diabolus
2303 925 2555 980 excitavit
2598 923 2916 978 seditionem
2943 963 2959 987 ,
3007 923 3160 990 cujus
3207 935 3380 976 causa:
3427 922 3622 975 seriem

2033 1030 2288 1072 enarrare
2318 1029 2574 1084 perquam
2604 1014 2819 1082 longum
2850 1021 2963 1078 est;
3010 1027 3134 1065 nam
3184 1011 3229 1065 si
3276 1009 3378 1064 hoc
3407 1024 3501 1080 per
3531 1025 3620 1062 ur-

2033 1106 2212 1161 dinem
2243 1105 2490 1174 persequi
2520 1103 2864 1168 voluerimus,
2908 1100 3220 1168 tragoediam
3269 1101 3436 1166 magis
3464 1112 3620 1166 quam

2035 1195 2315 1250 historiam
2344 1201 2528 1247 texere
2557 1191 2874 1258 videbimur,
2907 1193 2999 1243 sed
3032 1189 3264 1244 breviter
3291 1188 3624 1241 summatim-

2035 1300 2140 1356 que
2186 1286 2429 1354 exiguam
2477 1283 2798 1353 particulam
2847 1297 3181 1336 enarremus.
3233 1279 3348 1334 Duo
3393 1278 3626 1348 denique

2035 1375 2276 1438 comites,
2307 1374 2490 1444 inclyti
2519 1374 2640 1427 licet
2667 1373 2857 1441 opibus
2883 1380 2938 1426 et
2965 1371 3174 1426 nobiles
3211 1385 3410 1439 genere
3433 1412 3449 1436 ,
3500 1384 3627 1439 pro-

2037 1463 2145 1518 fani
2177 1473 2354 1517 tamen
2384 1461 2652 1516 mentibus
2677 1469 2732 1515 et
2762 1461 3021 1528 ignobiles
3057 1461 3294 1516 moribus
3327 1472 3348 1499 ε
3377 1458 3628 1514 Granista

2035 1555 2286 1610 videlicet
2314 1563 2368 1608 et
2397 1553 2776 1620 Wildigernus,
2809 1567 2928 1606 cum
2960 1551 2982 1586 ει
3016 1551 3215 1605 Ariano
3242 1551 3496 1621 episeopo
3525 1565 3628 1605 no-

2036 1644 2180 1698 mine
2206 1643 2488 1708 Athaloco,
2537 1640 2620 1695 vel
2653 1651 2677 1678 υ
2705 1641 2794 1694 alii
2843 1640 3021 1710 plures
3063 1655 3344 1710 compares
3383 1653 3628 1693 errorum

2036 1747 2279 1799 suorum,
2319 1731 2619 1801 graviorem
2669 1730 2722 1784 in
2771 1729 3014 1785 eamdem
3062 1731 3337 1799 regionem
3388 1728 3631 1785 fecerunt

342 1831 618 1885 servitium
662 1828 806 1898 quod
849 1827 1088 1883 intimum
1117 1832 1469 1882 consueverat
1495 1836 1754 1895 peragere
1783 1836 1938 1874 man-
1970 1840 2015 1900 Β
2043 1824 2400 1878 turbatiouem
2428 1838 2442 1888 ;
2477 1837 2596 1875 nam
2625 1820 2944 1875 resultantes
2970 1819 3222 1875 adversus
3259 1819 3413 1874 [idem
3442 1820 3633 1875 catho-

344 1921 564 1990 cipium,
607 1935 790 1975 coram
819 1934 885 1975 eo
912 1919 1160 1989 deposito
1188 1918 1454 1974 cothurno
1498 1915 1582 1970 vel
1632 1915 1770 1969 fastu
1817 1927 1938 1966 cum

346 2010 490 2064 omni
543 2009 842 2064 humilitate
895 2009 1167 2065 exhibeat.
1219 2007 1455 2077 Accepta
1511 2007 1675 2075 igitur
1724 2012 1941 2059 sarctus

346 2097 592 2153 Massona
623 2099 944 2154 auctoritate
973 2114 1096 2155 eum
1132 2098 1278 2154 illico
1303 2099 1370 2153 de
1398 2097 1618 2152 basilica
1649 2093 1853 2164 egredi,
1886 2103 1943 2150 et

347 2191 411 2243 ad
438 2206 596 2246 suum
626 2200 972 2262 conspectum
1002 2193 1188 2248 venire
1224 2192 1498 2262 p'aacepit,
1542 2199 1596 2244 et
1636 2198 1694 2244 ut
1729 2204 1943 2258 semper

348 2283 644 2338 visceribus
671 2283 884 2353 pietatis
911 2282 1185 2348 al'lluebat,
1215 2297 1340 2338 eum
1370 2282 1582 2346 blande,
1633 2297 1700 2336 ne
1741 2279 1941 2350 aliquid

349 2384 454 2455 iam
484 2372 743 2443 deinceps
773 2374 1100 2438 lormidaret,
1149 2373 1445 2441 admonuit,
1486 2374 1600 2436 sed,
1636 2381 1694 2427 ut
1715 2373 1942 2442 jussioni

351 2464 603 2533 principis
641 2463 1059 2535 obtemperaret,
1089 2478 1248 2519 causa
1279 2463 1595 2520 obedientia:
1622 2463 1690 2518 de
1717 2463 1940 2517 ecclesia

350 2557 406 2609 S.
436 2554 657 2610 Eulalia:
687 2569 854 2624 usque
881 2555 948 2610 ad
974 2556 1190 2620 atrium,
1220 2555 1364 2624 quod
1390 2563 1474 2612 est
1503 2553 1776 2610 fundatum
1808 2554 1942 2609 intra

352 2661 534 2701 muros
588 2644 825 2702 civitatis
881 2655 1006 2701 ante
1064 2647 1327 2702 caballum
1391 2645 1602 2701 diaconi
1659 2643 1941 2714 Retlempti

351 2745 632 2807 pergeret,
688 2737 992 2804 ordinavit;
1044 2748 1368 2809 arreptoque
1409 2738 1602 2793 baculo
1650 2737 1942 2807 supradicti

350 2830 558 2885 diaconi
608 2829 853 2885 manibus
880 2838 1096 2898 gestans
1124 2830 1191 2883 ad
1219 2830 1412 2884 atrium
1456 2829 1806 2899 pervenisset,
1839 2837 1942 2883 sta-

352 2917 441 2972 tim
467 2933 592 2973 eum
621 2918 848 2973 liberum
875 2919 1024 2973 abire
1053 2919 1293 2988 permisit
1321 2935 1442 2974 cum
1474 2933 1645 2974 uxore
1693 2927 1749 2972 et
1797 2917 1936 2984 llliis,

351 3015 403 3060 et
443 3007 695 3062 omnibus
742 3007 954 3076 praediis
1001 3009 1134 3074 suis,
1163 3008 1268 3062 hoc
1296 3008 1470 3062 solum
1500 3007 1574 3062 illi
1604 3007 1939 3077 prtecipiens,

353 3107 408 3152 ut
435 3099 683 3153 erunibus
712 3097 892 3154 modis
917 3097 945 3136 ι’
975 3097 1295 3153 catholicam
1327 3098 1483 3152 tidem
1529 3098 1789 3166 integram
1835 3098 1937 3151 im-

354 3187 779 3257 maculatamque
803 3187 1096 3242 custodiret
1123 3187 1330 3243 cunctis
1357 3187 1544 3243 diebus
1569 3187 1694 3242 vita:
1716 3202 1845 3242 sum.

423 3315 766 3389 '_Caballum_.
820 3317 892 3372 De
932 3319 1032 3374 hac
1079 3332 1213 3374 voce
1259 3318 1408 3387 plura
1439 3319 1565 3373 olim
1606 3333 1744 3389 pene
1786 3321 1940 3389 pueri

355 3383 584 3467 diximus
624 3387 689 3441 ad
737 3386 900 3467 Persii
933 3389 1177 3444 liminare
1206 3383 1426 3443 carmen
1452 3403 1569 3458 quze
1606 3383 1938 3459 supervaca-

355 3470 519 3526 neum
540 3466 610 3510 sit
639 3466 904 3526 repetere.
1485 3475 1494 3486 "

422 3526 447 3601 ξι
479 3525 806 3601 Catholicam
837 3528 996 3601 fidem
1043 3528 1300 3601 integer
1340 3527 1743 3601 inviolatamque
1767 3571 1783 3596 ,
1809 3538 1938 3601 _etc.

356 3595 432 3668 ᾼίι
461 3597 818 3668 certissimam
838 3595 1198 3652 'Atbanasiani
1227 3597 1466 3668 Symboli
1497 3595 1776 3654 amuséim.
1806 3599 1939 3654 Nam

358 3665 499 3747 ὅστις
529 3661 587 3718 ἂν
607 3666 1252 3747 βοῤ)κηται.σωθῆναι.νπρὸ
1270 3661 1473 3722 Ῐπάντων
1497 3675 1602 3746 χρή
1629 3677 1827 3747 κρατεῖν
1849 3675 1940 3729 τήν

356 3737 610 3794 reﬂ-Armis
635 3740 824 3810 πίστέν.
851 3739 912 3810 ἣν
933 3742 975 3792 si
1003 3746 1073 3810 μή
1103 3736 1173 3798 εἷς
1191 3736 1418 3799 ’ἕκαστος
1443 3736 1582 3794 σῶἆν
1609 3736 1695 3793 κάξ
1727 3744 1941 3808 ἀμώμη-

357 3826 440 3879 τον
460 3811 661 3879 τηρήσῃ
684 3848 698 3868 .
743 3804 1202 3879 invidias-apati,
1236 3813 1307 3879 si;
1345 3812 1432 3865 τὸν
1467 3813 1626 3864 αἰῶνα
1655 3804 1936 3864 ἀπολεῖὲαι.

359 3876 442 3935 (ex
474 3876 730 3948 accurata
764 3877 1015 3948 Ecclesia:
1042 3876 1329 3933 Catholicae
1361 3887 1679 3948 receptaque
1713 3879 1941 3947 antiqui—

359 3951 441 3997 tus
481 3944 971 4018 interpretatione.)
1001 3948 1297 4018 Quicunque
1323 3949 1424 4002 vult
1453 3944 1623 4002 salvus
1663 3965 1791 4015 esse,
1824 3944 1943 4001 ante

359 4014 534 4088 omnia
563 4030 692 4083 opus
715 4023 790 4068 est
814 4024 869 4068 ut
899 4014 1067 4070 teneat
1095 4014 1401 4071 catholicam
1426 4019 1582 4087 fidem
1604 4057 1624 4088 ,ξ
1643 4035 1797 4088 quam
1842 4019 1941 4072 nisi

358 4083 466 4164 quis
492 4098 762 4139 tuream:
784 4100 1205 4169 inf-tctfrttuque
1233 4083 1535 4169 servaverit,
1573 4083 1760 4169 absque
1787 4088 1942 4169 dubio

358 4153 410 4227 in
440 4153 922 4227 wterngumyeribit.
955 4153 1175 4227 Videbis
1204 4157 1439 4227 eruditas
1468 4153 1690 4227 piissimi
1714 4172 1777 4212 ac
1805 4157 1938 4211 dor.—

360 4221 475 4275 tiss.
507 4220 648 4277 Gilb.
683 4220 1011 4279 Genebrardi
1041 4225 1163 4279 Not.
1212 4226 1280 4279 ad
1310 4220 1508 4281 calcem
1542 4228 1632 4282 lib.
1662 4243 1719 4282 tu
1747 4228 1814 4282 de
1842 4227 1937 4282 SS.

361 4289 553 4344 Trinit.
585 4307 704 4360 quae
732 4293 834 4346 hue
859 4303 1124 4350 snectant.

437 4391 441 4395 -
483 4360 737 4436 Qranista
756 4363 1209 4436 et_il‘Vildigernus.
1260 4365 1337 4419 De
1369 4375 1594 4436 utroque
1623 4366 1812 4436 Moral.
1845 4382 1938 4432 xtl,

363 4430 562 4504 capri,
609 4440 665 4485 et
705 4431 894 4487 Padill.
928 4430 1071 4489 cent.
1104 4435 1178 4502 vi,
1222 4451 1341 4504 cap.
1375 4435 1465 4502 52,
1491 4430 1559 4491 ex
1600 4437 1701 4491 lide
1748 4430 1939 4504 Pauli,

369 4503 508 4569 apud
540 4516 700 4568 quem
733 4511 933 4556 tantum
966 4505 1154 4558 horum
1185 4503 1440 4560 con-iitum
1472 4508 1692 4560 mentio.

1965 3209 2012 3273 C

2042 1913 2202 1968 licam
2252 1911 2510 1966 inﬁnitam
2553 1910 2942 1965 multitudinem
2975 1909 3304 1965 Francorum
3347 1911 3398 1964 in
3443 1910 3633 1966 Galliis

2044 2005 2473 2070 introduxerunt,
2503 2012 2766 2074 quatenus
2792 2004 2843 2057 vi
2873 2004 3186 2072 pravitatem
3227 2003 3438 2058 Arianae
3466 2007 3632 2072 partis

2041 2095 2392 2161 vindicarent,
2441 2102 2496 2148 et
2521 2094 2565 2148 si
2596 2093 2712 2148 ﬁeri
2741 2093 3020 2164 potuisset,
3051 2107 3272 2161 regnum
3303 2094 3420 2148 viro
3447 2095 3632 2148 eatbn-

2043 2185 2148 2241 lico
2175 2184 2484 2240 Reccaredo
2513 2184 2895 2254 prteriperrnt;
2942 2184 3155 2238 interim
3198 2199 3294 2254 per
3325 2185 3462 2239 idem
3497 2193 3632 2240 tem-

2043 2295 2142 2349 pus
2191 2277 2635 2334 innumerabilem
2685 2276 3006 2332 clericorum
3037 2317 3053 2338 ,
3109 2277 3524 2346 religiosorum,
3577 2286 3634 2333 et

2043 2372 2282 2428 omnium
2323 2371 2429 2444 [AL
2461 2369 2759 2440 hominum]
2807 2368 3200 2424 catholicorum
3252 2350 3634 2426 interiicientes

2041 2462 2459 2528 multitudinem,
2490 2463 2803 2516 immensam
2829 2460 3070 2515 fecerunt
3097 2470 3363 2529 stragem;
3403 2477 3632 2530 quorum

2041 2552 2245 2608 scilicet
2290 2550 2534 2606 Salvator
2575 2533 2756 2604 noster
2798 2548 2952 2604 Jesus
2994 2549 3237 2603 Christus
3266 2549 3472 2606 animas
3499 2566 3633 2606 auro

2042 2647 2248 2716 obryzo
2290 2643 2552 2713 puriores,
2597 2641 2849 2710 omnique
2879 2639 3054 2710 lapide
3085 2641 3323 2710 pretioso
3351 2641 3633 2710 pretiosio-

2041 2750 2149 2801 res,
2187 2734 2335 2788 velut
2381 2732 2842 2788 holocaustomata
2887 2729 3202 2799 suscipiens,
3234 2731 3464 2784 catervis
3492 2746 3634 2785 mar-

2042 2833 2216 2896 tyrum
2244 2825 2297 2878 in
2326 2823 2532 2880 cmlesti
2559 2823 2798 2878 sacrario
2835 2821 3141 2877 collocavit.
3175 2818 3304 2876 Post
3331 2820 3446 2875 haec
3474 2821 3633 2889 igitur

2041 2915 2186 2970 nulla
2217 2929 2368 2970 mora
2398 2913 2790 2968 interveniente
2833 2911 3077 2968 sublimis
3107 2920 3267 2979 atque
3294 2911 3632 2980 omnipotens

2041 3004 2184 3060 Deus
2213 3005 2456 3058 hostibus
2483 3004 2594 3057 suis
2620 3017 2854 3072 superno
2893 3002 3114 3057 brachio
3160 3015 3464 3070 repugnans
3511 3016 3633 3070 pre-

2041 3097 2192 3152 cibus
2220 3095 2653 3151 excellentissimi
2697 3093 2992 3149 Reccarcdi
3036 3093 3290 3162 principis
3319 3094 3630 3161 sanguinem

2043 3186 2326 3242 innocuum
2371 3186 2634 3241 ulciscens
2662 3226 2678 3253 ,
2735 3183 2754 3222 ί
2788 3184 3097 3253 romplucali
3140 3184 3342 3253 judicio
3389 3185 3633 3255 protinus

2043 3321 2229 3373 tionem
2273 3319 2534 3372 hominum
2578 3318 2791 3372 deducto
2841 3317 3018 3372 Uldila
3077 3319 3263 3372 exsilio
3312 3319 3629 3386 mulctatur;

2044 3387 2332 3460 Gosiuntha
2361 3390 2630 3460 catholicis
2658 3406 2856 3460 semper
2876 3387 3086 3460 infesta,
3122 3389 3327 3442 tandem
3365 3392 3476 3460 fato
3506 3406 3630 3446 con-

2041 3461 2212 3513 cessit.
2244 3457 2470 3522 Quidam
2507 3475 2570 3512 ea:
2602 3457 2832 3512 cubiculo
2862 3457 2973 3527 ejus
3000 3469 3048 3512 et
3077 3457 3507 3527 provincite'dux,
3538 3477 3634 3517 n0—

2042 3531 2180 3583 mine
2221 3529 2570 3597 Argimundus
2597 3569 2613 3594 ,
2664 3529 2988 3597 tyrannidem
3036 3529 3321 3597 affectans,
3385 3531 3633 3586 adversus

2042 3615 2212 3669 regem
2242 3601 2537 3670 conspirat,
2581 3601 2653 3650 ita
2677 3610 2732 3670 ut
2755 3614 2890 3670 eum,
2919 3599 2961 3650 si
2991 3608 3178 3670 posset.
3205 3608 3252 3652 et
3274 3615 3432 3668 regno
3457 3602 3630 3670 priva-

2042 3667 2122 3721 ret
2151 3678 2199 3721 et
2221 3670 2357 3731 vita;
2389 3669 2478 3720 sed
2518 3667 2733 3736 nefandi
2771 3668 2882 3736 ejus
2915 3668 3119 3720 consilii
3146 3667 3345 3720 detecta
3365 3667 3632 3723 machina-

2044 3740 2216 3805 tione,
2247 3737 2638 3805 comprehensus
2663 3775 2676 3798 ,
2731 3747 2798 3807 ct?
2821 3737 3032 3790 vinculis
3076 3737 3256 3807 ferreis
3285 3741 3589 3793 constrictus
3614 3781 3628 3804 ,

2047 3808 2222 3879 habita
2252 3809 2552 3877 quwstione,
2586 3807 2711 3860 socii
2750 3806 3048 3879 ejusiimpia
3079 3806 3352 3860 molimina
3375 3811 3628 3879 confessi,

2044 3878 2204 3948 digna
2241 3888 2361 3932 sunt
2401 3878 2596 3948 ultione
2625 3878 2900 3947 interfecti.
2948 3878 3226 3948 Ipservero
3257 3878 3628 3948 Argimundus,

2043 3947 2128 4018 qui
2156 3964 2312 4018 regno
2342 3947 2594 4010 inhiabat,
2629 3948 2848 4017 primunt
2880 3947 3169 4018 verberibus
3210 3947 3405 4012 avsus,
3447 3949 3632 4002 deinde

2045 4017 2263 4085 turpiter
2313 4019 2603 4070 decalvatus
2654 4033 2671 4068 :
2733 4026 2846 4080 post
2898 4017 3008 4069 hrcc
3060 4019 3271 4070 dextera
3320 4027 3629 4084 amputata,

2043 4089 2331 4157 exemplum
2377 4089 2612 4140 omnibus
2654 4089 2804 4140 asino
2849 4087 3083 4140 insidens
3127 4086 3294 4157 Toleti
3343 4089 3519 4153 dedit,
3569 4106 3634 4143 ne

2045 4156 2227 4227 famuli
2255 4160 2496 4210 adversus
2521 4158 2756 4211 dominos
2788 4159 3083 4227 insurgunt.
3119 4156 3244 4210 Haec
3276 4157 3364 4210 ille
3390 4160 3632 4224 ejus-lem

2048 4229 2304 4297 temporis
2333 4228 2581 4297 scriptor.

2121 4299 2138 4334 ί
2160 4295 2512 4367 'Romphteali
2535 4297 2733 4367 judicio
2763 4297 2996 4365 protinus
3025 4297 3096 4367 de,
3110 4295 3334 4367 inimicis
3353 4296 3628 4365 miriﬁcam

2045 4369 2165 4435 fecit
2194 4364 2463 4420 ultionem.
2496 4364 2754 4436 Exemplo
2784 4368 2880 4418 l'uit
2911 4365 3135 4420 victoria
3167 4364 3277 4436 illa.
3305 4380 3408 4432 qua
3432 4364 3630 4421 nullam

2043 4439 2099 4491 in
2131 4437 2401 4504 Hispaniis
2429 4435 2712 4490 Gothorum
2736 4437 2812 4488 vel
2839 4436 3090 4504 majorem
3118 4435 3194 4488 vel
3219 4436 3438 4489 similem
3470 4440 3633 4491 exsti-

2047 4510 2201 4571 tisse,
2233 4507 2420 4576 lsidor.
2458 4509 2608 4560 testis
2637 4514 2720 4560 est
2763 4505 2820 4576 in
2846 4504 3047 4559 Chron.
3091 4507 3206 4569 ejus
3250 4507 3443 4573 gentis.
3476 4506 3631 4576 Nam,

432 4568 457 4605 ά
487 4572 684 4652 Ariona
721 4572 959 4652 episcopo
1010 4575 1225 4652 nomine
1262 4576 1528 4652 Athalgco.
1561 4575 1782 4652 Gregor.
1828 4575 1931 4628 Tu-
1972 4594 2017 4652 υ
2045 4568 2263 4630 auctore
2317 4575 2493 4652 Jnan._
2525 4576 2739 4652 Biclat'u
2774 4573 3103 4652 Ε’Ῑίιησονιηζξ
3123 4568 3392 4652 ίςξζειῖεὶιξιμ
3423 4593 3456 4652 a_
3493 4568 3634 4632 (ἷυηἰ

363 4654 579 4710 ronttx.
614 4641 808 4695 Franc.
841 4641 902 4708 5,
924 4658 953 4695 a
983 4658 1089 4710 quo
1120 4645 1284 4697 multa
1313 4643 1381 4699 de
1406 4641 1736 4707 Reccared‘o,
1769 4655 1826 4698 et
1854 4662 1940 4699 re-

361 4709 457 4763 bus
488 4709 632 4762 illius
661 4719 902 4778 tempore
928 4709 1110 4780 gestis,
1159 4714 1324 4768 habes
1347 4755 1361 4778 ,
1415 4715 1638 4768 Nuntios
1679 4717 1835 4768 mittit
1870 4716 1940 4769 ad

360 4780 675 4856 provinciam
720 4780 1143 4856 Narbonensem,
1173 4783 1351 4852 quibus
1391 4783 1720 4856 narrantibus
1740 4801 1801 4837 ea
1830 4801 1942 4856 qua:

362 4850 447 4901 ille
475 4858 722 4923 gesserat,
753 4852 912 4903 simili
938 4850 1238 4906 credulitate
1267 4855 1481 4923 papulas
1506 4855 1594 4906 ille
1614 4850 1939 4908 connectere-

363 4916 631 5000 turyl'Irat.
653 4923 788 4972 enim
821 4931 938 4973 tunc
985 4934 1137 5000 sectte
1182 4916 1394 4977 Ariona:
1420 4925 1684 5000 episcopus
1724 4924 1941 5000 Athala-

362 5003 471 5064 cus,
501 4993 588 5064 qui
615 4993 690 5064 ita
710 5007 802 5058 per
831 4993 1218 5064 praepositiones
1241 5009 1396 5064 vanas
1417 5002 1464 5045 et
1494 4995 1942 5064 interpretationes

363 5056 524 5122 falsas
540 5056 1214 5132 Scripturarumlt‘cclesias
1230 5062 1336 5132 “Dei
1348 5056 1702 5126 conturbabut,
1725 5073 1778 5114 ut
1791 5073 1936 5132 puta-

364 5127 644 5197 returguod
653 5129 760 5197 ipse
771 5139 900 5182 esset
912 5129 1086 5197 Arius,
1099 5141 1205 5186 etc.
1223 5129 1413 5186 Errore
1429 5133 1672 5185 nimirum
1687 5142 1740 5188 et
1753 5127 1942 5188 niorte.

394 5263 406 5273 .
437 5203 460 5231 ⁸
491 5194 583 5273 γει
605 5194 695 5251 alii
722 5201 913 5273 plures.
953 5199 1019 5255 Ut
1057 5194 1259 5264 Sunna,
1299 5200 1497 5273 Uldilas
1523 5203 1756 5272 epi:c0pi
1785 5245 1799 5270 ,
1830 5201 1942 5256 Gu-

365 5266 1015 5346 siuntbahreginaLSega
1052 5287 1257 5346 comes,
1305 5282 1373 5346 et_
1407 5266 1938 5346 Argitnutnlus'dux.

361 5331 514 5386 Joan.
567 5331 892 5407 lii:larensis
941 5331 992 5393 in
1043 5331 1285 5395 Chroni:
1335 5331 1556 5406 Quiddm
1589 5359 1654 5396 ea:
1695 5342 1937 5407 Ariauis,

363 5419 542 5484 nempe
555 5404 736 5459 Sunna
762 5410 1046 5484 episcopus.
1076 5421 1124 5464 et
1153 5411 1288 5484 S_ega
1310 5404 1422 5464 cum
1443 5413 1742 5484 quibusdam
1765 5404 1942 5484 tyran;

363 5474 532 5551 nidem
562 5474 822 5551 assumere
847 5474 1123 5551 cupientes,
1157 5474 1498 5551 deleguntur':
1545 5481 1729 5551 Sunna
1762 5474 1944 5536 easilio

364 5543 678 5618 mulctatur,
723 5543 1161 5618 Segai'manibus
1207 5543 1486 5618 amputatis
1544 5552 1597 5602 in
1643 5550 1944 5606 Gal/(eciam

363 5615 533 5691 ensub
558 5615 832 5691 relegatur.
877 5617 1056 5691 gldila
1085 5615 1350 5691 episcopus
1393 5636 1508 5672 cum
1543 5620 1827 5673 Gosiuntha
1865 5639 1945 5674 re-

369 5686 489 5760 gina
517 5686 822 5760 insidiantes
866 5686 1154 5742 Reccaredo
1183 5686 1487 5756 prbduntur,
1516 5701 1563 5742 et
1613 5690 1733 5758 ﬁdei
1764 5695 1944 5742 catho-

370 5757 484 5804 ticte
507 5757 932 5827 communionem,
961 5774 1114 5827 quam
1151 5760 1242 5811 sub
1269 5761 1434 5823 specie
1463 5757 1757 5812 Christiana
1796 5761 1942 5825 quasi

374 5823 656 5888 sumebant,
689 5842 804 5895 ιιι-ο]
834 5823 1337 5896 ‹·ἑε.ςείηώιὶοιιηιιιι’.
1372 5828 1482 5893 Quo
1520 5834 1653 5886 male
1683 5833 1734 5884 in
1765 5823 1942 5900 cygni-

2047 4657 2261 4699 teranno
2284 4661 2401 4715 rege
2425 4647 2608 4699 missus
2638 4646 2764 4716 duce
2798 4644 3029 4699 Bassone
3063 4645 3288 4700 Galliam
3320 4645 3634 4701 Narbonen-

2043 4733 2150 4770 sem
2177 4717 2386 4784 invasit,
2429 4728 2475 4768 et
2498 4715 2654 4784 juxta
2679 4715 3053 4769 Carcassonam
3075 4726 3247 4769 castra
3269 4719 3458 4784 posuit.
3492 4716 3633 4780 Quos

2043 4785 2290 4858 Claudius
2321 4783 2608 4858 Lusitania:
2629 4786 2734 4858 dua:
2763 4802 2794 4838 a
2826 4784 3121 4858 Reccaredo
3149 4783 3336 4840 missus
3361 4789 3415 4858 in
3455 4789 3628 4858 fugam

2043 4856 2312 4926 convertit,
2361 4864 2428 4915 et,
2463 4855 2602 4908 dictu
2641 4857 2845 4918 mirum,
2898 4857 3171 4926 sexaginta
3221 4859 3328 4926 fere
3368 4855 3629 4911 hominum

2044 4925 2209 4977 millia
2238 4941 2352 4977 cum
2383 4927 2621 4978 trecentis
2652 4926 2765 4992 plus
2795 4925 2961 4977 minus
3002 4925 3248 4978 militibus
3284 4929 3474 4994 partim
3504 4928 3629 4980 occi-

2046 4994 2142 5063 dit,
2170 4997 2359 5062 pertint
2382 4995 2594 5063 fugavit,
2620 4995 2912 5062 dispoliatis
2938 4998 3165 5063 ipsorum
3186 4997 3391 5048 castris.
3417 4995 3626 5050 lsidor.:

2052 5062 2285 5134 Francis
2309 5062 2424 5117 cum
2443 5062 2720 5134 sexaginta
2749 5067 2855 5134 fere
2880 5062 3105 5118 millibus
3128 5075 3443 5117 armatorum
3472 5067 3635 5131 copiis

2050 5133 2382 5197 irruentibus,
2423 5133 2583 5188 misso
2610 5133 2825 5187 Claudio
2855 5136 2982 5188 duce
3010 5135 3252 5187 adversus
3278 5151 3385 5196 eos,
3404 5136 3630 5203 glorioso

2040 5206 2380 5275 triumphavit
2409 5213 2610 5270 eventu,
2641 5215 2746 5258 etc.
2782 5204 3036 5257 l‘rostrati
3063 5215 3180 5257 sunt
3218 5212 3267 5256 et
3306 5205 3442 5270 capti
3470 5206 3630 5258 multa

2052 5277 2236 5337 millia,
2270 5275 2475 5327 residua
2515 5291 2635 5341 pars
2662 5276 2913 5344 exercitus
2951 5277 3004 5327 in
3037 5281 3208 5344 fugam
3239 5290 3414 5344 versa,
3447 5275 3629 5328 Gothis

2051 5355 2388 5415 post_tergum
2411 5343 2790 5415 insequentibus
2821 5361 2975 5415 usque
2995 5342 3135 5415 regni
3165 5345 3242 5395 sui
3271 5342 3463 5415 ﬁnibus
3492 5360 3630 5398 caesa

2049 5411 2143 5467 est.
2167 5411 2509 5468 Recbaredus
2532 5411 2618 5469 hic
2640 5411 2958 5467 laudatur'iu
2987 5411 3235 5475 Claudio;
3264 5411 3316 5465 ct
3343 5411 3630 5469 Rcccaredi

2055 5483 2374 5538 auctoritate
2395 5483 2599 5538 Claudii
2615 5484 2781 5551 gloria
2806 5491 2914 5537 tam
2940 5486 3095 5550 longe
3115 5483 3327 5550 lateque
3346 5496 3631 5552 pervagata

2053 5565 2153 5620 est,
2188 5563 2244 5604 ut
2273 5568 2378 5606 non
2408 5553 2580 5608 solum
2612 5555 2678 5607 ab
2703 5553 3055 5621 scriptoribus
3084 5552 3403 5616 celebretur,
3435 5555 3530 5609 sed
3560 5556 3631 5610 ab

2054 5622 2171 5689 ipso
2200 5623 2452 5693 pontiﬁce
2481 5621 2972 5693 surnmnGrt-gorio
3011 5621 3200 5690 Magno
3224 5623 3433 5677 eximiis
3462 5627 3628 5678 laudi-

2050 5693 2149 5760 bus
2193 5691 2485 5746 extollatur
2513 5691 2774 5760 cpistola,
2819 5705 2979 5757 quam
3031 5693 3119 5745 lib.
3171 5708 3242 5747 vn
3288 5693 3488 5759 Begist.
3527 5695 3630 5747 124

2051 5759 2292 5833 legimus,
2333 5778 2452 5815 cum
2481 5759 2581 5833 hac
2609 5762 2988 5833 inscriptione,
3024 5762 3297 5833 Gregorius
3322 5764 3540 5817 Claudio
3561 5767 3632 5816 in

2052 5828 2324 5886 Hisvaniis
2352 5833 2413 5886 de
2450 5831 2808 5904 [astilittritate
2837 5832 2928 5901 (an
2965 5828 3166 5908 familia
3185 5835 3228 5906 ?)
3270 5836 3403 5905 regis
3434 5833 3626 5890 Gotho-
