4032 6186
312 335 412 390 159

305 451 374 504 de
440 450 666 504 inimicis
726 447 1003 502 miriﬁcam
1087 446 1213 501 fecit
1276 445 1530 501 ultionem

307 537 588 605 postratis
637 535 1099 603 consternatisque
1146 533 1409 588 universis
1451 532 1569 588 lidei
1617 533 1893 588 catholica:

308 629 536 683 inimicis
585 637 612 665 ι
656 634 876 681 sanctus
921 625 1168 680 Massona
1233 624 1520 695 episcopus
1581 640 1705 680 cum
1750 626 1898 680 omni

307 719 458 783 plebe
502 733 597 773 sua
644 716 954 787 psalmodiue
1003 715 1270 771 canticum
1320 729 1547 771 exorsus
1586 712 1614 753 δ
1643 714 1898 785 mysticas

302 807 489 864 laudes
536 808 764 863 Domino
790 807 1010 874 cecinit,
1040 807 1105 859 ad
1134 805 1311 860 aulam
1342 805 1497 859 almre
1538 805 1759 874 virginis
1788 804 1895 858 Eu-

301 901 438 953 laliae
491 900 637 953 oumi
685 914 805 954 cum
865 898 1020 967 plebe
1071 897 1372 965 laudantes,
1422 897 1899 967 hymnizantesque

300 998 596 1055 venerunt;
630 1004 694 1043 ac
719 988 915 1043 deinde
945 986 1254 1042 Paschalem
1285 986 1679 1042 solemnitatem
1708 998 1899 1040 omnes

203 1085 206 1087 λ
297 1095 422 1136 cum
451 1096 518 1135 eo
547 1082 692 1135 cives
717 1078 1102 1148 jucundissime
1151 1077 1487 1132 celebrantes
1515 1092 1666 1133 more
1695 1077 1899 1146 prisco-

299 1190 420 1228 rum
450 1190 548 1243 per
577 1174 781 1243 plateas
808 1172 1022 1243 fragore
1051 1186 1246 1241 magno
1268 1170 1560 1240 jubilantes
1589 1172 1639 1225 in
1669 1171 1896 1239 gloriam

300 1262 512 1317 Domini
560 1263 970 1322 clamaverunt,
1019 1257 1601 1314 dicenteszcimtemus
1648 1258 1892 1324 Domino,

299 1356 521 1425 gloriose
565 1354 701 1406 enim
729 1351 1091 1421 magniﬁcatus
1142 1359 1260 1414 est;
1312 1358 1368 1404 et
1412 1351 1644 1404 iterum:
1675 1348 1897 1403 Dextera

301 1458 410 1509 tua,
438 1445 674 1510 Domine,
705 1443 995 1514 gloriﬁcata
1021 1450 1119 1508 est,
1167 1444 1221 1495 in
1249 1442 1430 1495 virtute
1460 1441 1683 1494 dextera:
1711 1455 1898 1494 manus

300 1547 401 1591 tute
427 1535 680 1605 confregit
707 1533 944 1586 inimicos
966 1546 984 1584 :
1006 1542 1055 1584 et
1097 1546 1208 1601 prce
1253 1529 1582 1585 multitudine
1610 1530 1897 1600 majestatis

300 1638 402 1682 tute
442 1624 726 1680 contrivisti
755 1623 1079 1677 adversaries
1118 1619 1314 1691 (Exod.
1350 1636 1437 1687 xv,
1472 1621 1525 1687 l,
1554 1618 1609 1686 (ἰ,
1642 1620 1718 1689 7).
1769 1618 1899 1674 Post

299 1719 412 1773 haec
453 1715 678 1771 remotis
718 1714 785 1769 ab
826 1712 972 1795 omni
1004 1720 1154 1781 parte
1183 1711 1594 1781 tempestatibus
1620 1712 1895 1781 copiosam

299 1806 555 1862 Dominus
576 1804 777 1875 populo
816 1803 1087 1859 catholico
1109 1802 1289 1870 largiri
1309 1802 1558 1871 dignatus
1579 1810 1662 1857 est
1685 1816 1891 1872 pacem.
1930 1832 1974 1892 Β

895 1892 1127 1948 CAPUT
1164 1892 1282 1947 XX.

301 1986 552 2043 Massona
569 1987 717 2040 valde
737 2001 894 2039 senex
908 1985 1064 2055 factis
1077 1983 1411 2054 eleemosynis
1425 1982 1899 2048 moritur,Eleuthe'

344 2080 423 2132 rio
436 2076 803 2131 archidiacono
817 2091 882 2130 ea:
893 2074 1225 2145 prwdictione
1237 2074 1334 2128 viri
1348 2076 1513 2129 sancti
1528 2084 1859 2144 praemortua.

324 2170 595 2224 'Sauctus
649 2168 832 2236 itaque
885 2166 1133 2222 Massona
1187 2168 1315 2222 dum
1375 2166 1556 2221 multis
1612 2168 1895 2222 curriculis

298 2274 556 2314 anum-um
578 2257 994 2313 adminiculante
1014 2257 1195 2312 divino
1219 2256 1472 2326 sullragio
1500 2256 1894 2313 Emeritensem

299 2357 508 2418 regeret
554 2347 888 2415 Ecclesiam,
941 2346 1220 2417 fessusque
1254 2348 1363 2417 jam
1403 2348 1566 2402 nimia
1612 2356 1895 2404 senectute

298 2444 349 2498 in
381 2442 569 2499 febrim
601 2448 887 2510 correptus
917 2449 1019 2505 est,
1050 2440 1321 2511 cmpitque
1346 2440 1549 2495 viribus
1579 2441 1743 2495 totius
1772 2456 1893 2496 cor-

298 2533 442 2603 poris
486 2541 708 2603 repente
734 2531 988 2595 destitui;
1014 2539 1139 2586 tunc
1165 2524 1357 2586 deinde
1384 2546 1688 2588 convocans
1718 2531 1894 2586 archi-

297 2625 584 2681 diaconqu
636 2642 789 2680 suum
840 2625 1057 2681 nomine
1103 2624 1488 2690 Eleutherium,
1538 2626 1613 2678 ait
1644 2625 1892 2681 illizCo-

297 2729 516 2784 guosce,
569 2715 662 2781 lili,
709 2718 853 2784 quod
902 2724 1115 2786 tempus
1162 2730 1296 2770 meai
1342 2715 1687 2772 resolutionis
1733 2716 1894 2769 instat

299 2806 385 2875 (ll
418 2806 552 2861 Tim.
587 2822 659 2873 tv,
688 2806 742 2877 6)
774 2816 866 2859 :et
907 2806 1028 2861 ideo
1057 2806 1282 2861 obsecro
1313 2813 1384 2868 te,
1416 2813 1578 2875 atque
1606 2804 1891 2870 admoneo,

297 2906 357 2953 ut
378 2900 489 2966 jam
520 2897 681 2953 modo
730 2900 799 2951 ita
844 2912 1025 2952 curam
1055 2907 1255 2954 sancta:
1302 2895 1574 2963 Ecclesiae,
1622 2897 1893 2968 totiusque

296 2996 495 3043 sancta:
521 2988 951 3056 congregationis
977 2987 1206 3043 sollicite
1227 3002 1408 3058 geras,
1438 2995 1498 3042 ut
1525 3002 1611 3042 me
1634 2988 1689 3043 in
1719 2989 1893 3044 cumi-

296 3080 395 3134 bus
439 3093 688 3135 securum
735 3077 951 3142 reddas,
981 3086 1037 3133 et
1064 3078 1195 3132 mihi
1223 3077 1380 3133 liceat
1427 3078 1489 3132 in
1524 3078 1645 3133 loco
1682 3089 1891 3133 secreto

297 3168 543 3224 maeroris
568 3206 584 3233 ,
634 3168 798 3222 animi
851 3182 970 3223 mea
995 3207 1011 3233 ,
1058 3168 1370 3237 priusquam
1413 3168 1623 3232 abeam,
1663 3166 1889 3221 deﬂeam
1919 3203 1964 3264 ρ

296 3257 510 3312 delicta.
557 3255 649 3311 llis
689 3256 912 3323 auditis,
951 3255 1063 3324 jam
1102 3256 1277 3310 dictus
1316 3254 1728 3311 archidiaconus
1772 3255 1893 3325 ejus

298 3365 404 3404 non
454 3346 751 3403 inlirmitali
797 3357 852 3403 et
896 3349 1160 3404 senectuti
1209 3363 1522 3419 compassus
1564 3356 1666 3412 est,
1698 3364 1804 3404 non
1832 3363 1892 3405 se

298 3440 531 3495 desolari
560 3439 693 3493 tanti
725 3436 899 3493 Patris
922 3439 1119 3493 solatio
1162 3437 1374 3505 doluit,
1423 3437 1518 3494 sed
1568 3438 1747 3508 potius
1797 3453 1895 3509 per

299 3533 415 3601 ejus
460 3530 665 3587 obitum
708 3529 905 3599 gaudio
954 3544 1149 3599 magno
1190 3530 1406 3599 gavisus
1442 3539 1548 3598 est,
1596 3545 1693 3586 cor
1736 3546 1892 3585 suum

204 3653 213 3659 ~
299 3622 482 3678 laetitia
531 3619 849 3676 transitorize
895 3619 1180 3690 potestatis
1229 3619 1466 3686 inﬂavit;
1517 3619 1590 3674 ita
1643 3619 1892 3675 nimirum

298 3724 359 3773 ut
403 3730 526 3772 eum
574 3727 772 3782 magno
801 3713 1063 3767 comitatu
1108 3727 1396 3782 puerorum
1444 3711 1707 3783 superbus
1752 3726 1894 3781 equo

299 3809 529 3863 vehente
584 3808 690 3862 huc
745 3806 974 3874 illucque
1023 3811 1338 3875 properaret
1383 3822 1397 3856 :
1441 3814 1563 3874 post
1609 3803 1895 3872 aliquantis

300 3906 479 3950 autem
507 3895 693 3949 diebus
722 3893 936 3956 accidit,
970 3901 1031 3947 ut
1058 3900 1280 3947 sanctus
1321 3891 1564 3947 Massona
1609 3892 1895 3961 episcopus

304 3997 327 4025 ο
360 3984 616 4057 puerulis,
647 3986 738 4053 qui
769 3984 818 4038 ei
852 3982 1006 4038 ﬁdele
1034 3983 1360 4037 exhibebant
1388 3983 1684 4049 servitium,
1731 3981 1895 4037 liber-

300 4077 428 4133 tatis
482 4073 755 4131 chartulas
800 4064 1200 4139 conscriberet,
1255 4079 1311 4128 et
1358 4088 1457 4142 per
1501 4070 1895 4129 conﬁrmandas

301 4231 435 4267 rum.
487 4211 584 4267 Cui
634 4211 775 4266 inter
821 4209 959 4275 alia,
1000 4207 1136 4273 Quia
1180 4210 1424 4280 unguenti
1466 4225 1608 4265 more
1643 4209 1892 4265 bonorum

306 4286 507 4354 fragrat
536 4282 734 4351 Opinio,
763 4290 946 4354 vestra:
971 4281 1152 4354 gloria:
1172 4281 1235 4333 de
1254 4277 1629 4354 'Occidentibus
1658 4280 1894 4350 partibus

304 4350 716 4421 ltitc'usque’odor
738 4350 979 4405 tetendit.
1019 4351 1084 4403 Et
1116 4362 1238 4421 post
1268 4366 1458 4421 pauca,
1492 4350 1685 4421 Magna
1718 4360 1891 4421 autem

302 4418 486 4476 uertrai
502 4422 673 4474 laudis
697 4422 851 4474 datur
876 4418 1131 4485 assertio,
1147 4420 1283 4484 quod
1305 4418 1888 4476 excellenti—Gothorum

303 4496 414 4561 regi
453 4498 621 4544 vestra
655 4491 823 4613 gloria
864 4491 1042 4544 sedulo
1083 4492 1346 4545 adltwrere
1376 4489 1666 4559 perhibetur
1705 4507 1722 4543 :
1772 4493 1893 4561 quia

306 4562 427 4613 dum
468 4560 618 4612 malis
691 4560 776 4612 oni
817 4577 1016 4613 semuer
1059 4561 1394 4613 displiceant.
1447 4559 1605 4613 bonos
1645 4576 1738 4613 nos
1777 4577 1889 4613 esse

306 4562 427 4613 dum
468 4561 618 4612 malis

304 4640 495 4683 certum
535 4637 629 4690 est,
675 4630 797 4698 quia
838 4629 969 4682 bona
1011 4629 1297 4697 placuistis.
1345 4630 1625 4699 Propterea
1663 4630 1887 4684 debitum

305 4700 634 4754 salutationis
679 4699 959 4767 alloquium
987 4700 1234 4769 solvens,
1279 4708 1398 4769 apto
1446 4717 1530 4754 vos
1577 4702 1633 4754 in
1670 4701 1752 4753 Itis
1777 4717 1890 4765 qua:

305 4770 526 4840 riepistis
565 4766 809 4840 egerceri,
847 4766 1443 4840 etc._Frequensqapud_
1465 4770 1766 4840 Scriptores
1793 4787 1891 4840 uo-

305 4835 447 4894 stros
472 4839 539 4893 de
565 4838 786 4891 Claudio
818 4836 1047 4906 mentio.
1076 4835 1331 4891 Concilio
1350 4835 1611 4893 Toletani)
1653 4839 1722 4891 72
1748 4839 1889 4906 epis-

306 4925 492 4979 copor.
547 4906 910 4979 Hispaniaeet
956 4904 1141 4960 Gallia:
1186 4906 1546 4979 Narbonensis
1575 4904 1891 4979 subscripsit

307 4975 556 5035 Claudius
584 4993 751 5031 comes
773 4975 1092 5030 Limitaneus
1112 4985 1160 5029 et
1189 4978 1295 5030 dna;
1315 4976 1457 5044 apud
1483 4976 1553 5029 Μ.
1587 4975 1800 5032 Maximi
1823 4978 1890 5033 ad

305 5066 431 5105 anu.
465 5048 587 5101 590.
620 5046 924 5102 Eutrandus
952 5048 1065 5100 sive
1110 5045 1467 5116 Luitprindus
1501 5048 1556 5100 in
1583 5045 1887 5116 Chronico,

306 5120 449 5189 quod
478 5117 1052 5189 primoevolgavimus,
1101 5114 1360 5189 iuranti“
1411 5116 1561 5189 illum
1605 5115 1888 5189 cumulilio

308 5185 547 5245 celebrat
579 5186 786 5241 Flavius
805 5185 1060 5255 Claudius
1102 5187 1163 5242 S.
1194 5185 1457 5241 Messana:
1483 5187 1707 5255 episcopi
1737 5185 1890 5239 Eme-
1929 5231 1941 5245 .

309 5260 514 5314 ritensis
556 5274 622 5313 ex
652 5266 831 5313 so'rore
856 5265 906 5310 et
947 5254 1149 5310 Claudii
1197 5256 1531 5310 Emeritensis
1572 5258 1717 5310 ducis
1742 5298 1756 5323 ,
1792 5257 1888 5310 viri

309 5329 587 5398 clarissimi
616 5330 755 5398 [ilius
786 5328 955 5398 ﬂoret.
988 5326 1359 5398 l’luraultabes
1396 5327 1536 5394 apud
1566 5326 1754 5398 Mural.
1790 5326 1883 5380 lib.

313 5414 406 5455 xu.
441 5414 492 5451 c.
524 5395 590 5463 5;
616 5394 862 5452 'Vasmum
893 5397 959 5451 ad
987 5414 1111 5451 anu.
1143 5394 1281 5462 588;
1314 5394 1536 5450 Mariau.
1566 5396 1659 5451 lib.
1677 5412 1728 5460 v,
1761 5410 1882 5465 cap.

316 5467 416 5532 id;
448 5466 632 5536 Padill.
660 5480 804 5523 cent.
833 5483 904 5535 v1,
935 5482 1055 5536 cap.
1084 5465 1189 5520 διν

384 5546 410 5573 ⁸
439 5535 502 5590 S.
531 5536 778 5592 Massona
797 5539 957 5607 episc.
985 5534 1101 5590 cum
1124 5538 1263 5607 omni
1289 5536 1436 5607 plebe
1460 5551 1558 5589 sua
1581 5534 1895 5607 Psalmodite

313 5608 569 5661 canticum
588 5604 981 5661 exorsnsJNam
1002 5622 1123 5663 cum
1145 5604 1356 5661 Claudii
1386 5604 1733 5661 Emeritenss
1745 5605 1895 5659 ducis

316 5674 624 5744 lortitudine
654 5676 768 5729 haec
792 5687 940 5744 gesta
970 5685 1169 5741 esent,
1200 5675 1443 5730 Emerita:
1471 5675 1557 5729 lau
1569 5676 1715 5729 libus
1736 5690 1896 5743 .opor-

318 5747 466 5801 lebat
490 5743 857 5809 adnumerari;
890 5747 1031 5801 unde
1061 5748 1111 5800 iu
1136 5748 1316 5802 aureis
1340 5745 1633 5801 Recearedi
1664 5744 1893 5798 nummis

319 5816 542 5889 legimus
570 5853 585 5882 ,
638 5812 1010 5873 Reccansnrs.
1059 5815 1320 5874 Eanum.
1372 5815 1612 5884 VIC'I‘OB;
1681 5813 1898 5872 etiamsi

1457 338 1679 398 ΦΑυω
1717 339 2090 399 EMEBITANI
2134 342 2199 400 Dl
2218 344 2405 403 \L'ONI

1593 462 1606 498 :
1668 444 1899 514 denique
1927 452 1973 510 Α
2000 459 2187 499 eorum
2235 445 2510 500 libertates
2557 444 2787 514 aliquam
2834 445 3148 516 particulam
3176 448 3474 517 pecuniolae
3501 451 3597 505 tri-

3495 340 3598 394 160

2002 532 2210 600 bueret,
2241 542 2334 588 aut
2372 542 2521 590 certe
2554 536 2773 604 exiguas
2803 536 3256 603 possessiunculas
3284 538 3593 598 conterret:

2001 630 2058 677 at
2096 622 2187 676 ubi
2227 622 2609 678 archidiacouo
2634 624 2744 691 jam
2783 623 2930 679 dicto
2958 625 3257 680 nuntiatum
3306 635 3410 693 est,
3450 627 3596 683 illico

2000 716 2193 770 atrium
2222 716 2398 785 petiit,
2443 715 2895 785 quemadmodum
2938 725 3155 771 sanctus
3182 718 3467 791 episcOpus
3498 719 3595 773 Ita-

1999 802 2152 857 beret
2177 801 2501 868 sciscitavit;
2545 803 2633 857 cui
2676 818 2798 857 cum
2835 804 3036 858 dictum
3066 814 3169 873 est,
3201 806 3328 874 quia
3358 806 3595 862 invales-

1998 900 2156 947 ceute
2213 893 2470 964 languore
2526 898 2686 953 morti
2735 898 2845 966 jam
2903 886 3124 969 jamque
3185 901 3594 973 propinquaret,

1998 983 2181 1036 statim
2226 985 2558 1052 supradictas
2600 987 2852 1057 puerulos
2890 989 3196 1056 accersivit,
3236 998 3291 1044 et
3318 992 3447 1058 quid
3491 989 3594 1046 illis

1998 1069 2185 1128 fuisset
2228 1075 2494 1131 veraciter
2522 1092 2553 1131 a
2583 1085 2771 1133 sancto
2813 1079 3069 1148 episcopo
3114 1079 3318 1133 illatum
3361 1080 3594 1149 requisi-

1997 1161 2112 1227 vit;
2155 1162 2241 1216 cui
2289 1178 2409 1218 cum
2460 1163 2536 1218 illi
2583 1166 2849 1221 veraciter
2896 1165 3178 1234 dixissent,
3223 1167 3489 1223 excitatus
3539 1168 3593 1223 in

1998 1255 2134 1310 furia
2176 1257 2339 1328 empit
2365 1258 2445 1314 eis
2472 1260 2686 1317 minans
2733 1261 3065 1317 turbulenter
3109 1263 3443 1331 praetendere
3483 1274 3597 1318 ter-

1998 1361 2173 1415 rores,
2214 1355 2271 1403 et
2307 1348 2491 1405 dicere
2514 1369 2527 1403 :
2549 1349 2742 1406 Videte
2769 1351 2912 1420 quod
2940 1351 3245 1422 accepistis,
3291 1352 3431 1408 bene
3465 1363 3599 1411 cou'

1997 1443 2231 1503 servate,
2260 1452 2384 1492 nam
2425 1440 2471 1494 si
2512 1441 2691 1496 omnia
2731 1441 2862 1496 mihi
2892 1443 3231 1507 intemerata,
3263 1457 3385 1498 cum
3416 1443 3597 1513 requi-

1997 1526 2162 1589 siero.
2211 1542 2320 1583 non
2369 1531 2840 1598 prxsentaveritis,
2888 1531 3085 1587 scitote
3128 1548 3225 1587 vos
3268 1533 3595 1602 gravissimis

1997 1617 2273 1688 suppliciis
2299 1617 2416 1674 fore
2445 1621 2866 1685 excruciandos;
2897 1629 2953 1676 et
2979 1622 3063 1676 his
3081 1623 3240 1678 dictis
3264 1638 3385 1678 cum
3413 1622 3597 1679 furore

1997 1708 2064 1763 ad
2091 1709 2311 1764 domum
2358 1724 2510 1764 suam
2555 1725 2805 1767 reversus
2846 1720 2949 1766 est.
2991 1712 3143 1768 Tunc
3179 1712 3374 1768 deinde
3398 1728 3593 1784 supra-

1998 1803 2128 1859 dicti
2155 1802 2329 1872 pueri,
2360 1803 2553 1860 cellam
2582 1803 2635 1858 in
2665 1818 2770 1872 qua
2805 1804 3174 1862 sanctissimus
3218 1805 3300 1859 vir
3346 1804 3595 1861 Massona

1999 1895 2288 1964 episcopus
2311 1908 2454 1963 aeger
2482 1894 2534 1948 in
2560 1894 2757 1950 lectulo
2784 1895 3099 1962 recubabat,
3146 1894 3390 1966 ingressi,
3441 1909 3592 1949 ama-

1995 1985 2208 2040 rissime
2247 1999 2431 2039 coram
2470 2000 2538 2041 eo
2574 1983 2706 2041 ﬂere
2731 1995 3031 2056 coeperunt,
3077 1987 3354 2045 dicentes:
3384 1986 3585 2044 Miseri-

1996 2073 2235 2134 cordiatu
2267 2074 2320 2127 iu
2352 2088 2449 2129 nos
2478 2073 2723 2142 indignos
2752 2090 2850 2144 pro
2880 2082 2969 2129 tua
3000 2075 3199 2145 pietate
3228 2075 3423 2140 fecisti,
3446 2077 3592 2146 quod

1997 2163 2183 2232 utique
2212 2163 2406 2218 melius
2432 2163 2587 2218 nobis
2616 2172 2963 2231 convenerat,
2990 2165 3036 2219 si
3063 2181 3171 2221 non
3201 2164 3434 2230 fecisses.
3464 2181 3593 2221 ecce

1996 2256 2172 2310 adhuc
2197 2262 2254 2310 tu
2285 2243 2438 2323 vivis,
2465 2263 2521 2310 et
2548 2263 2722 2310 tantas
2749 2254 2903 2311 nobis
2943 2256 3116 2310 minas
3143 2256 3505 2325 prietendunt,
3538 2264 3592 2311 te

1995 2343 2249 2400 defuncto
2274 2346 2395 2413 quis
2419 2360 2452 2398 e
2481 2345 2634 2400 nobis
2671 2345 2739 2400 de
2779 2360 2966 2400 eorum
2993 2346 3238 2402 manibus
3263 2354 3427 2418 queat
3456 2347 3588 2402 libe-

1995 2436 2149 2490 rare?
2176 2435 2303 2491 Haec
2329 2445 2383 2491 et
2409 2436 2492 2491 his
2518 2436 2711 2492 similia
2740 2435 2907 2491 multa
2932 2451 3115 2492 coram
3159 2452 3226 2492 eo
3275 2437 3592 2509 lacrymabi-

1997 2524 2119 2579 liter
2156 2525 2303 2579 allati
2342 2534 2501 2593 sunt;
2546 2534 2601 2581 at
2628 2526 2717 2581 ille
2747 2525 2831 2580 bis
2858 2526 3054 2583 auditis
3083 2543 3190 2582 non
3219 2526 3376 2582 facile
3413 2525 3591 2581 credi-

1994 2614 2093 2683 dit,
2124 2615 2216 2671 sed
2260 2617 2431 2686 prius,
2478 2625 2535 2672 ut
2577 2633 2688 2672 suae
2724 2616 2974 2685 gravitati
3015 2619 3368 2685 condecebat,
3414 2627 3590 2673 utrum

1993 2721 2180 2761 verum
2232 2721 2299 2760 an
2359 2708 2552 2762 lalsum
2597 2717 2740 2764 esset
2779 2709 2924 2781 quod
2974 2709 3280 2775 dicebatur,
3327 2708 3589 2777 sagaciter

1994 2798 2282 2867 exquisivit
2309 2815 2324 2851 :
2355 2814 2477 2854 cum
2506 2806 2685 2855 autem
2715 2802 3064 2873 comperisset
3091 2816 3277 2856 verum
3303 2814 3424 2856 esse
3445 2799 3588 2869 quod

1994 2889 2260 2961 audierat,
2305 2889 2627 2962 lacrymatus
2664 2901 2768 2961 est,
2798 2894 3087 2963 statimque
3133 2893 3185 2947 in
3232 2891 3479 2948 cellulam
3506 2892 3584 2946 le-

1994 2980 2132 3049 vari,
2179 2991 2235 3036 et
2277 2981 2347 3036 ad
2392 2982 2664 3039 basilicam
2694 2994 2892 3040 sanctae
2919 2983 3136 3040 Eulalia:
3183 2981 3403 3053 virginis
3453 2986 3588 3054 (cui

1992 3091 2208 3146 semper
2249 3076 2445 3132 devota
2489 3085 2670 3133 mente
2709 3080 3013 3146 servierat)
3056 3076 3253 3134 deferri
3296 3078 3546 3148 praecepit
3567 3093 3587 3134 :

1993 3182 2224 3237 cumque
2259 3168 2455 3222 ibidem
2494 3168 2862 3224 sanctissimus
2895 3183 3065 3224 senex
3107 3168 3455 3236 pervenisset,
3486 3183 3586 3222 co-

1994 3271 2109 3310 ram
2139 3256 2294 3311 altari
2320 3271 2476 3312 saero
2505 3272 2696 3312 manus
2724 3256 3058 3328 expandeus,
3087 3257 3349 3326 simulque
3370 3270 3587 3313 venera-

1993 3347 2129 3402 biles
2154 3348 2340 3403 oculos
2365 3364 2486 3404 cum
2518 3348 2767 3420 lacrymis
2811 3349 2878 3404 ad
2905 3348 3099 3405 caelum
3127 3349 3432 3415 sustollens,
3462 3363 3586 3404 cum

1996 3451 2190 3505 magno
2226 3439 2427 3506 gemitu
2474 3454 2596 3494 sese
2619 3438 2672 3493 in
2702 3447 2902 3494 terram
2946 3439 3254 3510 prostravit,
3301 3450 3358 3495 et
3402 3454 3588 3508 preces

1995 3543 2121 3583 suas
2163 3529 2252 3583 diu
2299 3529 2634 3598 multumque
2680 3530 2733 3583 in
2776 3537 3123 3600 conspectum
3169 3529 3378 3588 Domini
3425 3528 3585 3584 fudit.

1996 3621 2271 3691 Completa
2301 3638 2431 3676 vero
2459 3623 2705 3678 oratione
2730 3622 2872 3678 clara
2900 3637 3035 3677 voce
3077 3621 3284 3676 cunctis
3326 3621 3586 3675 audienti-

1994 3711 2097 3767 bus
2136 3712 2212 3766 ait
2239 3729 2251 3765 :
2275 3710 2487 3767 Gratias
2518 3713 2609 3767 tibi
2638 3713 2833 3777 refero,
2859 3711 3109 3779 Domine,
3135 3712 3388 3781 quoniam
3416 3726 3585 3767 exau-

1994 3800 2118 3856 disti
2145 3816 2251 3868 me,
2295 3801 2610 3858 benedictus
2637 3803 2691 3857 in
2718 3803 2911 3857 secula
2952 3802 3292 3865 saeculorum,
3321 3802 3445 3870 quia
3476 3817 3585 3857 non

1996 3892 2244 3948 amovisti
2299 3893 2732 3964 deprecationem
2786 3908 2962 3948 meam
2986 3932 3002 3959 ,
3058 3900 3115 3947 et
3165 3891 3583 3948 misericordiam

1996 3994 2143 4041 tuam
2172 4000 2202 4039 a
2231 4001 2355 4041 me:
2378 3993 2432 4041 et
2469 3986 2552 4041 bis
2578 3985 2736 4041 dictis
2763 3985 2829 4040 ad
2856 3984 2883 4022 ά
2912 3985 3241 4055 episcopium
3289 3984 3464 4051 rediit,
3511 3984 3584 4039 ita

1996 4077 2248 4132 nimirum
2288 4076 2527 4133 redditus
2568 4078 2793 4147 pristino
2829 4077 3035 4145 robori,
3083 4086 3144 4133 ut
3187 4087 3403 4148 putares
3443 4077 3584 4132 hunc

1999 4209 2264 4267 Toletum.
2294 4208 2501 4274 imperii
2529 4208 2741 4264 Gothici
2770 4209 2927 4264 sedes
2971 4209 3120 4264 illum
3160 4209 3580 4278 triumphantem

1998 4278 2289 4347 exceperit.
2338 4277 2407 4331 M.
2440 4278 2658 4332 Maxim.
2708 4279 2775 4332 ad
2821 4294 2945 4333 ann.
2997 4279 3101 4332 686
3134 4297 3148 4332 :
3178 4277 3522 4332 Reccaredum
3552 4296 3580 4332 e

1998 4350 2189 4404 Galliis
2236 4348 2529 4420 redeuntem
2573 4350 2814 4402 victorem
2859 4348 3096 4404 Toletani
3135 4356 3404 4420 gratanter
3438 4351 3582 4402 exci-

1999 4420 2171 4488 piunt,
2198 4422 2319 4473 lwta
2348 4418 2528 4472 uictori
2556 4426 2958 4488 comprecantcs.

2073 4487 2374 4557 bMysticas
2425 4488 2602 4542 laudes
2652 4485 2872 4542 Domino
2925 4490 3201 4551 cecinit,...
3258 4505 3375 4543 cum
3433 4485 3583 4554 plebe

691 4560 776 4637 oni
817 4577 1016 4637 semper
1052 4557 1394 4637 displiceant”,
1447 4559 1605 4614 bonos
1645 4557 1889 4637 necesse
1921 4579 1967 4637 ι)
1995 4560 2307 4637 laudantes,_
2348 4558 2814 4637 nymnizantesqne.
2840 4558 3198 4637 "Credideritu
3250 4557 3437 4637 laudes
3487 4558 3583 4611 has

1997 4629 2102 4684 illis
2128 4644 2232 4682 non
2262 4626 2563 4694 absiiniles,
2593 4626 2724 4698 quas
2755 4630 2806 4681 in
2834 4628 3041 4682 Coucil.
3076 4627 3250 4681 'l‘ole'.
3284 4642 3355 4698 ut
3389 4626 3577 4698 Patres

1996 4698 2308 4756 Reccaredo
2328 4701 2578 4752 accinuut
2609 4696 2621 4750 ἑ
2650 4697 2790 4751 Tunc
2815 4698 3155 4753 acclanuitnm
3174 4706 3249 4751 est
3268 4698 3323 4750 in
3340 4696 3578 4750 laudibus

1998 4769 2116 4829 Dei.
2141 4780 2191 4821 et
2218 4770 2531 4838 in_favorem
2558 4767 2802 4837 principis
2843 4765 2907 4819 ab
2945 4769 3181 4821 universo
3206 4767 3361 4821 clero.
3391 4763 3576 4838 Gloria

1997 4838 2107 4892 Deo
2142 4837 2202 4890 P.
2248 4836 2317 4891 F.
2349 4847 2397 4891 et
2426 4837 2486 4892 S.
2520 4836 2607 4901 S.,
2643 4838 2723 4890 cui
2767 4852 2893 4889 cura
2931 4846 3005 4890 est
3036 4853 3214 4901 parent
3248 4847 3298 4890 et
3332 4837 3580 4889 unitatem

1995 4907 2244 4961 Ecclesia:
2271 4923 2379 4961 sum
2405 4917 2600 4961 sancta:
2627 4906 2899 4960 catholica:
2924 4907 3254 4975 providere...
3287 4904 3380 4959 Cui
3408 4922 3441 4956 α
3470 4903 3578 4958 Deo

1995 4988 2240 5031 mternutn
2261 4978 2520 5044 meritum,
2541 4977 2644 5030 nisi
2675 4993 2790 5029 vero
2816 4974 3067 5030 catholico
3094 4974 3538 5044 Rercaredoﬂregi
3555 4975 3582 5028 τ

1997 5045 2092 5099 Cui
2116 5064 2148 5099 a
2182 5045 2288 5100 Deo
2317 5057 2513 5100 aeterna
2556 5062 2747 5101 corona
2778 5048 2881 5100 nisi
2907 5062 3023 5100 vero
3051 5046 3340 5099 orthodoxa
3384 5043 3580 5096 Recta-

1996 5116 2120 5170 rcdo
2150 5117 2290 5185 regi?
2329 5114 2422 5170 Cui
2451 5132 2680 5185 prwsens
2700 5114 2866 5185 gloria
2895 5126 2945 5168 et
2975 5124 3187 5175 (eterna.
3220 5116 3320 5168 nisi
3349 5116 3576 5185 amatori

2000 5185 2099 5269 Dei.
2124 5182 2413 5269 lieccarcdo
2442 5182 2547 5269 regi
2566 5188 2588 5240 2’
2609 5182 2731 5268 Ipse
2751 5201 2995 5269 novarum
3022 5185 3246 5266 plebium
3258 5186 3318 5269 in
3342 5182 3581 5269 Ecclesia

1995 5257 2248 5309 catholica
2278 5255 2626 5326 conquisitor;
2657 5257 2767 5325 ipse
2795 5265 3050 5309 mereatur
3068 5255 3325 5326 ueraciter
3363 5263 3577 5323 aposto-

1993 5327 2148 5396 licum
2177 5324 2447 5392 meritum,
2474 5328 2563 5396 qui
2582 5326 2931 5396 apostolicum
2950 5324 3173 5394 impleuit
3200 5324 3576 5396 oﬁicium,_etc.

2069 5410 2090 5435 ε
2121 5395 2382 5462 Puerulis,
2410 5391 2562 5465 qui'ei
2592 5391 2746 5465 fidele
2773 5391 3081 5465 egltibtba'nt
3108 5391 3580 5465 servitium,»liber-

1999 5468 2118 5519 tatis
2129 5465 2392 5519 chartulas
2414 5462 2770 5519 conscriberet.
2786 5463 2974 5518 Exstat
2995 5464 3045 5516 iu
3062 5465 3258 5518 coucil.
3280 5462 3577 5532 Spalensit,

1996 5550 2090 5589 ter.
2123 5535 2244 5593 628.
2271 5550 2466 5590 canon.
2491 5535 2557 5589 de
2575 5532 2855 5604 Mancipiis
2877 5534 2941 5586 ab
2954 5535 3206 5604 episc0pis
3223 5533 3575 5604 manumissis.

1995 5605 2086 5669 qui
2117 5606 2219 5659 huc
2247 5613 2455 5673 spectat
2486 5621 2501 5657 :
2541 5613 2597 5657 et
2623 5604 2713 5672 qui
2735 5602 2987 5673 Ecclesiae
3011 5602 3173 5668 servi,
3200 5613 3385 5659 notum
3412 5602 3578 5657 etiam

1995 5689 2061 5728 ex
2085 5672 2480 5729 concil.Toiel.
2510 5690 2584 5740 Ix,
2609 5689 2727 5742 cap.
2766 5672 2852 5730 l2.
2960 5684 2964 5689 '

2065 5742 2091 5779 ι)
2123 5742 2473 5813 Episcopium.
2495 5742 2649 5809 Quod
2670 5742 2798 5797 alibi
2821 5743 3012 5797 atrium
3034 5743 3188 5798 dicit:
3211 5758 3333 5798 nam
3358 5746 3575 5798 ἐπίσκια

1998 5822 2137 5872 nam
2164 5814 2561 5870 tabernaculum
2598 5815 2770 5883 ipsum
2795 5823 2849 5870 et
2877 5815 3036 5870 statio
3064 5814 3301 5885 episcopi
3330 5819 3441 5870 est.
