  <div class='ocr_page' id='page_1' title='image "/cluster/home/n/w/nwhite01/storage/ocr_20150623/80/hvd.32044054758842/086.png"; bbox 0 0 4032 6186; ppageno 0'>
   <div class='ocr_carea' id='block_1_1' title="bbox 333 300 426 356">
    <p class='ocr_par' dir='ltr' id='par_1_1' title="bbox 333 300 426 356">
     <span class='ocr_line' id='line_1_1' title="bbox 333 300 426 356; baseline -0.022 -1"><span class='ocrx_word' id='word_1_1' title='bbox 333 300 426 356; x_wconf 77' lang='grc'><strong>161</strong></span> 
     </span>
    </p>
   </div>
   <div class='ocr_carea' id='block_1_2' title="bbox 1357 294 2545 353">
    <p class='ocr_par' dir='ltr' id='par_1_2' title="bbox 1357 294 2545 353">
     <span class='ocr_line' id='line_1_2' title="bbox 1357 294 2545 353; baseline -0.001 0"><span class='ocrx_word' id='word_1_2' title='bbox 1357 298 1443 353; x_wconf 84' lang='lat' dir='ltr'><strong>DE</strong></span> <span class='ocrx_word' id='word_1_3' title='bbox 1488 297 1640 352; x_wconf 76' lang='lat' dir='ltr'><strong>VITA</strong></span> <span class='ocrx_word' id='word_1_4' title='bbox 1684 296 1963 352; x_wconf 74' lang='lat' dir='ltr'><strong>PATRUM</strong></span> <span class='ocrx_word' id='word_1_5' title='bbox 2010 294 2545 353; x_wconf 74' lang='lat' dir='ltr'><strong>EMERITENSIUM.</strong></span> 
     </span>
    </p>
   </div>
   <div class='ocr_carea' id='block_1_3' title="bbox 3519 299 3620 356">
    <p class='ocr_par' dir='ltr' id='par_1_3' title="bbox 3519 299 3620 356">
     <span class='ocr_line' id='line_1_3' title="bbox 3519 299 3620 356; baseline -0.01 0"><span class='ocrx_word' id='word_1_6' title='bbox 3519 299 3620 356; x_wconf 71' lang='grc'>162</span> 
     </span>
    </p>
   </div>
   <div class='ocr_carea' id='block_1_4' title="bbox 333 409 3627 481">
    <p class='ocr_par' dir='ltr' id='par_1_4' title="bbox 333 409 3627 481">
     <span class='ocr_line' id='line_1_4' title="bbox 333 409 3627 481; baseline -0.001 -13"><span class='ocrx_word' id='word_1_7' title='bbox 333 429 437 468; x_wconf 78' lang='lat' dir='ltr'><strong>non</strong></span> <span class='ocrx_word' id='word_1_8' title='bbox 484 425 718 480; x_wconf 74' lang='lat' dir='ltr'><strong>mgrunt,</strong></span> <span class='ocrx_word' id='word_1_9' title='bbox 761 427 866 466; x_wconf 91' lang='lat' dir='ltr'><strong>non</strong></span> <span class='ocrx_word' id='word_1_10' title='bbox 907 425 1091 466; x_wconf 90' lang='lat' dir='ltr'><strong>senem</strong></span> <span class='ocrx_word' id='word_1_11' title='bbox 1119 453 1134 478; x_wconf 98' lang='lat'><strong>,</strong></span> <span class='ocrx_word' id='word_1_12' title='bbox 1171 409 1264 464; x_wconf 87' lang='lat' dir='ltr'><strong>sed</strong></span> <span class='ocrx_word' id='word_1_13' title='bbox 1303 410 1593 464; x_wconf 88' lang='lat' dir='ltr'><strong>redivivum</strong></span> <span class='ocrx_word' id='word_1_14' title='bbox 1639 410 1931 480; x_wconf 84' lang='lat' dir='ltr'><strong>sumpsisse</strong></span> <span class='ocrx_word' id='word_1_15' title='bbox 1963 413 2006 472; x_wconf 81' lang='grc' dir='ltr'><strong>Α</strong></span> <span class='ocrx_word' id='word_1_16' title='bbox 2036 415 2298 478; x_wconf 89' lang='lat' dir='ltr'><strong>tempore,</strong></span> <span class='ocrx_word' id='word_1_17' title='bbox 2334 424 2441 478; x_wconf 91' lang='lat' dir='ltr'><strong>quo</strong></span> <span class='ocrx_word' id='word_1_18' title='bbox 2469 409 2745 464; x_wconf 88' lang='lat' dir='ltr'><strong>ordinatus</strong></span> <span class='ocrx_word' id='word_1_19' title='bbox 2773 418 2857 466; x_wconf 91' lang='lat' dir='ltr'><strong>est</strong></span> <span class='ocrx_word' id='word_1_20' title='bbox 2879 411 2964 481; x_wconf 88' lang='lat' dir='ltr'><strong>(ut</strong></span> <span class='ocrx_word' id='word_1_21' title='bbox 2991 410 3178 479; x_wconf 78' lang='lat' dir='ltr'><strong>fertur)</strong></span> <span class='ocrx_word' id='word_1_22' title='bbox 3209 411 3260 464; x_wconf 91' lang='lat' dir='ltr'><strong>in</strong></span> <span class='ocrx_word' id='word_1_23' title='bbox 3291 411 3481 465; x_wconf 77' lang='lat' dir='ltr'><strong>ordine</strong></span> <span class='ocrx_word' id='word_1_24' title='bbox 3509 412 3627 466; x_wconf 84' lang='lat' dir='ltr'><strong>dia-</strong></span> 
     </span>
    </p>
   </div>
   <div class='ocr_carea' id='block_1_5' title="bbox 333 501 1928 573">
    <p class='ocr_par' dir='ltr' id='par_1_5' title="bbox 333 501 1928 573">
     <span class='ocr_line' id='line_1_5' title="bbox 333 501 1928 573; baseline -0.004 -14"><span class='ocrx_word' id='word_1_25' title='bbox 333 506 591 573; x_wconf 86' lang='lat' dir='ltr'><strong>vigoretn,</strong></span> <span class='ocrx_word' id='word_1_26' title='bbox 632 501 994 572; x_wconf 86' lang='lat' dir='ltr'><strong>juvenemque</strong></span> <span class='ocrx_word' id='word_1_27' title='bbox 1023 517 1142 556; x_wconf 87' lang='lat' dir='ltr'><strong>esse</strong></span> <span class='ocrx_word' id='word_1_28' title='bbox 1181 501 1640 566; x_wconf 77' lang='lat' dir='ltr'><strong>robustissimum;</strong></span> <span class='ocrx_word' id='word_1_29' title='bbox 1682 502 1773 570; x_wconf 91' lang='lat' dir='ltr'><strong>qui</strong></span> <span class='ocrx_word' id='word_1_30' title='bbox 1809 516 1928 555; x_wconf 92' lang='lat' dir='ltr'><strong>cum</strong></span> 
     </span>
    </p>
   </div>
   <div class='ocr_carea' id='block_1_6' title="bbox 332 591 1931 662">
    <p class='ocr_par' dir='ltr' id='par_1_6' title="bbox 332 591 1931 662">
     <span class='ocr_line' id='line_1_6' title="bbox 332 591 1931 662; baseline -0.004 -11"><span class='ocrx_word' id='word_1_31' title='bbox 332 613 394 651; x_wconf 79' lang='lat' dir='ltr'><strong>ex</strong></span> <span class='ocrx_word' id='word_1_32' title='bbox 422 609 577 649; x_wconf 86' lang='lat' dir='ltr'><strong>more</strong></span> <span class='ocrx_word' id='word_1_33' title='bbox 609 603 632 628; x_wconf 65' lang='grc' dir='ltr'><strong>ιι</strong></span> <span class='ocrx_word' id='word_1_34' title='bbox 661 593 728 647; x_wconf 88' lang='lat' dir='ltr'><strong>ad</strong></span> <span class='ocrx_word' id='word_1_35' title='bbox 760 593 1123 662; x_wconf 87' lang='lat' dir='ltr'><strong>vespertinum</strong></span> <span class='ocrx_word' id='word_1_36' title='bbox 1158 591 1400 646; x_wconf 81' lang='lat' dir='ltr'><strong>Ofﬁcium</strong></span> <span class='ocrx_word' id='word_1_37' title='bbox 1430 592 1590 646; x_wconf 91' lang='lat' dir='ltr'><strong>vellet</strong></span> <span class='ocrx_word' id='word_1_38' title='bbox 1617 591 1931 660; x_wconf 80' lang='lat' dir='ltr'><strong>procedere,</strong></span> 
     </span>
    </p>
   </div>
   <div class='ocr_carea' id='block_1_7' title="bbox 333 681 1936 751">
    <p class='ocr_par' dir='ltr' id='par_1_7' title="bbox 333 681 1936 751">
     <span class='ocr_line' id='line_1_7' title="bbox 333 681 1936 751; baseline -0.003 -12"><span class='ocrx_word' id='word_1_39' title='bbox 333 687 527 740; x_wconf 88' lang='lat' dir='ltr'><strong>mirum</strong></span> <span class='ocrx_word' id='word_1_40' title='bbox 558 685 612 738; x_wconf 93' lang='lat' dir='ltr'><strong>in</strong></span> <span class='ocrx_word' id='word_1_41' title='bbox 643 683 861 738; x_wconf 90' lang='lat' dir='ltr'><strong>modum</strong></span> <span class='ocrx_word' id='word_1_42' title='bbox 883 682 1240 751; x_wconf 73' lang='lat' dir='ltr'><strong>gaudentibus</strong></span> <span class='ocrx_word' id='word_1_43' title='bbox 1262 683 1498 747; x_wconf 92' lang='lat' dir='ltr'><strong>cunctis;</strong></span> <span class='ocrx_word' id='word_1_44' title='bbox 1529 681 1936 736; x_wconf 82' lang='lat' dir='ltr'><strong>archidiaconus</strong></span> 
     </span>
    </p>
   </div>
   <div class='ocr_carea' id='block_1_8' title="bbox 334 771 1935 841">
    <p class='ocr_par' dir='ltr' id='par_1_8' title="bbox 334 771 1935 841">
     <span class='ocr_line' id='line_1_8' title="bbox 334 771 1935 841; baseline -0.004 -10"><span class='ocrx_word' id='word_1_45' title='bbox 334 779 446 831; x_wconf 64' lang='lat' dir='ltr'><strong>haec</strong></span> <span class='ocrx_word' id='word_1_46' title='bbox 495 775 716 828; x_wconf 87' lang='lat' dir='ltr'><strong>audiens</strong></span> <span class='ocrx_word' id='word_1_47' title='bbox 766 782 917 826; x_wconf 92' lang='lat' dir='ltr'><strong>reatu</strong></span> <span class='ocrx_word' id='word_1_48' title='bbox 964 788 1064 826; x_wconf 84' lang='lat' dir='ltr'><strong>suo</strong></span> <span class='ocrx_word' id='word_1_49' title='bbox 1110 786 1400 841; x_wconf 84' lang='lat' dir='ltr'><strong>oppressus</strong></span> <span class='ocrx_word' id='word_1_50' title='bbox 1449 771 1743 841; x_wconf 85' lang='lat' dir='ltr'><strong>obstupuit,</strong></span> <span class='ocrx_word' id='word_1_51' title='bbox 1793 771 1935 839; x_wconf 91' lang='lat' dir='ltr'><strong>quod</strong></span> 
     </span>
    </p>
   </div>
   <div class='ocr_carea' id='block_1_9' title="bbox 333 860 1938 940">
    <p class='ocr_par' dir='ltr' id='par_1_9' title="bbox 333 860 1938 940">
     <span class='ocr_line' id='line_1_9' title="bbox 333 860 1938 940; baseline -0.004 -22"><span class='ocrx_word' id='word_1_52' title='bbox 333 865 590 918; x_wconf 87' lang='lat' dir='ltr'><strong>audiebat</strong></span> <span class='ocrx_word' id='word_1_53' title='bbox 638 863 703 916; x_wconf 89' lang='lat' dir='ltr'><strong>ad</strong></span> <span class='ocrx_word' id='word_1_54' title='bbox 755 877 1032 940; x_wconf 76' lang='lat' dir='ltr'><strong>vesperam</strong></span> <span class='ocrx_word' id='word_1_55' title='bbox 1087 869 1471 930; x_wconf 88' lang='lat' dir='ltr'><strong>processurum‘</strong></span> <span class='ocrx_word' id='word_1_56' title='bbox 1513 875 1670 929; x_wconf 91' lang='lat' dir='ltr'><strong>quem</strong></span> <span class='ocrx_word' id='word_1_57' title='bbox 1716 860 1938 929; x_wconf 79' lang='lat' dir='ltr'><strong>putabat</strong></span> 
     </span>
    </p>
   </div>
   <div class='ocr_carea' id='block_1_10' title="bbox 335 949 1937 1021">
    <p class='ocr_par' dir='ltr' id='par_1_10' title="bbox 335 949 1937 1021">
     <span class='ocr_line' id='line_1_10' title="bbox 335 949 1937 1021; baseline -0.003 -11"><span class='ocrx_word' id='word_1_58' title='bbox 335 957 528 1010; x_wconf 91' lang='lat' dir='ltr'><strong>eodem</strong></span> <span class='ocrx_word' id='word_1_59' title='bbox 577 955 665 1009; x_wconf 76' lang='lat' dir='ltr'><strong>die</strong></span> <span class='ocrx_word' id='word_1_60' title='bbox 712 954 1050 1016; x_wconf 89' lang='lat' dir='ltr'><strong>moriturum,</strong></span> <span class='ocrx_word' id='word_1_61' title='bbox 1093 950 1408 1005; x_wconf 77' lang='lat' dir='ltr'><strong>confusione</strong></span> <span class='ocrx_word' id='word_1_62' title='bbox 1459 961 1513 1005; x_wconf 91' lang='lat' dir='ltr'><strong>et</strong></span> <span class='ocrx_word' id='word_1_63' title='bbox 1538 949 1743 1021; x_wconf 90' lang='lat' dir='ltr'><strong>pudore</strong></span> <span class='ocrx_word' id='word_1_64' title='bbox 1787 949 1937 1005; x_wconf 80' lang='lat' dir='ltr'><strong>faciei</strong></span> 
     </span>
    </p>
   </div>
   <div class='ocr_carea' id='block_1_11' title="bbox 337 1041 1939 1117">
    <p class='ocr_par' dir='ltr' id='par_1_11' title="bbox 337 1041 1939 1117">
     <span class='ocr_line' id='line_1_11' title="bbox 337 1041 1939 1117; baseline -0.004 -16"><span class='ocrx_word' id='word_1_65' title='bbox 337 1057 560 1117; x_wconf 88' lang='lat' dir='ltr'><strong>opertus</strong></span> <span class='ocrx_word' id='word_1_66' title='bbox 605 1045 898 1101; x_wconf 88' lang='lat' dir='ltr'><strong>secundum</strong></span> <span class='ocrx_word' id='word_1_67' title='bbox 950 1043 1390 1099; x_wconf 81' lang='lat' dir='ltr'><strong>consuetudinem</strong></span> <span class='ocrx_word' id='word_1_68' title='bbox 1439 1059 1559 1097; x_wconf 91' lang='lat' dir='ltr'><strong>cum</strong></span> <span class='ocrx_word' id='word_1_69' title='bbox 1607 1042 1752 1095; x_wconf 88' lang='lat' dir='ltr'><strong>omni</strong></span> <span class='ocrx_word' id='word_1_70' title='bbox 1793 1041 1939 1096; x_wconf 89' lang='lat' dir='ltr'><strong>clero</strong></span> 
     </span>
    </p>
   </div>
   <div class='ocr_carea' id='block_1_12' title="bbox 337 1132 1940 1208">
    <p class='ocr_par' dir='ltr' id='par_1_12' title="bbox 337 1132 1940 1208">
     <span class='ocr_line' id='line_1_12' title="bbox 337 1132 1940 1208; baseline -0.006 -15"><span class='ocrx_word' id='word_1_71' title='bbox 337 1139 507 1204; x_wconf 80' lang='lat' dir='ltr'><strong>venit,</strong></span> <span class='ocrx_word' id='word_1_72' title='bbox 535 1152 716 1192; x_wconf 89' lang='lat' dir='ltr'><strong>coram</strong></span> <span class='ocrx_word' id='word_1_73' title='bbox 746 1137 1002 1208; x_wconf 88' lang='lat' dir='ltr'><strong>episcopo</strong></span> <span class='ocrx_word' id='word_1_74' title='bbox 1031 1135 1218 1200; x_wconf 85' lang='lat' dir='ltr'><strong>astitit,</strong></span> <span class='ocrx_word' id='word_1_75' title='bbox 1252 1134 1410 1202; x_wconf 89' lang='lat' dir='ltr'><strong>eique</strong></span> <span class='ocrx_word' id='word_1_76' title='bbox 1453 1150 1519 1188; x_wconf 81' lang='lat' dir='ltr'><strong>ex</strong></span> <span class='ocrx_word' id='word_1_77' title='bbox 1557 1148 1709 1188; x_wconf 87' lang='lat' dir='ltr'><strong>more</strong></span> <span class='ocrx_word' id='word_1_78' title='bbox 1755 1132 1940 1186; x_wconf 90' lang='lat' dir='ltr'><strong>incen-</strong></span> 
     </span>
    </p>
   </div>
   <div class='ocr_carea' id='block_1_13' title="bbox 336 1223 1941 1294">
    <p class='ocr_par' dir='ltr' id='par_1_13' title="bbox 336 1223 1941 1294">
     <span class='ocr_line' id='line_1_13' title="bbox 336 1223 1941 1294; baseline -0.006 -8"><span class='ocrx_word' id='word_1_79' title='bbox 336 1247 454 1286; x_wconf 86' lang='lat' dir='ltr'><strong>sum</strong></span> <span class='ocrx_word' id='word_1_80' title='bbox 488 1230 701 1294; x_wconf 89' lang='lat' dir='ltr'><strong>obtulit,</strong></span> <span class='ocrx_word' id='word_1_81' title='bbox 755 1230 842 1283; x_wconf 91' lang='lat' dir='ltr'><strong>cui</strong></span> <span class='ocrx_word' id='word_1_82' title='bbox 876 1229 953 1282; x_wconf 87' lang='lat' dir='ltr'><strong>vir</strong></span> <span class='ocrx_word' id='word_1_83' title='bbox 986 1227 1194 1281; x_wconf 85' lang='lat' dir='ltr'><strong>Domini</strong></span> <span class='ocrx_word' id='word_1_84' title='bbox 1239 1228 1353 1280; x_wconf 87' lang='lat' dir='ltr'><strong>ait:</strong></span> <span class='ocrx_word' id='word_1_85' title='bbox 1383 1224 1658 1281; x_wconf 65' lang='lat' dir='ltr'><strong>Przecedes</strong></span> <span class='ocrx_word' id='word_1_86' title='bbox 1704 1239 1808 1278; x_wconf 92' lang='lat' dir='ltr'><strong>me.</strong></span> <span class='ocrx_word' id='word_1_87' title='bbox 1861 1223 1941 1277; x_wconf 94' lang='lat' dir='ltr'><strong>llli</strong></span> 
     </span>
    </p>
   </div>
   <div class='ocr_carea' id='block_1_14' title="bbox 339 1315 1942 1391">
    <p class='ocr_par' dir='ltr' id='par_1_14' title="bbox 339 1315 1942 1391">
     <span class='ocr_line' id='line_1_14' title="bbox 339 1315 1942 1391; baseline -0.006 -13"><span class='ocrx_word' id='word_1_88' title='bbox 339 1338 468 1380; x_wconf 81' lang='lat' dir='ltr'><strong>vero</strong></span> <span class='ocrx_word' id='word_1_89' title='bbox 500 1325 812 1391; x_wconf 78' lang='lat' dir='ltr'><strong>ignorantes</strong></span> <span class='ocrx_word' id='word_1_90' title='bbox 839 1337 1055 1376; x_wconf 82' lang='lat' dir='ltr'><strong>causam</strong></span> <span class='ocrx_word' id='word_1_91' title='bbox 1087 1318 1520 1390; x_wconf 88' lang='lat' dir='ltr'><strong>responderunt:</strong></span> <span class='ocrx_word' id='word_1_92' title='bbox 1545 1316 1658 1370; x_wconf 85' lang='lat' dir='ltr'><strong>Non</strong></span> <span class='ocrx_word' id='word_1_93' title='bbox 1691 1330 1789 1385; x_wconf 91' lang='lat' dir='ltr'><strong>pro</strong></span> <span class='ocrx_word' id='word_1_94' title='bbox 1836 1315 1942 1368; x_wconf 90' lang='lat' dir='ltr'><strong>alio</strong></span> 
     </span>
    </p>
   </div>
   <div class='ocr_carea' id='block_1_15' title="bbox 339 1404 1940 1478">
    <p class='ocr_par' dir='ltr' id='par_1_15' title="bbox 339 1404 1940 1478">
     <span class='ocr_line' id='line_1_15' title="bbox 339 1404 1940 1478; baseline -0.008 -9"><span class='ocrx_word' id='word_1_95' title='bbox 339 1414 434 1469; x_wconf 90' lang='lat' dir='ltr'><strong>tibi</strong></span> <span class='ocrx_word' id='word_1_96' title='bbox 459 1414 660 1467; x_wconf 91' lang='lat' dir='ltr'><strong>dictum</strong></span> <span class='ocrx_word' id='word_1_97' title='bbox 686 1421 786 1477; x_wconf 91' lang='lat' dir='ltr'><strong>est,</strong></span> <span class='ocrx_word' id='word_1_98' title='bbox 814 1410 911 1464; x_wconf 91' lang='lat' dir='ltr'><strong>nisi</strong></span> <span class='ocrx_word' id='word_1_99' title='bbox 941 1409 1065 1478; x_wconf 84' lang='lat' dir='ltr'><strong>quia</strong></span> <span class='ocrx_word' id='word_1_100' title='bbox 1092 1424 1214 1464; x_wconf 91' lang='lat' dir='ltr'><strong>eum</strong></span> <span class='ocrx_word' id='word_1_101' title='bbox 1241 1405 1510 1478; x_wconf 74' lang='lat' dir='ltr'><strong>prtecedes</strong></span> <span class='ocrx_word' id='word_1_102' title='bbox 1529 1405 1596 1459; x_wconf 90' lang='lat' dir='ltr'><strong>ad</strong></span> <span class='ocrx_word' id='word_1_103' title='bbox 1619 1404 1901 1460; x_wconf 84' lang='lat' dir='ltr'><strong>ecclesiam</strong></span> <span class='ocrx_word' id='word_1_104' title='bbox 1928 1421 1940 1456; x_wconf 92' lang='lat'>:</span> 
     </span>
    </p>
   </div>
   <div class='ocr_carea' id='block_1_16' title="bbox 339 1497 1947 1575">
    <p class='ocr_par' dir='ltr' id='par_1_16' title="bbox 339 1497 1947 1575">
     <span class='ocr_line' id='line_1_16' title="bbox 339 1497 1947 1575; baseline -0.006 -15"><span class='ocrx_word' id='word_1_105' title='bbox 339 1521 572 1575; x_wconf 89' lang='lat' dir='ltr'><strong>cumque</strong></span> <span class='ocrx_word' id='word_1_106' title='bbox 601 1506 962 1574; x_wconf 90' lang='lat' dir='ltr'><strong>vespertinum</strong></span> <span class='ocrx_word' id='word_1_107' title='bbox 1003 1503 1256 1573; x_wconf 85' lang='lat' dir='ltr'><strong>coepisset</strong></span> <span class='ocrx_word' id='word_1_108' title='bbox 1280 1500 1502 1572; x_wconf 90' lang='lat' dir='ltr'><strong>implere</strong></span> <span class='ocrx_word' id='word_1_109' title='bbox 1526 1497 1788 1561; x_wconf 89' lang='lat' dir='ltr'><strong>Oflicium,</strong></span> <span class='ocrx_word' id='word_1_110' title='bbox 1838 1505 1947 1551; x_wconf 89' lang='lat' dir='ltr'><strong>sta-</strong></span> 
     </span>
    </p>
   </div>
   <div class='ocr_carea' id='block_1_17' title="bbox 342 1588 1947 1666">
    <p class='ocr_par' dir='ltr' id='par_1_17' title="bbox 342 1588 1947 1666">
     <span class='ocr_line' id='line_1_17' title="bbox 342 1588 1947 1666; baseline -0.004 -18"><span class='ocrx_word' id='word_1_111' title='bbox 342 1595 436 1650; x_wconf 91' lang='lat' dir='ltr'><strong>tim</strong></span> <span class='ocrx_word' id='word_1_112' title='bbox 503 1596 849 1666; x_wconf 87' lang='lat' dir='ltr'><strong>supradictus</strong></span> <span class='ocrx_word' id='word_1_113' title='bbox 911 1593 1320 1647; x_wconf 88' lang='lat' dir='ltr'><strong>archidiaconus</strong></span> <span class='ocrx_word' id='word_1_114' title='bbox 1380 1589 1696 1658; x_wconf 83' lang='lat' dir='ltr'><strong>gravissimo</strong></span> <span class='ocrx_word' id='word_1_115' title='bbox 1760 1588 1947 1642; x_wconf 90' lang='lat' dir='ltr'><strong>dolore</strong></span> 
     </span>
    </p>
   </div>
   <div class='ocr_carea' id='block_1_18' title="bbox 345 1677 1950 1756">
    <p class='ocr_par' dir='ltr' id='par_1_18' title="bbox 345 1677 1950 1756">
     <span class='ocr_line' id='line_1_18' title="bbox 345 1677 1950 1756; baseline -0.006 -15"><span class='ocrx_word' id='word_1_116' title='bbox 345 1687 542 1742; x_wconf 80' lang='lat' dir='ltr'><strong>ibidem</strong></span> <span class='ocrx_word' id='word_1_117' title='bbox 574 1687 627 1740; x_wconf 91' lang='lat' dir='ltr'><strong>in</strong></span> <span class='ocrx_word' id='word_1_118' title='bbox 657 1687 824 1740; x_wconf 93' lang='lat' dir='ltr'><strong>choro</strong></span> <span class='ocrx_word' id='word_1_119' title='bbox 872 1683 1212 1756; x_wconf 87' lang='lat' dir='ltr'><strong>psallentium</strong></span> <span class='ocrx_word' id='word_1_120' title='bbox 1257 1697 1542 1752; x_wconf 80' lang='lat' dir='ltr'><strong>percussus</strong></span> <span class='ocrx_word' id='word_1_121' title='bbox 1587 1691 1687 1744; x_wconf 84' lang='lat' dir='ltr'><strong>est,</strong></span> <span class='ocrx_word' id='word_1_122' title='bbox 1736 1679 1802 1733; x_wconf 89' lang='lat' dir='ltr'><strong>ad</strong></span> <span class='ocrx_word' id='word_1_123' title='bbox 1852 1677 1950 1733; x_wconf 90' lang='lat' dir='ltr'><strong>do-</strong></span> 
     </span>
    </p>
   </div>
   <div class='ocr_carea' id='block_1_19' title="bbox 2033 496 3628 567">
    <p class='ocr_par' dir='ltr' id='par_1_19' title="bbox 2033 496 3628 567">
     <span class='ocr_line' id='line_1_19' title="bbox 2033 496 3628 567; baseline 0.003 -17"><span class='ocrx_word' id='word_1_124' title='bbox 2033 509 2293 550; x_wconf 87' lang='lat' dir='ltr'><strong>conorum</strong></span> <span class='ocrx_word' id='word_1_125' title='bbox 2325 496 2541 549; x_wconf 89' lang='lat' dir='ltr'><strong>ultimus</strong></span> <span class='ocrx_word' id='word_1_126' title='bbox 2571 497 2888 563; x_wconf 88' lang='lat' dir='ltr'><strong>habebatur,</strong></span> <span class='ocrx_word' id='word_1_127' title='bbox 2923 507 3080 552; x_wconf 72' lang='lat' dir='ltr'><strong>tantm</strong></span> <span class='ocrx_word' id='word_1_128' title='bbox 3111 498 3343 567; x_wconf 91' lang='lat' dir='ltr'><strong>denique</strong></span> <span class='ocrx_word' id='word_1_129' title='bbox 3366 502 3628 554; x_wconf 87' lang='lat' dir='ltr'><strong>sanctita-</strong></span> 
     </span>
    </p>
   </div>
   <div class='ocr_carea' id='block_1_20' title="bbox 2037 588 3632 661">
    <p class='ocr_par' dir='ltr' id='par_1_20' title="bbox 2037 588 3632 661">
     <span class='ocr_line' id='line_1_20' title="bbox 2037 588 3632 661; baseline 0.004 -20"><span class='ocrx_word' id='word_1_130' title='bbox 2037 589 2124 653; x_wconf 88' lang='lat' dir='ltr'><strong>tis,</strong></span> <span class='ocrx_word' id='word_1_131' title='bbox 2158 597 2320 642; x_wconf 74' lang='lat' dir='ltr'><strong>tantzc</strong></span> <span class='ocrx_word' id='word_1_132' title='bbox 2342 588 2768 658; x_wconf 85' lang='lat' dir='ltr'><strong>compunctionis</strong></span> <span class='ocrx_word' id='word_1_133' title='bbox 2797 589 2956 644; x_wconf 83' lang='lat' dir='ltr'><strong>fuisse</strong></span> <span class='ocrx_word' id='word_1_134' title='bbox 2983 591 3314 660; x_wconf 87' lang='lat' dir='ltr'><strong>perhibetur,</strong></span> <span class='ocrx_word' id='word_1_135' title='bbox 3339 599 3392 644; x_wconf 89' lang='lat' dir='ltr'><strong>ut</strong></span> <span class='ocrx_word' id='word_1_136' title='bbox 3416 593 3632 661; x_wconf 85' lang='lat' dir='ltr'><strong>quoties</strong></span> 
     </span>
    </p>
   </div>
   <div class='ocr_carea' id='block_1_21' title="bbox 2035 681 3634 752">
    <p class='ocr_par' dir='ltr' id='par_1_21' title="bbox 2035 681 3634 752">
     <span class='ocr_line' id='line_1_21' title="bbox 2035 681 3634 752; baseline 0.003 -18"><span class='ocrx_word' id='word_1_137' title='bbox 2035 681 2234 752; x_wconf 88' lang='lat' dir='ltr'><strong>pluvia-</strong></span> <span class='ocrx_word' id='word_1_138' title='bbox 2262 681 2468 747; x_wconf 87' lang='lat' dir='ltr'><strong>deerat,</strong></span> <span class='ocrx_word' id='word_1_139' title='bbox 2519 690 2574 735; x_wconf 89' lang='lat' dir='ltr'><strong>et</strong></span> <span class='ocrx_word' id='word_1_140' title='bbox 2619 689 2751 735; x_wconf 68' lang='lat' dir='ltr'><strong>cestu</strong></span> <span class='ocrx_word' id='word_1_141' title='bbox 2784 681 2947 735; x_wconf 92' lang='lat' dir='ltr'><strong>nimio</strong></span> <span class='ocrx_word' id='word_1_142' title='bbox 2999 689 3139 735; x_wconf 89' lang='lat' dir='ltr'><strong>terra</strong></span> <span class='ocrx_word' id='word_1_143' title='bbox 3184 682 3341 750; x_wconf 88' lang='lat' dir='ltr'><strong>longa</strong></span> <span class='ocrx_word' id='word_1_144' title='bbox 3388 683 3634 738; x_wconf 82' lang='lat' dir='ltr'><strong>siccitate</strong></span> 
     </span>
    </p>
   </div>
   <div class='ocr_carea' id='block_1_22' title="bbox 2038 775 3633 844">
    <p class='ocr_par' dir='ltr' id='par_1_22' title="bbox 2038 775 3633 844">
     <span class='ocr_line' id='line_1_22' title="bbox 2038 775 3633 844; baseline -0.001 -12"><span class='ocrx_word' id='word_1_145' title='bbox 2038 777 2318 844; x_wconf 80' lang='lat' dir='ltr'><strong>exarebat,</strong></span> <span class='ocrx_word' id='word_1_146' title='bbox 2349 776 2556 830; x_wconf 91' lang='lat' dir='ltr'><strong>collecti</strong></span> <span class='ocrx_word' id='word_1_147' title='bbox 2590 776 2641 829; x_wconf 92' lang='lat' dir='ltr'><strong>in</strong></span> <span class='ocrx_word' id='word_1_148' title='bbox 2675 791 2838 830; x_wconf 89' lang='lat' dir='ltr'><strong>unum</strong></span> <span class='ocrx_word' id='word_1_149' title='bbox 2868 775 3012 830; x_wconf 81' lang='lat' dir='ltr'><strong>cives</strong></span> <span class='ocrx_word' id='word_1_150' title='bbox 3042 775 3145 830; x_wconf 92' lang='lat' dir='ltr'><strong>loci</strong></span> <span class='ocrx_word' id='word_1_151' title='bbox 3178 777 3316 830; x_wconf 90' lang='lat' dir='ltr'><strong>illius</strong></span> <span class='ocrx_word' id='word_1_152' title='bbox 3364 793 3485 832; x_wconf 92' lang='lat' dir='ltr'><strong>cum</strong></span> <span class='ocrx_word' id='word_1_153' title='bbox 3535 793 3633 830; x_wconf 86' lang='lat' dir='ltr'><strong>eo-</strong></span> 
     </span>
    </p>
   </div>
   <div class='ocr_carea' id='block_1_23' title="bbox 2037 867 3635 938">
    <p class='ocr_par' dir='ltr' id='par_1_23' title="bbox 2037 867 3635 938">
     <span class='ocr_line' id='line_1_23' title="bbox 2037 867 3635 938; baseline 0.001 -16"><span class='ocrx_word' id='word_1_154' title='bbox 2037 869 2158 923; x_wconf 89' lang='lat' dir='ltr'><strong>dem</strong></span> <span class='ocrx_word' id='word_1_155' title='bbox 2185 883 2282 938; x_wconf 92' lang='lat' dir='ltr'><strong>per</strong></span> <span class='ocrx_word' id='word_1_156' title='bbox 2310 867 2556 923; x_wconf 89' lang='lat' dir='ltr'><strong>basilicas</strong></span> <span class='ocrx_word' id='word_1_157' title='bbox 2583 876 2889 922; x_wconf 90' lang='lat' dir='ltr'><strong>sanctorum</strong></span> <span class='ocrx_word' id='word_1_158' title='bbox 2919 868 3166 938; x_wconf 87' lang='lat' dir='ltr'><strong>precibus</strong></span> <span class='ocrx_word' id='word_1_159' title='bbox 3196 867 3474 922; x_wconf 90' lang='lat' dir='ltr'><strong>Dominum</strong></span> <span class='ocrx_word' id='word_1_160' title='bbox 3499 884 3635 923; x_wconf 81' lang='lat' dir='ltr'><strong>exo-</strong></span> 
     </span>
    </p>
   </div>
   <div class='ocr_carea' id='block_1_24' title="bbox 2039 957 3634 1029">
    <p class='ocr_par' dir='ltr' id='par_1_24' title="bbox 2039 957 3634 1029">
     <span class='ocr_line' id='line_1_24' title="bbox 2039 957 3634 1029; baseline -0.002 -16"><span class='ocrx_word' id='word_1_161' title='bbox 2039 967 2220 1014; x_wconf 87' lang='lat' dir='ltr'><strong>rantes</strong></span> <span class='ocrx_word' id='word_1_162' title='bbox 2267 959 2590 1029; x_wconf 82' lang='lat' dir='ltr'><strong>pergebant;</strong></span> <span class='ocrx_word' id='word_1_163' title='bbox 2643 967 2865 1028; x_wconf 90' lang='lat' dir='ltr'><strong>repente</strong></span> <span class='ocrx_word' id='word_1_164' title='bbox 2912 973 3084 1022; x_wconf 88' lang='lat' dir='ltr'><strong>vero,</strong></span> <span class='ocrx_word' id='word_1_165' title='bbox 3135 957 3344 1025; x_wconf 86' lang='lat' dir='ltr'><strong>quoties</strong></span> <span class='ocrx_word' id='word_1_166' title='bbox 3392 972 3515 1011; x_wconf 88' lang='lat' dir='ltr'><strong>cum</strong></span> <span class='ocrx_word' id='word_1_167' title='bbox 3565 973 3634 1011; x_wconf 91' lang='lat' dir='ltr'><strong>eo</strong></span> 
     </span>
    </p>
   </div>
   <div class='ocr_carea' id='block_1_25' title="bbox 2041 1047 3640 1120">
    <p class='ocr_par' dir='ltr' id='par_1_25' title="bbox 2041 1047 3640 1120">
     <span class='ocr_line' id='line_1_25' title="bbox 2041 1047 3640 1120; baseline -0.001 -18"><span class='ocrx_word' id='word_1_168' title='bbox 2041 1050 2437 1120; x_wconf 79' lang='lat' dir='ltr'><strong>procedebant,</strong></span> <span class='ocrx_word' id='word_1_169' title='bbox 2489 1050 2666 1119; x_wconf 91' lang='lat' dir='ltr'><strong>pluvia</strong></span> <span class='ocrx_word' id='word_1_170' title='bbox 2715 1050 2926 1104; x_wconf 77' lang='lat' dir='ltr'><strong>cmlitus</strong></span> <span class='ocrx_word' id='word_1_171' title='bbox 2981 1047 3220 1115; x_wconf 80' lang='lat' dir='ltr'><strong>largiﬂua</strong></span> <span class='ocrx_word' id='word_1_172' title='bbox 3275 1047 3640 1116; x_wconf 85' lang='lat' dir='ltr'><strong>tribuebatur,</strong></span> 
     </span>
    </p>
   </div>
   <div class='ocr_carea' id='block_1_26' title="bbox 2042 1135 3636 1207">
    <p class='ocr_par' dir='ltr' id='par_1_26' title="bbox 2042 1135 3636 1207">
     <span class='ocr_line' id='line_1_26' title="bbox 2042 1135 3636 1207; baseline -0.001 -15"><span class='ocrx_word' id='word_1_173' title='bbox 2042 1154 2161 1207; x_wconf 83' lang='lat' dir='ltr'><strong>quae</strong></span> <span class='ocrx_word' id='word_1_174' title='bbox 2209 1139 2516 1207; x_wconf 82' lang='lat' dir='ltr'><strong>plenissime</strong></span> <span class='ocrx_word' id='word_1_175' title='bbox 2547 1147 2745 1192; x_wconf 90' lang='lat' dir='ltr'><strong>terram</strong></span> <span class='ocrx_word' id='word_1_176' title='bbox 2774 1139 2970 1192; x_wconf 87' lang='lat' dir='ltr'><strong>satiare</strong></span> <span class='ocrx_word' id='word_1_177' title='bbox 2999 1137 3292 1206; x_wconf 87' lang='lat' dir='ltr'><strong>potuisset;</strong></span> <span class='ocrx_word' id='word_1_178' title='bbox 3342 1135 3482 1190; x_wconf 92' lang='lat' dir='ltr'><strong>unde</strong></span> <span class='ocrx_word' id='word_1_179' title='bbox 3529 1152 3636 1190; x_wconf 87' lang='lat' dir='ltr'><strong>non</strong></span> 
     </span>
    </p>
   </div>
   <div class='ocr_carea' id='block_1_27' title="bbox 2043 1226 3635 1298">
    <p class='ocr_par' dir='ltr' id='par_1_27' title="bbox 2043 1226 3635 1298">
     <span class='ocr_line' id='line_1_27' title="bbox 2043 1226 3635 1298; baseline -0.001 -17"><span class='ocrx_word' id='word_1_180' title='bbox 2043 1227 2261 1281; x_wconf 91' lang='lat' dir='ltr'><strong>dubium</strong></span> <span class='ocrx_word' id='word_1_181' title='bbox 2290 1236 2424 1291; x_wconf 89' lang='lat' dir='ltr'><strong>erat,</strong></span> <span class='ocrx_word' id='word_1_182' title='bbox 2457 1227 2598 1296; x_wconf 89' lang='lat' dir='ltr'><strong>quod</strong></span> <span class='ocrx_word' id='word_1_183' title='bbox 2630 1227 2748 1296; x_wconf 88' lang='lat' dir='ltr'><strong>ejus</strong></span> <span class='ocrx_word' id='word_1_184' title='bbox 2780 1227 3024 1298; x_wconf 65' lang='lat' dir='ltr'><strong>lacrytna:</strong></span> <span class='ocrx_word' id='word_1_185' title='bbox 3050 1243 3114 1281; x_wconf 80' lang='lat' dir='ltr'><strong>ex</strong></span> <span class='ocrx_word' id='word_1_186' title='bbox 3148 1236 3254 1281; x_wconf 83' lang='lat' dir='ltr'><strong>tam</strong></span> <span class='ocrx_word' id='word_1_187' title='bbox 3288 1226 3470 1280; x_wconf 86' lang='lat' dir='ltr'><strong>humili</strong></span> <span class='ocrx_word' id='word_1_188' title='bbox 3507 1226 3635 1280; x_wconf 86' lang='lat' dir='ltr'><strong>sitn-</strong></span> 
     </span>
    </p>
   </div>
   <div class='ocr_carea' id='block_1_28' title="bbox 2045 1318 3636 1390">
    <p class='ocr_par' dir='ltr' id='par_1_28' title="bbox 2045 1318 3636 1390">
     <span class='ocr_line' id='line_1_28' title="bbox 2045 1318 3636 1390; baseline -0.002 -17"><span class='ocrx_word' id='word_1_189' title='bbox 2045 1320 2274 1390; x_wconf 88' lang='lat' dir='ltr'><strong>plicique</strong></span> <span class='ocrx_word' id='word_1_190' title='bbox 2304 1329 2480 1373; x_wconf 90' lang='lat' dir='ltr'><strong>mente</strong></span> <span class='ocrx_word' id='word_1_191' title='bbox 2511 1319 2664 1372; x_wconf 71' lang='lat' dir='ltr'><strong>edita:</strong></span> <span class='ocrx_word' id='word_1_192' title='bbox 2694 1319 2834 1388; x_wconf 90' lang='lat' dir='ltr'><strong>apud</strong></span> <span class='ocrx_word' id='word_1_193' title='bbox 2865 1320 3287 1387; x_wconf 89' lang='lat' dir='ltr'><strong>omnipotentem</strong></span> <span class='ocrx_word' id='word_1_194' title='bbox 3331 1318 3636 1382; x_wconf 74' lang='lat' dir='ltr'><strong>Dominum,</strong></span> 
     </span>
    </p>
   </div>
   <div class='ocr_carea' id='block_1_29' title="bbox 2047 1409 3641 1479">
    <p class='ocr_par' dir='ltr' id='par_1_29' title="bbox 2047 1409 3641 1479">
     <span class='ocr_line' id='line_1_29' title="bbox 2047 1409 3641 1479; baseline -0.001 -13"><span class='ocrx_word' id='word_1_195' title='bbox 2047 1427 2154 1466; x_wconf 91' lang='lat' dir='ltr'><strong>non</strong></span> <span class='ocrx_word' id='word_1_196' title='bbox 2201 1411 2376 1466; x_wconf 87' lang='lat' dir='ltr'><strong>solum</strong></span> <span class='ocrx_word' id='word_1_197' title='bbox 2423 1412 2559 1476; x_wconf 79' lang='lat' dir='ltr'><strong>haec,</strong></span> <span class='ocrx_word' id='word_1_198' title='bbox 2608 1426 2793 1464; x_wconf 88' lang='lat' dir='ltr'><strong>verum</strong></span> <span class='ocrx_word' id='word_1_199' title='bbox 2840 1410 3001 1464; x_wconf 89' lang='lat' dir='ltr'><strong>etiam</strong></span> <span class='ocrx_word' id='word_1_200' title='bbox 3049 1410 3257 1479; x_wconf 88' lang='lat' dir='ltr'><strong>potiora</strong></span> <span class='ocrx_word' id='word_1_201' title='bbox 3303 1410 3366 1463; x_wconf 92' lang='lat' dir='ltr'><strong>iis</strong></span> <span class='ocrx_word' id='word_1_202' title='bbox 3394 1409 3641 1464; x_wconf 89' lang='lat' dir='ltr'><strong>obtinere</strong></span> 
     </span>
    </p>
   </div>
   <div class='ocr_carea' id='block_1_30' title="bbox 2047 1498 3641 1572">
    <p class='ocr_par' dir='ltr' id='par_1_30' title="bbox 2047 1498 3641 1572">
     <span class='ocr_line' id='line_1_30' title="bbox 2047 1498 3641 1572; baseline 0.001 -17"><span class='ocrx_word' id='word_1_203' title='bbox 2047 1502 2369 1572; x_wconf 88' lang='lat' dir='ltr'><strong>potuissent.</strong></span> <span class='ocrx_word' id='word_1_204' title='bbox 2419 1500 2536 1568; x_wconf 85' lang='lat' dir='ltr'><strong>Quo</strong></span> <span class='ocrx_word' id='word_1_205' title='bbox 2577 1501 2740 1556; x_wconf 90' lang='lat' dir='ltr'><strong>etiam</strong></span> <span class='ocrx_word' id='word_1_206' title='bbox 2787 1500 3040 1555; x_wconf 90' lang='lat' dir='ltr'><strong>defuncto</strong></span> <span class='ocrx_word' id='word_1_207' title='bbox 3068 1498 3093 1537; x_wconf 72' lang='grc' dir='ltr'><strong><em>ἀ</em></strong></span> <span class='ocrx_word' id='word_1_208' title='bbox 3125 1499 3434 1555; x_wconf 80' lang='lat' dir='ltr'><strong>Renovatus</strong></span> <span class='ocrx_word' id='word_1_209' title='bbox 3461 1516 3641 1556; x_wconf 88' lang='lat' dir='ltr'><strong>sacer-</strong></span> 
     </span>
    </p>
   </div>
   <div class='ocr_carea' id='block_1_31' title="bbox 2050 1593 3642 1650">
    <p class='ocr_par' dir='ltr' id='par_1_31' title="bbox 2050 1593 3642 1650">
     <span class='ocr_line' id='line_1_31' title="bbox 2050 1593 3642 1650; baseline 0 -1"><span class='ocrx_word' id='word_1_210' title='bbox 2050 1595 2182 1649; x_wconf 91' lang='lat' dir='ltr'><strong>dotii</strong></span> <span class='ocrx_word' id='word_1_211' title='bbox 2214 1595 2429 1650; x_wconf 89' lang='lat' dir='ltr'><strong>culmen</strong></span> <span class='ocrx_word' id='word_1_212' title='bbox 2459 1593 2668 1649; x_wconf 86' lang='lat' dir='ltr'><strong>cunctis</strong></span> <span class='ocrx_word' id='word_1_213' title='bbox 2700 1593 2984 1648; x_wconf 83' lang='lat' dir='ltr'><strong>virtutibus</strong></span> <span class='ocrx_word' id='word_1_214' title='bbox 3009 1593 3294 1648; x_wconf 89' lang='lat' dir='ltr'><strong>decoratus</strong></span> <span class='ocrx_word' id='word_1_215' title='bbox 3324 1609 3428 1648; x_wconf 91' lang='lat' dir='ltr'><strong>non</strong></span> <span class='ocrx_word' id='word_1_216' title='bbox 3460 1593 3642 1648; x_wconf 84' lang='lat' dir='ltr'><strong>imme-</strong></span> 
     </span>
    </p>
   </div>
   <div class='ocr_carea' id='block_1_32' title="bbox 2049 1683 3642 1754">
    <p class='ocr_par' dir='ltr' id='par_1_32' title="bbox 2049 1683 3642 1754">
     <span class='ocr_line' id='line_1_32' title="bbox 2049 1683 3642 1754; baseline 0 -16"><span class='ocrx_word' id='word_1_217' title='bbox 2049 1686 2153 1740; x_wconf 83' lang='lat' dir='ltr'><strong>rito</strong></span> <span class='ocrx_word' id='word_1_218' title='bbox 2180 1685 2505 1754; x_wconf 85' lang='lat' dir='ltr'><strong>promeruit:</strong></span> <span class='ocrx_word' id='word_1_219' title='bbox 2530 1683 2610 1737; x_wconf 92' lang='lat' dir='ltr'><strong>vir</strong></span> <span class='ocrx_word' id='word_1_220' title='bbox 2633 1683 2861 1752; x_wconf 89' lang='lat' dir='ltr'><strong>denique</strong></span> <span class='ocrx_word' id='word_1_221' title='bbox 2885 1683 3102 1736; x_wconf 89' lang='lat' dir='ltr'><strong>natione</strong></span> <span class='ocrx_word' id='word_1_222' title='bbox 3125 1683 3350 1748; x_wconf 87' lang='lat' dir='ltr'><strong>Gothus,</strong></span> <span class='ocrx_word' id='word_1_223' title='bbox 3376 1697 3642 1752; x_wconf 87' lang='lat' dir='ltr'><strong>generoso</strong></span> 
     </span>
    </p>
   </div>
   <div class='ocr_carea' id='block_1_33' title="bbox 345 1768 3638 1848">
    <p class='ocr_par' dir='ltr' id='par_1_33' title="bbox 345 1768 3638 1848">
     <span class='ocr_line' id='line_1_33' title="bbox 345 1768 3638 1848; baseline -0.002 -15"><span class='ocrx_word' id='word_1_224' title='bbox 345 1793 602 1848; x_wconf 76' lang='lat' dir='ltr'><strong>tuumque</strong></span> <span class='ocrx_word' id='word_1_225' title='bbox 631 1793 693 1832; x_wconf 91' lang='lat' dir='ltr'><strong>su</strong></span> <span class='ocrx_word' id='word_1_226' title='bbox 712 1793 782 1831; x_wconf 65' lang='lat' dir='ltr'><strong>im</strong></span> <span class='ocrx_word' id='word_1_227' title='bbox 808 1792 930 1832; x_wconf 91' lang='lat' dir='ltr'><strong>cum</strong></span> <span class='ocrx_word' id='word_1_228' title='bbox 961 1776 1110 1844; x_wconf 82' lang='lat' dir='ltr'><strong>gravi</strong></span> <span class='ocrx_word' id='word_1_229' title='bbox 1136 1773 1450 1843; x_wconf 73' lang='lat' dir='ltr'><strong>aegritudine</strong></span> <span class='ocrx_word' id='word_1_230' title='bbox 1478 1771 1755 1835; x_wconf 87' lang='lat' dir='ltr'><strong>remeavit,</strong></span> <span class='ocrx_word' id='word_1_231' title='bbox 1802 1768 1945 1839; x_wconf 89' lang='lat' dir='ltr'><strong>quod</strong></span> <span class='ocrx_word' id='word_1_232' title='bbox 1980 1787 2023 1846; x_wconf 74' lang='grc' dir='ltr'><strong>Β</strong></span> <span class='ocrx_word' id='word_1_233' title='bbox 2051 1783 2332 1829; x_wconf 80' lang='lat' dir='ltr'><strong>stemmate</strong></span> <span class='ocrx_word' id='word_1_234' title='bbox 2362 1782 2694 1844; x_wconf 88' lang='lat' dir='ltr'><strong>procreatus,</strong></span> <span class='ocrx_word' id='word_1_235' title='bbox 2727 1771 2939 1826; x_wconf 76' lang='lat' dir='ltr'><strong>familia:</strong></span> <span class='ocrx_word' id='word_1_236' title='bbox 2966 1772 3250 1842; x_wconf 84' lang='lat' dir='ltr'><strong>splendore</strong></span> <span class='ocrx_word' id='word_1_237' title='bbox 3290 1774 3638 1843; x_wconf 91' lang='lat' dir='ltr'><strong>conspicuus;</strong></span> 
     </span>
    </p>
   </div>
   <div class='ocr_carea' id='block_1_34' title="bbox 344 1861 1950 1938">
    <p class='ocr_par' dir='ltr' id='par_1_34' title="bbox 344 1861 1950 1938">
     <span class='ocr_line' id='line_1_34' title="bbox 344 1861 1950 1938; baseline -0.005 -16"><span class='ocrx_word' id='word_1_238' title='bbox 344 1872 468 1924; x_wconf 90' lang='lat' dir='ltr'><strong>dum</strong></span> <span class='ocrx_word' id='word_1_239' title='bbox 498 1870 731 1938; x_wconf 82' lang='lat' dir='ltr'><strong>genitrix</strong></span> <span class='ocrx_word' id='word_1_240' title='bbox 770 1867 886 1936; x_wconf 85' lang='lat' dir='ltr'><strong>ejus</strong></span> <span class='ocrx_word' id='word_1_241' title='bbox 915 1865 1253 1922; x_wconf 87' lang='lat' dir='ltr'><strong>sanctissima</strong></span> <span class='ocrx_word' id='word_1_242' title='bbox 1305 1864 1514 1918; x_wconf 87' lang='lat' dir='ltr'><strong>scilicet</strong></span> <span class='ocrx_word' id='word_1_243' title='bbox 1558 1861 1754 1916; x_wconf 85' lang='lat' dir='ltr'><strong>femina</strong></span> <span class='ocrx_word' id='word_1_244' title='bbox 1783 1873 1950 1926; x_wconf 85' lang='lat' dir='ltr'><strong>agno-</strong></span> 
     </span>
    </p>
   </div>
   <div class='ocr_carea' id='block_1_35' title="bbox 348 1953 1948 2022">
    <p class='ocr_par' dir='ltr' id='par_1_35' title="bbox 348 1953 1948 2022">
     <span class='ocr_line' id='line_1_35' title="bbox 348 1953 1948 2022; baseline -0.004 -10"><span class='ocrx_word' id='word_1_245' title='bbox 348 1960 536 2022; x_wconf 83' lang='lat' dir='ltr'><strong>visset,</strong></span> <span class='ocrx_word' id='word_1_246' title='bbox 570 1959 716 2013; x_wconf 90' lang='lat' dir='ltr'><strong>illico</strong></span> <span class='ocrx_word' id='word_1_247' title='bbox 744 1957 810 2011; x_wconf 88' lang='lat' dir='ltr'><strong>ad</strong></span> <span class='ocrx_word' id='word_1_248' title='bbox 837 1955 1196 2011; x_wconf 83' lang='lat' dir='ltr'><strong>venerabilem</strong></span> <span class='ocrx_word' id='word_1_249' title='bbox 1229 1957 1400 2008; x_wconf 85' lang='lat' dir='ltr'><strong>virum</strong></span> <span class='ocrx_word' id='word_1_250' title='bbox 1425 1953 1762 2022; x_wconf 83' lang='lat' dir='ltr'><strong>rapidissimo</strong></span> <span class='ocrx_word' id='word_1_251' title='bbox 1790 1967 1948 2006; x_wconf 90' lang='lat' dir='ltr'><strong>cursu</strong></span> 
     </span>
    </p>
   </div>
   <div class='ocr_carea' id='block_1_36' title="bbox 348 2042 1950 2118">
    <p class='ocr_par' dir='ltr' id='par_1_36' title="bbox 348 2042 1950 2118">
     <span class='ocr_line' id='line_1_36' title="bbox 348 2042 1950 2118; baseline -0.004 -16"><span class='ocrx_word' id='word_1_252' title='bbox 348 2049 682 2118; x_wconf 83' lang='lat' dir='ltr'><strong>preperavit,</strong></span> <span class='ocrx_word' id='word_1_253' title='bbox 713 2061 945 2116; x_wconf 89' lang='lat' dir='ltr'><strong>eumque</strong></span> <span class='ocrx_word' id='word_1_254' title='bbox 972 2045 1253 2116; x_wconf 88' lang='lat' dir='ltr'><strong>deprecari</strong></span> <span class='ocrx_word' id='word_1_255' title='bbox 1284 2061 1408 2100; x_wconf 91' lang='lat' dir='ltr'><strong>cum</strong></span> <span class='ocrx_word' id='word_1_256' title='bbox 1447 2044 1694 2116; x_wconf 82' lang='lat' dir='ltr'><strong>lacrymis</strong></span> <span class='ocrx_word' id='word_1_257' title='bbox 1724 2051 1777 2097; x_wconf 93' lang='lat' dir='ltr'><strong>et</strong></span> <span class='ocrx_word' id='word_1_258' title='bbox 1823 2042 1950 2096; x_wconf 85' lang='lat' dir='ltr'><strong>fletu</strong></span> 
     </span>
    </p>
   </div>
   <div class='ocr_carea' id='block_1_37' title="bbox 349 2131 1950 2209">
    <p class='ocr_par' dir='ltr' id='par_1_37' title="bbox 349 2131 1950 2209">
     <span class='ocr_line' id='line_1_37' title="bbox 349 2131 1950 2209; baseline -0.005 -16"><span class='ocrx_word' id='word_1_259' title='bbox 349 2153 546 2208; x_wconf 85' lang='lat' dir='ltr'><strong>magno</strong></span> <span class='ocrx_word' id='word_1_260' title='bbox 567 2138 753 2209; x_wconf 66' lang='lat' dir='ltr'><strong>erepit,</strong></span> <span class='ocrx_word' id='word_1_261' title='bbox 779 2147 839 2192; x_wconf 88' lang='lat' dir='ltr'><strong>ut</strong></span> <span class='ocrx_word' id='word_1_262' title='bbox 860 2153 957 2208; x_wconf 92' lang='lat' dir='ltr'><strong>pro</strong></span> <span class='ocrx_word' id='word_1_263' title='bbox 979 2135 1088 2190; x_wconf 81' lang='lat' dir='ltr'><strong>lilio</strong></span> <span class='ocrx_word' id='word_1_264' title='bbox 1107 2136 1225 2205; x_wconf 89' lang='lat' dir='ltr'><strong>ejus</strong></span> <span class='ocrx_word' id='word_1_265' title='bbox 1250 2144 1433 2190; x_wconf 88' lang='lat' dir='ltr'><strong>oraret</strong></span> <span class='ocrx_word' id='word_1_266' title='bbox 1453 2135 1517 2190; x_wconf 91' lang='lat' dir='ltr'><strong>ad</strong></span> <span class='ocrx_word' id='word_1_267' title='bbox 1550 2134 1850 2190; x_wconf 83' lang='lat' dir='ltr'><strong>Dominum.</strong></span> <span class='ocrx_word' id='word_1_268' title='bbox 1869 2131 1950 2186; x_wconf 80' lang='lat' dir='ltr'><strong>Ad</strong></span> 
     </span>
    </p>
   </div>
   <div class='ocr_carea' id='block_1_38' title="bbox 349 2222 1952 2294">
    <p class='ocr_par' dir='ltr' id='par_1_38' title="bbox 349 2222 1952 2294">
     <span class='ocr_line' id='line_1_38' title="bbox 349 2222 1952 2294; baseline -0.005 -9"><span class='ocrx_word' id='word_1_269' title='bbox 349 2229 462 2284; x_wconf 63' lang='lat' dir='ltr'><strong>hac</strong></span> <span class='ocrx_word' id='word_1_270' title='bbox 484 2227 576 2282; x_wconf 88' lang='lat' dir='ltr'><strong>ille</strong></span> <span class='ocrx_word' id='word_1_271' title='bbox 594 2235 802 2280; x_wconf 89' lang='lat' dir='ltr'><strong>tantum</strong></span> <span class='ocrx_word' id='word_1_272' title='bbox 828 2225 1143 2294; x_wconf 86' lang='lat' dir='ltr'><strong>respondit:</strong></span> <span class='ocrx_word' id='word_1_273' title='bbox 1171 2225 1320 2291; x_wconf 83' lang='lat' dir='ltr'><strong>Quod</strong></span> <span class='ocrx_word' id='word_1_274' title='bbox 1347 2225 1517 2289; x_wconf 90' lang='lat' dir='ltr'><strong>oravi,</strong></span> <span class='ocrx_word' id='word_1_275' title='bbox 1541 2224 1711 2278; x_wconf 89' lang='lat' dir='ltr'><strong>oravi.</strong></span> <span class='ocrx_word' id='word_1_276' title='bbox 1729 2222 1806 2276; x_wconf 84' lang='lat' dir='ltr'><strong>Ex</strong></span> <span class='ocrx_word' id='word_1_277' title='bbox 1827 2223 1952 2277; x_wconf 90' lang='lat' dir='ltr'><strong>hinc</strong></span> 
     </span>
    </p>
   </div>
   <div class='ocr_carea' id='block_1_39' title="bbox 349 2313 1950 2373">
    <p class='ocr_par' dir='ltr' id='par_1_39' title="bbox 349 2313 1950 2373">
     <span class='ocr_line' id='line_1_39' title="bbox 349 2313 1950 2373; baseline -0.004 -1"><span class='ocrx_word' id='word_1_278' title='bbox 349 2319 435 2372; x_wconf 87' lang='lat' dir='ltr'><strong>die</strong></span> <span class='ocrx_word' id='word_1_279' title='bbox 463 2318 622 2373; x_wconf 90' lang='lat' dir='ltr'><strong>tertia</strong></span> <span class='ocrx_word' id='word_1_280' title='bbox 652 2316 1061 2371; x_wconf 84' lang='lat' dir='ltr'><strong>archidiaconus</strong></span> <span class='ocrx_word' id='word_1_281' title='bbox 1091 2316 1246 2370; x_wconf 90' lang='lat' dir='ltr'><strong>obiit.</strong></span> <span class='ocrx_word' id='word_1_282' title='bbox 1287 2314 1516 2369; x_wconf 89' lang='lat' dir='ltr'><strong>Sanctus</strong></span> <span class='ocrx_word' id='word_1_283' title='bbox 1543 2330 1673 2370; x_wconf 90' lang='lat' dir='ltr'><strong>vero</strong></span> <span class='ocrx_word' id='word_1_284' title='bbox 1705 2313 1950 2368; x_wconf 83' lang='lat' dir='ltr'><strong>Massona</strong></span> 
     </span>
    </p>
   </div>
   <div class='ocr_carea' id='block_1_40' title="bbox 345 2407 1948 2480">
    <p class='ocr_par' dir='ltr' id='par_1_40' title="bbox 345 2407 1948 2480">
     <span class='ocr_line' id='line_1_40' title="bbox 345 2407 1948 2480; baseline -0.002 -16"><span class='ocrx_word' id='word_1_285' title='bbox 345 2410 638 2480; x_wconf 89' lang='lat' dir='ltr'><strong>episcopus</strong></span> <span class='ocrx_word' id='word_1_286' title='bbox 685 2407 970 2479; x_wconf 89' lang='lat' dir='ltr'><strong>plurimis,</strong></span> <span class='ocrx_word' id='word_1_287' title='bbox 1022 2409 1216 2477; x_wconf 89' lang='lat' dir='ltr'><strong>quibus</strong></span> <span class='ocrx_word' id='word_1_288' title='bbox 1263 2420 1538 2475; x_wconf 84' lang='lat' dir='ltr'><strong>superstes</strong></span> <span class='ocrx_word' id='word_1_289' title='bbox 1586 2407 1684 2462; x_wconf 91' lang='lat' dir='ltr'><strong>fuit</strong></span> <span class='ocrx_word' id='word_1_290' title='bbox 1732 2407 1948 2472; x_wconf 88' lang='lat' dir='ltr'><strong>diebus,</strong></span> 
     </span>
    </p>
   </div>
   <div class='ocr_carea' id='block_1_41' title="bbox 348 2496 1952 2569">
    <p class='ocr_par' dir='ltr' id='par_1_41' title="bbox 348 2496 1952 2569">
     <span class='ocr_line' id='line_1_41' title="bbox 348 2496 1952 2569; baseline 0.001 -17"><span class='ocrx_word' id='word_1_291' title='bbox 348 2499 574 2553; x_wconf 83' lang='lat' dir='ltr'><strong>multam</strong></span> <span class='ocrx_word' id='word_1_292' title='bbox 606 2499 1010 2569; x_wconf 85' lang='lat' dir='ltr'><strong>eleemosynam</strong></span> <span class='ocrx_word' id='word_1_293' title='bbox 1038 2498 1224 2566; x_wconf 82' lang='lat' dir='ltr'><strong>egenis</strong></span> <span class='ocrx_word' id='word_1_294' title='bbox 1255 2497 1569 2566; x_wconf 89' lang='lat' dir='ltr'><strong>impertivit,</strong></span> <span class='ocrx_word' id='word_1_295' title='bbox 1617 2512 1683 2551; x_wconf 91' lang='lat' dir='ltr'><strong>ac</strong></span> <span class='ocrx_word' id='word_1_296' title='bbox 1710 2496 1952 2554; x_wconf 85' lang='lat' dir='ltr'><strong>fidelibus</strong></span> 
     </span>
    </p>
   </div>
   <div class='ocr_carea' id='block_1_42' title="bbox 355 2586 1951 2659">
    <p class='ocr_par' dir='ltr' id='par_1_42' title="bbox 355 2586 1951 2659">
     <span class='ocr_line' id='line_1_42' title="bbox 355 2586 1951 2659; baseline 0.002 -19"><span class='ocrx_word' id='word_1_297' title='bbox 355 2586 567 2643; x_wconf 86' lang='lat' dir='ltr'><strong>famulis</strong></span> <span class='ocrx_word' id='word_1_298' title='bbox 581 2589 785 2658; x_wconf 87' lang='lat' dir='ltr'><strong>majora</strong></span> <span class='ocrx_word' id='word_1_299' title='bbox 795 2604 908 2643; x_wconf 67' lang='lat' dir='ltr'><strong>sua:</strong></span> <span class='ocrx_word' id='word_1_300' title='bbox 927 2591 1109 2659; x_wconf 68' lang='lat' dir='ltr'><strong>gratim</strong></span> <span class='ocrx_word' id='word_1_301' title='bbox 1131 2589 1385 2643; x_wconf 84' lang='lat' dir='ltr'><strong>beneficia</strong></span> <span class='ocrx_word' id='word_1_302' title='bbox 1401 2587 1704 2657; x_wconf 88' lang='lat' dir='ltr'><strong>conferens,</strong></span> <span class='ocrx_word' id='word_1_303' title='bbox 1719 2589 1951 2657; x_wconf 84' lang='lat' dir='ltr'><strong>largiora</strong></span> 
     </span>
    </p>
   </div>
   <div class='ocr_carea' id='block_1_43' title="bbox 353 2679 1952 2748">
    <p class='ocr_par' dir='ltr' id='par_1_43' title="bbox 353 2679 1952 2748">
     <span class='ocr_line' id='line_1_43' title="bbox 353 2679 1952 2748; baseline 0.002 -17"><span class='ocrx_word' id='word_1_304' title='bbox 353 2679 618 2748; x_wconf 85' lang='lat' dir='ltr'><strong>stipendia</strong></span> <span class='ocrx_word' id='word_1_305' title='bbox 644 2695 922 2734; x_wconf 90' lang='lat' dir='ltr'><strong>munerum</strong></span> <span class='ocrx_word' id='word_1_306' title='bbox 947 2681 1181 2735; x_wconf 91' lang='lat' dir='ltr'><strong>tribuere</strong></span> <span class='ocrx_word' id='word_1_307' title='bbox 1209 2688 1292 2734; x_wconf 90' lang='lat' dir='ltr'><strong>est</strong></span> <span class='ocrx_word' id='word_1_308' title='bbox 1311 2679 1585 2747; x_wconf 85' lang='lat' dir='ltr'><strong>dignatus;</strong></span> <span class='ocrx_word' id='word_1_309' title='bbox 1611 2679 1637 2716; x_wconf 74' lang='grc' dir='ltr'><strong>ι)</strong></span> <span class='ocrx_word' id='word_1_310' title='bbox 1659 2679 1852 2734; x_wconf 90' lang='lat' dir='ltr'><strong>deinde</strong></span> <span class='ocrx_word' id='word_1_311' title='bbox 1867 2695 1952 2734; x_wconf 84' lang='lat' dir='ltr'><strong>se-</strong></span> 
     </span>
    </p>
   </div>
   <div class='ocr_carea' id='block_1_44' title="bbox 357 2768 1952 2839">
    <p class='ocr_par' dir='ltr' id='par_1_44' title="bbox 357 2768 1952 2839">
     <span class='ocr_line' id='line_1_44' title="bbox 357 2768 1952 2839; baseline 0.003 -20"><span class='ocrx_word' id='word_1_312' title='bbox 357 2782 455 2821; x_wconf 80' lang='lat' dir='ltr'><strong>nex</strong></span> <span class='ocrx_word' id='word_1_313' title='bbox 469 2768 693 2822; x_wconf 91' lang='lat' dir='ltr'><strong>nimium</strong></span> <span class='ocrx_word' id='word_1_314' title='bbox 713 2777 873 2825; x_wconf 65' lang='lat' dir='ltr'><strong>aetate</strong></span> <span class='ocrx_word' id='word_1_315' title='bbox 883 2770 1206 2839; x_wconf 90' lang='lat' dir='ltr'><strong>decrepitus,</strong></span> <span class='ocrx_word' id='word_1_316' title='bbox 1221 2769 1534 2837; x_wconf 88' lang='lat' dir='ltr'><strong>dierumque</strong></span> <span class='ocrx_word' id='word_1_317' title='bbox 1547 2770 1858 2833; x_wconf 89' lang='lat' dir='ltr'><strong>multorum,</strong></span> <span class='ocrx_word' id='word_1_318' title='bbox 1874 2769 1952 2823; x_wconf 88' lang='lat' dir='ltr'><strong>ul-</strong></span> 
     </span>
    </p>
   </div>
   <div class='ocr_carea' id='block_1_45' title="bbox 361 2857 1977 2931">
    <p class='ocr_par' dir='ltr' id='par_1_45' title="bbox 361 2857 1977 2931">
     <span class='ocr_line' id='line_1_45' title="bbox 361 2857 1977 2931; baseline 0.004 -22"><span class='ocrx_word' id='word_1_319' title='bbox 361 2857 544 2912; x_wconf 89' lang='lat' dir='ltr'><strong>timum</strong></span> <span class='ocrx_word' id='word_1_320' title='bbox 560 2859 697 2914; x_wconf 91' lang='lat' dir='ltr'><strong>inter</strong></span> <span class='ocrx_word' id='word_1_321' title='bbox 719 2861 881 2916; x_wconf 90' lang='lat' dir='ltr'><strong>verba</strong></span> <span class='ocrx_word' id='word_1_322' title='bbox 899 2861 1156 2915; x_wconf 90' lang='lat' dir='ltr'><strong>orationis</strong></span> <span class='ocrx_word' id='word_1_323' title='bbox 1170 2876 1292 2916; x_wconf 91' lang='lat' dir='ltr'><strong>cum</strong></span> <span class='ocrx_word' id='word_1_324' title='bbox 1309 2876 1442 2930; x_wconf 87' lang='lat' dir='ltr'><strong>pace</strong></span> <span class='ocrx_word' id='word_1_325' title='bbox 1459 2858 1660 2916; x_wconf 83' lang='lat' dir='ltr'><strong>eﬂlavit</strong></span> <span class='ocrx_word' id='word_1_326' title='bbox 1679 2862 1944 2931; x_wconf 76' lang='lat' dir='ltr'><strong>Spiritum.</strong></span> <span class='ocrx_word' id='word_1_327' title='bbox 1970 2870 1977 2877; x_wconf 83' lang='lat'><strong><em>‘</em></strong></span> 
     </span>
    </p>
   </div>
   <div class='ocr_carea' id='block_1_46' title="bbox 947 2951 1352 3008">
    <p class='ocr_par' dir='ltr' id='par_1_46' title="bbox 947 2951 1352 3008">
     <span class='ocr_line' id='line_1_46' title="bbox 947 2951 1352 3008; baseline -0.002 -2"><span class='ocrx_word' id='word_1_328' title='bbox 947 2951 1176 3008; x_wconf 86' lang='lat' dir='ltr'><strong>CAPUT</strong></span> <span class='ocrx_word' id='word_1_329' title='bbox 1215 2952 1352 3006; x_wconf 77' lang='lat' dir='ltr'><strong>XXI.</strong></span> 
     </span>
    </p>
   </div>
   <div class='ocr_carea' id='block_1_47' title="bbox 366 3042 1950 3114">
    <p class='ocr_par' dir='ltr' id='par_1_47' title="bbox 366 3042 1950 3114">
     <span class='ocr_line' id='line_1_47' title="bbox 366 3042 1950 3114; baseline 0 -18"><span class='ocrx_word' id='word_1_330' title='bbox 366 3043 486 3099; x_wconf 79' lang='lat' dir='ltr'><strong>Post</strong></span> <span class='ocrx_word' id='word_1_331' title='bbox 539 3043 844 3098; x_wconf 78' lang='lat' dir='ltr'><strong>Massonam</strong></span> <span class='ocrx_word' id='word_1_332' title='bbox 901 3042 1231 3098; x_wconf 81' lang='lat' dir='ltr'><strong>Innocentius</strong></span> <span class='ocrx_word' id='word_1_333' title='bbox 1287 3046 1536 3098; x_wconf 78' lang='lat' dir='ltr'><strong>diaconus</strong></span> <span class='ocrx_word' id='word_1_334' title='bbox 1587 3045 1647 3114; x_wconf 83' lang='lat' dir='ltr'><strong>ﬁt</strong></span> <span class='ocrx_word' id='word_1_335' title='bbox 1685 3045 1950 3114; x_wconf 74' lang='lat' dir='ltr'><strong>cpiscopus</strong></span> 
     </span>
    </p>
   </div>
   <div class='ocr_carea' id='block_1_48' title="bbox 2051 1861 3643 1932">
    <p class='ocr_par' dir='ltr' id='par_1_48' title="bbox 2051 1861 3643 1932">
     <span class='ocr_line' id='line_1_48' title="bbox 2051 1861 3643 1932; baseline -0.001 -14"><span class='ocrx_word' id='word_1_336' title='bbox 2051 1872 2169 1918; x_wconf 84' lang='lat' dir='ltr'><strong>erat</strong></span> <span class='ocrx_word' id='word_1_337' title='bbox 2213 1864 2356 1916; x_wconf 85' lang='lat' dir='ltr'><strong>enim</strong></span> <span class='ocrx_word' id='word_1_338' title='bbox 2402 1877 2659 1932; x_wconf 89' lang='lat' dir='ltr'><strong>procerus</strong></span> <span class='ocrx_word' id='word_1_339' title='bbox 2688 1876 2938 1931; x_wconf 91' lang='lat' dir='ltr'><strong>corpore,</strong></span> <span class='ocrx_word' id='word_1_340' title='bbox 2970 1861 3139 1915; x_wconf 92' lang='lat' dir='ltr'><strong>forma</strong></span> <span class='ocrx_word' id='word_1_341' title='bbox 3176 1862 3505 1931; x_wconf 89' lang='lat' dir='ltr'><strong>perspicuus,</strong></span> <span class='ocrx_word' id='word_1_342' title='bbox 3536 1872 3643 1916; x_wconf 86' lang='lat' dir='ltr'><strong>sta-</strong></span> 
     </span>
    </p>
   </div>
   <div class='ocr_carea' id='block_1_49' title="bbox 2051 1953 3643 2020">
    <p class='ocr_par' dir='ltr' id='par_1_49' title="bbox 2051 1953 3643 2020">
     <span class='ocr_line' id='line_1_49' title="bbox 2051 1953 3643 2020; baseline -0.001 -12"><span class='ocrx_word' id='word_1_343' title='bbox 2051 1963 2172 2008; x_wconf 89' lang='lat' dir='ltr'><strong>tura</strong></span> <span class='ocrx_word' id='word_1_344' title='bbox 2203 1953 2449 2018; x_wconf 89' lang='lat' dir='ltr'><strong>decorus,</strong></span> <span class='ocrx_word' id='word_1_345' title='bbox 2498 1953 2689 2008; x_wconf 88' lang='lat' dir='ltr'><strong>obtutu</strong></span> <span class='ocrx_word' id='word_1_346' title='bbox 2731 1959 2936 2020; x_wconf 85' lang='lat' dir='ltr'><strong>gratus,</strong></span> <span class='ocrx_word' id='word_1_347' title='bbox 2966 1960 3193 2006; x_wconf 89' lang='lat' dir='ltr'><strong>venusto</strong></span> <span class='ocrx_word' id='word_1_348' title='bbox 3237 1954 3405 2017; x_wconf 87' lang='lat' dir='ltr'><strong>vultu,</strong></span> <span class='ocrx_word' id='word_1_349' title='bbox 3447 1954 3643 2007; x_wconf 87' lang='lat' dir='ltr'><strong>decora</strong></span> 
     </span>
    </p>
   </div>
   <div class='ocr_carea' id='block_1_50' title="bbox 2052 2041 3644 2113">
    <p class='ocr_par' dir='ltr' id='par_1_50' title="bbox 2052 2041 3644 2113">
     <span class='ocr_line' id='line_1_50' title="bbox 2052 2041 3644 2113; baseline -0.001 -16"><span class='ocrx_word' id='word_1_350' title='bbox 2052 2045 2208 2110; x_wconf 90' lang='lat' dir='ltr'><strong>facie,</strong></span> <span class='ocrx_word' id='word_1_351' title='bbox 2244 2044 2572 2113; x_wconf 85' lang='lat' dir='ltr'><strong>nimiumque</strong></span> <span class='ocrx_word' id='word_1_352' title='bbox 2601 2041 2933 2096; x_wconf 84' lang='lat' dir='ltr'><strong>admirabilis</strong></span> <span class='ocrx_word' id='word_1_353' title='bbox 2962 2049 3218 2109; x_wconf 91' lang='lat' dir='ltr'><strong>aspectu;</strong></span> <span class='ocrx_word' id='word_1_354' title='bbox 3268 2041 3362 2094; x_wconf 90' lang='lat' dir='ltr'><strong>sed</strong></span> <span class='ocrx_word' id='word_1_355' title='bbox 3402 2042 3644 2110; x_wconf 88' lang='lat' dir='ltr'><strong>quamvis</strong></span> 
     </span>
    </p>
   </div>
   <div class='ocr_carea' id='block_1_51' title="bbox 2051 2129 3644 2200">
    <p class='ocr_par' dir='ltr' id='par_1_51' title="bbox 2051 2129 3644 2200">
     <span class='ocr_line' id='line_1_51' title="bbox 2051 2129 3644 2200; baseline -0.001 -12"><span class='ocrx_word' id='word_1_356' title='bbox 2051 2142 2329 2188; x_wconf 84' lang='lat' dir='ltr'><strong>extrorsus</strong></span> <span class='ocrx_word' id='word_1_357' title='bbox 2359 2134 2570 2188; x_wconf 86' lang='lat' dir='ltr'><strong>habitus</strong></span> <span class='ocrx_word' id='word_1_358' title='bbox 2597 2132 2679 2186; x_wconf 92' lang='lat' dir='ltr'><strong>sui</strong></span> <span class='ocrx_word' id='word_1_359' title='bbox 2707 2131 2875 2200; x_wconf 86' lang='lat' dir='ltr'><strong>gloria</strong></span> <span class='ocrx_word' id='word_1_360' title='bbox 2919 2139 3060 2184; x_wconf 90' lang='lat' dir='ltr'><strong>esset</strong></span> <span class='ocrx_word' id='word_1_361' title='bbox 3099 2129 3403 2195; x_wconf 87' lang='lat' dir='ltr'><strong>decoratus,</strong></span> <span class='ocrx_word' id='word_1_362' title='bbox 3450 2131 3644 2186; x_wconf 83' lang='lat' dir='ltr'><strong>intror-</strong></span> 
     </span>
    </p>
   </div>
   <div class='ocr_carea' id='block_1_52' title="bbox 2051 2221 3646 2297">
    <p class='ocr_par' dir='ltr' id='par_1_52' title="bbox 2051 2221 3646 2297">
     <span class='ocr_line' id='line_1_52' title="bbox 2051 2221 3646 2297; baseline -0.003 -15"><span class='ocrx_word' id='word_1_363' title='bbox 2051 2243 2143 2282; x_wconf 87' lang='lat' dir='ltr'><strong>sus</strong></span> <span class='ocrx_word' id='word_1_364' title='bbox 2189 2226 2463 2297; x_wconf 90' lang='lat' dir='ltr'><strong>pulchrior</strong></span> <span class='ocrx_word' id='word_1_365' title='bbox 2506 2225 2820 2290; x_wconf 87' lang='lat' dir='ltr'><strong>habebatur,</strong></span> <span class='ocrx_word' id='word_1_366' title='bbox 2853 2223 3051 2276; x_wconf 87' lang='lat' dir='ltr'><strong>lumine</strong></span> <span class='ocrx_word' id='word_1_367' title='bbox 3095 2222 3264 2277; x_wconf 89' lang='lat' dir='ltr'><strong>sancti</strong></span> <span class='ocrx_word' id='word_1_368' title='bbox 3312 2221 3539 2292; x_wconf 87' lang='lat' dir='ltr'><strong>Spiritus</strong></span> <span class='ocrx_word' id='word_1_369' title='bbox 3584 2223 3646 2277; x_wconf 95' lang='lat' dir='ltr'><strong>il-</strong></span> 
     </span>
    </p>
   </div>
   <div class='ocr_carea' id='block_1_53' title="bbox 2053 2315 3644 2387">
    <p class='ocr_par' dir='ltr' id='par_1_53' title="bbox 2053 2315 3644 2387">
     <span class='ocr_line' id='line_1_53' title="bbox 2053 2315 3644 2387; baseline -0.002 -14"><span class='ocrx_word' id='word_1_370' title='bbox 2053 2319 2328 2387; x_wconf 90' lang='lat' dir='ltr'><strong>lustratus,</strong></span> <span class='ocrx_word' id='word_1_371' title='bbox 2357 2319 2541 2374; x_wconf 91' lang='lat' dir='ltr'><strong>multis</strong></span> <span class='ocrx_word' id='word_1_372' title='bbox 2573 2319 2821 2372; x_wconf 90' lang='lat' dir='ltr'><strong>nimirum</strong></span> <span class='ocrx_word' id='word_1_373' title='bbox 2844 2317 3036 2371; x_wconf 91' lang='lat' dir='ltr'><strong>artium</strong></span> <span class='ocrx_word' id='word_1_374' title='bbox 3060 2315 3353 2384; x_wconf 86' lang='lat' dir='ltr'><strong>disciplinis</strong></span> <span class='ocrx_word' id='word_1_375' title='bbox 3383 2317 3644 2371; x_wconf 84' lang='lat' dir='ltr'><strong>existebat</strong></span> 
     </span>
    </p>
   </div>
   <div class='ocr_carea' id='block_1_54' title="bbox 2053 2409 3644 2480">
    <p class='ocr_par' dir='ltr' id='par_1_54' title="bbox 2053 2409 3644 2480">
     <span class='ocr_line' id='line_1_54' title="bbox 2053 2409 3644 2480; baseline -0.003 -14"><span class='ocrx_word' id='word_1_376' title='bbox 2053 2413 2312 2476; x_wconf 88' lang='lat' dir='ltr'><strong>eruditus,</strong></span> <span class='ocrx_word' id='word_1_377' title='bbox 2345 2411 2632 2480; x_wconf 88' lang='lat' dir='ltr'><strong>multisque</strong></span> <span class='ocrx_word' id='word_1_378' title='bbox 2673 2411 2928 2464; x_wconf 83' lang='lat' dir='ltr'><strong>virtutum</strong></span> <span class='ocrx_word' id='word_1_379' title='bbox 2975 2409 3134 2462; x_wconf 90' lang='lat' dir='ltr'><strong>variis</strong></span> <span class='ocrx_word' id='word_1_380' title='bbox 3178 2409 3480 2476; x_wconf 84' lang='lat' dir='ltr'><strong>generibus,</strong></span> <span class='ocrx_word' id='word_1_381' title='bbox 3529 2417 3644 2462; x_wconf 90' lang='lat' dir='ltr'><strong>erat</strong></span> 
     </span>
    </p>
   </div>
   <div class='ocr_carea' id='block_1_55' title="bbox 2053 2499 3644 2573">
    <p class='ocr_par' dir='ltr' id='par_1_55' title="bbox 2053 2499 3644 2573">
     <span class='ocr_line' id='line_1_55' title="bbox 2053 2499 3644 2573; baseline -0.001 -17"><span class='ocrx_word' id='word_1_382' title='bbox 2053 2504 2194 2557; x_wconf 88' lang='lat' dir='ltr'><strong>enim</strong></span> <span class='ocrx_word' id='word_1_383' title='bbox 2223 2503 2469 2573; x_wconf 84' lang='lat' dir='ltr'><strong>egregius</strong></span> <span class='ocrx_word' id='word_1_384' title='bbox 2500 2505 2552 2556; x_wconf 92' lang='lat' dir='ltr'><strong>in</strong></span> <span class='ocrx_word' id='word_1_385' title='bbox 2582 2502 2831 2556; x_wconf 87' lang='lat' dir='ltr'><strong>omnibus</strong></span> <span class='ocrx_word' id='word_1_386' title='bbox 2859 2499 3109 2570; x_wconf 89' lang='lat' dir='ltr'><strong>operibus</strong></span> <span class='ocrx_word' id='word_1_387' title='bbox 3131 2499 3262 2564; x_wconf 88' lang='lat' dir='ltr'><strong>suis,</strong></span> <span class='ocrx_word' id='word_1_388' title='bbox 3284 2501 3644 2569; x_wconf 76' lang='lat' dir='ltr'><strong>mquissimus,</strong></span> 
     </span>
    </p>
   </div>
   <div class='ocr_carea' id='block_1_56' title="bbox 2047 2585 3646 2661">
    <p class='ocr_par' dir='ltr' id='par_1_56' title="bbox 2047 2585 3646 2661">
     <span class='ocr_line' id='line_1_56' title="bbox 2047 2585 3646 2661; baseline -0.001 -12"><span class='ocrx_word' id='word_1_389' title='bbox 2047 2585 2393 2659; x_wconf 76' lang='lat' dir='ltr'><strong>iustissimus,</strong></span> <span class='ocrx_word' id='word_1_390' title='bbox 2430 2594 2758 2661; x_wconf 89' lang='lat' dir='ltr'><strong>nimiumque</strong></span> <span class='ocrx_word' id='word_1_391' title='bbox 2785 2594 2926 2646; x_wconf 90' lang='lat' dir='ltr'><strong>acris</strong></span> <span class='ocrx_word' id='word_1_392' title='bbox 2955 2592 3188 2660; x_wconf 88' lang='lat' dir='ltr'><strong>ingenii,</strong></span> <span class='ocrx_word' id='word_1_393' title='bbox 3232 2601 3288 2646; x_wconf 91' lang='lat' dir='ltr'><strong>et</strong></span> <span class='ocrx_word' id='word_1_394' title='bbox 3317 2592 3367 2645; x_wconf 92' lang='lat' dir='ltr'><strong>in</strong></span> <span class='ocrx_word' id='word_1_395' title='bbox 3399 2593 3646 2648; x_wconf 88' lang='lat' dir='ltr'><strong>omnibus</strong></span> 
     </span>
    </p>
   </div>
   <div class='ocr_carea' id='block_1_57' title="bbox 2052 2683 3646 2757">
    <p class='ocr_par' dir='ltr' id='par_1_57' title="bbox 2052 2683 3646 2757">
     <span class='ocr_line' id='line_1_57' title="bbox 2052 2683 3646 2757; baseline -0.001 -17"><span class='ocrx_word' id='word_1_396' title='bbox 2052 2686 2348 2757; x_wconf 85' lang='lat' dir='ltr'><strong>disciplinis</strong></span> <span class='ocrx_word' id='word_1_397' title='bbox 2375 2683 2750 2740; x_wconf 85' lang='lat' dir='ltr'><strong>ecclesiasticis</strong></span> <span class='ocrx_word' id='word_1_398' title='bbox 2778 2683 3125 2738; x_wconf 89' lang='lat' dir='ltr'><strong>vehementer</strong></span> <span class='ocrx_word' id='word_1_399' title='bbox 3147 2683 3461 2750; x_wconf 91' lang='lat' dir='ltr'><strong>instructus,</strong></span> <span class='ocrx_word' id='word_1_400' title='bbox 3485 2692 3646 2754; x_wconf 87' lang='lat' dir='ltr'><strong>atque</strong></span> 
     </span>
    </p>
   </div>
   <div class='ocr_carea' id='block_1_58' title="bbox 2052 2775 3644 2845">
    <p class='ocr_par' dir='ltr' id='par_1_58' title="bbox 2052 2775 3644 2845">
     <span class='ocr_line' id='line_1_58' title="bbox 2052 2775 3644 2845; baseline -0.001 -13"><span class='ocrx_word' id='word_1_401' title='bbox 2052 2778 2106 2832; x_wconf 95' lang='lat' dir='ltr'><strong>in</strong></span> <span class='ocrx_word' id='word_1_402' title='bbox 2135 2777 2328 2832; x_wconf 89' lang='lat' dir='ltr'><strong>divinis</strong></span> <span class='ocrx_word' id='word_1_403' title='bbox 2356 2777 2717 2831; x_wconf 86' lang='lat' dir='ltr'><strong>voluminibus</strong></span> <span class='ocrx_word' id='word_1_404' title='bbox 2745 2791 3001 2845; x_wconf 84' lang='lat' dir='ltr'><strong>perquam</strong></span> <span class='ocrx_word' id='word_1_405' title='bbox 3029 2775 3379 2831; x_wconf 78' lang='lat' dir='ltr'><strong>exercitatus:</strong></span> <span class='ocrx_word' id='word_1_406' title='bbox 3408 2777 3492 2832; x_wconf 91' lang='lat' dir='ltr'><strong>hic</strong></span> <span class='ocrx_word' id='word_1_407' title='bbox 3519 2778 3644 2831; x_wconf 91' lang='lat' dir='ltr'><strong>dum</strong></span> 
     </span>
    </p>
   </div>
   <div class='ocr_carea' id='block_1_59' title="bbox 2051 2866 3644 2922">
    <p class='ocr_par' dir='ltr' id='par_1_59' title="bbox 2051 2866 3644 2922">
     <span class='ocr_line' id='line_1_59' title="bbox 2051 2866 3644 2922; baseline -0.001 -1"><span class='ocrx_word' id='word_1_408' title='bbox 2051 2868 2230 2921; x_wconf 90' lang='lat' dir='ltr'><strong>multis</strong></span> <span class='ocrx_word' id='word_1_409' title='bbox 2258 2867 2544 2921; x_wconf 90' lang='lat' dir='ltr'><strong>virtutibus</strong></span> <span class='ocrx_word' id='word_1_410' title='bbox 2571 2874 2883 2922; x_wconf 88' lang='lat' dir='ltr'><strong>coruscaret</strong></span> <span class='ocrx_word' id='word_1_411' title='bbox 2911 2881 3062 2920; x_wconf 89' lang='lat' dir='ltr'><strong>sacra</strong></span> <span class='ocrx_word' id='word_1_412' title='bbox 3089 2866 3329 2920; x_wconf 86' lang='lat' dir='ltr'><strong>doctrina</strong></span> <span class='ocrx_word' id='word_1_413' title='bbox 3360 2867 3644 2921; x_wconf 90' lang='lat' dir='ltr'><strong>nonnullos</strong></span> 
     </span>
    </p>
   </div>
   <div class='ocr_carea' id='block_1_60' title="bbox 2049 2956 3642 3026">
    <p class='ocr_par' dir='ltr' id='par_1_60' title="bbox 2049 2956 3642 3026">
     <span class='ocr_line' id='line_1_60' title="bbox 2049 2956 3642 3026; baseline 0.001 -16"><span class='ocrx_word' id='word_1_414' title='bbox 2049 2957 2342 3026; x_wconf 76' lang='lat' dir='ltr'><strong>discipulos</strong></span> <span class='ocrx_word' id='word_1_415' title='bbox 2388 2957 2638 3012; x_wconf 88' lang='lat' dir='ltr'><strong>erudiens</strong></span> <span class='ocrx_word' id='word_1_416' title='bbox 2666 2997 2682 3023; x_wconf 93' lang='lat'><strong>,</strong></span> <span class='ocrx_word' id='word_1_417' title='bbox 2731 2956 3174 3023; x_wconf 85' lang='lat' dir='ltr'><strong>sanctissirnoque</strong></span> <span class='ocrx_word' id='word_1_418' title='bbox 3227 2957 3471 3026; x_wconf 83' lang='lat' dir='ltr'><strong>exemplo</strong></span> <span class='ocrx_word' id='word_1_419' title='bbox 3520 2960 3642 3012; x_wconf 65' lang='lat' dir='ltr'><strong>vita)</strong></span> 
     </span>
    </p>
   </div>
   <div class='ocr_carea' id='block_1_61' title="bbox 2052 3044 3640 3116">
    <p class='ocr_par' dir='ltr' id='par_1_61' title="bbox 2052 3044 3640 3116">
     <span class='ocr_line' id='line_1_61' title="bbox 2052 3044 3640 3116; baseline 0.001 -16"><span class='ocrx_word' id='word_1_420' title='bbox 2052 3062 2160 3100; x_wconf 74' lang='lat' dir='ltr'><strong>sua:</strong></span> <span class='ocrx_word' id='word_1_421' title='bbox 2207 3047 2508 3108; x_wconf 90' lang='lat' dir='ltr'><strong>instituens,</strong></span> <span class='ocrx_word' id='word_1_422' title='bbox 2555 3045 2836 3115; x_wconf 89' lang='lat' dir='ltr'><strong>prudentia</strong></span> <span class='ocrx_word' id='word_1_423' title='bbox 2881 3044 3149 3109; x_wconf 86' lang='lat' dir='ltr'><strong>videlicet,</strong></span> <span class='ocrx_word' id='word_1_424' title='bbox 3199 3047 3504 3112; x_wconf 90' lang='lat' dir='ltr'><strong>sanctitate,</strong></span> <span class='ocrx_word' id='word_1_425' title='bbox 3543 3063 3640 3116; x_wconf 89' lang='lat' dir='ltr'><strong>pa-</strong></span> 
     </span>
    </p>
   </div>
   <div class='ocr_carea' id='block_1_62' title="bbox 429 3133 3640 3208">
    <p class='ocr_par' dir='ltr' id='par_1_62' title="bbox 429 3133 3640 3208">
     <span class='ocr_line' id='line_1_62' title="bbox 429 3133 3640 3208; baseline -0 -16"><span class='ocrx_word' id='word_1_426' title='bbox 429 3137 790 3203; x_wconf 81' lang='lat' dir='ltr'><strong>Emeritensis,</strong></span> <span class='ocrx_word' id='word_1_427' title='bbox 814 3145 997 3205; x_wconf 83' lang='lat' dir='ltr'><strong>etpost</strong></span> <span class='ocrx_word' id='word_1_428' title='bbox 1024 3137 1170 3190; x_wconf 79' lang='lat' dir='ltr'><strong>illum</strong></span> <span class='ocrx_word' id='word_1_429' title='bbox 1204 3135 1516 3202; x_wconf 76' lang='lat' dir='ltr'><strong>Iieuovatus,</strong></span> <span class='ocrx_word' id='word_1_430' title='bbox 1546 3146 1754 3208; x_wconf 85' lang='lat' dir='ltr'><strong>uterque</strong></span> <span class='ocrx_word' id='word_1_431' title='bbox 1780 3139 1949 3192; x_wconf 84' lang='lat' dir='ltr'><strong>clarus</strong></span> <span class='ocrx_word' id='word_1_432' title='bbox 1979 3148 2018 3205; x_wconf 72' lang='grc' dir='ltr'><strong>ς</strong></span> <span class='ocrx_word' id='word_1_433' title='bbox 2052 3137 2258 3200; x_wconf 87' lang='lat' dir='ltr'><strong>tientia,</strong></span> <span class='ocrx_word' id='word_1_434' title='bbox 2291 3135 2720 3197; x_wconf 90' lang='lat' dir='ltr'><strong>mansuetudine,</strong></span> <span class='ocrx_word' id='word_1_435' title='bbox 2771 3133 3154 3195; x_wconf 86' lang='lat' dir='ltr'><strong>misericordia,</strong></span> <span class='ocrx_word' id='word_1_436' title='bbox 3198 3134 3458 3202; x_wconf 90' lang='lat' dir='ltr'><strong>plurimos</strong></span> <span class='ocrx_word' id='word_1_437' title='bbox 3487 3136 3640 3192; x_wconf 64' lang='lat' dir='ltr'><strong>tales:</strong></span> 
     </span>
    </p>
   </div>
   <div class='ocr_carea' id='block_1_63' title="bbox 429 3228 715 3284">
    <p class='ocr_par' dir='ltr' id='par_1_63' title="bbox 429 3228 715 3284">
     <span class='ocr_line' id='line_1_63' title="bbox 429 3228 715 3284; baseline -0.014 0"><span class='ocrx_word' id='word_1_438' title='bbox 429 3228 715 3284; x_wconf 74' lang='lat' dir='ltr'><strong>miraculis.</strong></span> 
     </span>
    </p>
   </div>
   <div class='ocr_carea' id='block_1_64' title="bbox 432 3317 1954 3387">
    <p class='ocr_par' dir='ltr' id='par_1_64' title="bbox 432 3317 1954 3387">
     <span class='ocr_line' id='line_1_64' title="bbox 432 3317 1954 3387; baseline -0.002 -13"><span class='ocrx_word' id='word_1_439' title='bbox 432 3318 560 3375; x_wconf 83' lang='lat' dir='ltr'><strong>Post</strong></span> <span class='ocrx_word' id='word_1_440' title='bbox 603 3319 896 3372; x_wconf 90' lang='lat' dir='ltr'><strong>discessum</strong></span> <span class='ocrx_word' id='word_1_441' title='bbox 927 3331 1160 3386; x_wconf 86' lang='lat' dir='ltr'><strong>namque</strong></span> <span class='ocrx_word' id='word_1_442' title='bbox 1197 3317 1489 3387; x_wconf 88' lang='lat' dir='ltr'><strong>supradicti</strong></span> <span class='ocrx_word' id='word_1_443' title='bbox 1527 3317 1848 3372; x_wconf 89' lang='lat' dir='ltr'><strong>sanctissimi</strong></span> <span class='ocrx_word' id='word_1_444' title='bbox 1891 3331 1954 3372; x_wconf 90' lang='lat' dir='ltr'><strong>ac</strong></span> 
     </span>
    </p>
   </div>
   <div class='ocr_carea' id='block_1_65' title="bbox 366 3408 1954 3480">
    <p class='ocr_par' dir='ltr' id='par_1_65' title="bbox 366 3408 1954 3480">
     <span class='ocr_line' id='line_1_65' title="bbox 366 3408 1954 3480; baseline 0 -17"><span class='ocrx_word' id='word_1_445' title='bbox 366 3410 684 3466; x_wconf 82' lang='lat' dir='ltr'><strong>venerabilis</strong></span> <span class='ocrx_word' id='word_1_446' title='bbox 713 3408 972 3464; x_wconf 73' lang='lat' dir='ltr'><strong>Mussome</strong></span> <span class='ocrx_word' id='word_1_447' title='bbox 999 3411 1235 3480; x_wconf 89' lang='lat' dir='ltr'><strong>episcopi</strong></span> <span class='ocrx_word' id='word_1_448' title='bbox 1275 3411 1596 3478; x_wconf 88' lang='lat' dir='ltr'><strong>subrogatur</strong></span> <span class='ocrx_word' id='word_1_449' title='bbox 1627 3410 1706 3463; x_wconf 91' lang='lat' dir='ltr'><strong>vir</strong></span> <span class='ocrx_word' id='word_1_450' title='bbox 1733 3425 1954 3463; x_wconf 78' lang='lat' dir='ltr'><strong>summa:</strong></span> 
     </span>
    </p>
   </div>
   <div class='ocr_carea' id='block_1_66' title="bbox 367 3499 1954 3568">
    <p class='ocr_par' dir='ltr' id='par_1_66' title="bbox 367 3499 1954 3568">
     <span class='ocr_line' id='line_1_66' title="bbox 367 3499 1954 3568; baseline 0 -14"><span class='ocrx_word' id='word_1_451' title='bbox 367 3500 677 3555; x_wconf 87' lang='lat' dir='ltr'><strong>humilitatis</strong></span> <span class='ocrx_word' id='word_1_452' title='bbox 697 3513 760 3554; x_wconf 89' lang='lat' dir='ltr'><strong>ac</strong></span> <span class='ocrx_word' id='word_1_453' title='bbox 776 3499 1151 3568; x_wconf 90' lang='lat' dir='ltr'><strong>simplicitatis,</strong></span> <span class='ocrx_word' id='word_1_454' title='bbox 1179 3513 1200 3539; x_wconf 77' lang='grc' dir='ltr'>ε</span> <span class='ocrx_word' id='word_1_455' title='bbox 1231 3499 1570 3554; x_wconf 89' lang='lat' dir='ltr'><strong>Innocentius</strong></span> <span class='ocrx_word' id='word_1_456' title='bbox 1593 3500 1828 3561; x_wconf 85' lang='lat' dir='ltr'><strong>nomine,</strong></span> <span class='ocrx_word' id='word_1_457' title='bbox 1859 3515 1954 3558; x_wconf 81' lang='lat' dir='ltr'><strong>cu—</strong></span> 
     </span>
    </p>
   </div>
   <div class='ocr_carea' id='block_1_67' title="bbox 367 3590 1955 3662">
    <p class='ocr_par' dir='ltr' id='par_1_67' title="bbox 367 3590 1955 3662">
     <span class='ocr_line' id='line_1_67' title="bbox 367 3590 1955 3662; baseline 0.001 -18"><span class='ocrx_word' id='word_1_458' title='bbox 367 3593 446 3662; x_wconf 81' lang='lat' dir='ltr'><strong>ius</strong></span> <span class='ocrx_word' id='word_1_459' title='bbox 470 3591 722 3647; x_wconf 90' lang='lat' dir='ltr'><strong>meritum</strong></span> <span class='ocrx_word' id='word_1_460' title='bbox 753 3591 983 3646; x_wconf 90' lang='lat' dir='ltr'><strong>nominis</strong></span> <span class='ocrx_word' id='word_1_461' title='bbox 1013 3590 1264 3645; x_wconf 88' lang='lat' dir='ltr'><strong>indicavit</strong></span> <span class='ocrx_word' id='word_1_462' title='bbox 1309 3590 1644 3655; x_wconf 88' lang='lat' dir='ltr'><strong>vocabulum,</strong></span> <span class='ocrx_word' id='word_1_463' title='bbox 1696 3592 1955 3646; x_wconf 88' lang='lat' dir='ltr'><strong>innocens</strong></span> 
     </span>
    </p>
   </div>
   <div class='ocr_carea' id='block_1_68' title="bbox 367 3681 1954 3751">
    <p class='ocr_par' dir='ltr' id='par_1_68' title="bbox 367 3681 1954 3751">
     <span class='ocr_line' id='line_1_68' title="bbox 367 3681 1954 3751; baseline 0 -15"><span class='ocrx_word' id='word_1_464' title='bbox 367 3683 548 3751; x_wconf 91' lang='lat' dir='ltr'><strong>utique</strong></span> <span class='ocrx_word' id='word_1_465' title='bbox 578 3692 630 3737; x_wconf 93' lang='lat' dir='ltr'><strong>et</strong></span> <span class='ocrx_word' id='word_1_466' title='bbox 659 3681 906 3750; x_wconf 81' lang='lat' dir='ltr'><strong>simplex,</strong></span> <span class='ocrx_word' id='word_1_467' title='bbox 938 3682 1204 3736; x_wconf 90' lang='lat' dir='ltr'><strong>neminem</strong></span> <span class='ocrx_word' id='word_1_468' title='bbox 1229 3681 1491 3750; x_wconf 69' lang='lat' dir='ltr'><strong>judicans,</strong></span> <span class='ocrx_word' id='word_1_469' title='bbox 1525 3683 1789 3736; x_wconf 89' lang='lat' dir='ltr'><strong>neminem</strong></span> <span class='ocrx_word' id='word_1_470' title='bbox 1819 3699 1954 3738; x_wconf 89' lang='lat' dir='ltr'><strong>cou-</strong></span> 
     </span>
    </p>
   </div>
   <div class='ocr_carea' id='block_1_69' title="bbox 365 3773 1955 3843">
    <p class='ocr_par' dir='ltr' id='par_1_69' title="bbox 365 3773 1955 3843">
     <span class='ocr_line' id='line_1_69' title="bbox 365 3773 1955 3843; baseline 0.001 -17"><span class='ocrx_word' id='word_1_471' title='bbox 365 3773 646 3840; x_wconf 90' lang='lat' dir='ltr'><strong>demnans,</strong></span> <span class='ocrx_word' id='word_1_472' title='bbox 676 3773 873 3826; x_wconf 90' lang='lat' dir='ltr'><strong>nemini</strong></span> <span class='ocrx_word' id='word_1_473' title='bbox 905 3787 1126 3836; x_wconf 91' lang='lat' dir='ltr'><strong>nocens,</strong></span> <span class='ocrx_word' id='word_1_474' title='bbox 1175 3773 1438 3827; x_wconf 90' lang='lat' dir='ltr'><strong>innocuus</strong></span> <span class='ocrx_word' id='word_1_475' title='bbox 1480 3787 1710 3842; x_wconf 88' lang='lat' dir='ltr'><strong>semper,</strong></span> <span class='ocrx_word' id='word_1_476' title='bbox 1759 3783 1812 3828; x_wconf 93' lang='lat' dir='ltr'><strong>et</strong></span> <span class='ocrx_word' id='word_1_477' title='bbox 1837 3774 1955 3843; x_wconf 89' lang='lat' dir='ltr'><strong>pius</strong></span> 
     </span>
    </p>
   </div>
   <div class='ocr_carea' id='block_1_70' title="bbox 366 3864 1953 3934">
    <p class='ocr_par' dir='ltr' id='par_1_70' title="bbox 366 3864 1953 3934">
     <span class='ocr_line' id='line_1_70' title="bbox 366 3864 1953 3934; baseline 0 -16"><span class='ocrx_word' id='word_1_478' title='bbox 366 3865 576 3920; x_wconf 82' lang='lat' dir='ltr'><strong>cunctis</strong></span> <span class='ocrx_word' id='word_1_479' title='bbox 600 3878 714 3920; x_wconf 69' lang='lat' dir='ltr'><strong>sua:</strong></span> <span class='ocrx_word' id='word_1_480' title='bbox 740 3864 862 3917; x_wconf 67' lang='lat' dir='ltr'><strong>vitae</strong></span> <span class='ocrx_word' id='word_1_481' title='bbox 907 3864 1236 3934; x_wconf 88' lang='lat' dir='ltr'><strong>temporibus</strong></span> <span class='ocrx_word' id='word_1_482' title='bbox 1263 3864 1469 3919; x_wconf 71' lang='lat' dir='ltr'><strong>exstitit</strong></span> <span class='ocrx_word' id='word_1_483' title='bbox 1495 3881 1507 3917; x_wconf 92' lang='lat'><strong>:</strong></span> <span class='ocrx_word' id='word_1_484' title='bbox 1531 3865 1622 3934; x_wconf 91' lang='lat' dir='ltr'><strong>qui</strong></span> <span class='ocrx_word' id='word_1_485' title='bbox 1666 3873 1721 3919; x_wconf 94' lang='lat' dir='ltr'><strong>et</strong></span> <span class='ocrx_word' id='word_1_486' title='bbox 1765 3866 1953 3920; x_wconf 89' lang='lat' dir='ltr'><strong>eodem</strong></span> 
     </span>
    </p>
   </div>
   <div class='ocr_carea' id='block_1_71' title="bbox 439 4019 1949 4090">
    <p class='ocr_par' dir='ltr' id='par_1_71' title="bbox 439 4019 1949 4090">
     <span class='ocr_line' id='line_1_71' title="bbox 439 4019 1949 4090; baseline 0.001 -18"><span class='ocrx_word' id='word_1_487' title='bbox 439 4029 465 4056; x_wconf 74' lang='grc' dir='ltr'>ι</span> <span class='ocrx_word' id='word_1_488' title='bbox 495 4021 577 4090; x_wconf 67' lang='grc' dir='ltr'><strong>,ρά</strong></span> <span class='ocrx_word' id='word_1_489' title='bbox 605 4020 947 4090; x_wconf 81' lang='lat' dir='ltr'><strong>vespertinum</strong></span> <span class='ocrx_word' id='word_1_490' title='bbox 977 4020 1217 4090; x_wconf 69' lang='lat' dir='ltr'><strong>ofﬁcium.</strong></span> <span class='ocrx_word' id='word_1_491' title='bbox 1251 4019 1412 4074; x_wconf 90' lang='lat' dir='ltr'><strong>Teste</strong></span> <span class='ocrx_word' id='word_1_492' title='bbox 1450 4019 1640 4074; x_wconf 82' lang='lat' dir='ltr'><strong>Isidor.</strong></span> <span class='ocrx_word' id='word_1_493' title='bbox 1677 4037 1748 4083; x_wconf 80' lang='lat' dir='ltr'><strong>v1,</strong></span> <span class='ocrx_word' id='word_1_494' title='bbox 1778 4019 1949 4088; x_wconf 87' lang='lat' dir='ltr'><strong>0rig.,</strong></span> 
     </span>
    </p>
   </div>
   <div class='ocr_carea' id='block_1_72' title="bbox 377 4088 1955 4160">
    <p class='ocr_par' dir='ltr' id='par_1_72' title="bbox 377 4088 1955 4160">
     <span class='ocr_line' id='line_1_72' title="bbox 377 4088 1955 4160; baseline 0.002 -18"><span class='ocrx_word' id='word_1_495' title='bbox 377 4089 456 4144; x_wconf 79' lang='lat' dir='ltr'><strong>l9.</strong></span> <span class='ocrx_word' id='word_1_496' title='bbox 489 4088 588 4144; x_wconf 80' lang='lat' dir='ltr'><strong>Est</strong></span> <span class='ocrx_word' id='word_1_497' title='bbox 618 4091 673 4142; x_wconf 85' lang='lat' dir='ltr'><strong>in</strong></span> <span class='ocrx_word' id='word_1_498' title='bbox 692 4088 866 4144; x_wconf 81' lang='lat' dir='ltr'><strong>noctis</strong></span> <span class='ocrx_word' id='word_1_499' title='bbox 895 4088 1062 4160; x_wconf 76' lang='lat' dir='ltr'><strong>initio,</strong></span> <span class='ocrx_word' id='word_1_500' title='bbox 1093 4099 1321 4144; x_wconf 83' lang='lat' dir='ltr'><strong>vocatum</strong></span> <span class='ocrx_word' id='word_1_501' title='bbox 1348 4106 1380 4142; x_wconf 92' lang='lat' dir='ltr'><strong>a</strong></span> <span class='ocrx_word' id='word_1_502' title='bbox 1408 4091 1559 4143; x_wconf 80' lang='lat' dir='ltr'><strong>stella</strong></span> <span class='ocrx_word' id='word_1_503' title='bbox 1587 4107 1808 4159; x_wconf 77' lang='lat' dir='ltr'><strong>vespere,</strong></span> <span class='ocrx_word' id='word_1_504' title='bbox 1841 4106 1955 4160; x_wconf 61' lang='lat' dir='ltr'><strong>qui:</strong></span> 
     </span>
    </p>
   </div>
   <div class='ocr_carea' id='block_1_73' title="bbox 369 4159 1955 4229">
    <p class='ocr_par' dir='ltr' id='par_1_73' title="bbox 369 4159 1955 4229">
     <span class='ocr_line' id='line_1_73' title="bbox 369 4159 1955 4229; baseline 0.001 -16"><span class='ocrx_word' id='word_1_505' title='bbox 369 4161 532 4229; x_wconf 83' lang='lat' dir='ltr'><strong>surgit</strong></span> <span class='ocrx_word' id='word_1_506' title='bbox 562 4161 760 4229; x_wconf 83' lang='lat' dir='ltr'><strong>oriente</strong></span> <span class='ocrx_word' id='word_1_507' title='bbox 807 4168 994 4214; x_wconf 86' lang='lat' dir='ltr'><strong>nocte:</strong></span> <span class='ocrx_word' id='word_1_508' title='bbox 1037 4159 1104 4213; x_wconf 90' lang='lat' dir='ltr'><strong>de</strong></span> <span class='ocrx_word' id='word_1_509' title='bbox 1134 4159 1286 4225; x_wconf 88' lang='lat' dir='ltr'><strong>cujus</strong></span> <span class='ocrx_word' id='word_1_510' title='bbox 1315 4160 1632 4227; x_wconf 88' lang='lat' dir='ltr'><strong>antiquitate</strong></span> <span class='ocrx_word' id='word_1_511' title='bbox 1663 4168 1717 4214; x_wconf 90' lang='lat' dir='ltr'><strong>et</strong></span> <span class='ocrx_word' id='word_1_512' title='bbox 1746 4159 1955 4214; x_wconf 79' lang='lat' dir='ltr'><strong>institu~</strong></span> 
     </span>
    </p>
   </div>
   <div class='ocr_carea' id='block_1_74' title="bbox 373 4228 1954 4297">
    <p class='ocr_par' dir='ltr' id='par_1_74' title="bbox 373 4228 1954 4297">
     <span class='ocr_line' id='line_1_74' title="bbox 373 4228 1954 4297; baseline 0.001 -15"><span class='ocrx_word' id='word_1_513' title='bbox 373 4228 518 4283; x_wconf 88' lang='lat' dir='ltr'><strong>tione</strong></span> <span class='ocrx_word' id='word_1_514' title='bbox 545 4228 726 4297; x_wconf 69' lang='lat' dir='ltr'><strong>operai</strong></span> <span class='ocrx_word' id='word_1_515' title='bbox 756 4231 987 4297; x_wconf 81' lang='lat' dir='ltr'><strong>pretiun‘t</strong></span> <span class='ocrx_word' id='word_1_516' title='bbox 1022 4229 1146 4283; x_wconf 77' lang='lat' dir='ltr'><strong>duxi</strong></span> <span class='ocrx_word' id='word_1_517' title='bbox 1183 4244 1269 4282; x_wconf 91' lang='lat' dir='ltr'><strong>me</strong></span> <span class='ocrx_word' id='word_1_518' title='bbox 1295 4229 1577 4293; x_wconf 89' lang='lat' dir='ltr'><strong>l&#39;acturum,</strong></span> <span class='ocrx_word' id='word_1_519' title='bbox 1607 4229 1654 4284; x_wconf 93' lang='lat' dir='ltr'><strong>si</strong></span> <span class='ocrx_word' id='word_1_520' title='bbox 1696 4229 1954 4284; x_wconf 82' lang='lat' dir='ltr'><strong>lectorem</strong></span> 
     </span>
    </p>
   </div>
   <div class='ocr_carea' id='block_1_75' title="bbox 373 4298 1956 4368">
    <p class='ocr_par' dir='ltr' id='par_1_75' title="bbox 373 4298 1956 4368">
     <span class='ocr_line' id='line_1_75' title="bbox 373 4298 1956 4368; baseline 0.001 -16"><span class='ocrx_word' id='word_1_521' title='bbox 373 4298 771 4362; x_wconf 80' lang='lat' dir='ltr'><strong>admonuerim,</strong></span> <span class='ocrx_word' id='word_1_522' title='bbox 789 4300 1047 4368; x_wconf 84' lang='lat' dir='ltr'><strong>uti.adeat</strong></span> <span class='ocrx_word' id='word_1_523' title='bbox 1073 4299 1378 4352; x_wconf 82' lang='lat' dir='ltr'><strong>notationes</strong></span> <span class='ocrx_word' id='word_1_524' title='bbox 1394 4298 1702 4354; x_wconf 61' lang='lat' dir='ltr'><strong>doctiss.‘ac</strong></span> <span class='ocrx_word' id='word_1_525' title='bbox 1728 4300 1956 4368; x_wconf 90' lang='lat' dir='ltr'><strong>piissimi</strong></span> 
     </span>
    </p>
   </div>
   <div class='ocr_carea' id='block_1_76' title="bbox 376 4367 1953 4438">
    <p class='ocr_par' dir='ltr' id='par_1_76' title="bbox 376 4367 1953 4438">
     <span class='ocr_line' id='line_1_76' title="bbox 376 4367 1953 4438; baseline 0.002 -18"><span class='ocrx_word' id='word_1_526' title='bbox 376 4369 474 4421; x_wconf 85' lang='lat' dir='ltr'><strong>viri</strong></span> <span class='ocrx_word' id='word_1_527' title='bbox 503 4369 663 4438; x_wconf 78' lang='lat' dir='ltr'><strong>amici</strong></span> <span class='ocrx_word' id='word_1_528' title='bbox 694 4370 863 4422; x_wconf 89' lang='lat' dir='ltr'><strong>nostri</strong></span> <span class='ocrx_word' id='word_1_529' title='bbox 892 4369 954 4422; x_wconf 82' lang='grc' dir='ltr'><strong>Ι).</strong></span> <span class='ocrx_word' id='word_1_530' title='bbox 984 4367 1199 4421; x_wconf 90' lang='lat' dir='ltr'><strong>Antonii</strong></span> <span class='ocrx_word' id='word_1_531' title='bbox 1223 4368 1521 4438; x_wconf 84' lang='lat' dir='ltr'><strong>Caraccioli</strong></span> <span class='ocrx_word' id='word_1_532' title='bbox 1561 4368 1626 4426; x_wconf 88' lang='lat' dir='ltr'><strong>ad</strong></span> <span class='ocrx_word' id='word_1_533' title='bbox 1661 4367 1781 4438; x_wconf 85' lang='lat' dir='ltr'><strong>cap.</strong></span> <span class='ocrx_word' id='word_1_534' title='bbox 1813 4369 1953 4423; x_wconf 59' lang='lat' dir='ltr'><strong>Cone</strong></span> 
     </span>
    </p>
   </div>
   <div class='ocr_carea' id='block_1_77' title="bbox 376 4437 1952 4519">
    <p class='ocr_par' dir='ltr' id='par_1_77' title="bbox 376 4437 1952 4519">
     <span class='ocr_line' id='line_1_77' title="bbox 376 4437 1952 4519; baseline 0.001 -28"><span class='ocrx_word' id='word_1_535' title='bbox 376 4439 496 4519; x_wconf 44' lang='lat' dir='ltr'><strong>siit.</strong></span> <span class='ocrx_word' id='word_1_536' title='bbox 542 4437 740 4519; x_wconf 60' lang='lat' dir='ltr'><strong>Qlerie.</strong></span> <span class='ocrx_word' id='word_1_537' title='bbox 801 4439 968 4519; x_wconf 73' lang='lat' dir='ltr'><strong>regni.</strong></span> <span class='ocrx_word' id='word_1_538' title='bbox 1016 4437 1328 4518; x_wconf 70' lang='lat' dir='ltr'><strong>religionis,</strong></span> <span class='ocrx_word' id='word_1_539' title='bbox 1381 4453 1518 4519; x_wconf 45' lang='lat' dir='ltr'><strong>.quce</strong></span> <span class='ocrx_word' id='word_1_540' title='bbox 1573 4437 1768 4519; x_wconf 77' lang='lat' dir='ltr'><strong>magno</strong></span> <span class='ocrx_word' id='word_1_541' title='bbox 1816 4440 1952 4519; x_wconf 80' lang='lat' dir='ltr'><strong>reip.</strong></span> 
     </span>
    </p>
   </div>
   <div class='ocr_carea' id='block_1_78' title="bbox 379 4507 2034 4578">
    <p class='ocr_par' dir='ltr' id='par_1_78' title="bbox 379 4507 2034 4578">
     <span class='ocr_line' id='line_1_78' title="bbox 379 4507 2034 4578; baseline 0 -16"><span class='ocrx_word' id='word_1_542' title='bbox 379 4508 692 4562; x_wconf 79' lang='lat' dir='ltr'><strong>Christianae</strong></span> <span class='ocrx_word' id='word_1_543' title='bbox 712 4507 852 4560; x_wconf 84' lang='lat' dir='ltr'><strong>bono</strong></span> <span class='ocrx_word' id='word_1_544' title='bbox 877 4508 1181 4578; x_wconf 80' lang='lat' dir='ltr'><strong>Hispaniam</strong></span> <span class='ocrx_word' id='word_1_545' title='bbox 1207 4507 1358 4578; x_wconf 87' lang='lat' dir='ltr'><strong>novis</strong></span> <span class='ocrx_word' id='word_1_546' title='bbox 1365 4507 1723 4578; x_wconf 67' lang='lat' dir='ltr'><strong>incrementis</strong></span> <span class='ocrx_word' id='word_1_547' title='bbox 1743 4507 1963 4578; x_wconf 74' lang='lat' dir='ltr'><strong>inempit</strong></span> <span class='ocrx_word' id='word_1_548' title='bbox 1995 4520 2034 4578; x_wconf 75' lang='grc' dir='ltr'><strong>ι)</strong></span> 
     </span>
    </p>
   </div>
   <div class='ocr_carea' id='block_1_79' title="bbox 376 4575 1963 4647">
    <p class='ocr_par' dir='ltr' id='par_1_79' title="bbox 376 4575 1963 4647">
     <span class='ocr_line' id='line_1_79' title="bbox 376 4575 1963 4647; baseline 0 -17"><span class='ocrx_word' id='word_1_549' title='bbox 376 4578 480 4645; x_wconf 87' lang='lat' dir='ltr'><strong>jam</strong></span> <span class='ocrx_word' id='word_1_550' title='bbox 511 4575 1000 4647; x_wconf 40' lang='lat' dir='ltr'><strong>bearetcoryphaeo</strong></span> <span class='ocrx_word' id='word_1_551' title='bbox 1029 4586 1084 4631; x_wconf 89' lang='lat' dir='ltr'><strong>et</strong></span> <span class='ocrx_word' id='word_1_552' title='bbox 1103 4576 1239 4631; x_wconf 92' lang='lat' dir='ltr'><strong>duce</strong></span> <span class='ocrx_word' id='word_1_553' title='bbox 1270 4577 1327 4630; x_wconf 82' lang='grc' dir='ltr'><strong>ι).</strong></span> <span class='ocrx_word' id='word_1_554' title='bbox 1363 4575 1580 4647; x_wconf 79' lang='lat' dir='ltr'><strong>Placido</strong></span> <span class='ocrx_word' id='word_1_555' title='bbox 1604 4575 1777 4646; x_wconf 85' lang='lat' dir='ltr'><strong>Myrto</strong></span> <span class='ocrx_word' id='word_1_556' title='bbox 1801 4575 1963 4631; x_wconf 81' lang='lat' dir='ltr'><strong>Fran-</strong></span> 
     </span>
    </p>
   </div>
   <div class='ocr_carea' id='block_1_80' title="bbox 381 4644 1962 4715">
    <p class='ocr_par' dir='ltr' id='par_1_80' title="bbox 381 4644 1962 4715">
     <span class='ocr_line' id='line_1_80' title="bbox 381 4644 1962 4715; baseline 0.001 -16"><span class='ocrx_word' id='word_1_557' title='bbox 381 4644 571 4715; x_wconf 87' lang='lat' dir='ltr'><strong>gipane</strong></span> <span class='ocrx_word' id='word_1_558' title='bbox 593 4645 658 4702; x_wconf 78' lang='lat' dir='ltr'><strong>V.</strong></span> <span class='ocrx_word' id='word_1_559' title='bbox 681 4644 764 4700; x_wconf 88' lang='lat' dir='ltr'><strong>Cl.</strong></span> <span class='ocrx_word' id='word_1_560' title='bbox 799 4644 972 4702; x_wconf 78' lang='lat' dir='ltr'><strong>amico</strong></span> <span class='ocrx_word' id='word_1_561' title='bbox 1001 4648 1161 4701; x_wconf 90' lang='lat' dir='ltr'><strong>etiam</strong></span> <span class='ocrx_word' id='word_1_562' title='bbox 1193 4657 1397 4715; x_wconf 86' lang='lat' dir='ltr'><strong>nostro,</strong></span> <span class='ocrx_word' id='word_1_563' title='bbox 1420 4647 1504 4700; x_wconf 91' lang='lat' dir='ltr'><strong>cui</strong></span> <span class='ocrx_word' id='word_1_564' title='bbox 1531 4644 1783 4714; x_wconf 76' lang='lat' dir='ltr'><strong>Hispania</strong></span> <span class='ocrx_word' id='word_1_565' title='bbox 1804 4655 1962 4701; x_wconf 78' lang='lat' dir='ltr'><strong>a-ter-</strong></span> 
     </span>
    </p>
   </div>
   <div class='ocr_carea' id='block_1_81' title="bbox 383 4714 1747 4786">
    <p class='ocr_par' dir='ltr' id='par_1_81' title="bbox 383 4714 1747 4786">
     <span class='ocr_line' id='line_1_81' title="bbox 383 4714 1747 4786; baseline -0.001 -15"><span class='ocrx_word' id='word_1_566' title='bbox 383 4714 506 4786; x_wconf 83' lang='lat' dir='ltr'><strong>num</strong></span> <span class='ocrx_word' id='word_1_567' title='bbox 538 4732 638 4786; x_wconf 89' lang='lat' dir='ltr'><strong>pro</strong></span> <span class='ocrx_word' id='word_1_568' title='bbox 666 4726 774 4770; x_wconf 89' lang='lat' dir='ltr'><strong>tam</strong></span> <span class='ocrx_word' id='word_1_569' title='bbox 801 4717 1056 4785; x_wconf 81' lang='lat' dir='ltr'><strong>singulari</strong></span> <span class='ocrx_word' id='word_1_570' title='bbox 1085 4714 1346 4770; x_wconf 76' lang='lat' dir='ltr'><strong>beneficio</strong></span> <span class='ocrx_word' id='word_1_571' title='bbox 1371 4717 1474 4770; x_wconf 91' lang='lat' dir='ltr'><strong>erit</strong></span> <span class='ocrx_word' id='word_1_572' title='bbox 1495 4715 1747 4770; x_wconf 85' lang='lat' dir='ltr'><strong>obnoxia.</strong></span> 
     </span>
    </p>
   </div>
   <div class='ocr_carea' id='block_1_82' title="bbox 448 4783 1965 4856">
    <p class='ocr_par' dir='ltr' id='par_1_82' title="bbox 448 4783 1965 4856">
     <span class='ocr_line' id='line_1_82' title="bbox 448 4783 1965 4856; baseline -0.001 -16"><span class='ocrx_word' id='word_1_573' title='bbox 448 4783 474 4822; x_wconf 73' lang='grc' dir='ltr'>δ</span> <span class='ocrx_word' id='word_1_574' title='bbox 508 4783 708 4840; x_wconf 80' lang='lat' dir='ltr'><strong>Deinde</strong></span> <span class='ocrx_word' id='word_1_575' title='bbox 730 4783 1125 4841; x_wconf 44' lang='lat' dir='ltr'><strong>senex‘nimium</strong></span> <span class='ocrx_word' id='word_1_576' title='bbox 1147 4795 1297 4856; x_wconf 74' lang='lat' dir='ltr'><strong>celate</strong></span> <span class='ocrx_word' id='word_1_577' title='bbox 1333 4785 1639 4852; x_wconf 80' lang='lat' dir='ltr'><strong>decrepitus,</strong></span> <span class='ocrx_word' id='word_1_578' title='bbox 1669 4786 1965 4856; x_wconf 77' lang='lat' dir='ltr'><strong>dierumque</strong></span> 
     </span>
    </p>
   </div>
   <div class='ocr_carea' id='block_1_83' title="bbox 383 4854 1966 4924">
    <p class='ocr_par' dir='ltr' id='par_1_83' title="bbox 383 4854 1966 4924">
     <span class='ocr_line' id='line_1_83' title="bbox 383 4854 1966 4924; baseline -0.001 -14"><span class='ocrx_word' id='word_1_579' title='bbox 383 4859 660 4924; x_wconf 80' lang='lat' dir='ltr'><strong>multorum</strong></span> <span class='ocrx_word' id='word_1_580' title='bbox 704 4859 941 4911; x_wconf 83' lang='lat' dir='ltr'><strong>ultimum</strong></span> <span class='ocrx_word' id='word_1_581' title='bbox 995 4856 1127 4910; x_wconf 80' lang='lat' dir='ltr'><strong>inter</strong></span> <span class='ocrx_word' id='word_1_582' title='bbox 1170 4854 1324 4909; x_wconf 79' lang='lat' dir='ltr'><strong>verba</strong></span> <span class='ocrx_word' id='word_1_583' title='bbox 1367 4856 1618 4909; x_wconf 85' lang='lat' dir='ltr'><strong>orationis</strong></span> <span class='ocrx_word' id='word_1_584' title='bbox 1673 4873 1788 4909; x_wconf 85' lang='lat' dir='ltr'><strong>cum</strong></span> <span class='ocrx_word' id='word_1_585' title='bbox 1837 4854 1966 4924; x_wconf 83' lang='lat' dir='ltr'><strong>pace</strong></span> 
     </span>
    </p>
   </div>
   <div class='ocr_carea' id='block_1_84' title="bbox 383 4923 1963 4997">
    <p class='ocr_par' dir='ltr' id='par_1_84' title="bbox 383 4923 1963 4997">
     <span class='ocr_line' id='line_1_84' title="bbox 383 4923 1963 4997; baseline -0.001 -16"><span class='ocrx_word' id='word_1_586' title='bbox 383 4923 874 4997; x_wconf 12' lang='lat' dir='ltr'><strong>cfﬂavitgspjritum.</strong></span> <span class='ocrx_word' id='word_1_587' title='bbox 905 4926 1054 4979; x_wconf 88' lang='lat' dir='ltr'><strong>Dicm</strong></span> <span class='ocrx_word' id='word_1_588' title='bbox 1101 4927 1338 4992; x_wconf 74' lang='lat' dir='ltr'><strong>as.~ignat</strong></span> <span class='ocrx_word' id='word_1_589' title='bbox 1379 4925 1448 4997; x_wconf 59' lang='lat' dir='ltr'><strong>bl.</strong></span> <span class='ocrx_word' id='word_1_590' title='bbox 1493 4925 1753 4980; x_wconf 82' lang='lat' dir='ltr'><strong>Maximus</strong></span> <span class='ocrx_word' id='word_1_591' title='bbox 1781 4923 1846 4978; x_wconf 85' lang='lat' dir='ltr'><strong>ad</strong></span> <span class='ocrx_word' id='word_1_592' title='bbox 1872 4942 1963 4997; x_wconf 85' lang='lat' dir='ltr'><strong>an.</strong></span> 
     </span>
    </p>
   </div>
   <div class='ocr_carea' id='block_1_85' title="bbox 387 4994 1966 5065">
    <p class='ocr_par' dir='ltr' id='par_1_85' title="bbox 387 4994 1966 5065">
     <span class='ocr_line' id='line_1_85' title="bbox 387 4994 1966 5065; baseline -0.001 -15"><span class='ocrx_word' id='word_1_593' title='bbox 387 4994 489 5050; x_wconf 68' lang='lat' dir='ltr'><strong>sua</strong></span> <span class='ocrx_word' id='word_1_594' title='bbox 519 5015 532 5049; x_wconf 88' lang='lat'><strong>:</strong></span> <span class='ocrx_word' id='word_1_595' title='bbox 566 4994 910 5052; x_wconf 18' lang='lat' dir='ltr'><strong>S.’Massona</strong></span> <span class='ocrx_word' id='word_1_596' title='bbox 939 4997 1360 5065; x_wconf 86' lang='lat' dir='ltr'><strong>metropolitanus</strong></span> <span class='ocrx_word' id='word_1_597' title='bbox 1384 4994 1720 5049; x_wconf 86' lang='lat' dir='ltr'><strong>Emeritensis</strong></span> <span class='ocrx_word' id='word_1_598' title='bbox 1748 4996 1966 5048; x_wconf 82' lang='lat' dir='ltr'><strong>moritur</strong></span> 
     </span>
    </p>
   </div>
   <div class='ocr_carea' id='block_1_86' title="bbox 385 5066 1963 5133">
    <p class='ocr_par' dir='ltr' id='par_1_86' title="bbox 385 5066 1963 5133">
     <span class='ocr_line' id='line_1_86' title="bbox 385 5066 1963 5133; baseline -0.002 -11"><span class='ocrx_word' id='word_1_599' title='bbox 385 5073 551 5133; x_wconf 79' lang='lat' dir='ltr'><strong>prima</strong></span> <span class='ocrx_word' id='word_1_600' title='bbox 582 5067 663 5120; x_wconf 79' lang='lat' dir='ltr'><strong>die</strong></span> <span class='ocrx_word' id='word_1_601' title='bbox 692 5067 921 5122; x_wconf 80' lang='lat' dir='ltr'><strong>novemb.</strong></span> <span class='ocrx_word' id='word_1_602' title='bbox 951 5105 966 5131; x_wconf 90' lang='lat'><strong>,</strong></span> <span class='ocrx_word' id='word_1_603' title='bbox 1014 5075 1068 5118; x_wconf 91' lang='lat' dir='ltr'><strong>ut</strong></span> <span class='ocrx_word' id='word_1_604' title='bbox 1098 5075 1307 5118; x_wconf 87' lang='lat' dir='ltr'><strong>sanctus</strong></span> <span class='ocrx_word' id='word_1_605' title='bbox 1338 5066 1569 5124; x_wconf 83' lang='lat' dir='ltr'><strong>habetur,</strong></span> <span class='ocrx_word' id='word_1_606' title='bbox 1601 5077 1649 5118; x_wconf 88' lang='lat' dir='ltr'><strong>et</strong></span> <span class='ocrx_word' id='word_1_607' title='bbox 1677 5067 1728 5118; x_wconf 86' lang='lat' dir='ltr'><strong>in</strong></span> <span class='ocrx_word' id='word_1_608' title='bbox 1757 5068 1868 5119; x_wconf 74' lang='lat' dir='ltr'><strong>cede</strong></span> <span class='ocrx_word' id='word_1_609' title='bbox 1901 5066 1963 5119; x_wconf 92' lang='lat' dir='ltr'><strong>S.</strong></span> 
     </span>
    </p>
   </div>
   <div class='ocr_carea' id='block_1_87' title="bbox 389 5135 1969 5206">
    <p class='ocr_par' dir='ltr' id='par_1_87' title="bbox 389 5135 1969 5206">
     <span class='ocr_line' id='line_1_87' title="bbox 389 5135 1969 5206; baseline -0.001 -17"><span class='ocrx_word' id='word_1_610' title='bbox 389 5137 613 5191; x_wconf 73' lang='lat' dir='ltr'><strong>Eulalia</strong></span> <span class='ocrx_word' id='word_1_611' title='bbox 639 5139 900 5206; x_wconf 81' lang='lat' dir='ltr'><strong>sepelitur.</strong></span> <span class='ocrx_word' id='word_1_612' title='bbox 950 5136 1114 5204; x_wconf 82' lang='lat' dir='ltr'><strong>Cujus</strong></span> <span class='ocrx_word' id='word_1_613' title='bbox 1160 5135 1406 5190; x_wconf 89' lang='lat' dir='ltr'><strong>laudibus</strong></span> <span class='ocrx_word' id='word_1_614' title='bbox 1453 5150 1557 5188; x_wconf 93' lang='lat' dir='ltr'><strong>non</strong></span> <span class='ocrx_word' id='word_1_615' title='bbox 1597 5136 1862 5206; x_wconf 81' lang='lat' dir='ltr'><strong>gravabor</strong></span> <span class='ocrx_word' id='word_1_616' title='bbox 1887 5145 1969 5206; x_wconf 82' lang='lat' dir='ltr'><strong>at-</strong></span> 
     </span>
    </p>
   </div>
   <div class='ocr_carea' id='block_1_88' title="bbox 391 5204 1966 5276">
    <p class='ocr_par' dir='ltr' id='par_1_88' title="bbox 391 5204 1966 5276">
     <span class='ocr_line' id='line_1_88' title="bbox 391 5204 1966 5276; baseline -0.003 -16"><span class='ocrx_word' id='word_1_617' title='bbox 391 5217 572 5260; x_wconf 79' lang='lat' dir='ltr'><strong>texere</strong></span> <span class='ocrx_word' id='word_1_618' title='bbox 602 5204 928 5276; x_wconf 88' lang='lat' dir='ltr'><strong>epigramma</strong></span> <span class='ocrx_word' id='word_1_619' title='bbox 960 5221 990 5260; x_wconf 92' lang='lat' dir='ltr'><strong>e</strong></span> <span class='ocrx_word' id='word_1_620' title='bbox 1023 5221 1162 5276; x_wconf 68' lang='lat' dir='ltr'><strong>mss.</strong></span> <span class='ocrx_word' id='word_1_621' title='bbox 1197 5204 1774 5276; x_wconf 77' lang='lat' dir='ltr'><strong>nostrisemeudatum</strong></span> <span class='ocrx_word' id='word_1_622' title='bbox 1807 5205 1862 5258; x_wconf 73' lang='grc' dir='ltr'><strong>ὃ.</strong></span> <span class='ocrx_word' id='word_1_623' title='bbox 1898 5204 1966 5256; x_wconf 90' lang='lat' dir='ltr'><strong>ll-</strong></span> 
     </span>
    </p>
   </div>
   <div class='ocr_carea' id='block_1_89' title="bbox 387 5273 1970 5346">
    <p class='ocr_par' dir='ltr' id='par_1_89' title="bbox 387 5273 1970 5346">
     <span class='ocr_line' id='line_1_89' title="bbox 387 5273 1970 5346; baseline 0.001 -17"><span class='ocrx_word' id='word_1_624' title='bbox 387 5273 654 5345; x_wconf 86' lang='lat' dir='ltr'><strong>dephonsi</strong></span> <span class='ocrx_word' id='word_1_625' title='bbox 676 5273 992 5346; x_wconf 52' lang='lat' dir='ltr'><strong>a&#39;rchiepisc.</strong></span> <span class='ocrx_word' id='word_1_626' title='bbox 1018 5275 1191 5330; x_wconf 89' lang='lat' dir='ltr'><strong>Tolet.</strong></span> <span class='ocrx_word' id='word_1_627' title='bbox 1217 5276 1358 5346; x_wconf 88' lang='lat' dir='ltr'><strong>apud</strong></span> <span class='ocrx_word' id='word_1_628' title='bbox 1385 5273 1650 5346; x_wconf 74' lang='lat' dir='ltr'><strong>lulianum</strong></span> <span class='ocrx_word' id='word_1_629' title='bbox 1664 5275 1970 5346; x_wconf 82' lang='lat' dir='ltr'><strong>archipres-</strong></span> 
     </span>
    </p>
   </div>
   <div class='ocr_carea' id='block_1_90' title="bbox 387 5344 1824 5416">
    <p class='ocr_par' dir='ltr' id='par_1_90' title="bbox 387 5344 1824 5416">
     <span class='ocr_line' id='line_1_90' title="bbox 387 5344 1824 5416; baseline -0.001 -16"><span class='ocrx_word' id='word_1_630' title='bbox 387 5344 635 5416; x_wconf 80' lang='lat' dir='ltr'><strong>byterum</strong></span> <span class='ocrx_word' id='word_1_631' title='bbox 661 5344 900 5414; x_wconf 84' lang='lat' dir='ltr'><strong>ejusdem</strong></span> <span class='ocrx_word' id='word_1_632' title='bbox 925 5345 1131 5402; x_wconf 88' lang='lat' dir='ltr'><strong>Eccles.</strong></span> <span class='ocrx_word' id='word_1_633' title='bbox 1163 5361 1286 5400; x_wconf 89' lang='lat' dir='ltr'><strong>cum</strong></span> <span class='ocrx_word' id='word_1_634' title='bbox 1309 5345 1411 5399; x_wconf 90' lang='lat' dir='ltr'><strong>hac</strong></span> <span class='ocrx_word' id='word_1_635' title='bbox 1437 5344 1786 5413; x_wconf 88' lang='lat' dir='ltr'><strong>inscriptione</strong></span> <span class='ocrx_word' id='word_1_636' title='bbox 1810 5361 1824 5399; x_wconf 89' lang='lat'><strong>:</strong></span> 
     </span>
    </p>
   </div>
   <div class='ocr_carea' id='block_1_91' title="bbox 425 5457 1940 5531">
    <p class='ocr_par' dir='ltr' id='par_1_91' title="bbox 425 5457 1940 5531">
     <span class='ocr_line' id='line_1_91' title="bbox 425 5457 1940 5531; baseline -0.001 -19"><span class='ocrx_word' id='word_1_637' title='bbox 425 5457 644 5514; x_wconf 77' lang='lat' dir='ltr'><strong>Carmen</strong></span> <span class='ocrx_word' id='word_1_638' title='bbox 673 5478 768 5531; x_wconf 84' lang='lat' dir='ltr'><strong>pro</strong></span> <span class='ocrx_word' id='word_1_639' title='bbox 789 5461 856 5531; x_wconf 10' lang='lat' dir='ltr'><strong>iS.</strong></span> <span class='ocrx_word' id='word_1_640' title='bbox 890 5458 1131 5513; x_wconf 85' lang='lat' dir='ltr'><strong>Leandro</strong></span> <span class='ocrx_word' id='word_1_641' title='bbox 1161 5467 1208 5512; x_wconf 85' lang='lat' dir='ltr'><strong>et</strong></span> <span class='ocrx_word' id='word_1_642' title='bbox 1237 5459 1488 5531; x_wconf 64' lang='lat' dir='ltr'><strong>Massona</strong></span> <span class='ocrx_word' id='word_1_643' title='bbox 1512 5457 1940 5531; x_wconf 78' lang='lat' dir='ltr'><strong>metropolitanis,</strong></span> 
     </span>
    </p>
   </div>
   <div class='ocr_carea' id='block_1_92' title="bbox 620 5528 1726 5597">
    <p class='ocr_par' dir='ltr' id='par_1_92' title="bbox 620 5528 1726 5597">
     <span class='ocr_line' id='line_1_92' title="bbox 620 5528 1726 5597; baseline -0.001 -14"><span class='ocrx_word' id='word_1_644' title='bbox 620 5528 743 5597; x_wconf 68' lang='grc' dir='ltr'><strong>⁸Ιὶοσ</strong></span> <span class='ocrx_word' id='word_1_645' title='bbox 771 5530 1102 5592; x_wconf 86' lang='lat' dir='ltr'><strong>Emeritensi,</strong></span> <span class='ocrx_word' id='word_1_646' title='bbox 1135 5531 1226 5583; x_wconf 82' lang='lat' dir='ltr'><strong>illo</strong></span> <span class='ocrx_word' id='word_1_647' title='bbox 1254 5545 1373 5583; x_wconf 76' lang='lat' dir='ltr'><strong>vero</strong></span> <span class='ocrx_word' id='word_1_648' title='bbox 1405 5528 1726 5597; x_wconf 79' lang='lat' dir='ltr'><strong>Ilispalensi.</strong></span> 
     </span>
    </p>
   </div>
   <div class='ocr_carea' id='block_1_93' title="bbox 515 5639 1779 5702">
    <p class='ocr_par' dir='ltr' id='par_1_93' title="bbox 515 5639 1779 5702">
     <span class='ocr_line' id='line_1_93' title="bbox 515 5639 1779 5702; baseline -0.004 -10"><span class='ocrx_word' id='word_1_649' title='bbox 515 5641 742 5692; x_wconf 84' lang='lat' dir='ltr'><strong>Leander</strong></span> <span class='ocrx_word' id='word_1_650' title='bbox 765 5648 904 5702; x_wconf 87' lang='lat' dir='ltr'><strong>pater</strong></span> <span class='ocrx_word' id='word_1_651' title='bbox 930 5639 1206 5702; x_wconf 82' lang='lat' dir='ltr'><strong>excellens,</strong></span> <span class='ocrx_word' id='word_1_652' title='bbox 1233 5651 1382 5701; x_wconf 88' lang='lat' dir='ltr'><strong>quem</strong></span> <span class='ocrx_word' id='word_1_653' title='bbox 1405 5639 1600 5702; x_wconf 77' lang='lat' dir='ltr'><strong>suscipit</strong></span> <span class='ocrx_word' id='word_1_654' title='bbox 1624 5639 1779 5690; x_wconf 67' lang='lat' dir='ltr'><strong>aether</strong></span> 
     </span>
    </p>
   </div>
   <div class='ocr_carea' id='block_1_94' title="bbox 586 5699 1605 5762">
    <p class='ocr_par' dir='ltr' id='par_1_94' title="bbox 586 5699 1605 5762">
     <span class='ocr_line' id='line_1_94' title="bbox 586 5699 1605 5762; baseline -0.004 -10"><span class='ocrx_word' id='word_1_655' title='bbox 586 5699 826 5752; x_wconf 81' lang='lat' dir='ltr'><strong>Landlbus</strong></span> <span class='ocrx_word' id='word_1_656' title='bbox 847 5711 1090 5758; x_wconf 84' lang='lat' dir='ltr'><strong>ornatum,</strong></span> <span class='ocrx_word' id='word_1_657' title='bbox 1114 5699 1425 5762; x_wconf 80' lang='lat' dir='ltr'><strong>conspicuum</strong></span> <span class='ocrx_word' id='word_1_658' title='bbox 1447 5699 1605 5750; x_wconf 85' lang='lat' dir='ltr'><strong>titulis</strong></span> 
     </span>
    </p>
   </div>
   <div class='ocr_carea' id='block_1_95' title="bbox 521 5761 1598 5828">
    <p class='ocr_par' dir='ltr' id='par_1_95' title="bbox 521 5761 1598 5828">
     <span class='ocr_line' id='line_1_95' title="bbox 521 5761 1598 5828; baseline -0.006 -12"><span class='ocrx_word' id='word_1_659' title='bbox 521 5762 666 5816; x_wconf 82' lang='lat' dir='ltr'><strong>lucus</strong></span> <span class='ocrx_word' id='word_1_660' title='bbox 685 5767 877 5815; x_wconf 77' lang='lat' dir='ltr'><strong>Arianze</strong></span> <span class='ocrx_word' id='word_1_661' title='bbox 905 5770 1088 5828; x_wconf 85' lang='lat' dir='ltr'><strong>genus,</strong></span> <span class='ocrx_word' id='word_1_662' title='bbox 1110 5765 1373 5815; x_wconf 82' lang='lat' dir='ltr'><strong>medicator</strong></span> <span class='ocrx_word' id='word_1_663' title='bbox 1396 5769 1447 5814; x_wconf 87' lang='lat' dir='ltr'><strong>et</strong></span> <span class='ocrx_word' id='word_1_664' title='bbox 1470 5761 1598 5810; x_wconf 86' lang='lat' dir='ltr'><strong>idem</strong></span> 
     </span>
    </p>
   </div>
   <div class='ocr_carea' id='block_1_96' title="bbox 2057 3223 3640 3297">
    <p class='ocr_par' dir='ltr' id='par_1_96' title="bbox 2057 3223 3640 3297">
     <span class='ocr_line' id='line_1_96' title="bbox 2057 3223 3640 3297; baseline -0.002 -16"><span class='ocrx_word' id='word_1_665' title='bbox 2057 3227 2227 3297; x_wconf 82' lang='lat' dir='ltr'><strong>qualis</strong></span> <span class='ocrx_word' id='word_1_666' title='bbox 2256 3226 2485 3291; x_wconf 79' lang='lat' dir='ltr'><strong>exstitit,</strong></span> <span class='ocrx_word' id='word_1_667' title='bbox 2517 3224 2696 3278; x_wconf 91' lang='lat' dir='ltr'><strong>limina</strong></span> <span class='ocrx_word' id='word_1_668' title='bbox 2722 3223 2965 3292; x_wconf 72' lang='lat' dir='ltr'><strong>jnstilim,</strong></span> <span class='ocrx_word' id='word_1_669' title='bbox 3007 3223 3372 3292; x_wconf 89' lang='lat' dir='ltr'><strong>sequendique</strong></span> <span class='ocrx_word' id='word_1_670' title='bbox 3418 3224 3640 3294; x_wconf 86' lang='lat' dir='ltr'><strong>dogma-</strong></span> 
     </span>
    </p>
   </div>
   <div class='ocr_carea' id='block_1_97' title="bbox 2058 3312 3641 3386">
    <p class='ocr_par' dir='ltr' id='par_1_97' title="bbox 2058 3312 3641 3386">
     <span class='ocr_line' id='line_1_97' title="bbox 2058 3312 3641 3386; baseline 0.001 -16"><span class='ocrx_word' id='word_1_671' title='bbox 2058 3319 2125 3371; x_wconf 91' lang='lat' dir='ltr'><strong>tis</strong></span> <span class='ocrx_word' id='word_1_672' title='bbox 2179 3316 2557 3386; x_wconf 73' lang='lat' dir='ltr'><strong>pra:dic.ntione</strong></span> <span class='ocrx_word' id='word_1_673' title='bbox 2612 3312 2829 3380; x_wconf 75' lang='lat' dir='ltr'><strong>effecit;</strong></span> <span class='ocrx_word' id='word_1_674' title='bbox 2891 3314 3042 3382; x_wconf 87' lang='lat' dir='ltr'><strong>cujus</strong></span> <span class='ocrx_word' id='word_1_675' title='bbox 3089 3315 3333 3370; x_wconf 90' lang='lat' dir='ltr'><strong>doctrina</strong></span> <span class='ocrx_word' id='word_1_676' title='bbox 3386 3315 3641 3372; x_wconf 90' lang='lat' dir='ltr'><strong>hactenus</strong></span> 
     </span>
    </p>
   </div>
   <div class='ocr_carea' id='block_1_98' title="bbox 2058 3404 3750 3474">
    <p class='ocr_par' dir='ltr' id='par_1_98' title="bbox 2058 3404 3750 3474">
     <span class='ocr_line' id='line_1_98' title="bbox 2058 3404 3750 3474; baseline 0 -13"><span class='ocrx_word' id='word_1_677' title='bbox 2058 3408 2239 3461; x_wconf 91' lang='lat' dir='ltr'><strong>rutilat</strong></span> <span class='ocrx_word' id='word_1_678' title='bbox 2283 3423 2347 3462; x_wconf 88' lang='lat' dir='ltr'><strong>ac</strong></span> <span class='ocrx_word' id='word_1_679' title='bbox 2393 3405 2622 3474; x_wconf 86' lang='lat' dir='ltr'><strong>refulget</strong></span> <span class='ocrx_word' id='word_1_680' title='bbox 2671 3404 2909 3460; x_wconf 62' lang='lat' dir='ltr'><strong>Ecclesia</strong></span> <span class='ocrx_word' id='word_1_681' title='bbox 2960 3405 3013 3458; x_wconf 91' lang='lat' dir='ltr'><strong>in</strong></span> <span class='ocrx_word' id='word_1_682' title='bbox 3062 3405 3178 3459; x_wconf 93' lang='lat' dir='ltr'><strong>sole</strong></span> <span class='ocrx_word' id='word_1_683' title='bbox 3226 3415 3280 3460; x_wconf 92' lang='lat' dir='ltr'><strong>et</strong></span> <span class='ocrx_word' id='word_1_684' title='bbox 3329 3407 3474 3460; x_wconf 92' lang='lat' dir='ltr'><strong>luna.</strong></span> <span class='ocrx_word' id='word_1_685' title='bbox 3511 3407 3639 3462; x_wconf 89' lang='lat' dir='ltr'><strong>Dein</strong></span> <span class='ocrx_word' id='word_1_686' title='bbox 3725 3415 3750 3434; x_wconf 56' lang='grc' dir='ltr'><strong>τ’</strong></span> 
     </span>
    </p>
   </div>
   <div class='ocr_carea' id='block_1_99' title="bbox 2056 3505 3641 3577">
    <p class='ocr_par' dir='ltr' id='par_1_99' title="bbox 2056 3505 3641 3577">
     <span class='ocr_line' id='line_1_99' title="bbox 2056 3505 3641 3577; baseline 0.002 -16"><span class='ocrx_word' id='word_1_687' title='bbox 2056 3522 2178 3561; x_wconf 91' lang='lat' dir='ltr'><strong>cum</strong></span> <span class='ocrx_word' id='word_1_688' title='bbox 2222 3506 2621 3577; x_wconf 87' lang='lat' dir='ltr'><strong>perplurimos</strong></span> <span class='ocrx_word' id='word_1_689' title='bbox 2649 3520 2820 3558; x_wconf 87' lang='lat' dir='ltr'><strong>annos</strong></span> <span class='ocrx_word' id='word_1_690' title='bbox 2849 3505 3393 3573; x_wconf 89' lang='lat' dir='ltr'><strong>irreprehensibiliter</strong></span> <span class='ocrx_word' id='word_1_691' title='bbox 3433 3509 3641 3564; x_wconf 79' lang='lat' dir='ltr'><strong>rexisse</strong></span> 
     </span>
    </p>
   </div>
   <div class='ocr_carea' id='block_1_100' title="bbox 2057 3595 3642 3669">
    <p class='ocr_par' dir='ltr' id='par_1_100' title="bbox 2057 3595 3642 3669">
     <span class='ocr_line' id='line_1_100' title="bbox 2057 3595 3642 3669; baseline 0.004 -21"><span class='ocrx_word' id='word_1_692' title='bbox 2057 3597 2348 3651; x_wconf 90' lang='lat' dir='ltr'><strong>Ecclesiam</strong></span> <span class='ocrx_word' id='word_1_693' title='bbox 2375 3595 2626 3662; x_wconf 86' lang='lat' dir='ltr'><strong>angelicis</strong></span> <span class='ocrx_word' id='word_1_694' title='bbox 2648 3595 2873 3648; x_wconf 75' lang='lat' dir='ltr'><strong>ccctibns</strong></span> <span class='ocrx_word' id='word_1_695' title='bbox 2893 3596 3257 3663; x_wconf 91' lang='lat' dir='ltr'><strong>copulaturus,</strong></span> <span class='ocrx_word' id='word_1_696' title='bbox 3287 3597 3642 3669; x_wconf 85' lang='lat' dir='ltr'><strong>omnibusque</strong></span> 
     </span>
    </p>
   </div>
   <div class='ocr_carea' id='block_1_101' title="bbox 2057 3684 3642 3756">
    <p class='ocr_par' dir='ltr' id='par_1_101' title="bbox 2057 3684 3642 3756">
     <span class='ocr_line' id='line_1_101' title="bbox 2057 3684 3642 3756; baseline 0.001 -14"><span class='ocrx_word' id='word_1_697' title='bbox 2057 3686 2364 3748; x_wconf 75' lang='lat' dir='ltr'><strong>cmlestibus</strong></span> <span class='ocrx_word' id='word_1_698' title='bbox 2406 3685 2633 3754; x_wconf 90' lang='lat' dir='ltr'><strong>partium</strong></span> <span class='ocrx_word' id='word_1_699' title='bbox 2685 3697 3032 3751; x_wconf 87' lang='lat' dir='ltr'><strong>supernarum</strong></span> <span class='ocrx_word' id='word_1_700' title='bbox 3085 3684 3376 3752; x_wconf 73' lang='lat' dir='ltr'><strong>legionibus</strong></span> <span class='ocrx_word' id='word_1_701' title='bbox 3415 3688 3642 3756; x_wconf 87' lang='lat' dir='ltr'><strong>conjun-</strong></span> 
     </span>
    </p>
   </div>
   <div class='ocr_carea' id='block_1_102' title="bbox 2057 3773 3643 3846">
    <p class='ocr_par' dir='ltr' id='par_1_102' title="bbox 2057 3773 3643 3846">
     <span class='ocr_line' id='line_1_102' title="bbox 2057 3773 3643 3846; baseline 0.001 -15"><span class='ocrx_word' id='word_1_702' title='bbox 2057 3786 2261 3844; x_wconf 91' lang='lat' dir='ltr'><strong>cturus,</strong></span> <span class='ocrx_word' id='word_1_703' title='bbox 2291 3775 2608 3830; x_wconf 89' lang='lat' dir='ltr'><strong>mirabiliter</strong></span> <span class='ocrx_word' id='word_1_704' title='bbox 2645 3773 2865 3827; x_wconf 90' lang='lat' dir='ltr'><strong>artubus</strong></span> <span class='ocrx_word' id='word_1_705' title='bbox 2902 3773 3152 3827; x_wconf 88' lang='lat' dir='ltr'><strong>resolutis</strong></span> <span class='ocrx_word' id='word_1_706' title='bbox 3179 3788 3210 3827; x_wconf 90' lang='lat' dir='ltr'><strong>e</strong></span> <span class='ocrx_word' id='word_1_707' title='bbox 3238 3789 3465 3844; x_wconf 89' lang='lat' dir='ltr'><strong>corpore</strong></span> <span class='ocrx_word' id='word_1_708' title='bbox 3492 3791 3643 3846; x_wconf 81' lang='lat' dir='ltr'><strong>egre-</strong></span> 
     </span>
    </p>
   </div>
   <div class='ocr_carea' id='block_1_103' title="bbox 2058 3871 3649 3946">
    <p class='ocr_par' dir='ltr' id='par_1_103' title="bbox 2058 3871 3649 3946">
     <span class='ocr_line' id='line_1_103' title="bbox 2058 3871 3649 3946; baseline 0 -15"><span class='ocrx_word' id='word_1_709' title='bbox 2058 3877 2212 3932; x_wconf 91' lang='lat' dir='ltr'><strong>diens</strong></span> <span class='ocrx_word' id='word_1_710' title='bbox 2270 3874 2487 3946; x_wconf 89' lang='lat' dir='ltr'><strong>superni</strong></span> <span class='ocrx_word' id='word_1_711' title='bbox 2543 3871 2696 3942; x_wconf 84' lang='lat' dir='ltr'><strong>regni</strong></span> <span class='ocrx_word' id='word_1_712' title='bbox 2757 3871 2934 3925; x_wconf 89' lang='lat' dir='ltr'><strong>aulam</strong></span> <span class='ocrx_word' id='word_1_713' title='bbox 2989 3885 3109 3927; x_wconf 91' lang='lat' dir='ltr'><strong>cum</strong></span> <span class='ocrx_word' id='word_1_714' title='bbox 3167 3871 3378 3928; x_wconf 87' lang='lat' dir='ltr'><strong>Christo</strong></span> <span class='ocrx_word' id='word_1_715' title='bbox 3433 3889 3649 3946; x_wconf 89' lang='lat' dir='ltr'><strong>semper</strong></span> 
     </span>
    </p>
   </div>
   <div class='ocr_carea' id='block_1_104' title="bbox 2247 4024 3276 4087">
    <p class='ocr_par' dir='ltr' id='par_1_104' title="bbox 2247 4024 3276 4087">
     <span class='ocr_line' id='line_1_104' title="bbox 2247 4024 3276 4087; baseline -0.004 -9"><span class='ocrx_word' id='word_1_716' title='bbox 2247 4029 2422 4078; x_wconf 89' lang='lat' dir='ltr'><strong>Doctor</strong></span> <span class='ocrx_word' id='word_1_717' title='bbox 2446 4025 2632 4087; x_wconf 89' lang='lat' dir='ltr'><strong>lsidori,</strong></span> <span class='ocrx_word' id='word_1_718' title='bbox 2660 4037 2810 4087; x_wconf 83' lang='lat' dir='ltr'><strong>quem</strong></span> <span class='ocrx_word' id='word_1_719' title='bbox 2835 4027 3044 4085; x_wconf 84' lang='lat' dir='ltr'><strong>generat</strong></span> <span class='ocrx_word' id='word_1_720' title='bbox 3072 4024 3276 4074; x_wconf 88' lang='lat' dir='ltr'><strong>Domino</strong></span> 
     </span>
    </p>
   </div>
   <div class='ocr_carea' id='block_1_105' title="bbox 2181 4086 3432 4145">
    <p class='ocr_par' dir='ltr' id='par_1_105' title="bbox 2181 4086 3432 4145">
     <span class='ocr_line' id='line_1_105' title="bbox 2181 4086 3432 4145; baseline -0.002 -6"><span class='ocrx_word' id='word_1_721' title='bbox 2181 4090 2252 4141; x_wconf 83' lang='lat' dir='ltr'><strong>Tu</strong></span> <span class='ocrx_word' id='word_1_722' title='bbox 2275 4103 2458 4145; x_wconf 73' lang='lat' dir='ltr'><strong>onooun</strong></span> <span class='ocrx_word' id='word_1_723' title='bbox 2480 4101 2570 4137; x_wconf 73' lang='lat' dir='ltr'><strong>rea</strong></span> <span class='ocrx_word' id='word_1_724' title='bbox 2609 4101 2742 4136; x_wconf 71' lang='lat' dir='ltr'><strong>reus</strong></span> <span class='ocrx_word' id='word_1_725' title='bbox 2771 4086 3058 4134; x_wconf 72' lang='lat' dir='ltr'><strong>MERITENSIS</strong></span> <span class='ocrx_word' id='word_1_726' title='bbox 3076 4100 3245 4136; x_wconf 80' lang='lat' dir='ltr'><strong>nLonu</strong></span> <span class='ocrx_word' id='word_1_727' title='bbox 3266 4100 3432 4136; x_wconf 63' lang='lat' dir='ltr'><strong>GRNTIS</strong></span> 
     </span>
    </p>
   </div>
   <div class='ocr_carea' id='block_1_106' title="bbox 2248 4148 3242 4208">
    <p class='ocr_par' dir='ltr' id='par_1_106' title="bbox 2248 4148 3242 4208">
     <span class='ocr_line' id='line_1_106' title="bbox 2248 4148 3242 4208; baseline -0.005 -7"><span class='ocrx_word' id='word_1_728' title='bbox 2248 4153 2472 4201; x_wconf 72' lang='lat' dir='ltr'><strong>Msssmu</strong></span> <span class='ocrx_word' id='word_1_729' title='bbox 2495 4149 2712 4206; x_wconf 71' lang='lat' dir='ltr'><strong>consilio,</strong></span> <span class='ocrx_word' id='word_1_730' title='bbox 2740 4154 2962 4208; x_wconf 90' lang='lat' dir='ltr'><strong>pectore,</strong></span> <span class='ocrx_word' id='word_1_731' title='bbox 2985 4156 3102 4195; x_wconf 90' lang='lat' dir='ltr'><strong>note</strong></span> <span class='ocrx_word' id='word_1_732' title='bbox 3127 4148 3242 4196; x_wconf 86' lang='lat' dir='ltr'><strong>fide.</strong></span> 
     </span>
    </p>
   </div>
   <div class='ocr_carea' id='block_1_107' title="bbox 2186 4208 3441 4274">
    <p class='ocr_par' dir='ltr' id='par_1_107' title="bbox 2186 4208 3441 4274">
     <span class='ocr_line' id='line_1_107' title="bbox 2186 4208 3441 4274; baseline -0.006 -10"><span class='ocrx_word' id='word_1_733' title='bbox 2186 4215 2340 4264; x_wconf 79' lang='lat' dir='ltr'><strong>Ambo</strong></span> <span class='ocrx_word' id='word_1_734' title='bbox 2364 4224 2505 4274; x_wconf 88' lang='lat' dir='ltr'><strong>pares</strong></span> <span class='ocrx_word' id='word_1_735' title='bbox 2527 4213 2716 4271; x_wconf 86' lang='lat' dir='ltr'><strong>animis,</strong></span> <span class='ocrx_word' id='word_1_736' title='bbox 2741 4211 2932 4274; x_wconf 70' lang='lat' dir='ltr'><strong>pietate</strong></span> <span class='ocrx_word' id='word_1_737' title='bbox 2959 4215 3013 4256; x_wconf 86' lang='lat' dir='ltr'><strong>et</strong></span> <span class='ocrx_word' id='word_1_738' title='bbox 3038 4208 3257 4274; x_wconf 72' lang='lat' dir='ltr'><strong>laudibus</strong></span> <span class='ocrx_word' id='word_1_739' title='bbox 3274 4209 3441 4274; x_wconf 73' lang='lat' dir='ltr'><strong>ambo,</strong></span> 
     </span>
    </p>
   </div>
   <div class='ocr_carea' id='block_1_108' title="bbox 2250 4269 3304 4336">
    <p class='ocr_par' dir='ltr' id='par_1_108' title="bbox 2250 4269 3304 4336">
     <span class='ocr_line' id='line_1_108' title="bbox 2250 4269 3304 4336; baseline -0.007 -13"><span class='ocrx_word' id='word_1_740' title='bbox 2250 4269 2402 4336; x_wconf 71' lang='lat' dir='ltr'><strong>Inque</strong></span> <span class='ocrx_word' id='word_1_741' title='bbox 2422 4273 2566 4336; x_wconf 81' lang='lat' dir='ltr'><strong>domo</strong></span> <span class='ocrx_word' id='word_1_742' title='bbox 2586 4269 2752 4336; x_wconf 79' lang='lat' dir='ltr'><strong>magni</strong></span> <span class='ocrx_word' id='word_1_743' title='bbox 2775 4282 2944 4336; x_wconf 82' lang='lat' dir='ltr'><strong>murus</strong></span> <span class='ocrx_word' id='word_1_744' title='bbox 2959 4276 3169 4329; x_wconf 85' lang='lat' dir='ltr'><strong>uterque</strong></span> <span class='ocrx_word' id='word_1_745' title='bbox 3193 4269 3304 4336; x_wconf 79' lang='lat' dir='ltr'><strong>Dei.</strong></span> 
     </span>
    </p>
   </div>
   <div class='ocr_carea' id='block_1_109' title="bbox 2183 4330 3442 4389">
    <p class='ocr_par' dir='ltr' id='par_1_109' title="bbox 2183 4330 3442 4389">
     <span class='ocr_line' id='line_1_109' title="bbox 2183 4330 3442 4389; baseline -0.006 -3"><span class='ocrx_word' id='word_1_746' title='bbox 2183 4330 2376 4386; x_wconf 70' lang='lat' dir='ltr'><strong>Vicistis</strong></span> <span class='ocrx_word' id='word_1_747' title='bbox 2400 4332 2652 4382; x_wconf 85' lang='lat' dir='ltr'><strong>tolerando</strong></span> <span class='ocrx_word' id='word_1_748' title='bbox 2672 4330 2848 4388; x_wconf 78' lang='lat' dir='ltr'><strong>minas,</strong></span> <span class='ocrx_word' id='word_1_749' title='bbox 2872 4334 3180 4389; x_wconf 84' lang='lat' dir='ltr'><strong>animumque</strong></span> <span class='ocrx_word' id='word_1_750' title='bbox 3200 4330 3442 4379; x_wconf 88' lang='lat' dir='ltr'><strong>rebellem</strong></span> 
     </span>
    </p>
   </div>
   <div class='ocr_carea' id='block_1_110' title="bbox 2250 4389 3303 4458">
    <p class='ocr_par' dir='ltr' id='par_1_110' title="bbox 2250 4389 3303 4458">
     <span class='ocr_line' id='line_1_110' title="bbox 2250 4389 3303 4458; baseline -0.005 -16"><span class='ocrx_word' id='word_1_751' title='bbox 2250 4397 2556 4458; x_wconf 72' lang='lat' dir='ltr'><strong>Regis,_enm</strong></span> <span class='ocrx_word' id='word_1_752' title='bbox 2578 4391 2789 4458; x_wconf 74' lang='lat' dir='ltr'><strong>sceleris</strong></span> <span class='ocrx_word' id='word_1_753' title='bbox 2814 4391 3104 4458; x_wconf 37' lang='lat' dir='ltr'><strong>pmnituisse.</strong></span> <span class='ocrx_word' id='word_1_754' title='bbox 3123 4389 3303 4458; x_wconf 76' lang='lat' dir='ltr'><strong>ferunt.</strong></span> 
     </span>
    </p>
   </div>
   <div class='ocr_carea' id='block_1_111' title="bbox 2186 4451 3436 4514">
    <p class='ocr_par' dir='ltr' id='par_1_111' title="bbox 2186 4451 3436 4514">
     <span class='ocr_line' id='line_1_111' title="bbox 2186 4451 3436 4514; baseline -0.005 -8"><span class='ocrx_word' id='word_1_755' title='bbox 2186 4457 2288 4506; x_wconf 75' lang='lat' dir='ltr'><strong>Vos</strong></span> <span class='ocrx_word' id='word_1_756' title='bbox 2307 4451 2457 4504; x_wconf 58' lang='lat' dir='ltr'><strong>soboli</strong></span> <span class='ocrx_word' id='word_1_757' title='bbox 2483 4454 2618 4514; x_wconf 84' lang='lat' dir='ltr'><strong>regis</strong></span> <span class='ocrx_word' id='word_1_758' title='bbox 2639 4452 2848 4501; x_wconf 86' lang='lat' dir='ltr'><strong>biforem</strong></span> <span class='ocrx_word' id='word_1_759' title='bbox 2871 4451 3135 4514; x_wconf 78' lang='lat' dir='ltr'><strong>reserastis</strong></span> <span class='ocrx_word' id='word_1_760' title='bbox 3157 4451 3436 4514; x_wconf 81' lang='lat' dir='ltr'><strong>Olympum;</strong></span> 
     </span>
    </p>
   </div>
   <div class='ocr_carea' id='block_1_112' title="bbox 2254 4513 3378 4572">
    <p class='ocr_par' dir='ltr' id='par_1_112' title="bbox 2254 4513 3378 4572">
     <span class='ocr_line' id='line_1_112' title="bbox 2254 4513 3378 4572; baseline -0.004 -6"><span class='ocrx_word' id='word_1_761' title='bbox 2254 4518 2348 4566; x_wconf 84' lang='lat' dir='ltr'><strong>Per</strong></span> <span class='ocrx_word' id='word_1_762' title='bbox 2372 4531 2462 4564; x_wconf 87' lang='lat' dir='ltr'><strong>nos</strong></span> <span class='ocrx_word' id='word_1_763' title='bbox 2483 4513 2606 4565; x_wconf 78' lang='lat' dir='ltr'><strong>alter</strong></span> <span class='ocrx_word' id='word_1_764' title='bbox 2631 4517 2760 4561; x_wconf 85' lang='lat' dir='ltr'><strong>enim</strong></span> <span class='ocrx_word' id='word_1_765' title='bbox 2783 4520 2964 4572; x_wconf 81' lang='lat' dir='ltr'><strong>martyr</strong></span> <span class='ocrx_word' id='word_1_766' title='bbox 2985 4513 3042 4559; x_wconf 89' lang='lat' dir='ltr'><strong>ad</strong></span> <span class='ocrx_word' id='word_1_767' title='bbox 3063 4521 3192 4561; x_wconf 88' lang='lat' dir='ltr'><strong>astra</strong></span> <span class='ocrx_word' id='word_1_768' title='bbox 3218 4513 3346 4562; x_wconf 83' lang='lat' dir='ltr'><strong>volat</strong></span> <span class='ocrx_word' id='word_1_769' title='bbox 3367 4528 3378 4561; x_wconf 87' lang='lat'><strong>:</strong></span> 
     </span>
    </p>
   </div>
   <div class='ocr_carea' id='block_1_113' title="bbox 2187 4570 3315 4636">
    <p class='ocr_par' dir='ltr' id='par_1_113' title="bbox 2187 4570 3315 4636">
     <span class='ocr_line' id='line_1_113' title="bbox 2187 4570 3315 4636; baseline -0.004 -9"><span class='ocrx_word' id='word_1_770' title='bbox 2187 4579 2328 4628; x_wconf 85' lang='lat' dir='ltr'><strong>Alter</strong></span> <span class='ocrx_word' id='word_1_771' title='bbox 2353 4586 2404 4625; x_wconf 87' lang='lat' dir='ltr'><strong>et</strong></span> <span class='ocrx_word' id='word_1_772' title='bbox 2428 4579 2484 4625; x_wconf 87' lang='lat' dir='ltr'><strong>ad</strong></span> <span class='ocrx_word' id='word_1_773' title='bbox 2509 4587 2677 4624; x_wconf 84' lang='lat' dir='ltr'><strong>roseas</strong></span> <span class='ocrx_word' id='word_1_774' title='bbox 2702 4570 2921 4636; x_wconf 72' lang='lat' dir='ltr'><strong>emergit</strong></span> <span class='ocrx_word' id='word_1_775' title='bbox 2941 4570 3132 4636; x_wconf 86' lang='lat' dir='ltr'><strong>luminis</strong></span> <span class='ocrx_word' id='word_1_776' title='bbox 3153 4586 3315 4636; x_wconf 87' lang='lat' dir='ltr'><strong>auras,</strong></span> 
     </span>
    </p>
   </div>
   <div class='ocr_carea' id='block_1_114' title="bbox 2253 4635 3352 4701">
    <p class='ocr_par' dir='ltr' id='par_1_114' title="bbox 2253 4635 3352 4701">
     <span class='ocr_line' id='line_1_114' title="bbox 2253 4635 3352 4701; baseline -0.002 -13"><span class='ocrx_word' id='word_1_777' title='bbox 2253 4640 2311 4688; x_wconf 83' lang='lat' dir='ltr'><strong>Et</strong></span> <span class='ocrx_word' id='word_1_778' title='bbox 2331 4651 2425 4701; x_wconf 87' lang='lat' dir='ltr'><strong>qua</strong></span> <span class='ocrx_word' id='word_1_779' title='bbox 2448 4636 2556 4686; x_wconf 90' lang='lat' dir='ltr'><strong>luce</strong></span> <span class='ocrx_word' id='word_1_780' title='bbox 2581 4644 2738 4701; x_wconf 63' lang='lat' dir='ltr'><strong>caret,</strong></span> <span class='ocrx_word' id='word_1_781' title='bbox 2758 4643 2875 4701; x_wconf 67' lang='lat' dir='ltr'><strong>tunc</strong></span> <span class='ocrx_word' id='word_1_782' title='bbox 2888 4635 3162 4701; x_wconf 71' lang='lat' dir='ltr'><strong>iubar-ejus</strong></span> <span class='ocrx_word' id='word_1_783' title='bbox 3187 4635 3352 4701; x_wconf 78' lang='lat' dir='ltr'><strong>habet.</strong></span> 
     </span>
    </p>
   </div>
   <div class='ocr_carea' id='block_1_115' title="bbox 2189 4695 3460 4760">
    <p class='ocr_par' dir='ltr' id='par_1_115' title="bbox 2189 4695 3460 4760">
     <span class='ocr_line' id='line_1_115' title="bbox 2189 4695 3460 4760; baseline -0.004 -10"><span class='ocrx_word' id='word_1_784' title='bbox 2189 4702 2289 4750; x_wconf 84' lang='lat' dir='ltr'><strong>Vos</strong></span> <span class='ocrx_word' id='word_1_785' title='bbox 2311 4695 2581 4748; x_wconf 63' lang='lat' dir='ltr'><strong>memorant</strong></span> <span class='ocrx_word' id='word_1_786' title='bbox 2602 4697 2742 4760; x_wconf 88' lang='lat' dir='ltr'><strong>genti</strong></span> <span class='ocrx_word' id='word_1_787' title='bbox 2769 4695 2939 4760; x_wconf 66' lang='grc' dir='ltr'><strong>θυμω</strong></span> <span class='ocrx_word' id='word_1_788' title='bbox 2966 4697 3195 4760; x_wconf 82' lang='lat' dir='ltr'><strong>tribuisse</strong></span> <span class='ocrx_word' id='word_1_789' title='bbox 3218 4698 3426 4746; x_wconf 77' lang='lat' dir='ltr'><strong>salutem</strong></span> <span class='ocrx_word' id='word_1_790' title='bbox 3444 4735 3460 4760; x_wconf 93' lang='lat'><strong>,</strong></span> 
     </span>
    </p>
   </div>
   <div class='ocr_carea' id='block_1_116' title="bbox 2252 4757 3462 4822">
    <p class='ocr_par' dir='ltr' id='par_1_116' title="bbox 2252 4757 3462 4822">
     <span class='ocr_line' id='line_1_116' title="bbox 2252 4757 3462 4822; baseline -0.002 -14"><span class='ocrx_word' id='word_1_791' title='bbox 2252 4762 2452 4822; x_wconf 81' lang='lat' dir='ltr'><strong>Linquit</strong></span> <span class='ocrx_word' id='word_1_792' title='bbox 2469 4773 2577 4822; x_wconf 90' lang='lat' dir='ltr'><strong>cum</strong></span> <span class='ocrx_word' id='word_1_793' title='bbox 2597 4757 2804 4822; x_wconf 78' lang='lat' dir='ltr'><strong>invisum</strong></span> <span class='ocrx_word' id='word_1_794' title='bbox 2827 4757 3021 4819; x_wconf 87' lang='lat' dir='ltr'><strong>dogma,</strong></span> <span class='ocrx_word' id='word_1_795' title='bbox 3049 4758 3282 4819; x_wconf 90' lang='lat' dir='ltr'><strong>piumque</strong></span> <span class='ocrx_word' id='word_1_796' title='bbox 3304 4757 3462 4808; x_wconf 73' lang='lat' dir='ltr'><strong>tenet.</strong></span> 
     </span>
    </p>
   </div>
   <div class='ocr_carea' id='block_1_117' title="bbox 2191 4818 3496 4880">
    <p class='ocr_par' dir='ltr' id='par_1_117' title="bbox 2191 4818 3496 4880">
     <span class='ocr_line' id='line_1_117' title="bbox 2191 4818 3496 4880; baseline -0.004 -8"><span class='ocrx_word' id='word_1_797' title='bbox 2191 4823 2289 4872; x_wconf 78' lang='lat' dir='ltr'><strong>Vos</strong></span> <span class='ocrx_word' id='word_1_798' title='bbox 2311 4818 2486 4872; x_wconf 82' lang='lat' dir='ltr'><strong>merito</strong></span> <span class='ocrx_word' id='word_1_799' title='bbox 2509 4820 2677 4868; x_wconf 81' lang='lat' dir='ltr'><strong>victrix</strong></span> <span class='ocrx_word' id='word_1_800' title='bbox 2704 4818 2890 4880; x_wconf 81' lang='lat' dir='ltr'><strong>laurus,</strong></span> <span class='ocrx_word' id='word_1_801' title='bbox 2917 4818 3238 4880; x_wconf 83' lang='lat' dir='ltr'><strong>sequiturque</strong></span> <span class='ocrx_word' id='word_1_802' title='bbox 3257 4823 3496 4880; x_wconf 81' lang='lat' dir='ltr'><strong>perennis</strong></span> 
     </span>
    </p>
   </div>
   <div class='ocr_carea' id='block_1_118' title="bbox 2255 4879 3243 4942">
    <p class='ocr_par' dir='ltr' id='par_1_118' title="bbox 2255 4879 3243 4942">
     <span class='ocr_line' id='line_1_118' title="bbox 2255 4879 3243 4942; baseline -0.004 -9"><span class='ocrx_word' id='word_1_803' title='bbox 2255 4884 2437 4942; x_wconf 84' lang='lat' dir='ltr'><strong>Gloria,</strong></span> <span class='ocrx_word' id='word_1_804' title='bbox 2462 4889 2534 4932; x_wconf 91' lang='lat' dir='ltr'><strong>tot</strong></span> <span class='ocrx_word' id='word_1_805' title='bbox 2557 4881 2745 4928; x_wconf 89' lang='lat' dir='ltr'><strong>meritis</strong></span> <span class='ocrx_word' id='word_1_806' title='bbox 2767 4879 2932 4928; x_wconf 88' lang='lat' dir='ltr'><strong>debita</strong></span> <span class='ocrx_word' id='word_1_807' title='bbox 2957 4879 3243 4942; x_wconf 81' lang='lat' dir='ltr'><strong>magniﬁcis.</strong></span> 
     </span>
    </p>
   </div>
   <div class='ocr_carea' id='block_1_119' title="bbox 2193 4940 3568 5003">
    <p class='ocr_par' dir='ltr' id='par_1_119' title="bbox 2193 4940 3568 5003">
     <span class='ocr_line' id='line_1_119' title="bbox 2193 4940 3568 5003; baseline -0.004 -9"><span class='ocrx_word' id='word_1_808' title='bbox 2193 4947 2399 5003; x_wconf 44' lang='lat' dir='ltr'><strong>Sent-per</strong></span> <span class='ocrx_word' id='word_1_809' title='bbox 2426 4940 2589 4992; x_wconf 84' lang='lat' dir='ltr'><strong>vester</strong></span> <span class='ocrx_word' id='word_1_810' title='bbox 2616 4943 2788 5001; x_wconf 86' lang='lat' dir='ltr'><strong>honos,</strong></span> <span class='ocrx_word' id='word_1_811' title='bbox 2814 4949 2968 5003; x_wconf 81' lang='lat' dir='ltr'><strong>atque</strong></span> <span class='ocrx_word' id='word_1_812' title='bbox 2990 4940 3161 5001; x_wconf 81' lang='lat' dir='ltr'><strong>inclyta</strong></span> <span class='ocrx_word' id='word_1_813' title='bbox 3184 4941 3303 4988; x_wconf 67' lang='lat' dir='ltr'><strong>[ama</strong></span> <span class='ocrx_word' id='word_1_814' title='bbox 3326 4940 3568 5002; x_wconf 84' lang='lat' dir='ltr'><strong>manebit,</strong></span> 
     </span>
    </p>
   </div>
   <div class='ocr_carea' id='block_1_120' title="bbox 2258 5001 3522 5066">
    <p class='ocr_par' dir='ltr' id='par_1_120' title="bbox 2258 5001 3522 5066">
     <span class='ocr_line' id='line_1_120' title="bbox 2258 5001 3522 5066; baseline -0.002 -13"><span class='ocrx_word' id='word_1_815' title='bbox 2258 5001 2452 5066; x_wconf 62' lang='lat' dir='ltr'><strong>vosque</strong></span> <span class='ocrx_word' id='word_1_816' title='bbox 2475 5011 2652 5051; x_wconf 84' lang='lat' dir='ltr'><strong>canent</strong></span> <span class='ocrx_word' id='word_1_817' title='bbox 2675 5003 2859 5066; x_wconf 80' lang='lat' dir='ltr'><strong>pepuli,</strong></span> <span class='ocrx_word' id='word_1_818' title='bbox 2883 5001 2972 5066; x_wconf 79' lang='lat' dir='ltr'><strong>sed</strong></span> <span class='ocrx_word' id='word_1_819' title='bbox 2993 5004 3144 5062; x_wconf 80' lang='lat' dir='ltr'><strong>magis</strong></span> <span class='ocrx_word' id='word_1_820' title='bbox 3167 5009 3293 5066; x_wconf 77' lang='lat' dir='ltr'><strong>astra</strong></span> <span class='ocrx_word' id='word_1_821' title='bbox 3311 5011 3490 5066; x_wconf 72' lang='lat' dir='ltr'><strong>canunt</strong></span> <span class='ocrx_word' id='word_1_822' title='bbox 3509 5014 3522 5028; x_wconf 76' lang='lat'><em>‘</em></span> 
     </span>
    </p>
   </div>
   <div class='ocr_carea' id='block_1_121' title="bbox 2193 5063 3384 5124">
    <p class='ocr_par' dir='ltr' id='par_1_121' title="bbox 2193 5063 3384 5124">
     <span class='ocr_line' id='line_1_121' title="bbox 2193 5063 3384 5124; baseline -0.007 -6"><span class='ocrx_word' id='word_1_823' title='bbox 2193 5067 2322 5118; x_wconf 79' lang='lat' dir='ltr'><strong>EStis</strong></span> <span class='ocrx_word' id='word_1_824' title='bbox 2341 5063 2470 5114; x_wconf 81' lang='lat' dir='ltr'><strong>enim</strong></span> <span class='ocrx_word' id='word_1_825' title='bbox 2495 5071 2680 5114; x_wconf 71' lang='lat' dir='ltr'><strong>aeterna</strong></span> <span class='ocrx_word' id='word_1_826' title='bbox 2707 5063 2953 5124; x_wconf 58' lang='lat' dir='ltr'><strong>praecincti</strong></span> <span class='ocrx_word' id='word_1_827' title='bbox 2973 5071 3192 5124; x_wconf 85' lang='lat' dir='ltr'><strong>tempora</strong></span> <span class='ocrx_word' id='word_1_828' title='bbox 3215 5063 3384 5111; x_wconf 85' lang='lat' dir='ltr'><strong>fronde</strong></span> 
     </span>
    </p>
   </div>
   <div class='ocr_carea' id='block_1_122' title="bbox 2260 5122 3145 5194">
    <p class='ocr_par' dir='ltr' id='par_1_122' title="bbox 2260 5122 3145 5194">
     <span class='ocr_line' id='line_1_122' title="bbox 2260 5122 3145 5194; baseline -0.005 -18"><span class='ocrx_word' id='word_1_829' title='bbox 2260 5129 2394 5176; x_wconf 88' lang='lat' dir='ltr'><strong>lnter</strong></span> <span class='ocrx_word' id='word_1_830' title='bbox 2417 5128 2641 5194; x_wconf 53' lang='lat' dir='ltr'><strong>doctore:</strong></span> <span class='ocrx_word' id='word_1_831' title='bbox 2663 5122 2998 5194; x_wconf 72' lang='lat' dir='ltr'><strong>Splendidiore</strong></span> <span class='ocrx_word' id='word_1_832' title='bbox 3009 5122 3145 5194; x_wconf 59' lang='lat' dir='ltr'><strong>loco.</strong></span> 
     </span>
    </p>
   </div>
   <div class='ocr_carea' id='block_1_123' title="bbox 2147 5183 3649 5251">
    <p class='ocr_par' dir='ltr' id='par_1_123' title="bbox 2147 5183 3649 5251">
     <span class='ocr_line' id='line_1_123' title="bbox 2147 5183 3649 5251; baseline -0.003 -8"><span class='ocrx_word' id='word_1_833' title='bbox 2147 5202 2169 5230; x_wconf 75' lang='grc' dir='ltr'>ε</span> <span class='ocrx_word' id='word_1_834' title='bbox 2198 5189 2550 5244; x_wconf 84' lang='lat' dir='ltr'><strong>Innocentius.</strong></span> <span class='ocrx_word' id='word_1_835' title='bbox 2601 5183 2703 5251; x_wconf 85' lang='lat' dir='ltr'><strong>Qui</strong></span> <span class='ocrx_word' id='word_1_836' title='bbox 2749 5184 2965 5238; x_wconf 90' lang='lat' dir='ltr'><strong>decreto</strong></span> <span class='ocrx_word' id='word_1_837' title='bbox 3005 5183 3325 5238; x_wconf 90' lang='lat' dir='ltr'><strong>Gundemari</strong></span> <span class='ocrx_word' id='word_1_838' title='bbox 3368 5184 3513 5251; x_wconf 85' lang='lat' dir='ltr'><strong>regis</strong></span> <span class='ocrx_word' id='word_1_839' title='bbox 3551 5197 3649 5239; x_wconf 63' lang='grc' dir='ltr'><strong>ων.</strong></span> 
     </span>
    </p>
   </div>
   <div class='ocr_carea' id='block_1_124' title="bbox 2073 5252 3652 5325">
    <p class='ocr_par' dir='ltr' id='par_1_124' title="bbox 2073 5252 3652 5325">
     <span class='ocr_line' id='line_1_124' title="bbox 2073 5252 3652 5325; baseline -0.004 -11"><span class='ocrx_word' id='word_1_840' title='bbox 2073 5260 2177 5314; x_wconf 66' lang='grc'><strong>(348</strong></span> <span class='ocrx_word' id='word_1_841' title='bbox 2228 5260 2306 5314; x_wconf 91' lang='lat' dir='ltr'><strong>sic</strong></span> <span class='ocrx_word' id='word_1_842' title='bbox 2349 5255 2660 5325; x_wconf 90' lang='lat' dir='ltr'><strong>subscripsit</strong></span> <span class='ocrx_word' id='word_1_843' title='bbox 2701 5270 2716 5305; x_wconf 89' lang='lat'><strong>:</strong></span> <span class='ocrx_word' id='word_1_844' title='bbox 2774 5253 2884 5322; x_wconf 84' lang='lat' dir='ltr'><strong>Ego</strong></span> <span class='ocrx_word' id='word_1_845' title='bbox 2928 5252 3264 5325; x_wconf 58' lang='lat' dir='ltr'><strong>Innocentius</strong></span> <span class='ocrx_word' id='word_1_846' title='bbox 3311 5252 3652 5325; x_wconf 78' lang='lat' dir='ltr'><strong>Emeritensis</strong></span> 
     </span>
    </p>
   </div>
   <div class='ocr_carea' id='block_1_125' title="bbox 2079 5323 3653 5401">
    <p class='ocr_par' dir='ltr' id='par_1_125' title="bbox 2079 5323 3653 5401">
     <span class='ocr_line' id='line_1_125' title="bbox 2079 5323 3653 5401; baseline -0.005 -17"><span class='ocrx_word' id='word_1_847' title='bbox 2079 5331 2351 5401; x_wconf 67' lang='lat' dir='ltr'><strong>provincia:</strong></span> <span class='ocrx_word' id='word_1_848' title='bbox 2369 5323 2661 5401; x_wconf 73' lang='lat' dir='ltr'><strong>Lusitania:</strong></span> <span class='ocrx_word' id='word_1_849' title='bbox 2689 5323 3110 5401; x_wconf 73' lang='lat' dir='ltr'><strong>metropolitanus</strong></span> <span class='ocrx_word' id='word_1_850' title='bbox 3138 5323 3422 5401; x_wconf 69' lang='lat' dir='ltr'><strong>episcopus,</strong></span> <span class='ocrx_word' id='word_1_851' title='bbox 3449 5323 3570 5375; x_wconf 87' lang='lat' dir='ltr'><strong>dum</strong></span> <span class='ocrx_word' id='word_1_852' title='bbox 3599 5325 3653 5401; x_wconf 81' lang='lat' dir='ltr'><strong>in</strong></span> 
     </span>
    </p>
   </div>
   <div class='ocr_carea' id='block_1_126' title="bbox 2080 5393 3654 5462">
    <p class='ocr_par' dir='ltr' id='par_1_126' title="bbox 2080 5393 3654 5462">
     <span class='ocr_line' id='line_1_126' title="bbox 2080 5393 3654 5462; baseline -0.007 -7"><span class='ocrx_word' id='word_1_853' title='bbox 2080 5393 2255 5455; x_wconf 52' lang='lat' dir='ltr'><strong>urbem</strong></span> <span class='ocrx_word' id='word_1_854' title='bbox 2285 5397 2584 5452; x_wconf 81' lang='lat' dir='ltr'><strong>Toletanam</strong></span> <span class='ocrx_word' id='word_1_855' title='bbox 2611 5409 2706 5462; x_wconf 86' lang='lat' dir='ltr'><strong>pro</strong></span> <span class='ocrx_word' id='word_1_856' title='bbox 2730 5407 2942 5446; x_wconf 80' lang='lat' dir='ltr'><strong>occursu</strong></span> <span class='ocrx_word' id='word_1_857' title='bbox 2971 5395 3115 5462; x_wconf 86' lang='lat' dir='ltr'><strong>regio</strong></span> <span class='ocrx_word' id='word_1_858' title='bbox 3136 5393 3472 5462; x_wconf 74' lang='lat' dir='ltr'><strong>advenissem,</strong></span> <span class='ocrx_word' id='word_1_859' title='bbox 3503 5395 3654 5461; x_wconf 82' lang='lat' dir='ltr'><strong>agni—</strong></span> 
     </span>
    </p>
   </div>
   <div class='ocr_carea' id='block_1_127' title="bbox 2082 5460 3655 5582">
    <p class='ocr_par' dir='ltr' id='par_1_127' title="bbox 2082 5460 3655 5582">
     <span class='ocr_line' id='line_1_127' title="bbox 2082 5460 3655 5582; baseline -0.004 -59"><span class='ocrx_word' id='word_1_860' title='bbox 2082 5472 2147 5524; x_wconf 84' lang='lat' dir='ltr'><strong>tis</strong></span> <span class='ocrx_word' id='word_1_861' title='bbox 2175 5472 2240 5523; x_wconf 85' lang='lat' dir='ltr'><strong>iis</strong></span> <span class='ocrx_word' id='word_1_862' title='bbox 2269 5460 2713 5522; x_wconf 83' lang='lat' dir='ltr'><strong>constitutionibus</strong></span> <span class='ocrx_word' id='word_1_863' title='bbox 2743 5478 3009 5514; x_wconf 84' lang='lat' dir='ltr'><strong>assensum</strong></span> <span class='ocrx_word' id='word_1_864' title='bbox 3022 5460 3237 5582; x_wconf 40' lang='grc' dir='ltr'><strong>ἔργα)ὸαὶ</strong></span> <span class='ocrx_word' id='word_1_865' title='bbox 3271 5471 3320 5512; x_wconf 89' lang='lat' dir='ltr'><strong>et</strong></span> <span class='ocrx_word' id='word_1_866' title='bbox 3358 5460 3655 5530; x_wconf 82' lang='lat' dir='ltr'><strong>subscripsi.</strong></span> 
     </span>
     <span class='ocr_line' id='line_1_128' title="bbox 2085 5529 3655 5582; baseline 0 0"><span class='ocrx_word' id='word_1_867' title='bbox 2085 5539 2240 5582; x_wconf 74' lang='lat' dir='ltr'><strong>plura</strong></span> <span class='ocrx_word' id='word_1_868' title='bbox 2272 5538 2338 5582; x_wconf 72' lang='lat' dir='ltr'><strong>de</strong></span> <span class='ocrx_word' id='word_1_869' title='bbox 2358 5553 2424 5582; x_wconf 78' lang='lat' dir='ltr'><strong>nn</strong></span> <span class='ocrx_word' id='word_1_870' title='bbox 2456 5534 2640 5582; x_wconf 69' lang='lat' dir='ltr'><strong>Moral.</strong></span> <span class='ocrx_word' id='word_1_871' title='bbox 2670 5533 2761 5582; x_wconf 88' lang='lat' dir='ltr'><strong>lib.</strong></span> <span class='ocrx_word' id='word_1_872' title='bbox 2788 5546 2882 5582; x_wconf 70' lang='grc' dir='ltr'><strong>χιι.</strong></span> <span class='ocrx_word' id='word_1_873' title='bbox 2910 5545 2959 5582; x_wconf 89' lang='lat' dir='ltr'><strong>c.</strong></span> <span class='ocrx_word' id='word_1_874' title='bbox 2982 5530 3017 5582; x_wconf 61' lang='grc' dir='ltr'><strong>ἓ</strong></span> <span class='ocrx_word' id='word_1_875' title='bbox 3059 5568 3072 5582; x_wconf 92' lang='grc'>.</span> <span class='ocrx_word' id='word_1_876' title='bbox 3105 5538 3157 5582; x_wconf 87' lang='lat' dir='ltr'><strong>et</strong></span> <span class='ocrx_word' id='word_1_877' title='bbox 3185 5529 3373 5582; x_wconf 85' lang='lat' dir='ltr'><strong>Padill.</strong></span> <span class='ocrx_word' id='word_1_878' title='bbox 3402 5540 3655 5582; x_wconf 84' lang='lat' dir='ltr'><strong>cent.vu.</strong></span> 
     </span>
    </p>
   </div>
   <div class='ocr_carea' id='block_1_128' title="bbox 2084 5529 3655 5596">
    <p class='ocr_par' dir='ltr' id='par_1_128' title="bbox 2084 5529 3655 5596">
     <span class='ocr_line' id='line_1_129' title="bbox 2084 5529 3655 5596; baseline -0.005 -3"><span class='ocrx_word' id='word_1_879' title='bbox 2084 5539 2242 5593; x_wconf 89' lang='lat' dir='ltr'><strong>Plura</strong></span> <span class='ocrx_word' id='word_1_880' title='bbox 2272 5538 2338 5592; x_wconf 91' lang='lat' dir='ltr'><strong>de</strong></span> <span class='ocrx_word' id='word_1_881' title='bbox 2358 5553 2424 5591; x_wconf 89' lang='lat' dir='ltr'><strong>eo</strong></span> <span class='ocrx_word' id='word_1_882' title='bbox 2455 5534 2640 5590; x_wconf 75' lang='lat' dir='ltr'><strong>Moral.</strong></span> <span class='ocrx_word' id='word_1_883' title='bbox 2670 5533 2761 5586; x_wconf 88' lang='lat' dir='ltr'><strong>lib.</strong></span> <span class='ocrx_word' id='word_1_884' title='bbox 2788 5546 2882 5596; x_wconf 81' lang='lat' dir='ltr'><strong>xu,</strong></span> <span class='ocrx_word' id='word_1_885' title='bbox 2910 5545 2959 5585; x_wconf 91' lang='lat' dir='ltr'><strong>c.</strong></span> <span class='ocrx_word' id='word_1_886' title='bbox 2982 5529 3072 5593; x_wconf 60' lang='grc' dir='ltr'><strong>ἓξ,</strong></span> <span class='ocrx_word' id='word_1_887' title='bbox 3105 5538 3157 5583; x_wconf 87' lang='lat' dir='ltr'><strong>et</strong></span> <span class='ocrx_word' id='word_1_888' title='bbox 3185 5529 3373 5584; x_wconf 85' lang='lat' dir='ltr'><strong>Padill.</strong></span> <span class='ocrx_word' id='word_1_889' title='bbox 3402 5529 3655 5594; x_wconf 29' lang='lat' dir='ltr'><strong>cent.’vn.</strong></span> 
     </span>
    </p>
   </div>
   <div class='ocr_carea' id='block_1_129' title="bbox 2080 5608 3656 5744">
    <p class='ocr_par' dir='ltr' id='par_1_129' title="bbox 2080 5608 3656 5744">
     <span class='ocr_line' id='line_1_130' title="bbox 2080 5608 3656 5744; baseline -0.003 -13"><span class='ocrx_word' id='word_1_890' title='bbox 2080 5608 2524 5733; x_wconf 44' lang='lat' dir='ltr'><strong>cag.Iliznouatus.</strong></span> <span class='ocrx_word' id='word_1_891' title='bbox 2555 5673 2632 5728; x_wconf 88' lang='lat' dir='ltr'><strong>De</strong></span> <span class='ocrx_word' id='word_1_892' title='bbox 2668 5689 2775 5744; x_wconf 90' lang='lat' dir='ltr'><strong>quo</strong></span> <span class='ocrx_word' id='word_1_893' title='bbox 2803 5671 2909 5728; x_wconf 89' lang='lat' dir='ltr'><strong>vid.</strong></span> <span class='ocrx_word' id='word_1_894' title='bbox 2934 5685 3054 5740; x_wconf 70' lang='lat' dir='ltr'><strong>qua:</strong></span> <span class='ocrx_word' id='word_1_895' title='bbox 3083 5669 3149 5725; x_wconf 89' lang='lat' dir='ltr'><strong>ad</strong></span> <span class='ocrx_word' id='word_1_896' title='bbox 3189 5684 3309 5741; x_wconf 86' lang='lat' dir='ltr'><strong>cap.</strong></span> <span class='ocrx_word' id='word_1_897' title='bbox 3351 5668 3386 5722; x_wconf 78' lang='grc'>2</span> <span class='ocrx_word' id='word_1_898' title='bbox 3428 5674 3656 5726; x_wconf 79' lang='lat' dir='ltr'><strong>notaba-</strong></span> 
     </span>
    </p>
   </div>
   <div class='ocr_carea' id='block_1_130' title="bbox 2085 5766 2222 5808">
    <p class='ocr_par' dir='ltr' id='par_1_130' title="bbox 2085 5766 2222 5808">
     <span class='ocr_line' id='line_1_131' title="bbox 2085 5766 2222 5808; baseline -0.015 -2"><span class='ocrx_word' id='word_1_899' title='bbox 2085 5766 2222 5808; x_wconf 79' lang='lat' dir='ltr'><strong>Inus.</strong></span> 
     </span>
    </p>
   </div>
  </div>
