1989 3091
143 161 190 190 υςι

465 159 663 188 GONDEMMII
685 159 786 188 REGIS
807 159 991 188 DECRETUM
1016 159 1058 187 DE
1080 159 1243 187 ECCLESIA
1264 154 1457 188 TOLETANA.

1729 166 1739 189 ‘l
1746 165 1780 189 'o?

141 218 193 252 pbii
209 222 361 247 successor,
378 215 505 242 Aurasins
519 216 613 243 studiis
628 216 777 243 litterarum
793 215 936 242 doctrime-
954 217 975 245 Α
991 215 1075 248 Quam
1099 216 1257 242 sententiam
1281 221 1405 250 separato
1419 217 1478 244 codi
1498 217 1542 244 illo
1561 217 1778 252 Cartltaginensts

139 272 202 300 qu»,
231 263 315 290 animi
341 262 523 296 magnitudine
538 266 565 289 et
589 262 722 297 probitate
749 269 809 289 cum
840 261 935 295 quovis

141 310 260 345 priorum
289 307 497 342 comparandus.
529 307 569 334 Eo
597 306 725 342 pontiﬁce
751 311 831 341 atque
866 306 935 332 adeo

141 355 227 389 primo
242 361 313 380 anno
326 353 402 387 regni
418 351 593 384 Gundcmari,
619 352 710 386 viginti
734 351 852 386 quinque
867 358 933 385 pne-

140 399 213 426 sulcs
227 406 261 426 ex
276 398 356 426 variis
372 397 505 433 Hispania:
522 398 642 432 partibus
655 396 777 424 Toletutn
792 396 936 424 convocati

141 444 166 471 in
180 451 262 471 causa
277 443 400 471 Toletani
414 443 532 478 episcopi
548 447 575 470 et
588 443 774 478 episcoporum
789 442 939 476 provincia:

141 489 370 524 Carthaginensis,
384 493 520 517 conventu
533 496 624 516 coram
643 495 712 523 reget
728 487 840 522 ejusque
858 487 935 521 jussu

142 536 254 568 habito,
284 535 481 570 disceptarunt.
509 534 667 569 Ettphimius
696 533 767 561 enim
793 532 938 560 Toletanus

143 581 239 616 [mal
255 581 281 608 in
293 580 440 615 superioris
453 579 576 608 Toletani
590 579 697 607 concilii
710 579 778 606 actis
789 586 819 606 se
839 582 939 605 metro-

142 627 290 662 politanum
304 634 352 661 per
367 626 574 660 imprudentiam
597 626 704 653 dixerat
718 625 861 659 provintia:
874 624 939 652 Car-

142 672 267 706 petania.
284 671 389 706 Reliqui
405 672 531 706 pnesules
546 670 766 705 Carthaginensis
781 666 937 705 provincim,

141 725 201 751 qua:
220 717 378 752 regionibus
400 717 486 744 multo
511 717 590 744 latior
617 721 689 750 erat,
718 716 852 752 Euphimii
876 716 939 743 sub-

144 763 323 798 scriptionem
341 768 478 791 vertentes
492 763 524 791 ad
539 763 709 794 occasionem
725 763 866 796 libertatis,
890 761 942 789 Ec-

145 808 237 836 clesia:
263 807 401 836 Toletana:
428 816 524 844 parere
551 813 724 841 recusantes,
749 808 781 835 ad
802 808 940 835 dicendam

144 862 256 882 causam
272 855 372 885 vocati,
397 854 559 882 sententiam
584 859 689 882 mutare
711 855 841 889 compulsi
856 858 939 881 sunt:

143 908 203 928 cuin
215 900 363 928 secundum
374 899 477 928 Aurasii
490 900 560 935 jura,
571 905 626 927 tum
640 908 654 926 a
666 908 727 934 rege
738 900 938 934 pronuntiatum

990 260 1131 295 provinciie
1143 260 1270 294 praesules
1279 261 1442 294 quindecim,
1454 269 1567 296 quorum
1584 269 1627 289 res
1638 262 1776 296 agt-batur,

986 303 1188 332 conﬁrmarunt.
1214 304 1387 339 Protogenes,
1403 311 1501 332 sancta:
1528 306 1654 334 Ecclesia:
1674 307 1777 340 Segon-
1808 324 1811 325 ν

988 350 1109 383 tinensis,
1122 349 1278 377 Theodartts
1292 350 1502 384 Castulonensis,
1526 352 1681 380 Minicianus
1695 353 1777 386 δρεοά

988 395 1004 422 b
1016 395 1099 428 ensis,
1121 395 1273 430 Stephanus
1296 395 1443 427 Oretanus.
1458 396 1572 425 Iacobus
1597 398 1778 432 M'entcsanus,

988 439 1155 473 Magnentius
1179 440 1258 467 Valer
1269 442 1340 468 ensis
1350 462 1357 473 ,
1383 441 1550 469 Theodosius
1566 443 1758 472 'Ercavicensis
1769 466 1776 478 ,

989 485 1118 513 Martinus
1128 485 1292 519 Va‘enlinus,
1302 486 1450 515 Tonentius
1462 487 1629 522 Palentinus,
1641 488 1686 516 I’o:
1694 490 1777 516 ratius

987 530 1184 564 Segob:iensis,
1196 531 1351 559 Vincentius
1364 532 1559 567 Bigastriensis.
1573 533 1677 561 Eterius
1692 534 1777 561 Bassi-

988 579 1078 610 tanus,
1086 576 1229 610 Gregorius
1239 576 1408 611 0x0niensis,
1421 577 1562 605 Prazsidius
1572 578 1731 613 Cotnplulen
1746 580 1778 612 is,

989 622 1120 650 Senabilis
1133 622 1271 650 Elotanus.
1284 622 1360 651 Unde
1374 624 1531 659 intelligitur
1540 624 1661 652 Toletani
1678 631 1779 653 metro-

989 668 1099 703 politani
1122 667 1222 695 ditione
1244 668 1327 696 multo
1352 669 1442 703 plures
1464 669 1596 697 Ecclesius
1618 671 1682 698 olim
1698 678 1779 705 quam

989 717 1081 740 nostra
1101 717 1180 740 tntate
1201 714 1344 741 continrri.
1363 713 1428 740 Nam
1452 715 1483 741 de
1499 715 1622 748 primatu,
1647 723 1726 749 quem
1755 716 1781 743 in

990 764 1083 785 omnes
1096 757 1228 793 Hispania:
1240 758 1370 786 Ecclesias
1381 759 1492 790 obtinet,
1509 767 1595 794 neque
1607 768 1676 787 nunc
1689 760 1780 795 dispu-

991 808 1089 837 tamus,
1106 812 1193 839 neque
1217 808 1279 831 tunc
1293 804 1326 831 de
1341 805 1386 832 illo
1401 810 1525 840 suscepta
1539 810 1597 832 erat
1611 806 1780 840 disccp'atim

991 849 1030 877 Ex
1051 850 1180 882 Montani,
1205 850 1410 883 bauddubittm,
1432 854 1554 886 tempore
1580 852 1643 879 olim
1658 852 1781 879 Toletani

991 895 1120 930 episcopi,
1136 900 1270 923 conventu
1291 896 1316 922 in
1332 903 1363 923 ea
1378 895 1443 923 urbe
1467 896 1569 929 habito,
1582 897 1626 931 jus
1645 897 1671 923 itt
1687 905 1780 925 ()IIIIICS

142 950 225 980 esset,
241 950 299 975 tum
309 946 345 974 ab
358 932 502 981 episcopis,
516 947 541 973 III
554 932 652 981 quibus
664 932 785 972 Leandro
798 945 871 972 fratri
884 946 939 979 jam
955 932 979 962 Β
993 941 1210 975 Carthaginiensis
1223 942 1368 976 provincia:
1382 940 1516 969 Ecclesias
1531 943 1687 977 prccsulibus
1702 943 1781 972 Tole-

144 992 272 1019 defunclo
287 1000 428 1020 successor
441 991 557 1019 Isidorus
574 991 750 1026 Ilispalensis,
769 991 940 1020 Innocentius

147 1037 330 1070 Enteritcnsis,
346 1037 475 1065 Eusebius
490 1037 711 1070 Tarraconensis,
731 1043 758 1064 et
772 1042 869 1072 prmtcr
880 1038 938 1071 hos,

143 1083 196 1123 nisi
211 1083 320 1111 codices
339 1088 402 1111 sunt
414 1083 515 1117 vitiati,
532 1083 670 1118 Bettjamin
686 1083 836 1111 Dumiensis
851 1087 938 1111 erant.

152 1136 1616 1153 ————————-———-———-—

995 991 1062 1017 lanis
1074 990 1176 1023 datum,
1189 990 1238 1025 ipsi
1246 998 1359 1025 quorutu
1370 999 1450 1019 causa
1465 992 1594 1026 agebatur
1604 991 1779 1019 conﬁtentur:

994 1042 1024 1065 ut
1037 1037 1114 1071 hujus
1126 1041 1274 1065 conventus
1288 1042 1347 1065 aeta
1362 1042 1389 1065 ct
1403 1038 1498 1065 horum
1513 1039 1701 1073 episcoporum
1718 1046 1780 1065 san-

995 1083 1051 1111 ctio
1067 1083 1210 1111 manifesto
1225 1083 1373 1111 declarant.

1613 1139 1781 1153 ἱ-ρ----σ---ι-

503 1175 833 1232 FLAVI!
861 1173 1427 1233 GONDEMABI

818 1257 996 1284 GOTHOIIUM
1015 1257 1104 1283 REGIS

311 1321 692 1380 DECRETUM
727 1321 815 1377 DE
844 1316 1189 1378 ECCLESIA
1218 1320 1620 1380 TOLETANA.
1764 1308 1771 1348 ³
1812 1321 1816 1331 ’

926 1408 1011 1415 —__

816 1426 914 1458 (Mansi,
926 1427 1031 1458 Concil.,
1043 1432 1060 1454 t.
1073 1428 1120 1460 Χ.)

930 1471 1015 1480 _—.

179 1504 280 1531 Flavius
293 1504 473 1530 (.‘umlemants
486 1510 532 1529 rea:
546 1501 728 1529 uenerabilibus
743 1500 863 1530 Patrisz
877 1512 923 1531 no-

291 1538 350 1564 stris
364 1538 605 1573 Cartlmginensibus
618 1537 802 1565 sacerdotibus.

190 1595 265 1622 Licet
278 1594 352 1629 regni
368 1595 452 1622 nostri
463 1602 526 1622 cttra
534 1594 560 1621 in
571 1593 743 1629 disponendis
753 1598 834 1629 atque
848 1595 946 1629 guber-

155 1642 250 1668 nandis
259 1641 368 1668 humani
380 1641 487 1675 generis
506 1640 586 1668 rebus
609 1640 807 1675 promptissima
823 1648 883 1668 esse
906 1641 946 1668 vi-

155 1688 261 1720 deatur,
278 1691 342 1713 tunc
356 1690 445 1714 tamen
460 1686 588 1721 majestas
608 1691 699 1714 nostra
714 1686 830 1714 maxime
844 1687 946 1721 glorio-

155 1733 219 1760 siori
244 1725 391 1760 decoratur
402 1730 472 1758 fama
488 1732 617 1758 virtutum
629 1751 637 1765 ,
649 1740 708 1759 cum
722 1739 754 1759 ea
769 1739 828 1767 qua:
855 1732 889 1760 ad
903 1732 948 1760 Di—

155 1777 275 1805 vinitatis
299 1781 326 1804 et
340 1776 476 1810 religionis
496 1777 617 1804 ordinem
645 1777 801 1812 pertinent,
823 1777 948 1812 mquitate

156 1822 299 1850 rectissimi
315 1821 429 1849 tramitis
447 1821 642 1856 disponuntur;
656 1822 770 1849 scientes
781 1822 816 1849 ob
830 1821 881 1849 hoc
889 1822 949 1856 pie-

157 1873 240 1896 tatem
275 1872 394 1895 nostratn
419 1864 477 1894 non
501 1867 588 1894 solum
612 1867 767 1894 diuturnum
794 1867 949 1901 temporalis

156 1914 262 1950 imperii
276 1912 403 1947 consequi
419 1912 534 1944 titulum,
550 1912 597 1940 sed
620 1912 701 1939 etiam
715 1916 876 1939 teternorum
890 1911 949 1939 adi-

156 1959 222 1994 pisci
236 1958 347 1993 gloriant
366 1957 533 1985 meritorum.
546 1957 672 1985 Nonnulli
683 1957 754 1984 enim
763 1957 789 1983 in
801 1956 951 1991 disciplinis

156 2003 368 2037 ecclesiasticis,
395 2007 489 2030 contra
512 2010 647 2030 canonutn
671 2002 881 2034 auctoritatem,
902 2008 951 2036 per

157 2058 250 2078 moras
279 2049 486 2084 prtecedentium
515 2053 677 2083 temporum,
692 2047 828 2074 licentiam
851 2046 902 2074 sibi
917 2046 951 2073 de

158 2095 337 2129 usurpatione
354 2094 482 2130 prmteriti
502 2094 631 2128 principis
646 2092 783 2121 fecerunt:
801 2092 837 2119 ita
851 2095 881 2120 ut
891 2092 951 2127 qui-

157 2141 218 2166 dam
231 2140 421 2174 episcoporum
436 2138 654 2172 Carthaginensis
677 2137 821 2174 provincia:
843 2145 896 2165 non
908 2145 952 2165 re-

158 2189 318 2218 vereantur,
334 2189 426 2212 contra
441 2185 579 2213 canonica:
596 2185 764 2212 auctoritatis
779 2184 950 2216 sententiam,

999 1504 1092 1539 Neque
1102 1504 1223 1531 eamdem
1242 1494 1477 1540 Carthaginensetn
1498 1505 1662 1540 provinciam
1685 1505 1712 1532 in
1737 1514 1782 1532 am

961 1542 983 1573 ο
1000 1550 1074 1585 cipiti
1098 1550 1211 1577 duorum
1234 1551 1503 1585 metropolitanorum
1534 1551 1664 1585 regimine
1690 1556 1784 1581 contra

1000 1595 1110 1622 Patrum
1129 1593 1237 1622 decreta
1262 1595 1439 1629 permittimus
1453 1595 1643 1630 dividendam,
1655 1604 1703 1632 per
1714 1598 1785 1631 quod

999 1641 1102 1667 oriatur
1116 1639 1231 1667 varietas
1244 1640 1433 1675 schismatttttt,
1448 1641 1544 1676 quibus
1566 1642 1737 1678 subvertatur
1757 1640 1786 1667 Ii-

1000 1685 1057 1719 des,
1073 1690 1101 1713 et
1115 1685 1203 1713 unitas
1217 1685 1375 1720 scindatur;
1396 1687 1443 1714 sed
1455 1687 1511 1715 haec
1527 1687 1583 1722 ipsa
1607 1687 1696 1719 sedes,
1718 1687 1787 1715 sicut

999 1731 1217 1766 pnedictumest,
1233 1733 1343 1768 antiqua
1356 1733 1471 1760 nominis
1484 1734 1542 1765 sui,
1563 1741 1594 1760 ac
1617 1734 1700 1761 nostri
1713 1734 1787 1761 cultu

999 1776 1115 1811 imperii,
1131 1778 1167 1804 ita
1178 1782 1206 1805 et
1220 1778 1301 1807 totius
1313 1779 1459 1813 provincia:
1487 1779 1587 1814 polleat
1608 1780 1728 1807 ecclesia:
1748 1780 1787 1807 di-

999 1823 1114 1857 gnitate,
1131 1827 1159 1850 et
1173 1824 1325 1858 prmcelleat
1339 1829 1482 1859 potestate.

1036 1868 1102 1896 [llutl
1115 1874 1206 1896 autern
1222 1870 1293 1904 quod
1310 1869 1365 1904 jam
1377 1870 1478 1904 pridem
1492 1870 1520 1897 in
1543 1870 1660 1904 generali
1686 1871 1788 1906 synodo

1002 1914 1109 1941 concilii
1125 1914 1249 1941 Toletani
1278 1921 1294 1942 a
1321 1914 1467 1942 venerabili
1490 1914 1639 1951 Eupbetnio
1660 1915 1788 1950 episcopo

1003 1966 1097 1986 manus
1113 1959 1311 1994 subscriptione
1326 1963 1448 1987 notatum
1464 1963 1518 1992 est.
1531 1959 1698 1994 Carpetania:
1726 1968 1789 1994 pro-

1002 2004 1097 2032 vincia:
1108 2004 1265 2032 Toletanam
1280 2012 1340 2033 esse
1354 2005 1445 2033 sedem
1460 2006 1642 2041 metropolim,
1656 2014 1704 2033 nos
1719 2006 1790 2041 ejus:

1002 2048 1063 2076 dem
1089 2049 1245 2084 ignorantia:
1273 2051 1435 2078 sententiam
1458 2050 1616 2085 corrigimus
1637 2059 1644 2077 :
1673 2051 1790 2078 scientes

1002 2094 1095 2129 procul
1108 2095 1189 2122 dubio
1205 2094 1373 2130 Carpetanite
1393 2095 1530 2129 regionem
1543 2103 1596 2123 non
1611 2103 1670 2122 esse
1681 2095 1791 2130 provin-

1003 2140 1083 2173 ciam,
1096 2140 1143 2167 scd
1173 2144 1276 2174 [artem
1296 2140 1515 2174 Carthaginensis
1537 2141 1692 2175 provincizc,
1715 2140 1791 2174 juxta

1004 2185 1074 2220 quod
1090 2189 1117 2212 et
1140 2185 1249 2220 antiqua
1263 2193 1352 2212 rerum
1364 2189 1497 2219 gestarum
1513 2190 1686 2213 ntonttmenta
1701 2185 1792 2216 decla—

158 2232 260 2264 passim
276 2238 309 2258 ac
321 2231 517 2263 libere,contra
532 2230 746 2266 metropolitana:
761 2230 888 2257 Ecclesix
903 2236 952 2264 po-
967 2237 988 2268 ε
1005 2235 1074 2256 rant.
1091 2229 1131 2256 Ob
1146 2230 1212 2262 hoc,
1240 2230 1302 2263 quia
1318 2237 1371 2256 una
1392 2229 1541 2263 eademque
1565 2230 1702 2265 provincia
1730 2234 1772 2257 est
1784 2250 1791 2263 ,

158 2280 299 2308 testate-tn,
316 2283 364 2311 per
377 2276 506 2311 quasdam
529 2276 652 2308 fratrias,
671 2280 699 2303 et
721 2276 950 2311 conspirationes,

159 2321 336 2356 inexplorata:
349 2321 410 2348 vita:
437 2329 531 2349 omnes
560 2321 706 2356 episcopali
722 2321 811 2349 oﬂicio
822 2321 948 2355 provehi,

159 2371 241 2400 atque
258 2366 330 2394 hanc
343 2366 426 2401 ipsam
443 2366 559 2401 pra-fam:
573 2365 700 2394 Ecclesia:
723 2365 881 2399 dignitatem
903 2365 950 2392 im-

122 2406 123 2409 i
159 2411 227 2446 perii
238 2411 324 2438 noStri
332 2411 400 2438 solio
408 2411 578 2439 sublimatam
590 2418 781 2443 contemnere;
792 2410 954 2445 perturban-

160 2460 201 2484 tes
216 2456 397 2483 ecclesiastici
411 2457 512 2484 ordinis
521 2457 672 2489 veritatem,
685 2455 797 2490 ejusque
807 2455 878 2482 sedis
889 2462 953 2483 auc-

160 2501 283 2532 toritate,
298 2508 379 2535 quain
400 2501 486 2536 prisca
513 2509 645 2528 canonum
658 2502 777 2529 declarat
801 2501 952 2533 sententia,

159 2546 316 2573 abutentes.
340 2546 416 2579 Quod
439 2554 487 2575 nos
509 2546 578 2574 ultra
590 2548 670 2574 modo
696 2555 779 2581 usque
793 2547 819 2574 in
856 2554 954 2582 perpe-

160 2596 237 2619 tuum
255 2592 312 2619 ﬁeri
337 2600 506 2627 nrquaquam
534 2593 725 2628 permittimus,
750 2593 798 2620 sed
825 2593 956 2620 honorem

159 2637 306 2672 primatus,
320 2637 396 2671 juxta
418 2638 554 2672 antiquam
568 2639 704 2674 synodalis
714 2639 822 2666 concilii
837 2638 956 2666 auctori-

161 2688 259 2716 tatem,
276 2691 324 2718 per
338 2691 433 2711 omnes
445 2684 662 2719 Carthaginensis
674 2685 817 2719 provincia:
829 2685 957 2712 ecclesias

160 2728 304 2757 Toletana:
319 2730 441 2758 ecclesia:
455 2730 530 2758 sedis
543 2731 698 2766 episcopum
714 2731 813 2758 ltabere
834 2730 956 2758 ostendi-

159 2782 242 2801 mus:
259 2781 376 2810 cumque
390 2776 460 2804 inter
473 2784 537 2804 suos
553 2777 731 2812 coepiscopos
741 2799 748 2810 ,
777 2782 831 2804 tam
847 2776 957 2804 honoris

159 2820 322 2854 prmcellere
345 2820 475 2855 dignitate
489 2830 569 2857 quam
596 2823 817 2856 nominis;juxta
832 2823 903 2857 quod
923 2822 957 2851 de

160 2866 381 2899 metropolitanis
395 2875 443 2901 per
456 2867 574 2902 singulas
589 2869 739 2903 provincias
751 2870 860 2905 antiqua
874 2878 956 2897 cano-

160 2918 231 2939 num
242 2912 351 2940 traditio
373 2913 473 2949 sanxit,
501 2918 529 2942 et
554 2916 700 2944 auctoritas
724 2920 800 2944 vetus
823 2916 955 2951 permisit.

1003 2274 1171 2302 decernimus
1185 2278 1222 2306 ut,
1233 2274 1302 2301 sicut
1317 2274 1425 2307 Bmtica,
1442 2274 1588 2307 Lusitania,
1603 2274 1645 2301 vel
1660 2274 1792 2302 Tarraco.

1005 2320 1096 2347 nensis
1110 2319 1260 2354 provincia,
1274 2319 1315 2346 vel
1328 2319 1437 2354 reliqum
1450 2320 1482 2346 ad
1497 2320 1572 2354 regni
1587 2320 1670 2347 nostri
1684 2320 1793 2354 regimi-

1006 2372 1039 2391 na
1062 2365 1237 2400 pertinentes,
1254 2365 1400 2392 secundum
1415 2365 1525 2400 antiqua
1546 2366 1655 2392 Patrum
1674 2365 1794 2397 decreta,

1007 2409 1127 2443 singulos
1147 2414 1294 2437 noscuntur
1321 2410 1420 2438 habere
1445 2411 1681 2445 metropolitanos,
1708 2411 1743 2438 ita
1768 2415 1794 2437 et

1007 2455 1225 2489 Carthaginiensis
1244 2455 1381 2490 provincia
1397 2464 1479 2483 unum
1496 2456 1692 2495 eutndetnqtte,
1716 2463 1795 2491 qnuu

1008 2503 1095 2538 prisca
1122 2502 1258 2538 synodalis
1279 2503 1398 2530 detlarat
1420 2507 1578 2535 auctoritas,
1604 2507 1632 2530 et
1654 2506 1796 2529 veneretur

1007 2558 1024 2585 p
1042 2550 1165 2582 imatem,
1175 2554 1202 2576 et
1216 2549 1285 2576 inter
1295 2557 1389 2577 omnes
1406 2548 1649 2583 con-provinciales
1662 2554 1796 2575 sumntum

1008 2596 1125 2623 honoret
1153 2595 1317 2626 antistitem;
1346 2602 1433 2629 neque
1471 2595 1615 2629 quidquam
1641 2597 1799 2627 contempto

1008 2640 1104 2669 eodem
1126 2640 1194 2667 ultra
1217 2640 1283 2673 Iiat,
1297 2640 1385 2675 qualia
1398 2640 1530 2667 hactenus
1554 2638 1736 2672 arrogantium
1751 2644 1797 2664 sa-

1009 2687 1149 2715 cerdotum
1173 2686 1288 2721 superba
1313 2686 1426 2713 tentavit
1451 2684 1634 2720 pnesumptio.
1656 2683 1727 2711 Sane
1750 2691 1799 2719 per

1012 2733 1064 2760 hoc
1078 2731 1245 2759 auctoritatis
1270 2735 1368 2759 nostra:
1378 2731 1505 2764 edictum,
1525 2729 1622 2757 amodo
1646 2733 1673 2756 et
1691 2729 1798 2757 vivendi

1011 2777 1106 2805 damus
1122 2782 1254 2810 tenorem,
1269 2780 1297 2804 et
1307 2776 1452 2811 religionis,
1468 2775 1511 2802 vel
1522 2774 1683 2801 innocentia:
1697 2774 1798 2809 legem;

1011 2832 1061 2851 nec
1074 2824 1144 2851 ultra
1154 2822 1489 2858 po:tmoduminordinata
1499 2820 1607 2848 licentia
1621 2820 1654 2847 ab
1665 2820 1800 2856 episcopis

1010 2870 1108 2897 similia
1124 2869 1180 2896 Iieri
1202 2869 1330 2903 patimur,
1357 2867 1403 2894 sed
1418 2874 1465 2901 per
1483 2870 1603 2894 nostram
1631 2866 1800 2894 clementiam

1011 2915 1154 2951 pmtcrita:
1168 2913 1335 2948 negligentia:
1348 2933 1357 2948 ,
1382 2913 1489 2948 pictatis
1515 2913 1626 2946 intuitu,
1647 2916 1675 2940 et
1693 2911 1806 2939 veniam
