3978 6182
347 326 452 381 187

1593 309 1838 368 SANCTI
1879 307 2329 365 WARNMMRII

3515 312 3666 370 188'

344 447 602 510 quantum
642 447 786 489 esses
813 431 960 486 cerdi
986 429 1029 484 si
1074 425 1323 481 facundia
1365 430 1703 479 succurreret
1731 418 1921 490 praefe-
1953 420 2000 480 A
2029 419 2224 475 Christi
2251 418 2644 509 confessionem
2693 420 2874 490 plures
2899 421 3296 476 commilitones
3321 422 3606 492 acquirite,

346 529 560 584 rendus.
581 526 738 580 Gesta
767 530 1071 575 sanet-vrum
1098 513 1558 586 geminorum,qui
1590 512 1642 565 in
1671 509 1928 566 subnrbio

347 617 648 686 Lingoniea:
673 612 901 668 civitatis
922 610 1211 681 pretiosam
1234 605 1411 674 adepti
1441 612 1565 658 sunt
1584 615 1927 657 consumma-

347 707 546 759 tionem
579 702 814 773 martyrii
847 701 932 755 vel
975 696 1270 752 beatissimi
1313 705 1334 728 ⁴
1373 691 1634 747 Desiderii
1683 687 1932 759 martyris

2031 526 2150 564 cum
2180 501 2468 580 quibtts'de
2492 511 2716 564 victoria
2753 512 3146 581 triumphantes
3170 553 3186 577 ,
3223 527 3416 566 nomen
3443 520 3497 565 et
3526 513 3610 568 di-

2030 601 2246 668 gnitatis
2273 600 2497 669 gloriam
2524 601 2740 670 possitis
2767 601 2987 671 adipisci
3017 603 3418 672 sempiternam.
3444 601 3614 659 Fruc-

2035 702 2118 748 tus
2149 694 2344 748 laboris
2387 695 2548 749 vestri
2600 694 2879 764 multiplici
2919 695 3196 764 opulentia
3228 697 3564 751 cumulentur
3598 715 3615 767 ;

346 804 402 848 ct
429 794 680 848 antistitis
718 793 883 862 ipsius
911 789 1141 845 civitatis
1164 827 1180 852 ,
1223 787 1364 840 sicut
1404 782 1708 838 devotionis
1753 780 1933 836 studio
2029 783 2294 853 jnstorum
2322 785 2552 855 paradisi
2573 785 2728 840 sedes
2753 800 2849 854 per
2873 801 2970 840 vos
2995 785 3282 854 plurimum
3311 785 3378 840 de
3403 795 3620 842 sancta-

347 886 669 954 itnperastis,
695 885 774 937 ita
795 879 1284 936 desiderantissime
1313 892 1399 931 me
1419 873 1780 930 famulationis
1809 872 1936 928 obe-

347 976 559 1030 dieutiae
586 973 942 1044 cognoscatis.

859 1061 1088 1117 CAPUT
1127 1057 1417 1114 PRIMUM.

641 1159 701 1213 S.
738 1156 956 1228 Benigni
985 1157 1050 1208 ad
1085 1153 1346 1225 Lingonas
1371 1151 1638 1204 adventus.

419 1250 475 1304 2.
517 1245 759 1302 Glorio=a
802 1254 1091 1316 martyrum
1139 1243 1434 1298 certamina
1464 1238 1752 1295 studiosius
1785 1253 1939 1295 rese-

351 1356 470 1395 rare
521 1339 734 1394 Christo
787 1346 1009 1390 auctore
1058 1333 1452 1402 compellimur,
1499 1330 1552 1384 in
1609 1329 1761 1397 cujus
1815 1329 1939 1384 fidei

351 1446 537 1484 amore
581 1438 698 1483 acta
747 1427 910 1481 luisse
965 1424 1150 1496 procul
1191 1423 1352 1478 dubio
1390 1420 1730 1475 confitemur.
1771 1420 1940 1488 Igitur

353 1522 521 1578 sancti
550 1528 658 1574 tres
683 1519 876 1586 gemini
926 1516 1114 1570 fratres
1140 1513 1472 1584 Speusippus
1495 1556 1510 1578 ,
1542 1510 1859 1580 Eleusippus
1885 1517 1941 1565 et

356 1612 750 1680 Meleosippus,
794 1624 916 1665 cum
967 1607 1180 1676 quantis
1229 1605 1295 1659 ad
1338 1603 1579 1673 martyrii
1626 1602 1940 1670 dignitatem

356 1705 587 1775 pranniis
636 1701 1016 1772 pervenerint,
1059 1698 1345 1766 explanare
1384 1696 1563 1766 potius
1613 1709 1773 1761 quam
1806 1707 1942 1762 pra:-

2035 886 2152 925 rum
2203 872 2500 927 animarum
2547 873 2899 950 acquisitione
2943 873 3208 928 lmtentur.
3259 872 3353 928 His
3398 883 3456 930 et
3500 875 3620 930 aliis

2037 964 2219 1019 multis
2241 981 2335 1020 eos
2363 973 2584 1020 sanctus
2605 963 2932 1036 Polycarpus
2962 966 3390 1035 prosequebatur
3414 968 3620 1023 oratio-

2043 1056 2130 1110 nib
2141 1071 2226 1110 us.

2109 1147 2162 1202 5.
2202 1147 2281 1202 Illi
2331 1163 2479 1216 vero,
2511 1148 2821 1219 navigantes
2849 1147 3094 1212 feliciter,
3123 1149 3509 1218 gubernatione
3532 1150 3622 1204 di-

2038 1239 2162 1294 vina
2183 1239 2251 1294 ad
2283 1239 2690 1294 Massiliensium
2723 1239 2899 1294 littora
2946 1240 3174 1296 celerius
3219 1248 3618 1308 pervenerunt:

2040 1330 2347 1398 egressique
2374 1329 2441 1384 ad
2470 1338 2640 1384 terras
2658 1371 2673 1398 ,
2705 1329 2801 1384 Dei
2848 1329 3039 1398 angelo
3083 1329 3419 1400 priecedente
3446 1368 3463 1394 ,
3491 1345 3620 1400 pro-
3646 1351 3652 1355 ·

2040 1435 2254 1490 sperum
2285 1421 2387 1475 iter
2413 1429 2660 1489 agentes,
2698 1419 2717 1458 ί
2752 1419 2986 1475 ιιΕὰιιτιιιι
3013 1422 3284 1477 civitatem
3314 1423 3624 1492 ingrediun-

2044 1523 2166 1564 tur:
2200 1511 2378 1578 ibiquc
2407 1509 2614 1565 Domini
2641 1511 2946 1580 provisione
2972 1551 2988 1576 ,
3020 1520 3236 1580 reperto
3263 1511 3490 1576 Fausto,
3524 1527 3629 1566 no-

2042 1602 2313 1656 bilissima:
2341 1601 2550 1656 familias
2575 1603 2690 1657 viro
2707 1642 2722 1667 ,
2747 1601 3015 1657 senatoria
3037 1602 3296 1670 dignitate
3313 1604 3630 1672 conspicuo,

2044 1704 2096 1747 et
2125 1694 2460 1764 praetorianis
2491 1693 2721 1748 fascibus
2763 1693 3050 1749 sublimato
3073 1734 3088 1759 ,
3114 1695 3414 1762 gratissime
3442 1695 3509 1747 ab
3537 1710 3634 1748 eo-

363 1797 525 1850 terire
555 1793 860 1863 plenissima
888 1791 1141 1846 convenit
1170 1788 1397 1843 ratione.
1441 1783 1826 1839 Admirandum
1852 1798 1940 1837 sa-
1970 1789 2017 1852 n
2044 1789 2163 1843 dem
2189 1788 2420 1858 hospitio
2446 1797 2571 1843 sunt
2591 1788 2810 1856 recepti.
2829 1787 2976 1853 Quos
2995 1803 3117 1842 cum
3140 1788 3494 1856 comperisset
3510 1802 3635 1842 esse

357 1885 427 1939 tis
455 1892 617 1970 est'et
642 1882 733 1936 Dei
763 1874 1640 1952 omnipotentispra-destinatione
1687 1872 1942 1941 multipli-
1999 1945 2004 1950 _

357 1976 492 2030 citer
517 1965 926 2054 prmferendum.
969 1969 1109 2039 Ergo
1151 1968 1310 2034 huius
1351 1967 1428 2022 rei
1468 1965 1711 2024 ordinem
1755 1979 1946 2033 prose-

359 2059 607 2136 quentes,
634 2071 708 2119 et»
726 2062 1017 2134 gratiarum
1045 2059 1303 2114 beneficia
1334 2056 1602 2126 largitoris
1640 2055 1946 2136 diligentius

361 2134 768 2230 perpensantes,
799 2153 1117 2224 principium
1144 2149 1499 2219 publicemus.
1780 2134 1796 2145 ’

429 2248 485 2304 5.
526 2247 765 2316 Denique
811 2253 1026 2299 sanctus
1080 2241 1406 2312 Polycarpus
1461 2237 1504 2274 δ’
1545 2234 1741 2306 Ephesi
1796 2233 1946 2289 urbis

360 2338 667 2409 episcopus,
680 2335 921 2390 doctrina
937 2329 1228 2386 beatissimi
1240 2327 1460 2382 Joannis
1475 2324 1702 2396 apostoli
1714 2331 1771 2379 et
1784 2337 1948 2378 evan-

361 2429 562 2500 gelista:
588 2425 823 2497 perfecte
866 2425 1188 2486 instructus,
1217 2418 1418 2489 Spiritu
1456 2423 1645 2473 sancto
1676 2413 1962 2483 repletus,_

363 2518 486 2574 fidei
530 2518 726 2573 ducatu
767 2513 989 2586 cupiens
1015 2511 1214 2567 Chri-ti
1258 2509 1500 2564 militiam
1529 2505 1784 2577 ampliare
1807 2546 1823 2570 ,
1852 2519 1951 2574 per

366 2607 610 2662 diversas
663 2604 846 2658 mundi
895 2610 1074 2672 partes
1126 2615 1252 2656 suos
1303 2597 1566 2670 dirigebat
1617 2594 1948 2666 discipulos,

366 2698 590 2751 verbum
635 2695 843 2750 Domini
874 2693 1042 2748 nostri
1071 2689 1198 2745 Jesu
1232 2689 1429 2745 Christi
1455 2687 1702 2757 gentibus
1728 2686 1950 2740 ﬁducia-

365 2785 494 2841 liter
538 2786 848 2856 praedicare.
889 2782 1127 2837 Audiens
1174 2780 1354 2848 itaque
1395 2776 1741 2831 Aurelianum
1787 2774 1948 2843 impe-

368 2883 622 2940 ratorem,
635 2881 755 2943 post
786 2871 1081 2927 discessum
1135 2879 1158 2909 ο
1191 2866 1376 2923 Severi
1409 2867 1556 2935 impii
1591 2864 1968 2936 persecutoris,

366 2964 784 3020 crudelissimam
815 2961 991 3017 denuo
1019 2957 1366 3015 resuscitasse
1393 2955 1824 3026 persecutionem
1847 2995 1863 3021 ,
1894 2962 1952 3009 et

367 3056 515 3127 quod
562 3054 702 3109 malo
749 3051 900 3122 pejor
947 3050 1195 3120 princeps
1235 3046 1461 3118 principi
1507 3045 1852 3101 successisset
1894 3043 1948 3100 in

2045 1880 2279 1950 pnesbyt
2311 1896 2439 1945 ros,
2495 1880 2809 1950 suppliciter
2853 1878 3142 1948 postulavit
3179 1877 3256 1932 ‘ut
3303 1879 3505 1954 amicos
3549 1879 3636 1933 vel

2045 1969 2297 2023 familiam
2327 1985 2479 2024 suam
2521 1985 2619 2039 per
2655 1969 2981 2024 ablutionem
3025 1969 3336 2037 baptitnatis
3359 1963 3636 2023 eme-'rent

2047 2059 2405 2115 Christianos.
2436 2059 2528 2113 ille
2556 2070 2708 2122 vero,
2727 2076 2741 2128 |
2763 2059 3284 2128 roptereminen'em
3307 2059 3636 2127 persecutio-

2047 2165 2193 2215 nem,
2217 2149 2486 2203 Christum
2509 2147 2718 2203 colebat
2740 2147 2967 2202 occulte.
2986 2146 3189 2201 Obtulit
3209 2148 3371 2200 etiam
3393 2153 3448 2200 et
3469 2147 3637 2202 lilium

2045 2256 2223 2305 suum,
2238 2250 2259 2286 ε
2285 2238 2730 2309 Sympboriannm
2748 2237 3162 2303 adolescentem,
3175 2247 3477 2292 sanctorum
3501 2255 3636 2308 pne-

2047 2331 2408 2387 dicationibus
2459 2330 2544 2384 vel
2601 2329 2781 2384 divina
2846 2329 3315 2399 praedestinatione
3366 2330 3638 2388 succiduis

2049 2423 2380 2494 temporibus
2403 2421 2716 2492 pmelarum
2739 2427 3030 2491 martyrem
3063 2419 3316 2473 futurum.
3348 2418 3413 2472 Et
3432 2421 3637 2475 sanctis

2050 2511 2267 2567 tradens
2295 2509 2539 2565 manibus
2560 2550 2576 2574 ,
2601 2516 2660 2563 ut
2687 2524 2717 2562 a
2745 2515 2932 2563 sancto
2960 2508 3321 2578 baptizaretur
3351 2507 3590 2575 Benigno
3617 2547 3636 2573 ,

2047 2613 2106 2660 et
2153 2603 2223 2659 de
2267 2617 2424 2657 sacro
2477 2600 2638 2656 fontis
2683 2601 2897 2655 lavacro
2947 2615 2980 2654 a
3034 2608 3222 2654 sancto
3274 2601 3638 2668 susciperetur

2050 2693 2360 2759 Andochio,
2384 2693 2640 2748 attentius
2665 2692 2986 2762 deprecatus
3013 2700 3114 2746 est.
3145 2690 3225 2746 Illi
3251 2708 3380 2746 vero
3400 2707 3534 2762 Opus
3561 2693 3634 2746 ad

2049 2785 2191 2856 quod
2213 2773 2468 2840 venerant
2488 2785 2693 2840 alacres
2716 2792 3052 2854 peragentes,
3074 2791 3128 2838 et
3149 2785 3280 2838 tanti
3300 2784 3395 2838 viri
3425 2785 3637 2841 obtem-

2051 2886 2302 2948 perantes
2330 2877 2576 2946 precibus
2603 2917 2618 2942 ,
2651 2891 2744 2944 per
2770 2876 3017 2946 baptismi
3042 2875 3266 2944 gratiam
3294 2915 3309 2942 ,
3342 2875 3636 2931 voluntatis

2052 2984 2162 3026 suae
2189 2968 2472 3023 desideriis
2497 2967 2549 3020 in
2579 2966 2828 3022 omnibus
2852 2965 3246 3020 satisfecerunt.

2121 3057 2174 3113 6.
2215 3057 2338 3112 Post
2371 3058 2483 3112 haec
2509 3072 2630 3112 cum
2655 3055 2905 3125 prazfatus
2928 3053 3151 3111 Faustus
3178 3068 3392 3108 causam
3416 3054 3637 3122 petitio-

368 3161 572 3215 regno,
604 3154 658 3201 et
702 3143 993 3199 Galliarum
1048 3139 1352 3211 provincias
1401 3153 1583 3192 coram
1629 3152 1690 3193 se
1730 3136 1947 3205 suisque

2054 3151 2135 3206 nis
2163 3166 2258 3221 per
2287 3149 2625 3203 collationem
2672 3160 2978 3226 sermonum
3022 3153 3328 3199 sanctorum
3375 3144 3632 3198 sacerdo-

370 3235 702 3303 praesidibus,
734 3249 796 3288 ac
820 3231 1142 3302 generaliter
1171 3230 1224 3284 in
1253 3237 1450 3286 cuncto
1475 3227 1672 3298 populo
1694 3227 1793 3284 sibi
1823 3226 1950 3282 sub-

369 3328 485 3383 dito
526 3325 891 3397 promulgasse
931 3323 1163 3392 edictum
1202 3330 1260 3377 et
1297 3319 1596 3376 decrevisse
1637 3328 1695 3372 ut
1727 3318 1952 3374 diversis

369 3430 558 3474 omnes
618 3414 835 3470 omnino
895 3413 1214 3484 punirentur
1275 3409 1554 3479 suppliciis
1611 3406 1951 3474 Christiani,

371 3509 560 3565 beatus
601 3506 924 3577 Polycarpus
960 3511 1178 3560 sanctos
1225 3501 1320 3556 Dei
1358 3500 1668 3555 sacerdotes
1691 3539 1708 3565 ,
1739 3498 1788 3553 id
1827 3507 1953 3567 est,

370 3595 398 3635 ἀ
430 3596 764 3652 Andochium
791 3603 846 3650 et
879 3605 902 3633 ο
935 3593 1226 3664 Benignum
1272 3591 1645 3662 presbyteros,
1677 3597 1734 3645 et
1777 3587 1954 3660 Thyr-

369 3702 485 3743 sum
507 3686 790 3742 diaconum
813 3725 829 3752 ,
860 3685 986 3741 illuc
1012 3683 1407 3756 prmdicationis
1425 3677 1597 3738 eausa
1629 3680 1949 3746 destinavit,

369 3779 513 3832 viros
535 3778 737 3834 scilicet
759 3775 1038 3833 virtutibus
1059 3774 1546 3847 prmstantissimos,
1572 3774 1624 3829 in
1647 3773 1740 3830 Dei
1767 3789 1954 3830 amore

370 3867 591 3923 ditiusos
617 3908 631 3932 ,
662 3866 730 3920 ad
754 3864 1063 3921 certaminis
1091 3879 1317 3934 agonem
1345 3865 1568 3920 festinos
1588 3903 1604 3930 ,
1631 3879 1730 3934 pro
1755 3862 1953 3919 Christi

372 3959 589 4014 nomine
619 3958 867 4012 itinerum
898 3956 1109 4012 labores
1138 3970 1413 4012 assumere
1441 3956 1659 4011 omnino
1688 3955 1913 4012 devotos
1935 3994 1954 4022 ,

371 4049 608 4120 pericula
635 4047 798 4103 maris
818 4047 1085 4102 sustinere
1121 4061 1228 4101 non
1252 4046 1434 4100 tardos
1453 4084 1471 4112 ,
1501 4043 1956 4115 peregrinationes

371 4139 669 4194 ambienter
693 4145 951 4208 expetere
983 4136 1180 4191 hilares
1200 4150 1263 4191 ac
1291 4143 1542 4206 parentes
1569 4149 1667 4204 pro
1694 4135 1954 4204 religione

370 4230 566 4287 Christi
593 4238 864 4302 gratanter
893 4230 1198 4300 relinquere
1226 4267 1242 4293 .
1275 4243 1553 4299 poenarum
1586 4228 1843 4298 supplicia
1869 4229 1956 4285 vel

375 4321 545 4377 beatae
592 4321 778 4378 mortis
835 4320 1141 4393 passionem
1195 4317 1500 4375 desiderare
1563 4316 1741 4388 potius
1792 4331 1955 4390 quam

376 4415 586 4468 timere.

2057 3250 2167 3296 tum
2229 3239 2532 3307 diligentius
2581 3237 2954 3306 explorasset,
3009 3249 3252 3290 sororem
3299 3244 3635 3304 nepotesque
3685 3255 3688 3258 ’

2054 3330 2171 3401 ejus
2198 3331 2249 3385 in
2299 3330 2611 3384 memoriam
2655 3328 2833 3383 divina
2883 3327 3054 3397 pietas
3082 3325 3347 3396 perduxit.
3377 3325 3529 3381 Tunc
3557 3329 3637 3382 ait

2053 3422 2159 3478 eis:
2183 3419 2276 3475 Est
2307 3421 2432 3474 mihi
2464 3434 2619 3474 soror
2645 3433 2919 3488 germana,
2953 3415 3191 3472 Leonilla
3220 3416 3457 3482 nomine,
3480 3411 3654 3471 illos?

2055 3513 2150 3567 tris
2179 3519 2420 3566 matrona
2448 3553 2462 3577 ,
2492 3510 2623 3565 civis
2652 3509 2801 3564 urbis
2831 3508 3169 3576 Lingonicze;
3199 3508 3284 3562 cui
3311 3515 3638 3576 suntnepo-

2055 3609 2138 3658 tes
2163 3615 2229 3656 ex
2259 3598 2368 3656 filio
2399 3607 2507 3654 tres
2531 3597 2727 3668 gemini
2748 3596 2942 3652 fratres
2972 3611 3079 3652 uno
3100 3604 3254 3668 partu
3277 3595 3434 3650 simul
3462 3595 3592 3650 editi
3617 3635 3636 3662 ,

2053 3693 2246 3750 litteris
2291 3691 2600 3747 liberalibus
2627 3681 2821 3746 eruditi
2841 3730 2858 3758 ,
2886 3697 3107 3759 paterna
3137 3695 3316 3742 tamen
3343 3687 3640 3744 traditione

2053 3785 2228 3840 adhuc
2255 3783 2440 3853 gentili
2470 3796 2655 3837 errore
2677 3783 2957 3846 viventes;
2986 3794 3120 3847 quos
3163 3787 3337 3833 mater
3361 3778 3640 3833 desiderat

2054 3874 2121 3930 ad
2152 3873 2350 3929 Christi
2396 3871 2634 3926 militiam
2673 3871 2898 3926 sociare.
2946 3868 3239 3924 Subvenite
3261 3910 3277 3934 ,
3307 3867 3640 3934 sanctissimi

2051 3965 2360 4021 sacerdotes
2389 4003 2406 4029 ,
2434 3964 2544 4020 suis
2581 3962 2954 4018 devotionibus
2977 3999 2994 4028 ,
3020 3969 3075 4015 et
3116 3959 3497 4020 nobilissimam
3531 3976 3638 4015 no-

2053 4057 2260 4114 bilitate
2306 4055 2579 4121 familiam,
2609 4070 2772 4124 quam
2812 4053 3069 4124 crepistis.
3112 4051 3205 4107 llis
3232 4050 3412 4119 dictis,
3458 4053 3639 4123 sancti

2051 4149 2190 4213 viri,
2221 4162 2334 4203 rem
2366 4161 2464 4215 pro
2490 4159 2594 4214 qua
2623 4151 2880 4200 venerant
2910 4143 3176 4198 'attcntius
3201 4149 3593 4211 pertractantes
3619 4179 3638 4203 ,

2051 4240 2253 4310 placuit
2291 4239 2532 4307 utrisque
2575 4237 2858 4292 consilium
2879 4277 2894 4302 ,
2928 4243 2987 4290 ut
3027 4245 3244 4291 sanctus
3272 4233 3539 4303 Benignus
3568 4234 3640 4291 ad

2054 4331 2379 4388 territorium
2405 4327 2751 4398 Lingonicum
2780 4325 3152 4404 illustrandum
3172 4367 3187 4393 ,
3209 4325 3358 4395 juxta
3390 4325 3482 4379 Dei
3505 4341 3639 4380 sen-

2053 4421 2293 4488 tentiam,
2315 4426 2645 4490 properaret.
2679 4417 2860 4472 Sancti
2889 4432 3018 4472 vero
3048 4416 3354 4471 Andochius
3379 4425 3434 4470 et
3461 4415 3639 4486 Thyr-

443 4504 493 4556 4·
536 4503 636 4569 Qui
665 4505 765 4559 Viri
792 4513 900 4560 "es
943 4505 1257 4585 obedienteg
1282 4500 1481 4558 εθηοῐίε
1519 4500 1775 4566 “Ionius.
1807 4500 1956 4556 ηθνίο
1982 4521 2031 4582 1)
2055 4528 2167 4575 sus,
2215 4509 2748 4581 Augustodunensem
2787 4507 2966 4561 villam
3010 4506 3294 4578 plurimum
3339 4506 3392 4560 in
3441 4505 3640 4560 divinis

371 4595 545 4650 culam
573 4597 920 4652 ascendentes
945 4639 961 4665 ,
983 4597 1188 4652 sanctis
1216 4603 1432 4652 sanctus
1469 4593 1774 4650 valedicens
1802 4593 1956 4667 Poly-

371 4700 566 4754 carpus
591 4729 606 4750 ,
636 4684 708 4738 ita
738 4685 957 4739 tradidit
992 4686 1042 4740 in
1073 4685 1375 4742 mandatis:
1409 4685 1522 4752 Ite,
1553 4685 1653 4740 viri
1683 4686 1875 4753 fortes”,
1900 4685 1952 4742 iii

371 4779 682 4837 fortitudine
711 4778 907 4835 Christi
950 4779 1158 4835 fortiter
1197 4778 1514 4834 dimicantes
1534 4818 1550 4845 ,
1583 4792 1684 4849 per
1711 4785 1951 4834 sanctam

445 4922 471 4950 ⁸
503 4914 685 4969 Sancti
733 4912 982 4983 Desiderii
1028 4913 1192 4983 episc.
1227 4911 1578 4982 Lingonensis
1603 4921 1658 4967 et
1699 4913 1950 4983 martyris

375 4985 547 5041 Vitam
575 4985 818 5039 dabimus
843 4981 913 5035 ‘25
941 4981 1085 5036 maii.

444 5053 472 5092 δ
514 5054 629 5109 Non
677 5053 912 5124 Ephesi,
959 5053 1061 5124 sed
1085 5053 1324 5124 Smyrnre
1365 5051 1650 5124 episcopus
1678 5051 1948 5124 fuit_sa"_c-

374 5135 460 5179 tus
504 5118 828 5195 l'nlycarpus
853 5163 868 5188 ,
901 5132 959 5178 ut
1003 5123 1068 5178 ad
1111 5118 1227 5191 ejus
1277 5118 1440 5176 vitam
1493 5119 1562 5173 26
1587 5118 1827 5174 Januarii
1867 5121 1950 5175 di-

375 5211 682 5318 ccguﬁnnis
727 5263 796 5317 59
841 5270 964 5333 post
1007 5260 1181 5316 Sereri
1227 5268 1453 5315 mortem
1495 5259 1758 5328 imperare
1783 5258 1948 5381 coepit

378 5335 682 5381 Aurelianus
705 5375 717 5381 -
742 5331 992 5381 Neutrius
1021 5340 1264 5381 temnera
1310 5331 1484 5381 attigit
1525 5337 1741 5381 sanctus
1786 5327 1862 5381 Po
1890 5344 1947 5381 v-

377 5335 682 5389 Anrclinnns
705 5375 717 5388 .
741 5327 992 5388 Neutrius
1021 5340 1265 5400 tempora
1310 5331 1484 5400 attigit
1525 5327 1741 5384 sanctus
1786 5327 1947 5399 Poly-

632 5473 824 5528 sanctis
856 5471 1117 5526 Andocln‘o
1143 5479 1198 5525 et
1238 5468 1280 5522 Τ
1283 5469 1437 5540 hyrso‘
1463 5484 1681 5540 agemus
1707 5467 1777 5522 ει
1815 5467 1949 5539 Sep-

404 5561 488 5595 εει.
511 5560 546 5595 ).

383 5551 690 5693 ῗωέυθὶιτιῐη
729 5614 894 5693 sancti
921 5611 1153 5693 .Benigni
1196 5609 1440 5693 dabimus
1470 5609 1491 5660 i
1526 5608 1782 5693 Novemb.
1807 5648 1823 5674 ,
1851 5607 1948 5688 sed

382 5684 549 5748 ipsam
580 5699 790 5750 quoque
816 5685 883 5734 ah
920 5681 1187 5736 incurioso
1211 5681 1532 5747 descriptam
1559 5689 1776 5750 auctore
1800 5715 1816 5742 ,
1858 5681 1951 5747 qui

383 5752 484 5811 sub
535 5747 719 5806 nam
767 5753 986 5808 Antonio
1023 5753 1244 5809 missum
1282 5766 1313 5806 a
1357 5759 1544 5806 sancto
1576 5747 1871 5821 Polycarpo
1895 5749 1952 5804 in

2059 4601 2524 4674 praedicationibus
2549 4604 2972 4670 augmentantcs,
2995 4613 3100 4651 non
3125 4604 3243 4667 post
3267 4595 3488 4649 multum
3515 4609 3640 4666 spac

2059 4695 2190 4747 tium
2243 4691 2494 4760 temporis
2541 4689 2640 4745 sub
2686 4687 2974 4742 Aureliano
3026 4688 3266 4757 principe
3320 4684 3461 4741 felici
3505 4693 3641 4742 sunt

2055 4783 2298 4840 coronati
2334 4783 2608 4853 martyrio.
2651 4780 2906 4836 Sanctum
2951 4779 3129 4849 itaque
3168 4769 3458 4848 Benignum
3489 4791 3640 4847 pm~

2053 4916 2250 4972 Gallias
2279 4916 2566 4988 Benignum
2584 4921 2707 4970 ‘cum
2729 4915 2890 4988 sociis
2919 4912 3128 4988 tradat,
3177 4911 3444 4988 Severoin
3471 4909 3641 4988 Chri-

2051 4989 2256 5042 stianos
2295 4981 2547 5042 saeviente
2592 4987 2896 5054 pervenisse
2924 4985 3236 5054 Lugdunum
3267 5021 3284 5046 ,
3313 4981 3410 5054 sub
3462 4981 3638 5032 Aure-

2053 5060 2193 5112 liano
2235 5057 2446 5110 tandem
2478 5055 2728 5124 martyrio
2757 5053 3110 5122 perfunctum.
3143 5053 3197 5106 lu
3247 5068 3309 5124 ea
3342 5053 3448 5102 vita
3479 5066 3640 5124 men-

2055 5128 2130 5180 tio
2151 5141 2364 5197 quoqne
2395 5126 2451 5180 lit
2478 5121 2675 5181 sancta:
2703 5121 2952 5178 Leonillzn
2981 5131 3036 5178 et
3064 5122 3480 5191 tergeminorum
3504 5121 3638 5188 ejus

2053 5207 2420 5392 riy‘itﬂnurbs
2438 5265 2857 5337 Augustodunum
2880 5263 2994 5319 sive
3017 5261 3416 5333 Angustodunns
3441 5257 3638 5328 appel-

2073 5353 2103 5392 a
2131 5353 2212 5392 ur.

2073 5346 2212 5392 atur.

2203 5428 2412 5491 Augusti
2436 5434 2644 5477 montem
2665 5426 2899 5477 transfert
2925 5425 3054 5488 quod
3076 5424 3249 5474 celtica
3271 5425 3458 5486 lingua,

2051 5543 2110 5589 ut
2129 5534 2514 5602 interpretatur
2556 5529 2740 5602 Ericus
2772 5529 2822 5602 in
2866 5528 2985 5582 Vita
3032 5528 3200 5602 sancti
3229 5525 3478 5602 Germani
3517 5523 3645 5602 A_n-

2052 5594 2438 5659 tisiodor'ensis.
2475 5600 2622 5655 Unde
2669 5600 2904 5665 corrigas
2928 5598 3070 5666 quod
3099 5597 3378 5653 Cornelius
3405 5594 3648 5650 Grasius

2053 5674 2237 5731 scribit
2262 5681 2475 5727 sanctos
2501 5669 2671 5723 JEdua
2705 5669 3018 5738 Angustodu
3045 5666 3546 5738 .ttiit_cntiteti.lisse.

2127 5754 2152 5794 ες
2194 5742 2269 5801 De
2296 5752 2474 5797 sancto
2499 5736 2877 5812 Sytnphorinno
2907 5752 3125 5810 agemus
3151 5736 3221 5789 22
3250 5736 3491 5805 Augusti.
