3932 6184
293 328 396 382 18η

1255 338 1431 395 ACTA
1472 341 1564 397 SS.
1593 339 2000 424 .MAIlTYBL‘M
2039 345 2611 410 TEBGEMINURUM.

3458 368 3562 423 τσο

289 443 432 500 fatus
475 443 706 501 Faustus
747 447 921 502 sorori
949 463 1059 504 sme
1091 466 1184 518 pro
1229 469 1448 509 munere
1487 456 1669 509 divino
1695 497 1711 521 ,
1740 459 1877 512 sicut
1907 461 1952 519 Λ
1981 473 2102 516 cum
2149 473 2336 519 sancto
2387 465 2618 536 Benigno
2669 470 2778 526 suis
2817 458 3103 543 nepetibus
3133 479 3486 552 pranlicaret,
3512 491 3569 544 et
3597 475 3612 494 ⁸

288 545 408 592 erat
432 577 449 603 ,
478 537 546 593 de
577 541 825 609 praesenti
857 543 1172 596 transmisit.
1205 543 1298 600 llla
1330 563 1452 601 eum
1483 549 1689 603 scilicet
1718 550 1883 605 veluti

289 641 492 685 manna
509 667 526 694 ,
547 630 689 697 quod
713 629 781 688 de
807 632 947 687 cmlo
985 632 1300 702 descendit,
1327 653 1448 692 cum
1492 640 1636 693 omni
1661 654 1883 694 venera-

290 720 439 774 tione
459 720 718 790 suscepit.

925 812 1157 870 CAPUT
1195 811 1259 872 ll.

292 899 614 971 Tergemini,
646 900 779 956 aria:
803 906 1002 958 monitu
1026 946 1041 973 ,
1072 914 1122 961 et
1151 908 1367 964 somniis
1389 910 1460 964 ad
1479 912 1637 982 ﬁdem
1660 913 1880 969 invitati.

367 1015 418 1068 ’1.
458 1013 514 1068 In
570 1015 755 1070 eadem
804 1017 966 1084 igitur
1000 1018 1089 1074 die
1129 1022 1412 1076 memorati
1451 1035 1677 1094 nepotes
1704 1027 1789 1081 sui
1829 1027 1884 1082 in

289 1117 422 1171 agro
451 1104 536 1157 eui
567 1102 862 1160 Palmasius
891 1123 1088 1163 nomen
1119 1120 1222 1176 est,
1249 1111 1316 1164 ad
1344 1112 1692 1169 simulacrum
1713 1124 1739 1152 ι
1762 1116 1885 1172 θεῖε

289 1193 534 1250 Nettlesis
578 1196 686 1250 ritu
727 1197 889 1252 solito
918 1199 1142 1270 profana
1190 1203 1449 1279 saerilicia
1481 1205 1798 1272 olierebant,
1827 1219 1885 1265 et

285 1286 359 1342 de
384 1287 776 1357 superstitiosis
802 1287 1146 1346 libaminibus
1173 1293 1308 1347 aviae
1333 1311 1456 1350 sum.
1472 1295 1682 1351 residua
1711 1314 1886 1354 reser-

286 1389 589 1433 Vaverant:
643 1394 804 1449 quam
853 1379 1143 1437 invitantes
1176 1383 1256 1438 ad
1308 1386 1615 1440 convivium
1669 1398 1882 1444 servata

286 1468 654 1539 protulerunt.
711 1468 804 1524 Illa
863 1486 1010 1536 vero,
1043 1473 1229 1527 omnia
1279 1475 1571 1545 projiciens
1621 1478 1888 1546 canibus,

286 1563 503 1632 respuit
535 1571 788 1632 tanquam
815 1571 1045 1622 stercus.
1068 1563 1218 1624 Tunc
1244 1570 1510 1626 accedens
1532 1572 1598 1626 ad
1626 1589 1723 1628 eos
1748 1576 1879 1630 emi-

286 1667 392 1710 ltus
416 1669 540 1708 cum
567 1664 754 1710 sancto
774 1653 1010 1725 Benigno
1034 1657 1157 1712 talia
1184 1661 1347 1724 ccepit
1365 1663 1524 1717 verba
1551 1664 1884 1733 producere:

285 1743 606 1799 Charissimi
636 1755 876 1815 nepotes,
903 1749 1210 1816 cognoscite
1228 1749 1509 1807 Dominum
1535 1765 1771 1810 nostrum
1790 1755 1881 1812 Je-

1988 551 2040 606 in
2093 555 2342 611 cordibus
2396 573 2580 611 eorum
2630 575 2739 628 jau
2797 563 3051 634 inspirata
3099 571 3268 636 gratia
3315 551 3570 632 divinitus

1986 645 2191 698 convalc
2213 657 2407 712 sceret,
2440 649 2577 702 miro
2601 651 2800 718 pariter
2826 654 3108 710 astiterunt
3136 668 3354 730 stupore
3375 663 3532 719 delixi
3548 707 3567 734 ,

1986 742 2042 786 et
2094 750 2153 788 se
2208 735 2434 791 invicem
2489 739 2776 808 intuentes,
2827 746 3333 821 considerantesque
3386 755 3572 810 omnia

1985 841 2104 895 qua:
2145 827 2224 882 eis
2253 827 2393 882 dicta
2437 831 2701 898 fuerant,
2727 841 2782 887 et
2820 837 3064 892 conversi
3108 839 3174 894 ad
3212 843 3386 895 aviam
3414 859 3570 900 suam

1987 917 2237 972 unanime
2266 918 2514 974 dixerunt
2548 937 2652 976 uua
2700 939 2868 979 voce:
2904 924 3080 992 Quare
3127 937 3329 986 tantam
3367 942 3421 986 et
3458 943 3569 989 tam

1987 1009 2308 1077 pmeipuam
2360 1025 2472 1064 rem
2497 1051 2514 1075 ,
2549 1023 2654 1066 tam
2697 1013 2787 1068 diu
2829 1024 3024 1070 tectam
3052 1019 3268 1074 silentio
3311 1022 3566 1078 tenuisti?

1985 1112 2083 1152 cur
2112 1097 2266 1155 nobis
2294 1100 2534 1158 veritatis
2565 1101 2702 1156 viam
2732 1113 2788 1158 et
2833 1104 3014 1160 lumen
3058 1109 3378 1176 praeclarum
3409 1110 3578 1165 tantis

1987 1194 2314 1263 temporibus
2361 1196 2677 1252 occultasti?
2715 1199 2917 1265 Quibus
2955 1201 3044 1256 illa
3096 1194 3292 1261 blando
3320 1221 3572 1263 sermone

1983 1283 2358 1352 respondens,
2414 1287 2630 1343 elevans
2685 1291 2872 1344 oculos
2927 1301 2980 1346 et
3032 1309 3224 1349 manus
3279 1298 3347 1350 ad
3405 1299 3575 1356 cadus

1984 1377 2292 1446 eXpandens
2315 1419 2330 1442 ,
2366 1378 2476 1434 Deo
2525 1381 2723 1449 gratias
2770 1398 2932 1453 agens
2953 1424 2969 1450 ,
3002 1384 3115 1439 inlit
3141 1403 3154 1440 :
3181 1386 3346 1442 Filius
3375 1405 3526 1446 mens
3552 1431 3569 1457 ,

1984 1477 2138 1536 pater
2166 1478 2342 1524 vester
2383 1471 2437 1524 in
2467 1478 2613 1525 tanta
2653 1472 2829 1527 cordis
2867 1477 3230 1544 perseveravit
3258 1477 3451 1532 duritia
3472 1519 3487 1544 ,
3513 1489 3572 1535 ut

1985 1559 2038 1614 in
2071 1568 2306 1614 lartarea
2354 1562 2484 1616 sede
2513 1561 2791 1621 demersus
2817 1607 2832 1631 ,
2859 1565 3176 1622 delictorum
3222 1570 3575 1626 obumbratus

1984 1651 2232 1721 caligine,
2256 1651 2524 1710 desolatus
2550 1655 2694 1709 omni
2725 1657 2983 1724 sapientia
3010 1667 3066 1712 et
3083 1659 3380 1725 intellectu,
3398 1677 3567 1716 caeca-

1987 1751 2071 1798 tus
2113 1746 2479 1814 perversitatis
2526 1747 2790 1816 consilio,
2817 1747 3090 1804 Christum
3141 1750 3423 1805 Dominum
3469 1768 3570 1808 nec

286 1852 410 1891 sum
433 1835 706 1890 Christum
737 1853 922 1893 verum
952 1839 1120 1895 Deum
1148 1856 1288 1906 esse,
1309 1845 1392 1900 cui
1422 1847 1594 1916 angeli
1625 1857 1680 1902 et
1707 1851 1872 1905 omnis

1985 1836 2212 1892 credidit
2255 1852 2356 1893 nec
2404 1853 2639 1908 unquam
2671 1840 2840 1895 voluit
2891 1839 3155 1898 conﬁteri.
3191 1844 3327 1910 Quid
3358 1845 3406 1898 ei
3454 1862 3570 1914 pro-

285 1934 539 1981 creatura
581 1925 779 1994 justam
827 1928 1086 1984 exhibent
1129 1932 1438 1988 servitutem
1463 1976 1478 1999 ,
1506 1937 1594 2004 qui
1628 1940 1881 1994 mundum

285 2032 508 2071 omnem
536 2018 833 2084 constituit,
865 2033 1188 2090 omnemque
1209 2037 1386 2078 rerum
1416 2028 1693 2081 materiam
1723 2029 1883 2084 libra-

285 2113 400 2161 tam
435 2109 581 2163 verbi
599 2109 774 2162 subita
801 2107 1152 2178 dispositione
1168 2115 1496 2183 composuit;
1551 2117 1669 2186 ςαξιί
1701 2119 1883 2173 altitu-

283 2197 471 2253 dinem
501 2197 688 2254 eadem
716 2194 926 2255 visione
953 2201 1212 2264 extendit;
1239 2213 1501 2260 terrarum
1527 2209 1700 2277 spatia
1739 2211 1881 2265 mul-

286 2287 494 2358 tiplcia
529 2289 636 2350 late
664 2288 828 2366 latius
853 2289 1132 2356 dilatavit;
1162 2291 1479 2348 immensum
1529 2298 1708 2368 abys-i
1732 2301 1881 2368 peis-

281 2394 388 2449 gus
424 2381 736 2450 congregari
791 2390 847 2437 et
893 2382 1160 2440 littoribus
1196 2387 1461 2442 coarctari
1504 2398 1880 2445 momentanea

281 2475 558 2527 sententia
604 2473 910 2528 ordinavit:
954 2475 1129 2544 pinxit
1170 2479 1367 2534 cadum
1418 2481 1626 2548 stellis,
1673 2490 1730 2538 et
1771 2484 1881 2538 duo

283 2560 574 2618 luminaria
618 2565 887 2635 praecipua
929 2567 1301 2638 constituens,
1328 2585 1446 2639 quae
1487 2572 1665 2626 omnia
1704 2573 1882 2628 sueci-

284 2651 397 2707 dua
421 2653 791 2712 vicissitudine
818 2671 939 2726 qua:
966 2656 1170 2714 fecerat
1196 2672 1521 2718 exornarent
1543 2701 1559 2727 ,
1590 2679 1654 2720 ae
1683 2666 1874 2721 vestita
1915 2723 1921 2729 ,

286 2741 494 2798 lumine
543 2753 740 2799 cuncta
773 2744 1110 2815 detegerem,
1157 2750 1376 2806 omnino
1422 2751 1699 2818 decrevit;
1732 2768 1880 2810 mare

285 2849 451 2890 omne
498 2835 549 2888 in
605 2836 827 2906 piscium
884 2839 1219 2896 habitatione
1269 2842 1335 2897 ad
1387 2844 1876 2913 purambulandum

285 2925 587 2990 concessit,-
616 2925 840 2982 diversis
870 2929 1153 2985 arboribus
1182 2940 1248 2986 et
1273 2934 1604 3001 graminibus
1630 2937 1877 2992 tellurem

285 3032 505 3071 otnnem
560 3019 813 3084 vestivit;
843 3022 1022 3076 omnia
1079 3038 1197 3092 qua:
1255 3027 1436 3081 mundi
1488 3044 1714 3099 quaeque
1756 3032 1876 3085 ani-

285 3108 491 3161 tnantia
517 3110 815 3165 crescentia
846 3150 863 3175 ,
894 3113 978 3169 vel
1009 3115 1240 3170 viventia
1272 3127 1437 3185 sunt,
1463 3121 1651 3176 eadem
1679 3125 1874 3180 consti-

1987 1922 2143 1978 desse
2169 1932 2380 1994 poterat
2419 1942 2599 1983 sermo
2626 1926 2836 1984 divinus
2861 1972 2876 1997 ,
2907 1932 3060 2000 cujus
3097 1931 3352 1988 interiora
3391 1935 3566 1990 cordis

1985 2013 2372 2070 incredulitatis
2417 2017 2619 2072 malitia
2673 2019 2741 2072 ad
2789 2019 3054 2088 integrmn
3110 2023 3455 2091 possidebat,
3511 2034 3568 2080 ct

1984 2108 2162 2159 lumen
2194 2122 2380 2161 verum
2417 2109 2803 2180 circumseptus
2833 2111 3094 2166 idolorum
3123 2113 3352 2182 caligine
3382 2114 3564 2169 videte

1984 2212 2092 2251 non
2136 2199 2389 2266 poterat?
2416 2197 2534 2268 Ipse
2563 2199 2689 2255 iecit
2731 2201 2861 2255 mihi
2895 2201 3156 2258 hactenus
3179 2204 3563 2277 taciturnitatis

1981 2289 2253 2343 silentium
2282 2289 2554 2346 custodire
2577 2333 2594 2357 ,
2625 2291 2750 2347 dum
2794 2292 2944 2348 timui
2975 2310 3042 2350 ne
3068 2311 3168 2352 sua
3193 2296 3406 2352 inimica
3433 2313 3560 2352 sua-

1981 2379 2133 2436 sione
2163 2398 2258 2436 vos
2299 2382 2502 2439 faceret
2546 2400 2576 2439 a
2605 2395 2754 2442 recto
2784 2389 2999 2442 tramite
3046 2391 3426 2458 perpetualiter
3465 2391 3563 2446 de-

1983 2471 2152 2526 viare.
2177 2471 2462 2530 Voluntate
2491 2476 2632 2530 enim
2662 2475 2756 2531 1)ρὶ
2784 2493 2851 2533 eo
2881 2479 3160 2534 deliciente
3191 2482 3367 2535 omnia
3399 2482 3567 2552 impc-

1980 2560 2214 2616 dimenta
2243 2565 2448 2618 sublata
2479 2577 2622 2621 sunt.
2652 2565 2789 2623 Ecce
2815 2584 2961 2623 nunc
2982 2578 3193 2640 tempus
3213 2573 3568 2641 acceptabile.

1980 2653 2201 2721 Aperite
2231 2670 2361 2725 ergo
2384 2657 2572 2711 oculos
2601 2658 2782 2713 cordis
2805 2668 2859 2714 et
2879 2662 3143 2730 corporis,
3162 2663 3356 2718 (mlum
3387 2665 3566 2733 potius

1981 2739 2295 2813 intuentes,
2341 2745 2601 2801 idolorum
2652 2747 2924 2803 inimicam
2948 2751 3111 2806 saluti
3154 2763 3344 2807 vestra:
3392 2755 3567 2808 tullu-

1979 2847 2095 2888 ram
2119 2874 2136 2900 ,
2165 2835 2374 2891 Domini
2411 2836 2607 2892 Christi
2653 2839 2843 2910 repleti
2884 2841 3058 2910 gratia
3084 2883 3099 2908 ,
3158 2843 3228 2898 ab
3254 2843 3446 2899 animis
3475 2859 3566 2898 ve-

1977 2923 2106 2978 stris
2131 2926 2388 2982 radicitus
2415 2929 2804 2999 exstirpate,ut
2832 2931 3124 3000 possitisad
3143 2941 3340 2988 aeterna
3369 2934 3564 3004 gaudia

1979 3020 2280 3089 pervenire.

2049 3128 2098 3184 9.
2141 3129 2277 3185 Dum
2331 3131 2444 3186 hate
2485 3139 2541 3187 et
2586 3132 2691 3187 alia
2740 3133 2891 3203 plura
2941 3134 3099 3190 beata
3152 3135 3392 3191 Leonilla
3439 3152 3566 3192 cum

286 3197 500 3253 tutione
536 3199 758 3254 creavit.
792 3199 1074 3259 Pestremo
1104 3205 1374 3264 hominem
1412 3210 1478 3265 ad
1507 3212 1790 3281 imaginem
1820 3189 1949 3271 etc
1977 3232 2167 3276 saneto
2196 3221 2433 3292 Benigno
2471 3189 2758 3293 nu-pot'bu;
2799 3225 2911 3280 suis
2941 3236 3250 3292 narrasset,
3280 3237 3336 3281 ut
3366 3229 3565 3283 credu-

283 3289 692 3347 similitudinem
719 3308 870 3347 suam
903 3294 1168 3363 formavit,
1191 3315 1352 3369 quem
1381 3303 1447 3356 ad
1469 3304 1572 3360 hoc
1599 3308 1876 3377 sapientiae

283 3389 341 3434 et
374 3381 740 3451 intelligentia:
769 3385 1026 3456 singulari
1071 3389 1214 3445 dono
1257 3392 1639 3464 locupletavit,
1670 3408 1730 3454 ut
1759 3410 1876 3458 tan-

284 3476 401 3525 tam
428 3472 712 3528 mundana:
741 3478 1122 3545 magnitudin's
1143 3481 1418 3548 fabricam.
1439 3487 1521 3542 vel
1546 3491 1724 3544 omnia
1753 3507 1873 3560 quae

282 3562 526 3632 patravit
551 3561 857 3632 diligentius
904 3568 1170 3638 requirat,
1215 3580 1272 3626 ut
1299 3572 1568 3631 discernat
1611 3579 1810 3636 bonum
1839 3597 1871 3640 a

278 3650 435 3706 malo
473 3667 540 3707 ne
579 3669 676 3725 per
715 3655 1028 3723 ignorantia:
1054 3660 1314 3716 desiliam
1354 3674 1642 3738 postponat
1683 3683 1872 3730 aucto-

276 3757 444 3806 rem,
473 3743 567 3799 sed
613 3753 675 3798 ut
726 3745 1028 3804 simulacris
1083 3750 1360 3807 hominum
1407 3772 1567 3812 manu
1614 3759 1766 3818 factis
1802 3779 1870 3820 ex

275 3835 516 3890 diversis
563 3837 797 3893 metallis
823 3878 840 3904 ,
886 3855 1047 3896 sensu
1076 3846 1380 3903 carentibus
1412 3887 1429 3915 ,
1458 3857 1515 3903 et
1538 3853 1685 3906 omni
1723 3854 1869 3911 vitali

275 3925 578 3995 spiramine
617 3929 873 3987 desolatis
895 3969 912 3998 ,
934 3932 1000 3988 ad
1029 3934 1313 3992 humanam
1360 3940 1729 4011 deceptionem
1755 3946 1868 4002 dia-

277 4017 466 4073 bolica
496 4018 872 4078 adinventione
920 4023 1156 4094 ﬁguratis
1179 4067 1196 4094 ,
1228 4045 1333 4084 non
1382 4031 1557 4087 solum
1602 4035 1866 4094 culturam

275 4110 653 4166 venerationis
681 4112 745 4166 iis
793 4113 1050 4170 exhibere
1078 4133 1185 4172 non
1223 4119 1460 4188 debeat,
1489 4139 1674 4180 verum
1704 4129 1864 4185 etiam

275 4206 348 4252 ut
387 4198 660 4254 immunda
691 4200 744 4254 in
771 4203 914 4256 onmi
947 4204 1206 4262 abusione
1230 4208 1579 4279 despiciendo
1601 4213 1860 4284 diﬂ'ugiat.

273 4285 461 4357 Ipsius
481 4289 622 4345 enim
653 4305 905 4360 perversa
935 4295 1240 4354 adinventio
1272 4301 1322 4355 in
1353 4302 1453 4358 hoc
1496 4307 1696 4363 mundo
1725 4309 1864 4366 ido'a

273 4379 571 4448 ﬁguravit,
600 4381 691 4450 qui
723 4382 893 4438 Adam
936 4385 1164 4456 primum
1213 4390 1482 4448 hominem
1523 4396 1575 4450 in
1616 4400 1864 4468 paradiso

272 4471 460 4526 cunin
487 4483 632 4528 mum
659 4517 675 4542 ,
705 4491 803 4545 per
835 4481 1334 4547 prtevaricationem
1363 4486 1591 4559 decepit.
1621 4491 1862 4548 Derelin-

1976 3309 2141 3366 litatis
2189 3311 2382 3367 iudieia
2419 3313 2600 3368 divina
2652 3314 2820 3382 pietas
2859 3315 2912 3370 in
2954 3315 3156 3370 eisdem
3199 3316 3569 3386 patefaceret,

1975 3403 2208 3458 visiones
2253 3419 2390 3473 quas
2444 3413 2602 3460 nocte
2652 3405 2922 3475 pneterita
2965 3407 3212 3462 viderant
3256 3407 3311 3461 in
3354 3422 3561 3463 m-mo-

1973 3497 2108 3551 riam
2138 3509 2550 3554 revocaverunt.
2583 3499 2794 3556 Primus
2818 3502 3152 3571 Speusippus
3185 3502 3359 3557 dixit:
3394 3501 3560 3558 Vide-

1972 3587 2095 3650 bam
2124 3603 2211 3642 tne
2256 3589 2310 3642 in
2365 3589 2571 3643 visione
2616 3590 2791 3645 noctis
2841 3592 3158 3660 praeteritae,
3189 3591 3243 3645 in
3283 3592 3402 3648 sinu
3430 3592 3568 3648 aviae

1971 3692 2139 3745 mete,
2172 3695 2290 3749 qnze
2319 3682 2607 3736 mantillam
2639 3697 2792 3737 suam
2823 3683 3035 3752 plenam
3068 3684 3207 3738 lat-te
3234 3685 3387 3738 labiis
3423 3686 3562 3740 meis

1972 3769 2258 3828 infundens
2279 3813 2296 3839 ,
2323 3773 2538 3829 dicebat
2562 3792 2576 3827 :
2609 3774 2942 3845 Speusippe,
2973 3775 3098 3831 bibe
3143 3775 3227 3830 lac
3251 3817 3268 3843 ,
3297 3777 3556 3844 quoniam

1970 3862 2024 3918 in
2054 3877 2228 3932 agone
2273 3874 2330 3920 et
2374 3867 2670 3922 certamine
2716 3883 2840 3921 cum
2881 3868 3098 3922 veneris
3122 3907 3139 3932 ,
3178 3876 3383 3938 quanto
3436 3867 3556 3937 plus

1969 3951 2168 4011 biberis
2189 3993 2207 4020 ,
2229 3963 2380 4010 tanto
2399 3955 2592 4010 fortius
2610 3967 2665 4012 et
2683 3956 2922 4012 velocius
2951 3957 3148 4013 vinces.
3200 3955 3267 4010 Et
3294 3957 3407 4012 haec
3433 3973 3558 4013 cum

1967 4044 2192 4100 dixisset
2235 4045 2569 4114 Speusippus
2589 4085 2606 4110 ,
2638 4047 2958 4118 Eleusippus
3002 4049 3112 4102 ait:
3143 4048 3359 4103 Credite
3383 4057 3442 4103 et
3469 4064 3558 4102 me

1967 4135 2338 4204 hujuscemodi
2377 4137 2574 4192 vidisse
2620 4138 2920 4194 visionem:
2952 4139 3060 4194 vidi
3107 4139 3161 4194 in
3208 4139 3347 4194 emlo
3390 4152 3556 4208 super

1966 4227 2150 4281 sedem
2180 4241 2426 4295 magnam
2455 4228 2732 4284 sedentem
2757 4269 2773 4294 ,
2805 4230 2957 4300 quasi
2985 4245 3052 4285 ex
3095 4227 3300 4284 electro
3326 4238 3384 4283 et
3401 4244 3570 4297 getn-_

1966 4317 2070 4372 mis
2091 4359 2105 4380 ,
2137 4317 2434 4385 majestatis
2463 4318 2700 4387 potentia
2747 4320 3075 4382 radiantem,
3105 4318 3259 4386 cujus
3298 4317 3556 4387 splendor

1969 4405 2260 4461 immensus
2301 4423 2479 4462 meum
2511 4407 2851 4462 obumbravit
2895 4417 3171 4476 aspectum
3205 4447 3220 4473 ,
3252 4415 3308 4462 et
3334 4410 3406 4463 ob
3436 4419 3554 4462 stu-

1970 4512 2156 4566 porem
2187 4499 2406 4552 nimium
2435 4515 2603 4569 pavor
2626 4499 2806 4554 cordis
2833 4499 2938 4552 mei
2969 4501 3161 4554 terruit
3191 4501 3544 4556 intellectum.

271 4561 435 4630 quite
463 4576 590 4630 ergo
617 4606 634 4630 ,
660 4565 952 4624 dulcissimi
991 4585 1215 4641 nepotes
1237 4616 1254 4643 ,
1285 4579 1462 4633 omnia
1493 4580 1631 4636 idola
1661 4583 1862 4640 dtemo-
1891 4573 1939 4632 Ι)
1967 4561 2118 4642 'l‘unc
2147 4589 2191 4642 is
2220 4589 2366 4642 vultu
2404 4561 2597 4644 sereno
2642 4603 2728 4644 me
2753 4604 2952 4645 vocans
3005 4589 3072 4644 ad
3109 4605 3188 4653 se,
3231 4591 3403 4645 dixit:
3436 4591 3557 4645 Noli

275 4653 447 4708 nibus
473 4665 785 4711 consecrata
809 4698 824 4722 ,
849 4669 904 4714 et
926 4670 1228 4718 creatorem
1275 4669 1514 4726 omnium
1542 4686 1721 4728 rerum
1752 4673 1860 4731 Do-

271 4742 486 4796 minum
527 4756 768 4802 nostrum
795 4746 973 4804 Iesum
1004 4751 1276 4810 Christum
1315 4757 1432 4814 sine
1459 4761 1563 4815 ulla
1593 4764 1858 4834 ambigui-

268 4843 390 4890 tate
420 4837 768 4894 conlitemini.
797 4840 948 4897 llunc
973 4841 1001 4880 ιι
1042 4845 1212 4900 virum
1254 4857 1494 4904 sanctum
1525 4850 1815 4922 Benignum
1839 4895 1856 4922 ,

267 4941 443 4994 quem
489 4937 719 4982 stantem
768 4947 950 4986 curam
999 4935 1146 4990 vobis
1174 4939 1426 5003 cernitis,
1458 4941 1525 4996 de
1570 4942 1855 5015 longinqua

264 5015 500 5082 regione
528 5019 594 5070 ad
635 5035 730 5075 vos
774 5021 972 5090 pietate
1022 5025 1198 5080 divina
1248 5030 1448 5085 credite
1491 5033 1651 5090 fuisse
1682 5046 1858 5093 trans-

266 5107 521 5162 missum.
546 5111 818 5166 Attendite
848 5113 1004 5181 igitur
1023 5117 1089 5169 ad
1116 5120 1276 5174 verba
1307 5122 1414 5177 oris
1434 5124 1580 5192 ejus:
1604 5127 1693 5181 Dei
1717 5129 1861 5183 enim

263 5205 406 5266 sunt
443 5211 706 5271 put-cepta
729 5243 745 5268 ,
773 5221 891 5275 que
925 5205 997 5278 de
1035 5224 1132 5264 ore
1169 5210 1288 5279 ejus
1322 5217 1647 5284 procedunt,
1674 5219 1864 5278 discite

264 5287 342 5340 ab
371 5289 562 5344 eodem
608 5292 911 5352 doctrinam
961 5299 1082 5367 plus
1125 5305 1270 5357 onmi
1316 5321 1536 5361 munere
1583 5312 1859 5380 cepiosatn

263 5387 326 5432 ct
358 5389 549 5434 vestra:
588 5384 869 5441 salvationi
899 5406 1062 5460 super
1091 5395 1269 5448 omnia
1299 5406 1678 5466 Opportunam.

339 5467 404 5523 8.
444 5470 578 5526 Dum
611 5474 723 5531 btec
759 5478 1108 5539 saluberrima
1130 5483 1365 5554 alloqnia
1393 5503 1576 5546 sancta
1614 5491 1855 5552 Leonilla

343 5632 373 5660 ο
390 5621 566 5710 liena
581 5642 611 5679 a
635 5624 752 5710 {qui
775 5628 1014 5710 Narratio
1035 5637 1363 5694 sacriﬁcasse
1384 5641 1724 5710 Tergeminos
1747 5656 1858 5702 tra-

448 5697 539 5789 qui
567 5698 968 5782 mytltugraphis
994 5693 1236 5772 ignotus,
1269 5711 1366 5788 nisi
1395 5693 1855 5789 sit.

260 5762 539 5820 Nemesim
569 5762 722 5841 cygni
757 5762 948 5841 Lpécie
987 5762 1305 5848 (impressit

1965 4679 2153 4734 timere
2174 4720 2190 4743 ,
2222 4695 2478 4736 coronam
2502 4681 2739 4736 victoriae
2769 4682 3183 4751 promereberis.
3210 4682 3395 4739 Tertio
3424 4684 3548 4738 loco

1962 4768 2323 4839 Meleusippus
2369 4771 2629 4827 visionem
2679 4789 2829 4826 suam
2872 4776 3162 4844 exposuit.
3195 4775 3314 4830 Vidi
3344 4784 3400 4830 et
3447 4789 3551 4841 ego

1962 4865 2144 4916 nescio
2169 4877 2328 4930 quem
2358 4877 2539 4929 regem
2571 4879 2821 4933 magnum
2867 4870 3000 4920 satis
3024 4908 3040 4934 ,
3073 4867 3362 4934 singularia
3391 4883 3548 4934 scep-

1962 4962 2040 5007 tra
2074 4963 2364 5009 tenentem.
2404 4953 2501 5010 llic
2531 4971 2628 5010 nos
2661 4965 2768 5012 tres
2798 4958 3000 5026 pariter
3019 4961 3084 5011 ad
3108 4974 3259 5011 suam
3299 4958 3540 5010 militiam

1967 5046 2332 5114 provocabat,
2384 5049 2654 5118 przeclaris
2702 5050 2894 5103 balteis
2942 5051 3290 5117 accingi-bat,
3346 5060 3544 5114 magiae

1966 5153 2066 5195 nos
2096 5139 2267 5206 pretio
2315 5156 2344 5192 a
2398 5141 2725 5209 captivitatis
2775 5142 2988 5196 vinculo
3035 5140 3366 5205 redimebat,
3413 5154 3538 5208 per-

1965 5239 2140 5298 petua:
2188 5231 2452 5285 libertatis
2499 5240 2696 5285 nostra:
2721 5232 2940 5301 prmmia
2971 5233 3149 5284 aureis
3188 5229 3376 5284 litteris
3402 5229 3538 5282 scri-

1965 5320 2125 5374 bebat
2149 5362 2162 5385 ,
2192 5321 2349 5374 donis
2374 5339 2481 5376 non
2512 5322 2937 5377 indelicientibus
2955 5322 3111 5376 simul
3137 5320 3537 5377 remunerabat.

1962 5393 2136 5479 Super
2160 5411 2243 5465 Itis
2269 5413 2334 5466 ad
2361 5430 2446 5466 me
2477 5413 2795 5467 hortandum
2822 5412 3057 5472 addidit,
3080 5411 3300 5464 dicens:
3331 5409 3536 5465 Μυκα-

1956 5501 2108 5570 sippc
2127 5541 2141 5565 ,
2167 5519 2259 5556 vos
2291 5512 2398 5558 tres
2439 5505 2629 5559 fratres
2676 5504 2730 5558 in
2775 5519 2897 5558 meo
2927 5502 3125 5571 palatio
3149 5501 3420 5556 collocare
3440 5502 3536 5558 de-

1958 5671 2202 5712 anscrem
2257 5669 2400 5714 esset
2449 5670 2672 5721 nmtata,
2727 5659 2809 5715 vel
2863 5658 3085 5727 decepta
3141 5673 3170 5712 a
3216 5655 3424 5716 Venere
3464 5661 3523 5715 in

1957 5729 2187 5794 aquilam
2219 5747 2389 5783 versa.
2427 5730 2550 5782 Vide
2578 5730 2764 5785 Liliuut
2795 5732 2849 5786 ltt
2871 5727 3203 5788 Castora)”.

2029 5795 2056 5835 ⁸⁸
2096 5799 2211 5854 Alta
2240 5799 2392 5870 Ms,
2421 5799 2662 5856 Felicem.
