3978 6182
381 296 474 352 191

1625 291 1865 348 SANCTI
1904 288 2347 345 WAIiNAIIARlI

3519 295 3619 350 ωε

377 409 556 476 crevi,
599 417 654 464 et
698 407 914 463 aeternis
961 406 1189 475 przemiis
1243 406 1441 476 pariter
1481 422 1761 461 εονοηεη-ρ,
1804 407 1932 460 Am
1964 404 2008 458 Α
2039 398 2470 454 manifestissime
2521 399 2821 456 declinasse
2843 442 2867 478 ,ί
2913 409 2970 458 et
3019 401 3145 459 Jesu
3195 403 3392 463 Christi
3444 410 3619 463 omni-

379 508 552 553 ve~tra
583 497 786 552 cunctis
813 495 999 550 diebus
1027 512 1089 551 ac
1135 496 1380 550 noctibus
1405 511 1501 566 pro
1549 505 1722 550 vestra
1769 497 1942 552 salute

375 589 640 658 supplices
664 601 847 654 preces
875 575 1102 641 effundit
1123 595 1180 640 ut
1201 595 1348 642 recto
1375 589 1587 641 tramite
1615 589 1940 656 gradientes,

376 678 580 732 liberali
605 677 671 731 de
699 677 982 732 tenebrosa
1005 678 1252 747 caligine,
1282 693 1465 733 verum
1496 678 1672 733 lumen
1701 689 1944 734 conteru-

375 772 504 841 plari
543 771 756 842 possitis
779 811 796 836 ,
822 780 877 826 et
915 770 980 826 de
1005 771 1446 826 condemnatione
1475 773 1662 827 mortis
1687 773 1750 826 ad
1780 774 1942 828 vitam

372 861 601 916 veniatis
621 869 952 931 perpetuam.
984 860 1106 916 Ilzec
1143 870 1198 918 et
1217 862 1318 916 alia
1347 863 1572 932 plurima
1610 863 1940 918 adhortatio-

373 965 497 1003 umn
529 950 690 1004 verba
731 950 856 1004 mihi
911 966 1004 1004 rex
1033 993 1048 1017 ,
1075 965 1231 1018 quem
1258 951 1366 1005 dixi
1391 992 1408 1020 ,
1441 953 1683 1008 narravit
1723 955 1774 1009 in
1807 957 1941 1010 visu.

370 1040 417 1095 Ο
441 1055 603 1109 quam
644 1040 981 1094 admirandas
1006 1081 1020 1106 ,
1049 1057 1210 1110 quam
1256 1043 1649 1100 concordantes
1693 1054 1748 1100 et
1786 1048 1944 1103 unius

375 1133 451 1187 rei
485 1131 674 1187 indicia
722 1131 1101 1199 designantcs,
1146 1133 1234 1186 vel
1283 1133 1333 1186 in
1381 1143 1638 1203 perpetua
1686 1138 1945 1192 memoria

370 1222 681 1278 retinendas
701 1263 716 1286 ,
744 1221 794 1275 in
825 1223 995 1276 noctis
1025 1223 1259 1278 tenebris
1293 1224 1464 1279 adhuc
1492 1226 1648 1293 positi
1673 1266 1689 1288 ,
1745 1227 1943 1282 illumi-

373 1312 481 1365 nati
507 1311 617 1378 jam
648 1309 1116 1380 prmdestinatione
1172 1327 1237 1365 ex
1278 1313 1445 1380 gratia
1474 1312 1703 1383 Spiritus
1744 1314 1946 1378 sancti,

373 1407 483 1454 tres
515 1399 704 1454 fratres
746 1399 940 1468 gemini
981 1411 1292 1455 meruerunt
1333 1401 1516 1458 videre
1559 1404 1820 1460 visiones!
1853 1405 1948 1462 His

374 1488 546 1542 tribus
576 1489 753 1558 pueris
775 1531 791 1557 ,
817 1490 1041 1544 obtentu
1069 1491 1219 1556 avita,
1237 1499 1394 1548 antea
1423 1501 1506 1549 est
1535 1492 1765 1549 Trinitas
1794 1512 1949 1550 reve-

372 1575 480 1630 lata
529 1592 624 1646 per
668 1578 927 1645 gratiam,
958 1588 1242 1648 antequam
1286 1583 1497 1652 plenam
1545 1582 1739 1639 Christi
1783 1587 1950 1656 perci-

372 1675 568 1736 pert-nt
609 1668 959 1736 disciplinam.
1012 1668 1268 1725 Viderunt
1313 1673 1622 1726 illuminalis
1669 1665 1737 1729 ex
1795 1685 1947 1744 parte

2046 492 2277 560 potentis
2323 489 2547 556 fiducia,
2577 490 2810 547 Deorum
2851 491 3134 547 simulacra
3181 509 3280 564 pro
3327 497 3492 552 nihilo
3520 499 3618 555 du-

2044 592 2227 636 centes
2256 591 2311 636 et
2355 583 2409 636 in
2456 582 2604 636 omni
2649 582 2906 638 abusione
2950 583 3343 656 despicientes,
3373 601 3402 640 a
3439 587 3618 645 tunda-

2045 674 2239 727 mentis
2266 689 2387 726 cum
2425 673 2553 744 ipsis
2574 673 2731 728 idolis
2750 675 2919 729 everti
2942 675 3183 744 iussisse.
3207 661 3408 732 Crescit
3437 695 3619 735 rumor

2045 761 2337 817 immensos
2363 763 2641 832 inpopulo
2663 802 2679 828 ,
2711 763 3014 818 excitantur
3054 765 3107 818 in
3156 765 3482 820 iracundiam
3508 769 3621 839 pri-

2045 865 2245 918 mates,
2273 853 2484 922 julices
2533 863 2590 909 et
2635 853 2942 908 sacerdotes
2991 853 3256 910 idolorum
3283 896 3304 924 ,
3348 858 3621 916 ct'nimio

2039 945 2228 1000 'furore
2257 943 2500 998 succensi
2531 941 2598 996 ad
2639 941 2729 995 Dei
2759 958 2957 1012 pueros
2979 943 3214 1014 undique
3254 948 3622 1018 conveniunt;

2049 1035 2462 1105 congregatique
2489 1032 2545 1088 in
2591 1047 2755 1086 unum
2801 1031 3052 1087 dixerunt
3095 1035 3346 1103 primates
3383 1038 3446 1091 ad
3486 1054 3620 1096 eos:

2047 1124 2174 1191 Qua:
2202 1139 2297 1179 vos
2327 1131 2434 1176 tam
2474 1119 2756 1191 repentina
2801 1119 2994 1174 invasit
3026 1123 3294 1177 temerita.
3319 1125 3342 1178 ?
3365 1124 3492 1192 Quis
3527 1143 3624 1182 vos

2047 1221 2311 1293 persuasit
2351 1222 2611 1276 culturam
2658 1219 2880 1274 deorum
2929 1229 3235 1276 nostrorum
3282 1223 3623 1294 relinquere,

2046 1329 2206 1382 quam
2234 1313 2399 1367 nostri
2424 1313 2693 1381 vestrique
2717 1319 2922 1366 veteres
2943 1312 3010 1365 ab
3031 1313 3265 1382 antiquis
3294 1315 3625 1384 temporibus

2046 1405 2277 1463 coluisse
2301 1412 2613 1469 noscuntur,
2645 1401 2860 1458 decreta
2891 1403 3186 1475 principum
3218 1403 3579 1462 convcllentes
3600 1408 3626 1461 ?

2053 1493 2322 1550 Christum
2351 1533 2367 1561 ,
2395 1513 2553 1566 quem
2587 1514 2686 1570 pro
2730 1498 2841 1553 Deo
2872 1497 3138 1562 adoratis,
3173 1493 3335 1551 Judaei
3367 1496 3536 1565 ipsum
3569 1498 3625 1553 in

2047 1584 2239 1639 mortis
2263 1585 2714 1641 condemnatione
2759 1585 2902 1642 cruci
2934 1587 3234 1640 allixerunt.
3279 1584 3414 1638 Tum
3452 1586 3625 1640 sancti

2048 1674 2236 1744 repleti
2265 1674 2463 1745 Spiritu
2492 1685 2679 1732 sancto
2719 1677 2971 1731 dixerunt
3009 1677 3076 1730 ad
3107 1691 3201 1730 eos
3228 1693 3240 1727 :
3273 1671 3317 1728 Ο
3346 1675 3627 1730 dementes

370 1757 541 1811 oculis
566 1758 711 1827 prius
741 1759 1017 1813 Dominum
1048 1759 1212 1816 Demn
1240 1802 1256 1826 ,
1292 1776 1449 1830 quam
1483 1779 1580 1832 per
1603 1766 1712 1820 oris
1736 1766 1947 1822 confes-
1983 1765 2024 1822 Β
2051 1769 2104 1823 in
2159 1768 2418 1837 profunda
2469 1770 2700 1826 demersi
2753 1769 3015 1837 caligine,
3073 1769 3346 1840 perpetuis
3391 1771 3627 1825 tenebris

372 1847 576 1902 sionem
600 1847 809 1918 plenius
836 1860 1230 1918 cognoscerent
1259 1852 1618 1908 Salvatorem.

987 1982 1214 2039 CAPUT
1251 1982 1336 2039 III.

617 2091 824 2149 Erersis
849 2094 1029 2161 idolis,
1055 2095 1215 2164 ﬁdem
1243 2095 1436 2167 publice
1467 2098 1708 2170 professi.

450 2203 534 2257 Ill.
579 2199 965 2273 Perpensantes
991 2205 1220 2275 denique
1273 2208 1406 2262 infra
1445 2212 1615 2265 sancti
1645 2209 1854 2266 Gemini
1884 2213 1950 2268 de

375 2293 875 2349 roncordationibus
918 2294 1211 2361 visionum,
1263 2298 1725 2366 praedicationibus
1777 2301 1950 2356 sancti

377 2379 595 2451 Benigni
620 2397 682 2437 ac
703 2383 870 2438 beata:
897 2382 1148 2440 Leonillze
1170 2386 1498 2442 orationibus
1521 2387 1847 2444 incessanter
1871 2389 1949 2443 in-

373 2471 588 2538 structi,
609 2471 918 2540 cogitabant
945 2474 1200 2530 attentius
1220 2475 1347 2546 quid
1375 2490 1534 2545 agere
1561 2487 1948 2548 procurarent;

373 2561 740 2619 desiderantes
781 2565 940 2618 etiam
971 2573 1030 2618 ut
1069 2565 1279 2621 detersa
1324 2569 1550 2637 caligine
1581 2583 1771 2638 purum
1798 2569 1949 2625 clari-

376 2655 503 2709 tatis
529 2655 703 2711 lnmen
734 2657 787 2712 in
816 2658 929 2714 visu
953 2659 1086 2714 lucis
1131 2660 1409 2715 visibiliter
1433 2661 1947 2732 contemplarentur,

373 2755 432 2800 et
463 2745 625 2800 Deum
652 2747 827 2802 vivum
857 2756 911 2804 et
960 2764 1142 2803 verum
1191 2749 1306 2805 sine
1333 2749 1437 2805 ulla
1475 2751 1818 2820 ambiguitate
1855 2766 1951 2807 co-

375 2845 715 2901 guoscerent.
740 2835 888 2893 Tune
933 2838 1180 2892 dixerunt
1227 2839 1292 2892 ad
1328 2840 1507 2893 aviam
1561 2854 1741 2894 suam:
1775 2839 1948 2896 Indica

374 2923 531 2979 nobis
559 2924 685 2996 quid
731 2925 990 2982 faciamus
1019 2945 1032 2992 ;
1063 2935 1122 2981 ut
1158 2927 1462 2999 przcdicatio
1507 2939 1684 2984 vestra
1708 2971 1724 2996 ,
1777 2931 1950 2987 omni-

376 3016 476 3070 bus
505 3017 778 3072 erroribus
821 3017 1086 3088 ell‘ugatis,
1117 3028 1354 3074 nostram
1395 3021 1562 3090 possit
1591 3021 1852 3092 prolicere
1879 3021 1947 3077 ad

377 3106 620 3162 salutem.
645 3105 739 3162 llis
762 3107 918 3164 dictis
937 3109 1093 3164 beata
1123 3109 1360 3166 Leonilla
1383 3110 1655 3165 exsultans
1679 3111 1748 3167 de
1767 3119 1947 3167 sancta
1975 3129 2023 3192 ο

377 3196 712 3252 confessione
741 3206 991 3268 nepotum
1013 3215 1233 3253 suorum
1259 3238 1274 3264 ,
1307 3211 1362 3255 et
1387 3202 1495 3255 Deo
1525 3202 1723 3270 gratias
1744 3216 1907 3271 agens
1931 3245 1946 3268 ,

377 3283 511 3338 dixit
561 3284 629 3338 ad
678 3299 773 3340 eos
824 3301 926 3339 una
978 3287 1331 3344 cum'saucto
1383 3289 1952 3358 Benigno:Custodite

376 3387 506 3441 ergo
529 3374 708 3428 omnia
753 3382 1018 3446 pne-cepta
1045 3376 1242 3445 divina,
1287 3387 1340 3434 et
1360 3380 1560 3448 Regem
1586 3397 1768 3453 regum
1796 3383 1953 3440 Chri-

377 3478 517 3524 stum
547 3469 712 3525 Deum
737 3486 857 3527 esse
885 3473 1000 3528 sine
1019 3473 1181 3530 dubio
1207 3476 1430 3546 credite,
1450 3481 1683 3548 separati
1704 3495 1734 3534 a
1761 3479 1950 3536 nefan-

378 3561 464 3616 dis
491 3560 647 3616 idolis
672 3602 687 3628 ,
718 3563 1070 3634 vosmetipsos
1117 3565 1357 3622 Creatori
1383 3579 1562 3625 vestro
1591 3570 1701 3626 Deo
1737 3570 1946 3628 oll'erte.

380 3650 568 3707 Docuit
594 3660 772 3708 autem
800 3669 896 3708 eos
922 3665 1139 3710 sanctus
1169 3655 1435 3726 Benignus
1463 3674 1676 3716 omnem
1706 3671 1947 3718 sanctam

377 3741 696 3809 doctrinam,
719 3752 774 3797 et
803 3745 1066 3814 perfectos
1093 3747 1147 3802 in
1193 3749 1298 3803 lide
1335 3749 1532 3807 Christi
1559 3753 1949 3823 confessionem

377 3833 710 3888 credulitatis
751 3850 932 3889 veram
973 3845 1030 3891 et
1083 3838 1459 3906 manifestam,
1491 3856 1588 3911 per
1627 3844 1950 3898 inlusionem

378 3925 545 3979 sancti
597 3924 828 3994 Spiritus
851 3967 867 3992 ,
913 3933 971 3981 ut
1021 3932 1269 3998 cognovit
1307 3933 1523 3988 eosdem
1575 3935 1643 3989 ad
1689 3936 1950 4004 integrum
1997 3931 2006 3948 ⁸

378 4009 683 4079 recepisse,
713 4010 1047 4081 baptismatis
1095 4015 1260 4083 ipsius
1303 4018 1502 4086 pariter
1542 4021 1712 4086 gratia
1755 4036 1951 4079 conse-

377 4100 569 4156 cravit.
617 4100 819 4156 Deinde
859 4111 1075 4158 sanctus
1123 4103 1390 4174 Benignus
1419 4116 1447 4144 ι
1477 4108 1750 4166 Divionem
1799 4113 1954 4181 petiit

378 4203 612 4248 castrum
630 4235 646 4259 ,
679 4194 766 4248 ubi
796 4193 976 4264 plures
1004 4195 1200 4253 laboris
1239 4198 1318 4252 sui
1348 4198 1551 4254 fructus
1579 4215 1909 4271 congregans
1932 4241 1949 4268 ,

382 4300 488 4338 nou
527 4294 648 4355 post
687 4286 910 4340 multum
940 4295 1146 4357 tempus
1173 4302 1275 4356 pro
1314 4289 1496 4346 multis
1523 4293 1726 4348 meritis
1763 4293 1952 4348 condi-

380 4389 536 4442 gnam
566 4377 804 4446 martyrii
839 4393 1091 4434 coronam
1123 4382 1434 4449 promeruit.

2050 1858 2352 1912 obumbrati
2378 1897 2393 1920 ,
2424 1868 2480 1914 et
2507 1860 2670 1914 nimia
2721 1860 2923 1931 gravati
2957 1860 3097 1915 mole
3137 1867 3478 1930 peccatorum
3505 1875 3626 1929 pa:-

2051 1959 2240 2000 narum
2294 1947 2712 2002 indeflcientium
2754 1957 2925 2003 morte
2951 1957 3205 2018 perpetua
3243 1947 3626 2016 condemnati,

2051 2036 2252 2105 antiqui
2280 2037 2448 2092 hostis
2467 2053 2652 2092 errore
2682 2037 2917 2106 decepti,
2939 2037 3061 2107 quid
3092 2052 3190 2091 nos
3208 2052 3335 2091 saxa
3358 2046 3412 2091 et
3432 2030 3628 2092 caetera

2051 2126 2266 2180 tnelalla
2293 2168 2306 2193 ,
2334 2127 2384 2180 in
2415 2128 2688 2181 hominum
2714 2127 2918 2196 effigies
2938 2128 3004 2182 ab
3035 2127 3337 2182 hominibus
3362 2127 3580 2196 ﬁgurata
3607 2170 3627 2194 ,

2052 2216 2277 2271 adorare
2323 2217 2678 2286 compellitis,
2709 2232 2828 2286 qua:
2884 2216 3082 2270 nullum
3129 2216 3251 2270 vita:
3302 2217 3624 2285 spiraculum

2052 2303 2250 2358 habere
2279 2305 2557 2361 videntur?
2580 2322 2698 2376 que
2727 2307 2855 2360 nihil
2881 2313 3005 2360 sunt
3029 2347 3045 2372 ,
3073 2303 3200 2358 nihil
3230 2307 3496 2370 sentiunt,
3524 2321 3625 2375 pro

2055 2396 2221 2452 nihilo
2269 2396 2336 2451 ab
2387 2395 2563 2454 stultis
2615 2395 2834 2452 omnino
2873 2394 3144 2450 coluntur.
3185 2394 3324 2450 Deus
3369 2409 3527 2452 verus
3571 2405 3630 2452 ct

2052 2485 2204 2543 vivus
2255 2483 2415 2540 Pater
2442 2497 2497 2541 et
2526 2485 2688 2541 Filius
2731 2495 2787 2540 et
2837 2485 3064 2554 Spiritus
3105 2497 3358 2552 sanctus,
3391 2504 3524 2541 unus
3569 2488 3624 2542 in

2053 2576 2289 2632 trinitate
2318 2575 2540 2630 Deitatis
2565 2583 2619 2630 et
2647 2576 2815 2630 trinus
2846 2576 2897 2630 in
2939 2575 3233 2644 maiestatis
3270 2577 3472 2632 unitate
3499 2594 3620 2633 cre-

2054 2665 2277 2721 dendus.
2312 2663 2569 2722 Dominus
2590 2673 2772 2720 noster
2795 2664 2949 2720 Iesus
2967 2667 3209 2722 Christus
3239 2669 3351 2738 ipse
3378 2677 3459 2722 est
3480 2667 3626 2724 Deus

2053 2756 2121 2810 de
2164 2756 2306 2824 Deo,
2333 2754 2538 2809 Lumen
2586 2753 2654 2810 de
2691 2754 2926 2819 lumine,
2958 2753 3221 2825 Splendor
3265 2769 3295 2809 a
3338 2756 3627 2825 splendore

2052 2845 2350 2916 procedens
2373 2883 2389 2911 ,
2420 2844 2510 2913 qui
2539 2859 2751 2913 semper
2777 2853 2858 2900 est
2894 2859 3208 2914 semperque
3241 2845 3336 2897 luit
3360 2887 3375 2912 ,
3401 2852 3456 2899 et
3482 2858 3627 2899 sen-

2051 2949 2149 3005 per
2173 2936 2286 3006 ipse
2313 2937 2427 2990 sine
2459 2936 2564 2991 liae
2594 2936 2846 2991 manebit.
2878 2935 2996 3006 Ipse
3023 2935 3148 2990 fecit
3175 2936 3352 2991 omnia
3381 2952 3497 3007 quae
3519 2939 3628 2993 hoc

2054 3024 2108 3080 in
2136 3024 2333 3080 mundo
2355 3033 2499 3080 sunt.

2128 3114 2216 3169 I3.
2259 3114 2408 3171 Tunc
2438 3115 2669 3186 permoti
2701 3123 2828 3170 sunt
2866 3114 3118 3186 primates
3144 3115 3324 3186 pOpnli
3349 3115 3628 3184 etju-liccs

2053 3217 2111 3264 et
2157 3207 2502 3273 sacerdotes,
2557 3207 2649 3276 qui
2703 3208 2768 3261 ad
2815 3209 3176 3277 spectaculum
3223 3217 3518 3274 venerant,
3573 3208 3623 3262 in

2025 3295 2217 3374 .nimia
2249 3295 2520 3350 iracundia
2567 3303 2752 3348 contra
2781 3304 2996 3349 sanctos
3025 3295 3116 3349 Dei
3155 3294 3397 3348 famulos.
3425 3293 3629 3349 Exsur-

2053 3399 2186 3454 gens
2214 3391 2392 3438 autem
2433 3383 2736 3449 Quadratus
2785 3385 3059 3439 iracundia
3095 3386 3329 3455 repletus
3373 3386 3629 3456 Speusip-

2052 3490 2178 3546 pum
2207 3483 2263 3529 et
2307 3471 2647 3543 Eleusippum
2689 3487 2868 3543 pugno
2916 3475 3180 3543 percussit
3225 3474 3276 3529 in
3320 3475 3454 3530 facie
3498 3475 3627 3543 quia

2050 3566 2150 3637 ipsi
2171 3565 2277 3621 duo
2305 3564 2678 3620 tantumlocuti
2703 3564 2929 3620 fuerant.
2945 3565 3248 3621 Condolens
3272 3567 3631 3636 IIl-leusippus

2051 3657 2385 3724 exclamavit,
2407 3658 2620 3712 dicens:
2645 3657 2751 3712 Cur
2777 3672 2862 3712 me
2889 3659 2954 3712 de
2977 3658 3078 3712 isto
3101 3657 3453 3727 percussionis
3481 3659 3629 3712 dono

2051 3764 2173 3807 cum
2211 3748 2462 3803 fratribus
2510 3749 2641 3802 meis
2685 3763 2788 3803 non
2828 3747 2999 3801 fecisti
3040 3749 3476 3818 participem?ln
3522 3749 3631 3806 illis

2051 3836 2334 3894 ostendisti
2372 3836 2614 3902 optabile
2663 3835 2981 3905 principium
3011 3837 3270 3904 passionis
3294 3875 3309 3901 ,
3334 3851 3418 3891 me
3445 3847 3628 3891 au‘em

2050 3931 2203 4001 quasi
2239 3945 2339 4000 pro
2383 3929 2486 3983 tuis
2512 3927 2797 3983 incredulis
2826 3927 3030 3982 actibus
3067 3927 3337 3982 honoratis
3365 3943 3396 3982 a
3434 3940 3627 3983 sancto

2050 4023 2321 4079 conso:tio
2365 4019 2735 4088 sequestrasti.
2788 4017 3078 4072 Unanimes
3134 4017 3186 4072 in
3243 4018 3437 4073 Christi
3494 4033 3628 4072 con-

2052 4115 2283 4169 lesione
2329 4127 2553 4172 sumus,
2604 4109 2884 4178 quallter
2927 4123 3025 4178 per
3070 4118 3302 4162 vestram
3346 4109 3627 4178 perlilliam

2052 4203 2119 4258 de
2148 4189 2343 4256 Christi
2375 4199 2808 4255 remuneratione
2835 4198 3287 4266 congratulamttr.
3323 4197 3628 4264 Quadratus

2051 4292 2222 4347 dixit:
2261 4289 2432 4345 llodie
2473 4305 2568 4344 vos
2596 4303 2691 4358 pro
2721 4296 3034 4356 contemptu
3060 4287 3284 4342 deorum
3313 4297 3624 4342 nostrorum

2052 4381 2278 4436 diversis
2324 4378 2642 4434 cruciatibus
2688 4377 2864 4447 puniri
2904 4379 3252 4448 disponimus.
3308 4377 3628 4448 Eleusippns

453 4463 538 4516 II.
579 4464 761 4519 Sancti
815 4481 944 4522 vero
993 4469 1188 4536 gemini
1243 4470 1478 4536 fratres,
1534 4475 1834 4529 confirmati
1891 4475 1942 4530 in
1979 4470 2518 4544 Ddixit:Quantum
2561 4469 2715 4524 nobis
2769 4467 2970 4538 majora
3025 4479 3286 4524 tormenta
3333 4470 3626 4539 parabitis,

343 4601 348 4610 .
381 4553 526 4607 omni
566 4553 876 4609 credulitate
911 4557 1137 4622 Christi,
1174 4564 1344 4617 servis
1368 4564 1479 4618 suis
1505 4574 1873 4634 praeceperunt
1892 4575 1952 4622 ut

383 4642 725 4698 simulacrum
785 4643 1025 4702 Nemesis
1071 4651 1512 4722 confringerent,
1564 4665 1621 4710 et
1664 4655 1948 4712 duodecim

383 4732 600 4800 templa,
623 4747 740 4801 qua;
769 4732 820 4787 in
859 4736 1020 4789 domo
1049 4753 1236 4793 eorum
1269 4751 1425 4795 erant
1467 4745 1757 4800 constituta
1782 4783 1798 4810 ,
1830 4746 1952 4801 fun-

381 4827 523 4880 ditus
546 4833 880 4892 everterent;
911 4828 1050 4897 ipsas
1074 4829 1234 4884 etiam
1273 4831 1533 4888 idolorum
1561 4844 1764 4890 statuas
1790 4837 1947 4892 simul

387 4917 438 4970 in
489 4915 904 4973 confractionem
960 4918 1200 4973 redactas
1224 4958 1241 4982 ,
1298 4923 1538 4991 protinus
1591 4925 1944 4996 dissiparem:

385 5009 734 5076 feceruntque
768 5007 910 5062 servi
936 5010 1115 5065 omnia
1142 5024 1260 5079 quae
1287 5011 1498 5069 fuerant
1538 5031 1574 5082 a
1597 5016 1826 5074 dominis
1852 5019 1952 5074 im-

387 5109 594 5167 persta.

457 5193 545 5247 Ii.
587 5190 795 5248 Interea
843 5194 981 5248 fama
1028 5194 1191 5249 citata
1219 5211 1540 5266 percurrens
1585 5206 1814 5254 cunctos
1842 5207 1954 5254 ter-

386 5285 560 5339 minos
603 5285 836 5341 civitatis
866 5284 1168 5353 Lingonica:
1200 5291 1501 5358 peragravit
1522 5329 1538 5352 ,
1567 5291 1818 5346 nuntians
1846 5299 1955 5348 tres

385 5374 624 5441 geminos
658 5377 846 5432 fratres
891 5387 1114 5447 nepotes
1142 5379 1312 5434 beata:
1341 5378 1592 5434 Leouilla:
1615 5421 1629 5441 ,
1661 5381 1954 5438 illustribus

386 5475 534 5519 ortos
561 5469 824 5525 natalibus
843 5511 858 5537 ,
897 5472 963 5527 ad
989 5471 1182 5527 Christi
1225 5473 1422 5527 cultum
1453 5474 1750 5532 devotionis
1776 5477 1954 5532 studio

2055 4571 2206 4617 tanto
2235 4561 2467 4630 amplius
2514 4575 2613 4615 nos
2640 4563 2706 4613 de
2733 4559 2827 4614 Dei
2857 4559 3025 4627 gratia
3053 4559 3384 4615 confortatis.
3418 4559 3627 4615 Palma-

2052 4657 2159 4710 tius
2185 4655 2318 4709 dixit
2343 4671 2357 4707 :
2393 4653 2498 4708 Nisi
2528 4653 2734 4720 linguas
2762 4665 2952 4706 eorum
2981 4649 3233 4706 radicitus
3261 4661 3624 4721 amputemus,

2051 4764 2160 4803 non
2189 4747 2478 4802 cessabunt
2512 4746 2655 4815 loqui
2697 4745 2941 4815 iniuriam
2975 4753 3208 4802 nostram
3231 4787 3246 4811 ,
3269 4747 3352 4801 vel
3400 4746 3626 4801 deo:qu

2051 4847 2375 4894 nostrorum.
2439 4836 2764 4906 Speusippus
2812 4835 2990 4890 dixit:
3043 4834 3099 4890 Si
3157 4835 3359 4903 linguas
3417 4846 3628 4892 nostras

2053 4928 2338 4985 crudelitas
2366 4937 2542 4981 vestra
2571 4926 2816 4981 carnales
2847 4925 3133 4980 absciderit
3159 4963 3176 4989 ,
3199 4925 3256 4978 in
3285 4924 3630 4981 interioribus

2055 5019 2253 5076 nostris
2290 5018 2552 5086 magnalia
2583 5017 2679 5071 Dei
2704 5017 3037 5070 narrabimus
3065 5025 3120 5070 et
3139 5015 3205 5070 de
3230 5025 3415 5070 sancta
3438 5016 3630 5070 credu-

2054 5113 2204 5168 litate
2230 5110 2426 5164 Christi
2467 5125 2736 5178 nunquam
2777 5123 2875 5165 nos
2903 5108 3104 5162 malitia
3133 5118 3306 5162 vestra
3336 5108 3626 5175 separabit.

2053 5204 2249 5259 Iterum
2300 5200 2590 5254 Pslmatius
2627 5207 2684 5254 et
2727 5199 3090 5265 Hermogenes
3135 5197 3323 5252 aiunt:
3384 5197 3646 5261 Infelices,

2055 5293 2376 5350 unanimiter
2422 5290 2490 5344 ad
2541 5291 2730 5344 mortis
2778 5296 2967 5342 vestra:
3021 5288 3291 5342 interiturus
3345 5285 3626 5340 festinatis.

2058 5383 2386 5454 Speusippus
2421 5379 2593 5434 dixit:
2631 5377 2762 5433 Mori
2811 5377 2952 5431 enim
3008 5391 3106 5446 pro
3163 5374 3362 5430 Christi
3412 5377 3628 5429 nomine

2059 5474 2347 5545 gloriosum
2375 5479 2494 5536 est;
2534 5467 2658 5524 inde
2703 5465 2772 5522 ad
2814 5469 2978 5521 vitam
3006 5467 3234 5521 celerius
3254 5468 3628 5536 perveniemus

458 5597 705 5686 “'Div'io,
736 5605 932 5666 Gallice
975 5609 1156 5680 Dijon;
1208 5609 1328 5684 urbs
1367 5612 1615 5678 primaria
1658 5613 1872 5672 ducatus
1914 5611 2224 5686 Burgundio:
2246 5649 2262 5676 ,
2293 5607 2402 5678 fuse
2433 5600 2734 5658 describitur
2762 5616 2794 5653 a
2822 5598 3036 5654 Claudio
3076 5598 3298 5655 Ποίων-ιο
3322 5641 3335 5666 ,
3365 5600 3422 5654 in
3453 5597 3627 5653 Callia

387 5672 700 5729 Christiana.
