3978 6182
319 321 424 376 193

1272 314 1451 371 acra
1490 314 1588 370 ss.
1633 309 2017 387 uanrvlnuu
2058 308 2631 368 rsnceumonuu.

3504 316 3607 375 195

314 444 572 490 :rternam
595 475 611 495 ,
646 432 733 486 ubi
784 431 928 486 nulla
982 430 1200 486 tristitia
1240 439 1345 493 est,
1395 429 1491 486 sed
1545 427 1739 499 gaudia
1789 440 1912 495 quae
1941 429 1989 484 Α
2021 425 2219 494 parari.
2247 422 2549 481 Confortati
2580 435 2758 482 tamen
2790 443 2820 483 a
2844 427 3092 494 Christo,
3141 437 3200 485 ut
3242 437 3450 486 virtutis
3480 432 3616 487 tole-

317 524 467 578 nullo
490 530 738 594 tempore
771 523 1049 577 finiuntur.

939 613 1168 669 CAPUT
1207 612 1298 668 ιν.

723 704 884 759 Varie
932 706 1147 759 cruciati
1186 710 1524 759 coronantur.

390 795 479 849 14.
531 793 893 865 Videntesque
940 808 1037 849 eos
1085 792 1375 848 Dalmatius
1423 802 1479 848 et
1517 791 1824 859 Quadratus
1866 800 1923 846 et

318 887 688 953 liertnogenes
720 885 771 938 in
801 883 1005 939 Christi
1054 883 1397 940 confessione
1443 891 1920 953 constanterper-

327 979 558 1037 durare,
592 975 902 1044 cogitabant
946 975 1204 1029 attentius
1232 974 1358 1043 quid
1389 984 1638 1043 agerent,
1687 974 1770 1028 vel
1807 975 1926 1043 qui-

327 1067 428 1122 bus
453 1066 785 1134 gravissimis
814 1065 988 1136 ptenis
1016 1064 1398 1133 amigerentur,
1427 1078 1535 1133 quo
1560 1077 1758 1131 genere
1781 1080 1927 1118 mor-

314 1157 418 1213 tis.
451 1166 676 1225 propter
702 1166 727 1193 α
757 1157 1008 1210 meritum
1031 1171 1217 1210 eorum
1243 1156 1333 1224 qui
1376 1155 1708 1209 advenerant
1736 1155 1927 1212 crudo-

325 1249 542 1305 lissimo
593 1250 998 1305 damnarentur.
1055 1249 1187 1302 Dum
1233 1248 1348 1303 hmc
1384 1248 1692 1316 diligentius
1720 1262 1927 1318 pertra-

320 1346 539 1395 ctarent
562 1379 583 1407 ,
624 1339 836 1393 beatam
881 1337 1177 1392 Leonillam
1217 1353 1458 1392 seorsum
1487 1339 1551 1390 ad
1588 1352 1647 1392 se
1675 1339 1928 1393 accersiri

323 1429 679 1500 prtecipiunt,
709 1429 755 1484 si
786 1429 1009 1483 forsitan
1036 1428 1153 1499 ejus
1182 1428 1486 1492 blanditiis,
1508 1438 1562 1483 ct
1588 1428 1929 1485 suasionibus

325 1519 701 1589 parentalibus
759 1530 1017 1574 revocare
1066 1534 1164 1574 eos
1222 1518 1485 1588 potuisset
1529 1518 1597 1571 ad
1657 1518 1927 1573 culturam

320 1608 589 1672 deorum,
621 1617 681 1663 ut
700 1608 894 1663 Christi
942 1607 1241 1677 majestatis
1288 1607 1550 1662 Deitatem
1599 1622 1698 1677 per
1744 1607 1926 1662 omnia

324 1697 678 1766 denegarem.
706 1697 949 1767 Cumque
976 1698 1135 1753 beata
1177 1698 1417 1753 Leonilla
1456 1697 1523 1751 ad
1556 1698 1771 1753 eosdem
1805 1714 1927 1768 per-

2028 517 2203 570 rantia
2249 517 2507 573 divinitus
2551 520 2772 575 interius
2823 522 3151 589 ministrata,
3182 523 3235 578 in
3274 525 3617 581 confessione

1986 624 1987 627 ‘
2028 612 2085 660 et
2128 607 2448 661 credulitate
2494 607 2691 663 Christi
2738 611 2964 666 viriliter
2992 614 3376 681 permanebant
3412 633 3425 668 :
3456 627 3511 670 et
3559 618 3613 672 in

2029 696 2161 765 ipsis
2191 698 2473 752 tormentis
2500 713 2796 765 suspensus
2826 716 2946 765 cum
2980 702 3230 760 fratribus
3259 704 3619 777 Melensippus

2025 785 2644 856 jttdicibttsinsultabat,
2694 790 2924 846 dicens:
2971 790 3230 848 Dominus
3278 805 3461 851 noster
3496 798 3618 852 Sal-

2027 886 2183 933 vator
2211 877 2367 934 Jesus
2393 878 2640 936 Christus
2668 880 2835 936 cfavis
2863 882 3084 947 aflixus,
3117 883 3170 937 in
3213 883 3477 941 Trinitate
3523 866 3651 943 co-.

2027 968 2242 1036 lendus,
2274 986 2373 1039 pro
2404 981 2585 1025 nostra
2632 971 3007 1041 redemptione
3053 981 3243 1028 sancto
3281 976 3533 1044 pependit
3562 979 3613 1031 in

2028 1059 2196 1127 ligno,
2228 1060 2372 1116 unde
2396 1062 2570 1118 crucis
2595 1063 2928 1131 signaculum
2959 1063 3180 1133 adipisci
3205 1066 3613 1134 promeruimus.

2029 1150 2137 1208 Nos
2180 1167 2397 1222 quoque
2454 1163 2562 1210 tres
2602 1156 2685 1211 sui
2737 1155 2921 1209 famuli
2970 1156 3020 1209 in
3055 1171 3162 1211 uno
3193 1156 3295 1211 hoc
3323 1158 3623 1226 pendentes

2027 1242 2209 1311 stipite
2256 1258 2355 1311 pro
2398 1243 2516 1313 ejus
2553 1246 2770 1301 nomine
2814 1246 3113 1301 efticiamur
3158 1248 3381 1316 gloriosi
3417 1260 3622 1321 marty-

2028 1346 2136 1387 res.
2175 1331 2219 1384 υ
2275 1332 2489 1389 beatum
2555 1334 2785 1391 fructum
2844 1338 3014 1406 ipsius
3053 1338 3283 1403 arboris,
3340 1354 3462 1409 qua:
3513 1349 3623 1398 trcs

2029 1424 2265 1494 portavit
2294 1435 2583 1495 martyres,
2637 1426 2889 1481 trinitatis
2927 1427 3141 1482 nomine
3168 1432 3546 1485 consecratos!

2100 1520 2188 1574 17.
2219 1519 2578 1584 Videntesque
2607 1513 2702 1571 eos
2741 1516 2947 1585 judices
2992 1517 3311 1582 confortari,
3344 1536 3451 1574 non
3477 1536 3614 1576 con-

2030 1615 2229 1672 tristari
2279 1615 2330 1668 in
2370 1612 2671 1682 suppliciis,
2702 1611 2954 1666 dixerunt
3003 1611 3068 1666 ad
3107 1628 3240 1667 eos:
3273 1613 3387 1667 Non
3437 1614 3491 1667 iu
3521 1613 3623 1668 ista

2029 1708 2223 1762 arbore
2251 1706 2389 1759 sicut
2415 1718 2511 1756 vos
2539 1702 2675 1756 velle
2716 1701 2923 1767 dicitis,
2974 1701 3313 1767 moriemini,
3358 1701 3452 1756 sed
3499 1700 3625 1770 igne

325 1787 843 1849 venissetnlixerunt
871 1790 918 1841 ei
937 1786 1146 1855 judiees
1177 1804 1188 1839 :
1228 1785 1398 1856 Perge
1427 1786 1494 1840 ad
1525 1796 1748 1855 nepotes
1777 1798 2001 1865 tuos,”
2029 1799 2205 1853 ultore
2234 1793 2497 1865 peribitis.
2528 1790 2889 1860 Melettsippus
2916 1790 3110 1844 iterum
3155 1789 3512 1859 respondens,
3545 1791 3625 1843 ait

324 1889 382 1933 et
410 1882 453 1933 si
482 1894 581 1934 eos
608 1878 818 1933 salvare
848 1878 1154 1943 desideras,
1188 1888 1243 1933 et
1265 1892 1293 1931 a
1322 1892 1599 1947 pinnarum
1622 1877 1919 1947 suppliciis,

326 1972 412 2027 vel
470 1972 659 2025 mortis
702 1971 934 2025 liberare
983 1969 1458 2051 interittt.’suade‘
1498 1969 1576 2024 eis
1616 1977 1676 2023 ut
1727 1970 1923 2037 templa

327 2062 617 2116 restituant
658 2077 777 2131 quae
831 2062 1250 2127 (lectruxeruut;
1308 2062 1443 2116 deos
1477 2070 1656 2115 autem
1711 2070 1927 2116 nostros

324 2150 653 2219 adorantes,
681 2152 1154 2206 consuetudinaria
1200 2150 1430 2205 offerant
1476 2151 1769 2206 SaCl’iiiCi‘t.
1801 2151 1927 2206 Haec

325 2250 384 2294 ct
413 2242 517 2295 alia
548 2242 700 2311 plora
729 2242 1002 2309 dicentes,
1026 2242 1160 2297 dixit
1189 2241 1257 2295 ad
1301 2257 1397 2295 eos
1437 2241 1591 2295 beata
1638 2240 1874 2295 Leonilla
1909 2258 1925 2295 :

324 2332 425 2387 lbo
472 2342 527 2387 et
571 2333 809 2390 suadebo
855 2334 934 2389 eis
961 2334 1143 2389 omnia
1196 2348 1315 2403 qua:
1366 2333 1524 2388 saluti
1575 2349 1761 2389 eorum
1791 2350 1925 2389 ρου-

323 2432 549 2489 gruum.
782 2476 832 2496 _,

384 2514 469 2569 15.
503 2515 731 2571 Veniens
745 2517 974 2587 denique
993 2517 1149 2573 beata
1174 2517 1418 2573 Leonilla
1437 2516 1506 2571 ad
1531 2528 1755 2586 nepotes
1776 2536 1923 2583 suos.

322 2622 450 2660 cum
479 2608 822 2675 cognovisset
849 2624 946 2663 eos
994 2609 1045 2663 in
1094 2620 1283 2665 sancta
1335 2623 1682 2678 perseverare
1711 2611 1925 2667 confes-

321 2701 482 2754 sione
502 2741 519 2765 ,
549 2701 716 2754 multa
744 2703 949 2757 exptitit
994 2702 1357 2757 exsultatione
1416 2701 1595 2769 gavisa
1620 2740 1639 2766 ,
1684 2705 1927 2770 pradicas

323 2792 577 2847 mortibus
623 2792 801 2847 dulcia
848 2793 1069 2858 oscula,
1117 2792 1419 2863 lacrymans
1465 2808 1575 2862 prae
1611 2794 1838 2862 gaudio,
1872 2801 1927 2847 ct

322 2882 528 2936 multas
560 2883 669 2937 Deo
698 2882 1054 2954 omnipotenti
1082 2897 1270 2952 preces
1298 2880 1596 2947 effumlens,
1629 2891 1683 2935 et
1726 2884 1928 2950 giatias

330 2984 497 3038 agens
518 2970 753 3035 Christo,
786 2972 919 3026 dixit
946 2971 1232 3039 nepotibus
1260 2973 1402 3026 suis:
1428 2970 1614 3025 Nullus
1637 2971 1703 3024 de
1729 2984 1927 3039 genere

322 3070 511 3117 vestro
539 3063 791 3131 nobilior,
845 3061 1020 3116 nullus
1048 3061 1240 3126 ditior,
1284 3059 1459 3114 nullus
1486 3059 1717 3128 gratior,
1763 3042 1922 3126 quam

2028 1889 2095 1944 ad
2128 1905 2225 1942 eos
2257 1904 2271 1939 :
2308 1885 2475 1955 Major
2506 1883 2659 1936 nobis
2701 1882 2804 1935 erit
2835 1878 3176 1934 beatitudinis
3218 1883 3619 1948 augmentatio,

2027 1980 2073 2034 si
2102 1994 2197 2049 per
2225 1979 2401 2046 ignem
2439 1974 2650 2045 probati
2694 1973 3065 2027 transierimus
3111 1972 3177 2025 ad
3224 1972 3421 2037 Deum,
3469 1982 3525 2027 et
3552 1974 3623 2027 de

2031 2068 2265 2123 tenebris
2292 2081 2409 2148 'per
2456 2065 2597 2118 hunc
2651 2062 2826 2129 ignem
2875 2069 3190 2131 perpetuam
3231 2064 3510 2116 veniamus
3550 2063 3618 2115 ad

2030 2158 2227 2212 lucem.
2286 2156 2421 2209 Tum
2459 2153 2690 2221 denique
2723 2150 2960 2219 iudices,
3021 2164 3240 2220 propter
3285 2158 3486 2204 metum
3526 2151 3625 2219 qui

2030 2248 2254 2301 aderant
2284 2245 2625 2314 populorum,
2648 2241 2787 2309 ligna
2824 2247 2879 2293 et
2903 2239 3109 2309 reliqua
3139 2254 3258 2307 qua:
3282 2240 3459 2295 solent
3486 2238 3623 2295 focis

2031 2338 2360 2397 incrementa
2414 2332 2655 2401 prtebere
2693 2330 3020 2399 expediunt,
3071 2338 3125 2383 et
3181 2330 3318 2399 ignis
3370 2329 3627 2400 eoi-ipsus

2030 2427 2359 2483 accenditur.
2393 2424 2593 2493 Ligatis
2634 2424 2879 2477 manibus
2928 2431 2984 2476 et
3031 2422 3274 2491 pedibus,
3302 2433 3475 2478 sancti
3513 2422 3618 2477 Ce-

2030 2521 2158 2574 mini
2189 2522 2238 2585 in
2271 2519 2445 2588 ignem
2488 2515 2905 2586 praecipitantur.
2938 2512 3120 2567 Adfuit
3157 2513 3401 2568 Christus
3427 2513 3618 2568 Salva-

2031 2619 2115 2665 tor
2154 2612 2205 2664 iu
2263 2610 2460 2673 medio,
2511 2617 2568 2661 et
2618 2604 2871 2673 disruptis
2892 2604 3118 2657 vinculis
3142 2604 3314 2659 sancti
3355 2615 3620 2675 martyres

2028 2705 2393 2773 gloriabuntur
2442 2702 2492 2755 io
2542 2700 2699 2768 igne,
2745 2707 2801 2753 et
2831 2697 3032 2751 nuilum
3075 2696 3141 2751 de
3169 2696 3245 2750 eis
3271 2696 3618 2765 contingebat

2028 2797 2182 2850 iucen
2209 2796 2351 2849 .ium.
2400 2792 2444 2846 0
2486 2792 2674 2847 beatus
2712 2791 2849 2859 ignis
2894 2788 2987 2858 qui
3039 2794 3245 2842 tantum
3298 2786 3324 2825 ιι
3355 2788 3618 2857 originale

2028 2887 2271 2958 purgavit
2301 2894 2578 2956 peccatum
2605 2892 2660 2938 et
2684 2882 2884 2936 nullout
2927 2880 2981 2934 in
3011 2887 3323 2933 sanctorum
3360 2880 3616 2934 membris

2027 2976 2392 3031 diminutionis
2433 2973 2682 3028 incendio
2712 2972 2893 3026 intulit
2938 2968 3347 3025 detrimentum!
3398 2967 3615 3034 Adjuvit

2031 3070 2209 3141 potius
2235 3068 2368 3136 ignis
2398 3077 2632 3128 sanctos,
2660 3080 2755 3133 per
2794 3077 2954 3133 quem
2999 3076 3200 3116 nocere
3228 3061 3477 3116 voluitet
3505 3077 3619 3117 non

324 3166 446 3216 vos,
473 3152 525 3206 in
552 3151 765 3207 Christo
788 3151 1080 3206 invenitur.
1107 3148 1331 3204 Omnem
1359 3148 1667 3218 progeniem
1688 3156 1921 3201 vestram

2032 3161 2205 3231 potuit
2231 3159 2493 3213 inimicus.
2528 3156 2670 3224 Ignis
2708 3156 2773 3209 ab
2820 3153 3108 3208 incredulis
3136 3154 3313 3207 acrius
3358 3153 3611 3208 incende-

322 3239 581 3312 prazciara
606 3237 941 3294 confessione
969 3237 1168 3293 Christi
1194 3235 1575 3307 perpetualiter
1599 3234 1920 3288 illustrastis.

322 3332 381 3385 in
418 3339 599 3385 tenera
628 3340 787 3386 :etate
824 3332 985 3401 positi
1029 3338 1253 3384 cunctos
1302 3329 1545 3384 seniores
1584 3327 1801 3395 originis
1832 3343 1925 3383 ve-

321 3432 455 3475 stra:
495 3420 757 3489 sapientia
807 3418 1176 3491 prmcessistis.
1226 3417 1557 3472 Thcsaurnm
1604 3416 1923 3469 immensum

320 3513 449 3581 plus
497 3510 643 3565 omni
672 3513 843 3581 pretio
882 3510 1160 3580 cepiosum
1191 3524 1288 3579 per
1325 3506 1523 3562 Christi
1554 3505 1799 3560 militiam
1833 3522 1923 3560 ac-

319 3600 581 3670 quisistis.
635 3599 820 3654 Estote
874 3614 1003 3669 ergo
1054 3601 1106 3653 in
1164 3606 1348 3653 sancta
1404 3596 1602 3651 Christi
1659 3597 1922 3665 religione

321 3688 554 3742 viriliter
578 3696 1005 3757 perseverantes.
1038 3687 1188 3741 Nulla
1221 3701 1321 3740 vos
1365 3685 1568 3755 frangat
1601 3684 1920 3749 adversitas,

320 3778 487 3832 nullze
529 3778 717 3844 utimr,
776 3776 918 3831 nulla
969 3785 1358 3831 tormentorum
1409 3774 1667 3844 supplicia
1714 3783 1922 3828 vestros

320 3878 565 3924 terreant
605 3870 814 3923 animos
854 3868 1064 3922 fortiter
1094 3869 1145 3923 in
1173 3869 1204 3920 fi
1227 3871 1275 3922 le
1300 3867 1497 3922 Christi
1526 3874 1781 3922 armatos.
1818 3865 1921 3919 lie-
1960 3917 1964 3923 .

320 3974 427 4029 gua
455 3961 615 4029 hujus
637 3960 821 4015 mundi
843 4000 859 4026 ,
886 3976 1004 4031 quae
1030 3961 1310 4025 videntur,
1339 3946 1535 4015 etcum
1566 3958 1674 4013 vita
1706 3964 1921 4025 tempo-

321 4051 510 4105 raliter
569 4050 852 4117 liniuntur,
906 4051 1034 4104 nihil
1094 4057 1221 4103 sunt
1280 4067 1295 4102 ε
1343 4062 1568 4117 regnum
1622 4046 1765 4100 enim
1826 4045 1919 4098 Dei

322 4142 594 4197 invisibile
662 4149 719 4195 et
770 4141 1157 4210 sempiternum
1215 4140 1600 4206 concupiscere
1660 4146 1919 4206 perpetua

319 4242 432 4295 est,
474 4242 637 4303 atque
687 4234 920 4303 perlecta
964 4243 1020 4288 et
1071 4248 1233 4303 super
1276 4231 1455 4286 omnia
1497 4241 1797 4300 Opportuna
1833 4245 1921 4283 sa-

322 4325 537 4392 pientiae
589 4324 886 4393 plenitudo.
932 4322 1035 4377 Per
1085 4322 1185 4378 hos
1245 4323 1571 4392 temporales
1615 4322 1828 4376 labores
1867 4329 1923 4373 ct

320 4414 502 4467 subito
547 4414 879 4467 transitorias
924 4428 1113 4483 ptenas
1140 4413 1205 4467 ad
1256 4422 1454 4467 aeterna
1485 4412 1676 4479 gaudia
1728 4426 1919 4482 perve-

322 4506 501 4558 nietis.
535 4504 731 4559 Videas
760 4506 940 4575 itaque
970 4521 1065 4559 eos
1094 4506 1284 4575 plenos
1306 4505 1490 4571 gratim
1518 4503 1717 4557 Christi
1745 4505 1795 4557 in
1824 4518 1920 4557 sua

323 4598 616 4653 stabilitate
644 4614 864 4653 manere
892 4609 947 4654 et
970 4600 1288 4670 promissam
1324 4599 1480 4654 fidem
1506 4598 1717 4653 fortiter
1745 4614 1927 4654 serva-

324 4704 412 4752 re,
443 4688 555 4740 Deo
574 4690 958 4746 commendans
985 4705 1106 4744 cum
1138 4690 1343 4759 integra
1364 4690 1651 4747 devotione
1680 4698 1925 4759 nepotes,

326 4778 577 4835 discessit
605 4780 672 4834 ab
715 4781 819 4834 eis.
1714 4826 1727 4835 ν

395 4868 483 4921 16.
507 4869 828 4940 Interrogati
858 4880 1037 4926 autem
1069 4886 1099 4925 a
1139 4869 1412 4939 iudicibus
1449 4869 1495 4926 si
1546 4870 1747 4925 vellent
1792 4886 1924 4927 con-

324 4962 533 5016 sentire
575 4961 655 5015 eis
698 4968 757 5015 et
797 4961 1019 5017 deorum
1048 4961 1331 5017 simulacra
1380 4962 1589 5032 publica
1622 4977 1751 5016 voce
1786 4977 1923 5016 con-

327 5051 501 5117 titeri;
532 5065 665 5120 ergo
711 5066 834 5106 cum
881 5052 955 5107 illi
1001 5053 1259 5122 pertinaci
1317 5051 1579 5109 sententia
1621 5052 1672 5105 in
1723 5050 1922 5106 Christi

326 5157 513 5198 amore
551 5144 935 5214 persiste-rent,
965 5153 1021 5200 et
1051 5144 1359 5199 nullatenus
1400 5143 1699 5198 voluissent
1735 5157 1924 5198 assen-

326 5248 445 5286 sum
499 5234 743 5304 prtehere
791 5236 1135 5306 petentibus,
1197 5215 1372 5303 ligatis
1400 5249 1609 5289 sursum
1656 5234 1923 5300 manibus,

330 5324 552 5392 pedibus
576 5340 708 5380 vero
737 5325 1013 5392 deorsum,
1040 5326 1093 5380 in
1124 5326 1320 5381 arbore
1347 5341 1453 5380 una
1480 5322 1723 5393 suspensi
1753 5334 1879 5379 sunt
1905 5343 1917 5380 :

332 5419 482 5468 tanta
516 5429 648 5471 vero
690 5425 1083 5472 tormentorum
1140 5416 1520 5474 adinventione
1566 5417 1811 5483 extensi,
1860 5427 1920 5471 ut

330 5517 470 5574 pene
496 5514 815 5574 putaremur
839 5509 911 5563 ab
955 5508 1075 5578 ipsa
1118 5508 1481 5563 membrorum
1520 5520 1781 5576 compage
1828 5522 1919 5563 se-

404 5638 557 5711 ?!s.
602 5641 804 5711 Ripot.,
852 5654 1040 5698 metum
1086 5643 1411 5699 Judtrorum.

399 5708 426 5747 ιο
465 5708 753 5778 Quomodo
814 5715 1068 5785 originale
1128 5716 1364 5785 purgavit
1411 5721 1704 5785 peccatum,
1748 5712 1927 5780 sijam-

316 5790 454 5839 ante
480 5792 632 5836 erant
661 5798 691 5836 a
719 5783 1156 5855 sanctilteuiguo
1186 5783 1497 5853 baptizato?
1532 5783 1657 5840 fltec
1685 5799 1752 5838 ex
1774 5785 1920 5854 prio-

2028 3251 2208 3316 batur,
2238 3257 2295 3301 ut
2319 3259 2628 3302 sanctorum
2652 3258 2882 3313 corpora
2910 3242 3026 3296 sine
3046 3256 3198 3296 mora
3225 3241 3613 3296 comburerent-

2028 3351 2114 3398 tur
2141 3360 2154 3395 :
2180 3340 2275 3395 sed
2298 3352 2560 3394 conversa
2592 3334 2953 3390 misi-ricordia
2975 3333 3161 3386 divina
3184 3333 3235 3387 in
3259 3332 3470 3400 melius,
3490 3333 3615 3387 inde

2025 3435 2225 3490 sa:.ctis
2266 3434 2445 3487 lumen
2490 3426 2920 3497 inexstingnibiie
2967 3426 3308 3497 praeparavit.
3359 3425 3612 3480 Flamma:

2026 3528 2277 3582 ardentes
2326 3524 2486 3579 altius
2522 3520 2746 3576 elevata:
2788 3528 2943 3584 sunt;
2998 3518 3090 3572 sed
3150 3517 3346 3572 Christi
3397 3518 3613 3586 opilicio

2025 3617 2340 3672 famulantes
2368 3623 2678 3668 sanctorum
2710 3608 3031 3678 praecipuam
3082 3606 3309 3673 gloriam
3357 3604 3612 3659 ostende-

2024 3709 2172 3770 bant,
2201 3720 2320 3775 qum
2346 3705 2603 3759 damnose
2623 3717 2652 3756 a
2681 3697 3112 3770 persecutoribus
3142 3704 3451 3768 prceparata:
3490 3696 3609 3750 fue—

2024 3810 2147 3855 rant
2171 3799 2243 3853 ad
2268 3799 2497 3853 ruinam.
2546 3795 2687 3865 Ignis
2714 3792 2785 3847 ad
2825 3798 3133 3847 sanctorum
3158 3788 3398 3843 membra
3426 3802 3613 3842 consu-

2023 3892 2216 3947 menda
2247 3890 2385 3944 vires
2408 3889 2652 3958 pr0prias
2675 3884 2871 3939 habere
2896 3897 3000 3935 non
3018 3880 3210 3950 potuit,
3238 3879 3492 3948 quoniam
3517 3877 3573 3931 D-
3596 3879 3611 3932 i

2021 3984 2265 4056 potentia
2317 3995 2571 4054 raperent
2620 3977 2817 4034 caloris
2857 3990 2956 4046 pro
2988 3974 3102 4029 suis
3147 3972 3349 4027 sanctis
3400 3971 3614 4042 pictatis

2022 4076 2199 4130 studio
2244 4072 2578 4142 temperavit.

2096 4163 2183 4217 18.
2241 4163 2497 4217 Viderunt
2541 4159 2687 4229 impii
2731 4166 2787 4213 ct
2838 4157 3003 4226 iniqui
3057 4161 3431 4225 persecutores
3474 4151 3616 4207 inter

2024 4252 2310 4308 immensas
2357 4251 2599 4306 flammas
2658 4248 2925 4304 exsultare
2977 4255 3195 4301 satutos
3248 4242 3504 4297 Geminos
3557 4248 3615 4295 et

2025 4359 2372 4417 perseverare
2401 4343 2616 4405 illaesos,
2665 4356 2800 4410 quos
2830 4344 3150 4410 putaverunt
3181 4342 3330 4387 tanto
3356 4333 3611 4387 incendio

2024 4439 2204 4492 Subito
2260 4434 2441 4488 videre
2493 4439 2866 4499 consmnptos.
2925 4424 3243 4479 Ambulandi
3301 4423 3501 4478 sanctis
3559 4424 3614 4478 itt

2020 4527 2153 4594 igne
2180 4533 2256 4578 est
2284 4539 2314 4578 a
2344 4522 2556 4577 Christo
2588 4518 2842 4589 permissa
2870 4516 3104 4577 licentia,
3136 4521 3195 4567 ut
3225 4513 3398 4583 major
3426 4528 3613 4568 accre-

2030 4628 2205 4673 sceret
2235 4613 2522 4671 incredulis
2551 4609 2802 4682 mysteria
2844 4608 3019 4660 divina
3051 4605 3354 4660 videntibus
3383 4605 3452 4660 de
3478 4621 3613 4659 con-

2028 4709 2239 4764 fusione
2266 4705 2499 4761 tristitia.
2552 4702 2868 4756 Delccerunt
2914 4699 3093 4764 itaque
3143 4696 3283 4765 ligna
3330 4705 3387 4749 et
3433 4696 3613 4748 omnia

2028 4799 2227 4867 ignium
2256 4797 2605 4851 incrementa.
2640 4790 2821 4846 Sancti
2847 4805 2975 4844 vero
2996 4786 3230 4854 Cetuini,
3249 4784 3617 4843 deficientibus

2028 4888 2274 4953 “animis,
2333 4886 2385 4939 in
2432 4884 2612 4938 meJio
2660 4890 2886 4947 stantes,
2939 4888 3342 4951 perseeutorum
3382 4876 3621 4932 malitias

2027 4980 2354 5041 irridebant,
2383 4976 2621 5030 dicentes
2651 4991 2665 5033 :
2696 4972 2829 5027 Data
2857 4981 2939 5026 est
2963 4971 3120 5025 nobis
3161 4969 3204 5023 si
3247 4969 3516 5030 Volumus,
3546 4968 3617 5023 de

2027 5069 2276 5143 przesenti
2306 5068 2371 5123 ad
2393 5067 2661 5123 Christum
2689 5064 2950 5134 migrandi
2983 5071 3251 5131 potestas;
3283 5068 3339 5114 et
3366 5060 3411 5114 si
3439 5057 3617 5113 adhuc

2030 5176 2053 5205 ε
2080 5165 2161 5219 de,-
2178 5163 2446 5218 ideramus
2463 5200 2479 5225 ,
2514 5166 2703 5214 vestrm
2727 5155 3011 5211 dementia:
3037 5155 3277 5208 viventes
3304 5150 3357 5206 in
3384 5150 3488 5205 hoc
3514 5162 3619 5203 sa:-

2026 5257 2150 5313 cule
2179 5255 2435 5311 insultare
2462 5266 2776 5307 concessum
2807 5257 2909 5304 est.
2958 5247 3090 5301 Nam
3132 5244 3286 5300 nobis
3314 5243 3508 5297 melius
3532 5248 3616 5295 est

2026 5348 2091 5401 ad
2119 5347 2234 5417 ejus
2261 5345 2446 5415 epulas
2477 5343 2729 5398 festinare
2757 5341 2843 5394 ubi
2869 5338 3131 5393 feneratio
3160 5352 3266 5391 non
3295 5333 3475 5389 deficit
3504 5333 3612 5386 lar-

2027 5438 2233 5505 gitoris.
2268 5434 2394 5489 Post
2417 5433 2650 5502 sopitum
2679 5432 2857 5499 ignem
2882 5445 3004 5485 cum
3030 5425 3289 5483 increduli
3310 5425 3377 5478 ad
3398 5432 3619 5480 sanctos

2028 5528 2122 5584 Dei
2160 5526 2417 5581 Geminos
2445 5524 2654 5578 eminus
2682 5522 3225 5592 appmpinquassent,
3271 5516 3445 5575 nullas
3467 5515 3618 5571 solli-

2027 5639 2177 5696 ribus
2225 5636 2373 5691 Actis
2438 5634 2710 5704 transtulit
2754 5630 3171 5704 Warnabarius,
3218 5645 3318 5687 nec
3362 5628 3619 5704 expendit

2029 5724 2149 5782 quae
2178 5716 2302 5782 ante
2316 5706 2397 5782 de
2429 5720 2628 5782 eorum
2649 5703 2911 5771 baptismo
2957 5702 3292 5758 attexuissct.

2106 5790 2128 5819 ⁸
2171 5778 2285 5833 Alia
2315 5776 2473 5841 3155.,
2506 5771 2865 5829 deliberamus.
