3978 6182
354 313 456 369 195

1601 303 1848 360 SANCTI
1889 297 2338 357 \VAIINMIARII

3505 292 3606 350 106

349 429 440 485 citi
470 433 755 496 potuerunt
782 419 964 478 videre
992 421 1069 475 in‘
1091 419 1349 476 membris
1392 425 1699 473 sanctorum
1730 416 1802 469 de
1844 415 1926 469 in-
1953 419 1999 474 Λ
2027 411 2372 466 Geminorum
2403 411 2643 481 martyrii
2671 409 3204 470 consummationem,
3233 415 3415 476 spreto
3444 409 3607 462 mari-

348 519 538 572 cendio
565 516 858 569 cicatrices.
891 513 997 568 Sed
1028 523 1081 566 ut
1108 512 1277 580 major
1300 527 1402 564 non
1429 509 1580 563 fieret
1609 508 1922 562 desideran-

350 607 490 661 tibus
514 620 660 657 mora
693 603 952 672 martyrii,
976 611 1032 656 et
1061 613 1118 655 ιιι
1141 608 1467 670 praeparatas
1488 598 1686 653 dudum
1707 598 1916 650 innitar-

345 694 623 749 ccscibiles
679 687 790 760 jam
843 692 1148 760 acciperent
1195 705 1223 742 a
1289 689 1504 744 Christo
1547 697 1924 743 remunerante

345 797 594 848 coronas,
635 781 872 837 videntes
918 781 1114 836 choros
1149 791 1174 816 ι
1215 779 1526 846 angelorum
1563 778 1628 831 ad
1681 792 1738 830 se
1778 779 1924 831 exci-

346 873 567 942 piendos
605 883 660 926 et
689 881 813 925 ante
841 872 1026 925 oculos
1071 885 1257 923 eorum
1289 879 1464 923 astare
1495 876 1710 936 paratos
1737 883 1751 932 ;
1799 875 1925 921 tunc

342 966 599 1019 continuo
641 963 918 1016 ﬂectentes
939 975 1108 1028 genua
1137 961 1188 1014 in
1229 969 1368 1014 terra
1388 1000 1402 1021 ,
1447 960 1499 1013 in
1529 959 1772 1012 oratione
1800 971 1923 1026 pro-

342 1055 520 1117 strati,
551 1052 692 1106 felici
723 1052 924 1105 Christi
947 1051 1268 1104 evocatione
1297 1050 1502 1104 invitati
1527 1090 1542 1115 ,
1582 1057 1825 1102 sanctum
1847 1048 1922 1100 si-

343 1145 451 1198 mul
482 1143 723 1197 ellla‘ntes
751 1142 1030 1211 Spiritum,
1086 1141 1287 1210 pariter
1331 1141 1591 1209 migrasse
1634 1145 1925 1193 noscantur

342 1233 407 1285 ad
454 1232 646 1286 cmlos.

418 1321 503 1374 19.
541 1323 724 1376 Delata
755 1328 881 1374 sunt
909 1325 1090 1374 autem
1138 1332 1364 1387 corpora
1393 1332 1580 1373 eorum
1609 1330 1672 1370 ac
1715 1314 1924 1383 sepulta

342 1430 370 1468 a
402 1415 609 1470 devotis
648 1415 699 1468 in
731 1412 757 1450 δ
789 1413 1028 1469 secundo
1060 1412 1305 1466 milliario
1335 1413 1403 1466 ab
1453 1413 1582 1466 urbe
1614 1411 1920 1479 Lingonica,

344 1505 394 1557 in
427 1506 545 1559 vico
573 1505 660 1572 qui
695 1514 917 1558 vocatur
946 1502 1196 1566 Urbatus,
1223 1503 1309 1555 ubi
1332 1520 1388 1556 se
1408 1501 1526 1555 dum
1555 1502 1926 1556 vimmaximm

349 1595 557 1649 sociant
587 1603 642 1648 et
679 1594 796 1648 aliae
826 1601 952 1648 ante
980 1593 1076 1646 has
1103 1607 1134 1646 a
1182 1592 1391 1646 diversa
1422 1601 1574 1661 parte
1600 1607 1660 1647 se
1700 1589 1923 1660 subjun-

341 1691 473 1751 gunt
505 1701 517 1736 :
549 1692 607 1738 ut
637 1684 705 1738 ibi
736 1692 794 1738 et
821 1683 1070 1751 expedita
1101 1683 1388 1737 voluntatis
1412 1681 1655 1747 devotio,
1687 1694 1742 1736 et
1767 1681 1922 1735 vian-

343 1878 515 1931 quens
545 1862 682 1917 adsit
711 1863 1060 1932 populorum,
1091 1871 1144 1915 et
1172 1861 1238 1914 ad
1267 1876 1452 1916 eorum
1483 1861 1714 1931 nudique
1743 1861 1926 1916 limina

342 1955 408 2008 ad
437 1955 733 2008 orationem
763 1952 1064 2008 concursio.
1089 1952 1441 2020 Ihiqueetiam
1459 1951 1714 2021 quidquid
1734 1951 1928 2008 devote

342 2050 652 2111 precantur,
687 2041 909 2096 obtentu
937 2050 1245 2096 sanctorum
1284 2054 1661 2108 germanorum
1688 2041 1928 2109 quotidie

344 2131 454 2185 Deo
479 2131 756 2199 largiente,
792 2138 1108 2200 pta-statur:
1136 2129 1427 2183 sanitatum
1451 2128 1647 2182 ibidem
1674 2129 1926 2197 suffragia

342 2235 439 2290 per
464 2221 681 2275 eosdem
710 2220 892 2274 sedule
940 2218 1330 2273 infirmantibus
1351 2219 1716 2273 ministrantur
1742 2236 1754 2271 :
1789 2234 1926 2274 mm-

343 2309 581 2364 rentibus
606 2307 1015 2364 confoutationis
1049 2306 1346 2362 consolatio
1382 2307 1501 2361 sine
1542 2321 1692 2360 tnora
1733 2321 1927 2362 concc—

341 2399 514 2463 ditur,
553 2408 609 2452 et
638 2398 946 2470 prmcipuus
973 2397 1114 2452 circa
1165 2395 1440 2451 basilicam
1492 2411 1676 2448 eorum
1713 2409 1928 2463 semper

342 2488 553 2542 additur
581 2487 754 2543 cultus
783 2495 836 2540 et
879 2501 1042 2557 opum
1087 2485 1306 2554 largitas
1348 2485 1403 2540 in
1431 2484 1622 2540 melius
1659 2497 1693 2538 a
1720 2483 1927 2541 devotis

342 2582 581 2651 quotidie
619 2580 926 2650 ampliatur.

978 2670 1207 2726 CAPUT
1245 2671 1310 2725 V.

708 2761 835 2815 Avia
863 2761 1052 2831 aliique
1078 2761 1286 2814 comites
1313 2761 1570 2831 ntartyrii.

411 2848 502 2904 20.
531 2849 664 2903 lllud
689 2850 849 2905 etiam
879 2851 1214 2906 rationaliter
1232 2851 1481 2919 congruit
1508 2850 1924 2918 adnectendum,

343 2941 486 3008 quod
516 2943 580 2994 ad
613 2938 824 2997 laudem
855 2948 1168 2998 sanctorum
1213 2938 1561 2995 Geminorum
1606 2940 1923 3009 augendam,

343 3034 446 3096 vel,
475 3034 676 3088 cultum
699 3035 971 3104 religionis
997 3030 1330 3105 dignoscitur
1357 3031 1646 3109 pertinere,
1679 3047 1804 3092 nam
1832 3048 1928 3101 per

345 3135 796 3223 eorutnsanctain
845 3130 1254 3223 acquisitionem
1303 3145 1555 3186 numerus
1604 3142 1679 3186 est
1721 3133 1923 3202 tnarty-
1951 3144 1995 3212 ρ
2027 3161 2100 3223 οε

346 3227 494 3277 rum,
545 3217 837 3286 inspirante
895 3220 1038 3285 Deo,
1087 3221 1394 3292 ampliatus.
1451 3223 1649 3278 Videas
1695 3224 1927 3293 denique

347 3306 538 3361 .lonilla
582 3310 826 3377 quatdam
875 3312 1069 3368 mulier
1120 3323 1229 3368 tam
1277 3316 1568 3385 pretiosam
1614 3325 1921 3372 sanctorum

415 3437 670 3519 “‘rl’ctrus
700 3440 766 3496 de
815 3441 1012 3519 Natal"
1041 3443 1274 3519 __l_’isique
1319 3457 1440 3500 sunt
1479 3449 1651 3519 angeli
1679 3464 1792 3503 cum
1815 3449 1927 3503 luce

349 3508 712 3584 "mancorum
740 3513 942 3584 animos
956 3508 1287 3584 colligentes.

422 3586 444 3612 ι·
486 3578 612 3652 Mss.
647 3581 918 3652 Martyrol.
950 3578 1145 3651 Brugt,
1175 3586 1229 3638 in
1271 3602 1395 3640 uno.

427 3657 448 3684 ε
489 3650 768 3704 Sausmius
787 3650 842 3706 in
871 3650 1254 3724 Supplementa
1300 3655 1575 3729 Martyrol.
1617 3654 1930 3714 Gallicaui9

2029 501 2120 555 tali
2146 495 2440 562 consortio.
2469 501 2673 570 parvuli
2696 509 2749 554 et
2778 501 2916 554 unici
2947 500 3036 552 lilii
3067 499 3278 552 dulcem
3299 497 3605 566 relinquent

2027 591 2358 661 amplexum,
2405 592 2543 645 inter
2587 589 2884 643 incredulas
2932 592 3115 644 tu.bas
3143 587 3318 642 adhuc
3347 587 3397 640 in
3428 602 3602 656 perse-

2027 684 2257 737 cutionis
2286 683 2478 738 ardore
2505 692 2801 737 commotas
2821 721 2836 747 ,
2866 682 3036 736 veloci
3082 696 3241 736 cursu
3290 695 3604 750 properans,

2027 773 2350 827 enlamavit
2374 773 2558 828 dicens
2584 789 2596 825 :
2633 775 2696 825 lit
2723 786 2822 840 ego
2852 771 3044 826 Chri~ti
3079 771 3268 824 ancilla
3295 785 3434 835 sum,
3460 769 3610 823 (utri.

2026 866 2166 914 stum
2194 860 2360 915 Deum
2398 859 2573 914 vanm
2619 871 2676 915 et
2713 875 2895 914 verum
2941 860 3058 913 sine
3106 859 3213 912 ulla
3260 857 3610 925 ambiguitate

2027 951 2314 1018 pronuntio
2347 967 2361 1003 :
2394 951 2532 1004 idola
2563 959 2736 1004 vestra
2768 949 3119 1018 ignominiosa
3147 955 3203 1001 et
3223 961 3358 1001 vana
3387 947 3611 1000 omnino

2027 1043 2254 1094 atorare
2297 1040 2555 1109 despicio.
2589 1039 2682 1095 llis
2707 1040 2883 1104 dictis,
2923 1039 3177 1094 continuo
3218 1037 3605 1114 comprehensa

2027 1142 2128 1196 est,
2160 1141 2216 1186 et
2243 1142 2464 1202 pr0pter
2488 1142 2688 1187 metum
2717 1133 3177 1187 circumstantium
3225 1129 3543 1200 populorum
3573 1145 3606 1184 a

2027 1221 2232 1289 capillis
2284 1237 2541 1291 su~pensa
2596 1232 2678 1277 est
2729 1222 3018 1292 multisque
3077 1220 3606 1300 afﬂicta-suppliciis,

2027 1326 2148 1367 cum
2191 1311 2461 1367 Christum
2511 1327 2708 1382 negare
2753 1324 2942 1370 coacta
2979 1313 3283 1369 nullatenus
3330 1314 3605 1378 voluisset,

2026 1419 2134 1458 una
2181 1420 2303 1459 cum
2348 1404 2516 1459 Beata
2569 1404 2808 1460 Leonilla
2839 1407 2958 1461 avia
3003 1413 3308 1461 sanctorum
3333 1407 3401 1460 ad
3430 1406 3605 1460 locum

2026 1491 2252 1548 deducta
2284 1493 2547 1564 martyrii,
2575 1493 2660 1547 ad
2709 1503 3067 1548 memoratum
3113 1494 3289 1549 vicum
3352 1493 3607 1548 Urbatum

2027 1597 2058 1636 a
2088 1584 2519 1652 persecutoribus
2565 1583 2766 1652 pariter
2789 1583 2966 1653 gladio
3013 1592 3139 1638 sunt
3164 1592 3455 1653 perenipue
3488 1594 3534 1637 ι’.

2096 1691 2186 1747 21.
2217 1692 2365 1748 Neon
2395 1707 2610 1764 quoque
2638 1702 2893 1764 exceptor
2940 1703 3103 1763 gestae
3142 1693 3299 1763 hujus
3343 1694 3416 1748 rci
3446 1701 3608 1763 atque

226 1851 243 1860 α
343 1783 475 1827 ιίιιιιι
504 1781 804 1842 opportuna
835 1773 966 1826 satis
994 1771 1273 1840 subjuncta
1321 1771 1535 1827 collatio
1581 1787 1793 1841 semper
1818 1772 1924 1828 fre-

2037 1781 2284 1851 scriptor,
2317 1781 2536 1837 tradens
2565 1783 2778 1837 turboni
2809 1781 3068 1846 codicem,
3099 1789 3237 1837 mter
3261 1782 3463 1836 medias
3493 1791 3607 1836 tur-

2027 1872 2123 1928 bas
2151 1882 2549 1942 persecutorum
2579 1874 2876 1944 ingressus,
2916 1875 3139 1944 cupiens
3164 1883 3468 1929 sanctorum
3497 1872 3605 1926 Ce-

2028 1965 2290 2019 tninorutn
2337 1966 2536 2020 militi-.e
2563 1965 2884 2021 beatissima:
2911 1965 3138 2029 sociari,
3181 1964 3379 2019 Christi
3409 1978 3606 2018 nomen

2026 2055 2301 2111 confessus
2339 2065 2441 2112 est.
2494 2056 2596 2123 Qui
2641 2057 2784 2112 illico
2836 2071 2867 2110 a
2907 2055 3340 2126 persecutoribus
3385 2055 3609 2109 diversis

2026 2147 2298 2217 suppliciis
2344 2147 2603 2212 afﬂictus,
2657 2155 2713 2201 et
2769 2146 2874 2200 vita
2924 2145 3204 2215 temporali
3256 2143 3604 2212 exspoliatus,

2027 2237 2284 2306 martyrio
2309 2237 2564 2292 continuo
2593 2235 2789 2291 meruit
2819 2235 3094 2292 honorari.
3149 2233 3364 2288 Turbon
3395 2246 3609 2301 quoque

2027 2343 2135 2382 non
2166 2336 2289 2397 post
2315 2329 2539 2383 multum
2583 2327 2874 2397 temporis,
2906 2326 3149 2381 doctrina
3180 2325 3607 2380 beatissimorum

2026 2402 2384 2471 Geminorum
2433 2414 2670 2486 perfecte
2715 2416 3038 2483 instructus,
3089 2430 3119 2469 a
3179 2429 3212 2485 p
3248 2414 3610 2469 rsecutorihus

2025 2514 2248 2575 captus,
2278 2515 2332 2562 et
2374 2507 2488 2576 ipse
2530 2505 2771 2576 martyrii
2800 2515 2880 2561 est
2908 2503 3339 2579 remuneratione
3367 2502 3608 2573 locuple-

2029 2606 2190 2653 tatus.

2095 2707 2184 2762 29..
2217 2708 2347 2764 Acta
2376 2717 2498 2763 sunt
2525 2710 2638 2764 haec
2667 2707 2766 2765 sub
2794 2707 3082 2764 Aureliano
3110 2707 3376 2778 principe,
3409 2703 3610 2759 Patina-

2025 2801 2126 2870 tio,
2151 2799 2428 2867 Quadrato
2449 2809 2503 2855 et
2518 2800 2852 2872 Hermogene
2873 2800 3199 2870 prmsidibus,
3226 2797 3325 2854 sub
3347 2797 3434 2851 die
3455 2805 3609 2851 sexta

2025 2892 2231 2948 decima
2256 2890 2612 2947 Kalendarum
2658 2891 3092 2947 Februariarum.
3141 2889 3456 2943 Adinvcntio
3484 2901 3608 2941 san-

2026 2989 2235 3036 ctorum
2264 2994 2549 3051 corporum
2578 2978 2943 3044 Geminorum,
2969 2978 3053 3033 vel
3082 2975 3346 3032 dedicatio
3375 2973 3610 3028 basilica;

2028 3077 2336 3124 sanctorum
2379 3069 2726 3124 Geminorum
2793 3067 3085 3123 excolenda
3137 3074 3220 3120 est
3269 3063 3294 3100 (³
3351 3078 3436 3116 xw
3489 3053 3646 3114 Kala

2110 3163 2273 3236 talin,
2319 3171 2576 3236 regnante
2605 3160 2817 3222 Christo
2842 3159 2951 3219 Deo
3001 3165 3184 3218 nostro
3211 3155 3265 3213 in
3292 3153 3484 3214 szrcula
3508 3168 3609 3210 sa:-

2029 3258 2297 3314 culornnt.
2326 3259 2515 3313 Anien.

2027 3452 2146 3508 Jan.
2178 3451 2364 3507 scribit
2391 3460 2624 3505 sanctam
2652 3447 2939 3504 Leonillam
2968 3444 3106 3514 apud
3143 3443 3406 3514 Ditviencnt
3434 3436 3608 3514 sepul-

2032 3505 2138 3575 iiii.
2182 3505 2240 3574 in
2270 3505 2479 3574 eadem
2530 3529 2716 3589 crypta
2762 3521 2814 3572 in
2860 3531 2966 3586 qua
3003 3505 3224 3570 sanctus
3252 3510 3515 3579 Benignus
3543 3505 3614 3560 ab

2033 3591 2146 3660 ipsa
2177 3591 2352 3645 fuerat
2383 3590 2697 3660 tumulatus.

2069 3702 2072 3704 η
2106 3657 2133 3697 δ
2175 3659 2405 3724 Momb.,
2438 3676 2509 3713 tv.
2543 3657 2667 3712 Kal.

371 3805 3610 3830 W

911 3941 1628 4056 ’SLNG'I‘I
1699 3943 3010 4057 WABNAEABH

1584 4125 2004 4179 LINGONENSIS
2037 4125 2328 4178 EPISCOPI
2648 4137 2655 4154 θ

1081 4275 1430 4394 VlTA
1515 4268 2032 4388 SANCTI
2123 4269 2883 4384 DESIDERII.

1564 4513 1806 4576 (Bolland.
1829 4514 1946 4565 Acta
1971 4515 2083 4576 SS.,
2111 4512 2226 4562 lati
2251 4518 2286 4562 t.
2316 4509 2400 4572 V.)

955 4678 1333 4734 PROLOGUS.

430 4775 782 4839 1.ρυιιιιιεεε“
812 4771 919 4825 sint
963 4771 1014 4824 in
1065 4769 1256 4824 electis
1305 4784 1368 4825 ac
1410 4769 1800 4839 prtedestinatis
1842 4768 1937 4826 Dei

355 4863 740 4933 omnipotentis
767 4860 1133 4913 sacerdotibus
1161 4861 1417 4924 virtutes,
1465 4861 1754 4916 beatissimi
1784 4860 1936 4916 Desi-

356 4956 488 5010 det-ii
512 4952 790 5022 martyris,
822 4959 876 5004 et
903 4950 1168 5019 pontilicis
1215 4949 1519 5020 Lingonicm
1561 4951 1738 5020 urbis,
1781 4950 1936 5019 cujus

356 5045 599 5100 redivivo
628 5043 752 5096 anni
781 5040 981 5096 circulo
1029 5039 1161 5094 festa
1189 5040 1256 5094 de
1303 5055 1454 5096 more
1490 5040 1750 5095 solemnia
1787 5039 1934 5104 cele-

359 5136 607 5199 bratnus,
653 5133 917 5202 praeconia
971 5130 1315 5186 manifestam
1363 5148 1376 5185 :
1426 5129 1581 5200 cujus
1631 5131 1735 5186 etsi
1783 5138 1934 5196 gesta

431 5279 455 5305 α
488 5266 585 5320 Ms.
628 5275 798 5320 sanet.
825 5261 966 5318 Max.
1009 5279 1264 5334 perquam
1297 5265 1585 5334 turbatum,
1611 5263 1712 5318 hoc
1732 5262 1896 5317 modo
1924 5281 1938 5312 :

365 5338 572 5403 Quanta
599 5338 664 5388 sit
692 5338 744 5388 in
773 5334 840 5388 el.
889 5349 951 5386 ac
999 5333 1321 5404 prmdtsac.
1356 5351 1403 5404 γη
1439 5333 1566 5404 ADeo
1600 5335 1943 5404 omnipotente

362 5401 532 5478 gratia
551 5405 908 5478 largitionibus
934 5401 1139 5478 Βζυερ.
1262 5412 1318 5478 et
1340 5403 1406 5457 Ρ.
1428 5401 1489 5456 ι.
1513 5404 1607 5456 lin.
1622 5402 1830 5464 ur.,red.
1849 5419 1938 5457 an.

363 5471 507 5546 circ.
537 5471 665 5546 festa
723 5475 784 5528 de
827 5491 983 5546 more
1023 5474 1122 5527 sol.
1186 5471 1539 5546 Celebrantes,
1578 5480 1938 5546 _suggcst_a...._.

364 5541 680 5614 republican
742 5561 843 5598 non
898 5543 1059 5603 valet,
1128 5557 1237 5595 sese
1277 5543 1380 5594 suis
1433 5541 1698 5614 privetur-et
1745 5541 1942 5594 rit-tuli-

365 5611 458 5665 bus
501 5613 609 5668 Deo
654 5616 971 5684 opitulante,
1022 5629 1111 5682 per
1147 5628 1274 5681 quas
1317 5612 1643 5682 manifestari
1690 5625 1788 5666 non
1832 5625 1944 5666 ces-

362 5693 467 5738 θαι.

1956 4677 2283 4749 nimperita
2311 4675 2414 4738 loci
2461 4675 2732 4731 rusticitas
2763 4690 2857 4745 per
2902 4673 3146 4730 ordinem
3193 4674 3467 4745 publicare
3513 4663 3621 4734 non

2037 4769 2218 4834 valet;
2251 4768 2366 4836 ipse
2397 4776 2572 4820 tamen
2621 4767 2732 4821 suis
2783 4765 2943 4820 claris
2991 4765 3275 4819 virtutibus
3305 4766 3414 4819 Deo
3441 4765 3621 4832 opitu-

2039 4857 2186 4912 lante
2213 4870 2334 4911 sese
2361 4855 2704 4910 manifestare
2733 4869 2838 4908 non
2869 4861 3062 4908 cessat.
3099 4854 3123 4891 δ
3150 4853 3431 4908 Innuntera
3476 4855 3622 4910 enim

2037 4953 2164 5001 sunt
2209 4943 2466 4999 bonitatis
2510 4943 2627 5012 ejus
2651 4943 2903 4997 virtutum
2952 4942 3173 5011 insignia
3193 4983 3208 5006 ,
3241 4957 3410 5010 pauca
3441 4953 3622 4997 tamen

2036 5041 2217 5105 potest
2234 5047 2255 5074 ο
2286 5033 2512 5088 dicendo
2535 5041 2731 5087 nostra:
2751 5033 2981 5087 tenuitas
3002 5032 3262 5086 facundia:
3285 5041 3341 5087 ut
3363 5032 3625 5090 condecet

2038 5125 2327 5182 deuorare.
2361 5123 2386 5161 ἀ
2418 5122 2632 5190 Quanto
2651 5137 2884 5192 namque
2909 5124 3192 5194 praedictus
3213 5133 3415 5196 martyr
3441 5124 3646 5180 divino

2085 5334 2096 5346 .
2121 5261 2149 5303 ιδ
2188 5263 2315 5318 Mss.
2345 5261 2478 5332 Reg.
2507 5260 2662 5316 Suec.
2682 5298 2697 5328 ,
2731 5257 3010 5313 Innumero
3040 5259 3174 5313 enim
3216 5268 3332 5313 sunt
3361 5258 3479 5314 boni
3505 5275 3622 5330 ope-

2049 5349 2144 5443 m;
2174 5401 2273 5456 Ms.
2295 5409 2466 5456 sanet.
2496 5398 2882 5465 Max.,Dicendi
2898 5400 2952 5451 in
2975 5398 3141 5467 copia.
3167 5397 3263 5453 Ms.
3289 5397 3421 5466 Reg.
3439 5397 3642 5462 Suec..-

2049 5473 2264 5554 rlicendo
2291 5474 2440 5542 inops
2462 5476 2677 5536 Aroas.,
2698 5470 2914 5524 dicendo
2942 5469 3120 5539 ἱιιοιιία
3157 5479 3335 5524 nostra
3365 5472 3644 5536 tenuitatis,

2048 5542 2630 5664 {azw'b‘lisfusanctdlam
2661 5616 2717 5661 et
2740 5607 2970 5667 Bellum.
3012 5606 3146 5672 Quia
3175 5619 3423 5681 quantum
3453 5606 3623 5661 divino

2051 5681 2152 5746 ritu
2183 5680 2460 5752 pra'tlictus
2505 5688 2703 5750 martyr
2731 5681 2784 5733 in
2829 5695 3056 5733 munere.
