  <div class='ocr_page' id='page_1' title='image "/cluster/home/n/w/nwhite01/storage/ocr_20150623/80/hvd.32044054758842/104.png"; bbox 0 0 3978 6182; ppageno 0'>
   <div class='ocr_carea' id='block_1_1' title="bbox 392 257 3656 325">
    <p class='ocr_par' dir='ltr' id='par_1_1' title="bbox 392 257 3656 325">
     <span class='ocr_line' id='line_1_1' title="bbox 392 257 3656 325; baseline 0.004 -14"><span class='ocrx_word' id='word_1_1' title='bbox 392 257 488 311; x_wconf 70' lang='lat'><strong>1;:7</strong></span> <span class='ocrx_word' id='word_1_2' title='bbox 1613 261 1762 315; x_wconf 72' lang='lat' dir='ltr'><strong>VITA</strong></span> <span class='ocrx_word' id='word_1_3' title='bbox 1805 262 2049 317; x_wconf 71' lang='lat' dir='ltr'><strong>SANiZTl</strong></span> <span class='ocrx_word' id='word_1_4' title='bbox 2096 264 2445 319; x_wconf 78' lang='lat' dir='ltr'><strong>llESlDERlI.</strong></span> <span class='ocrx_word' id='word_1_5' title='bbox 3508 276 3513 277; x_wconf 59' lang='grc'><strong><em>⁷</em></strong></span> <span class='ocrx_word' id='word_1_6' title='bbox 3555 270 3656 325; x_wconf 78' lang='grc'><strong>198</strong></span> 
     </span>
    </p>
   </div>
   <div class='ocr_carea' id='block_1_2' title="bbox 391 371 3659 459">
    <p class='ocr_par' dir='ltr' id='par_1_2' title="bbox 391 371 3659 459">
     <span class='ocr_line' id='line_1_2' title="bbox 391 371 3659 459; baseline 0 -32"><span class='ocrx_word' id='word_1_7' title='bbox 391 371 675 442; x_wconf 74' lang='lat' dir='ltr'><strong>przefertur</strong></span> <span class='ocrx_word' id='word_1_8' title='bbox 705 387 926 427; x_wconf 85' lang='lat' dir='ltr'><strong>munere</strong></span> <span class='ocrx_word' id='word_1_9' title='bbox 951 372 1233 441; x_wconf 83' lang='lat' dir='ltr'><strong>gloriosus,</strong></span> <span class='ocrx_word' id='word_1_10' title='bbox 1258 381 1409 427; x_wconf 91' lang='lat' dir='ltr'><strong>tanto</strong></span> <span class='ocrx_word' id='word_1_11' title='bbox 1436 374 1602 439; x_wconf 88' lang='lat' dir='ltr'><strong>magis</strong></span> <span class='ocrx_word' id='word_1_12' title='bbox 1628 374 1858 427; x_wconf 88' lang='lat' dir='ltr'><strong>dictator</strong></span> <span class='ocrx_word' id='word_1_13' title='bbox 1878 390 1971 444; x_wconf 88' lang='lat' dir='ltr'><strong>ap-</strong></span> <span class='ocrx_word' id='word_1_14' title='bbox 2001 380 2045 433; x_wconf 79' lang='grc' dir='ltr'><strong>Α</strong></span> <span class='ocrx_word' id='word_1_15' title='bbox 2077 373 2375 443; x_wconf 68' lang='lat' dir='ltr'><strong>perditione</strong></span> <span class='ocrx_word' id='word_1_16' title='bbox 2403 372 2599 459; x_wconf 73' lang='lat' dir='ltr'><strong>civium</strong></span> <span class='ocrx_word' id='word_1_17' title='bbox 2629 371 2880 441; x_wconf 75' lang='lat' dir='ltr'><strong>pastorali</strong></span> <span class='ocrx_word' id='word_1_18' title='bbox 2918 372 3205 427; x_wconf 69' lang='lat' dir='ltr'><strong>solitudine</strong></span> <span class='ocrx_word' id='word_1_19' title='bbox 3250 373 3436 428; x_wconf 87' lang='lat' dir='ltr'><strong>dolore</strong></span> <span class='ocrx_word' id='word_1_20' title='bbox 3484 379 3659 445; x_wconf 83' lang='lat' dir='ltr'><strong>reple-</strong></span> 
     </span>
    </p>
   </div>
   <div class='ocr_carea' id='block_1_3' title="bbox 390 462 3659 535">
    <p class='ocr_par' dir='ltr' id='par_1_3' title="bbox 390 462 3659 535">
     <span class='ocr_line' id='line_1_3' title="bbox 390 462 3659 535; baseline 0.002 -21"><span class='ocrx_word' id='word_1_21' title='bbox 390 471 546 532; x_wconf 87' lang='lat' dir='ltr'><strong>paret</strong></span> <span class='ocrx_word' id='word_1_22' title='bbox 595 462 662 514; x_wconf 85' lang='lat' dir='ltr'><strong>ad</strong></span> <span class='ocrx_word' id='word_1_23' title='bbox 705 462 999 517; x_wconf 87' lang='lat' dir='ltr'><strong>narrandas</strong></span> <span class='ocrx_word' id='word_1_24' title='bbox 1050 463 1166 531; x_wconf 85' lang='lat' dir='ltr'><strong>ejus</strong></span> <span class='ocrx_word' id='word_1_25' title='bbox 1212 464 1434 518; x_wconf 74' lang='lat' dir='ltr'><strong>virtutes</strong></span> <span class='ocrx_word' id='word_1_26' title='bbox 1488 478 1583 532; x_wconf 91' lang='lat' dir='ltr'><strong>per</strong></span> <span class='ocrx_word' id='word_1_27' title='bbox 1620 464 1970 532; x_wconf 80' lang='lat' dir='ltr'><strong>ignorantiam</strong></span> <span class='ocrx_word' id='word_1_28' title='bbox 2076 473 2183 532; x_wconf 89' lang='lat' dir='ltr'><strong>tus,</strong></span> <span class='ocrx_word' id='word_1_29' title='bbox 2215 480 2313 533; x_wconf 88' lang='lat' dir='ltr'><strong>pro</strong></span> <span class='ocrx_word' id='word_1_30' title='bbox 2360 480 2417 517; x_wconf 90' lang='lat' dir='ltr'><strong>se</strong></span> <span class='ocrx_word' id='word_1_31' title='bbox 2438 462 2732 533; x_wconf 85' lang='lat' dir='ltr'><strong>principem</strong></span> <span class='ocrx_word' id='word_1_32' title='bbox 2759 477 2948 535; x_wconf 83' lang='lat' dir='ltr'><strong>rogare</strong></span> <span class='ocrx_word' id='word_1_33' title='bbox 2979 465 3143 518; x_wconf 56' lang='lat' dir='ltr'><strong>noluit</strong></span> <span class='ocrx_word' id='word_1_34' title='bbox 3174 506 3189 528; x_wconf 91' lang='lat'><strong>,</strong></span> <span class='ocrx_word' id='word_1_35' title='bbox 3215 465 3307 517; x_wconf 87' lang='lat' dir='ltr'><strong>sed</strong></span> <span class='ocrx_word' id='word_1_36' title='bbox 3337 475 3393 518; x_wconf 82' lang='lat' dir='ltr'><strong>ut</strong></span> <span class='ocrx_word' id='word_1_37' title='bbox 3431 481 3659 534; x_wconf 85' lang='lat' dir='ltr'><strong>perenu-</strong></span> 
     </span>
    </p>
   </div>
   <div class='ocr_carea' id='block_1_4' title="bbox 389 552 3695 631">
    <p class='ocr_par' dir='ltr' id='par_1_4' title="bbox 389 552 3695 631">
     <span class='ocr_line' id='line_1_4' title="bbox 389 552 3695 631; baseline 0.001 -23"><span class='ocrx_word' id='word_1_38' title='bbox 389 554 765 610; x_wconf 61' lang='lat' dir='ltr'><strong>fastidiosus&quot;.</strong></span> <span class='ocrx_word' id='word_1_39' title='bbox 2076 553 2215 606; x_wconf 91' lang='lat' dir='ltr'><strong>tibus</strong></span> <span class='ocrx_word' id='word_1_40' title='bbox 2241 553 2444 606; x_wconf 84' lang='lat' dir='ltr'><strong>civibus</strong></span> <span class='ocrx_word' id='word_1_41' title='bbox 2496 552 2806 605; x_wconf 80' lang='lat' dir='ltr'><strong>subveniret</strong></span> <span class='ocrx_word' id='word_1_42' title='bbox 2844 553 3098 607; x_wconf 82' lang='lat' dir='ltr'><strong>attentius</strong></span> <span class='ocrx_word' id='word_1_43' title='bbox 3138 554 3378 607; x_wconf 82' lang='lat' dir='ltr'><strong>exoravit</strong></span> <span class='ocrx_word' id='word_1_44' title='bbox 3418 556 3603 610; x_wconf 89' lang='lat' dir='ltr'><strong>dicens</strong></span> <span class='ocrx_word' id='word_1_45' title='bbox 3639 575 3652 610; x_wconf 90' lang='lat'><strong>:</strong></span> <span class='ocrx_word' id='word_1_46' title='bbox 3686 558 3695 631; x_wconf 62' lang='grc' dir='ltr'>ξ</span> 
     </span>
    </p>
   </div>
   <div class='ocr_carea' id='block_1_5' title="bbox 895 642 3698 730">
    <p class='ocr_par' dir='ltr' id='par_1_5' title="bbox 895 642 3698 730">
     <span class='ocr_line' id='line_1_5' title="bbox 895 642 3698 730; baseline 0.001 -33"><span class='ocrx_word' id='word_1_47' title='bbox 895 642 1123 698; x_wconf 83' lang='lat' dir='ltr'><strong>CAPUT</strong></span> <span class='ocrx_word' id='word_1_48' title='bbox 1183 644 1468 699; x_wconf 75' lang='lat' dir='ltr'><strong>PRIMUM.</strong></span> <span class='ocrx_word' id='word_1_49' title='bbox 2074 645 2131 701; x_wconf 90' lang='lat' dir='ltr'><strong>Si</strong></span> <span class='ocrx_word' id='word_1_50' title='bbox 2161 647 2278 716; x_wconf 84' lang='lat' dir='ltr'><strong>pius</strong></span> <span class='ocrx_word' id='word_1_51' title='bbox 2308 662 2365 700; x_wconf 88' lang='lat' dir='ltr'><strong>es</strong></span> <span class='ocrx_word' id='word_1_52' title='bbox 2385 687 2399 712; x_wconf 94' lang='lat'><strong>,</strong></span> <span class='ocrx_word' id='word_1_53' title='bbox 2426 645 2538 713; x_wconf 88' lang='lat' dir='ltr'><strong>jam</strong></span> <span class='ocrx_word' id='word_1_54' title='bbox 2571 659 2764 714; x_wconf 88' lang='lat' dir='ltr'><strong>parce,</strong></span> <span class='ocrx_word' id='word_1_55' title='bbox 2793 652 2971 698; x_wconf 84' lang='lat' dir='ltr'><strong>rector</strong></span> <span class='ocrx_word' id='word_1_56' title='bbox 2997 645 3217 713; x_wconf 90' lang='lat' dir='ltr'><strong>optime,</strong></span> <span class='ocrx_word' id='word_1_57' title='bbox 3252 661 3461 715; x_wconf 90' lang='lat' dir='ltr'><strong>precor,</strong></span> <span class='ocrx_word' id='word_1_58' title='bbox 3490 648 3659 709; x_wconf 78' lang='lat' dir='ltr'><strong>inise-</strong></span> 
     </span>
    </p>
   </div>
   <div class='ocr_carea' id='block_1_6' title="bbox 393 730 1974 807">
    <p class='ocr_par' dir='ltr' id='par_1_6' title="bbox 393 730 1974 807">
     <span class='ocr_line' id='line_1_6' title="bbox 393 730 1974 807; baseline 0.001 -21"><span class='ocrx_word' id='word_1_59' title='bbox 393 732 471 787; x_wconf 83' lang='lat' dir='ltr'><strong>In</strong></span> <span class='ocrx_word' id='word_1_60' title='bbox 486 732 625 799; x_wconf 78' lang='lat' dir='ltr'><strong>:tptio</strong></span> <span class='ocrx_word' id='word_1_61' title='bbox 657 730 1049 787; x_wconf 77' lang='lat' dir='ltr'><strong>Wandalorum.</strong></span> <span class='ocrx_word' id='word_1_62' title='bbox 1083 732 1396 803; x_wconf 80' lang='lat' dir='ltr'><strong>Martyrium</strong></span> <span class='ocrx_word' id='word_1_63' title='bbox 1425 736 1591 787; x_wconf 76' lang='lat' dir='ltr'><strong>sancti</strong></span> <span class='ocrx_word' id='word_1_64' title='bbox 1642 732 1895 789; x_wconf 81' lang='lat' dir='ltr'><strong>Desiderii</strong></span> <span class='ocrx_word' id='word_1_65' title='bbox 1916 744 1974 807; x_wconf 44' lang='grc' dir='ltr'><strong>,ει</strong></span> 
     </span>
    </p>
   </div>
   <div class='ocr_carea' id='block_1_7' title="bbox 1048 824 1322 877">
    <p class='ocr_par' dir='ltr' id='par_1_7' title="bbox 1048 824 1322 877">
     <span class='ocr_line' id='line_1_7' title="bbox 1048 824 1322 877; baseline -0.004 0"><span class='ocrx_word' id='word_1_66' title='bbox 1048 824 1322 877; x_wconf 74' lang='lat' dir='ltr'><strong>sociorum.</strong></span> 
     </span>
    </p>
   </div>
   <div class='ocr_carea' id='block_1_8' title="bbox 462 910 1974 980">
    <p class='ocr_par' dir='ltr' id='par_1_8' title="bbox 462 910 1974 980">
     <span class='ocr_line' id='line_1_8' title="bbox 462 910 1974 980; baseline 0.002 -17"><span class='ocrx_word' id='word_1_67' title='bbox 462 910 517 964; x_wconf 75' lang='lat'><strong>2.</strong></span> <span class='ocrx_word' id='word_1_68' title='bbox 572 910 836 980; x_wconf 81' lang='lat' dir='ltr'><strong>Tempore</strong></span> <span class='ocrx_word' id='word_1_69' title='bbox 886 911 976 965; x_wconf 86' lang='lat' dir='ltr'><strong>illo</strong></span> <span class='ocrx_word' id='word_1_70' title='bbox 1032 927 1151 965; x_wconf 92' lang='lat' dir='ltr'><strong>cum</strong></span> <span class='ocrx_word' id='word_1_71' title='bbox 1211 910 1592 965; x_wconf 88' lang='lat' dir='ltr'><strong>Wandalormn</strong></span> <span class='ocrx_word' id='word_1_72' title='bbox 1649 912 1874 965; x_wconf 90' lang='lat' dir='ltr'><strong>barbara</strong></span> <span class='ocrx_word' id='word_1_73' title='bbox 1919 920 1974 966; x_wconf 88' lang='lat' dir='ltr'><strong>et</strong></span> 
     </span>
    </p>
   </div>
   <div class='ocr_carea' id='block_1_9' title="bbox 393 1003 1975 1071">
    <p class='ocr_par' dir='ltr' id='par_1_9' title="bbox 393 1003 1975 1071">
     <span class='ocr_line' id='line_1_9' title="bbox 393 1003 1975 1071; baseline 0.003 -14"><span class='ocrx_word' id='word_1_74' title='bbox 393 1006 607 1071; x_wconf 82' lang='lat' dir='ltr'><strong>gentilis</strong></span> <span class='ocrx_word' id='word_1_75' title='bbox 660 1004 906 1059; x_wconf 76' lang='lat' dir='ltr'><strong>ferocitas</strong></span> <span class='ocrx_word' id='word_1_76' title='bbox 933 1005 997 1057; x_wconf 91' lang='lat' dir='ltr'><strong>ad</strong></span> <span class='ocrx_word' id='word_1_77' title='bbox 1029 1003 1319 1059; x_wconf 82' lang='lat' dir='ltr'><strong>Galliarum</strong></span> <span class='ocrx_word' id='word_1_78' title='bbox 1350 1005 1582 1060; x_wconf 86' lang='lat' dir='ltr'><strong>venisset</strong></span> <span class='ocrx_word' id='word_1_79' title='bbox 1629 1006 1975 1063; x_wconf 83' lang='lat' dir='ltr'><strong>debellandas</strong></span> 
     </span>
    </p>
   </div>
   <div class='ocr_carea' id='block_1_10' title="bbox 396 1093 1971 1165">
    <p class='ocr_par' dir='ltr' id='par_1_10' title="bbox 396 1093 1971 1165">
     <span class='ocr_line' id='line_1_10' title="bbox 396 1093 1971 1165; baseline 0.002 -18"><span class='ocrx_word' id='word_1_80' title='bbox 396 1095 715 1165; x_wconf 82' lang='lat' dir='ltr'><strong>provincias,</strong></span> <span class='ocrx_word' id='word_1_81' title='bbox 738 1103 811 1155; x_wconf 88' lang='lat' dir='ltr'><strong>et,</strong></span> <span class='ocrx_word' id='word_1_82' title='bbox 826 1094 1054 1150; x_wconf 86' lang='lat' dir='ltr'><strong>devictis</strong></span> <span class='ocrx_word' id='word_1_83' title='bbox 1096 1110 1159 1149; x_wconf 90' lang='lat' dir='ltr'><strong>ac</strong></span> <span class='ocrx_word' id='word_1_84' title='bbox 1186 1096 1448 1164; x_wconf 84' lang='lat' dir='ltr'><strong>superatis</strong></span> <span class='ocrx_word' id='word_1_85' title='bbox 1469 1093 1651 1161; x_wconf 83' lang='lat' dir='ltr'><strong>Gallis,</strong></span> <span class='ocrx_word' id='word_1_86' title='bbox 1683 1095 1971 1151; x_wconf 82' lang='lat' dir='ltr'><strong>Galliarum</strong></span> 
     </span>
    </p>
   </div>
   <div class='ocr_carea' id='block_1_11' title="bbox 396 1184 1972 1254">
    <p class='ocr_par' dir='ltr' id='par_1_11' title="bbox 396 1184 1972 1254">
     <span class='ocr_line' id='line_1_11' title="bbox 396 1184 1972 1254; baseline -0.001 -14"><span class='ocrx_word' id='word_1_87' title='bbox 396 1189 555 1240; x_wconf 89' lang='lat' dir='ltr'><strong>etiam</strong></span> <span class='ocrx_word' id='word_1_88' title='bbox 581 1186 739 1239; x_wconf 88' lang='lat' dir='ltr'><strong>urbes</strong></span> <span class='ocrx_word' id='word_1_89' title='bbox 757 1184 1097 1239; x_wconf 90' lang='lat' dir='ltr'><strong>infestatione</strong></span> <span class='ocrx_word' id='word_1_90' title='bbox 1122 1184 1309 1238; x_wconf 88' lang='lat' dir='ltr'><strong>bellica</strong></span> <span class='ocrx_word' id='word_1_91' title='bbox 1340 1184 1625 1254; x_wconf 90' lang='lat' dir='ltr'><strong>plurimum</strong></span> <span class='ocrx_word' id='word_1_92' title='bbox 1652 1186 1972 1249; x_wconf 65' lang='lat' dir='ltr'><strong>devastaret,</strong></span> 
     </span>
    </p>
   </div>
   <div class='ocr_carea' id='block_1_12' title="bbox 396 1275 1977 1347">
    <p class='ocr_par' dir='ltr' id='par_1_12' title="bbox 396 1275 1977 1347">
     <span class='ocr_line' id='line_1_12' title="bbox 396 1275 1977 1347; baseline 0 -15"><span class='ocrx_word' id='word_1_93' title='bbox 396 1290 449 1332; x_wconf 86' lang='lat' dir='ltr'><strong>ct</strong></span> <span class='ocrx_word' id='word_1_94' title='bbox 480 1280 530 1331; x_wconf 91' lang='lat' dir='ltr'><strong>in</strong></span> <span class='ocrx_word' id='word_1_95' title='bbox 559 1278 745 1346; x_wconf 88' lang='lat' dir='ltr'><strong>rapina</strong></span> <span class='ocrx_word' id='word_1_96' title='bbox 776 1276 965 1345; x_wconf 74' lang='lat' dir='ltr'><strong>pranla:</strong></span> <span class='ocrx_word' id='word_1_97' title='bbox 992 1275 1362 1331; x_wconf 88' lang='lat' dir='ltr'><strong>crudelissime</strong></span> <span class='ocrx_word' id='word_1_98' title='bbox 1388 1286 1575 1331; x_wconf 85' lang='lat' dir='ltr'><strong>cuncta</strong></span> <span class='ocrx_word' id='word_1_99' title='bbox 1621 1276 1977 1347; x_wconf 86' lang='lat' dir='ltr'><strong>depopulare-</strong></span> 
     </span>
    </p>
   </div>
   <div class='ocr_carea' id='block_1_13' title="bbox 396 1366 1972 1436">
    <p class='ocr_par' dir='ltr' id='par_1_13' title="bbox 396 1366 1972 1436">
     <span class='ocr_line' id='line_1_13' title="bbox 396 1366 1972 1436; baseline 0.001 -16"><span class='ocrx_word' id='word_1_100' title='bbox 396 1378 482 1421; x_wconf 88' lang='lat' dir='ltr'><strong>tur</strong></span> <span class='ocrx_word' id='word_1_101' title='bbox 521 1368 831 1436; x_wconf 82' lang='lat' dir='ltr'><strong>cupiditatis</strong></span> <span class='ocrx_word' id='word_1_102' title='bbox 874 1366 1158 1432; x_wconf 90' lang='lat' dir='ltr'><strong>instinctu;</strong></span> <span class='ocrx_word' id='word_1_103' title='bbox 1202 1374 1359 1421; x_wconf 91' lang='lat' dir='ltr'><strong>nutus</strong></span> <span class='ocrx_word' id='word_1_104' title='bbox 1388 1366 1520 1431; x_wconf 94' lang='lat' dir='ltr'><strong>Dei,</strong></span> <span class='ocrx_word' id='word_1_105' title='bbox 1552 1375 1776 1421; x_wconf 86' lang='lat' dir='ltr'><strong>eventus</strong></span> <span class='ocrx_word' id='word_1_106' title='bbox 1812 1367 1972 1421; x_wconf 77' lang='lat' dir='ltr'><strong>etiam</strong></span> 
     </span>
    </p>
   </div>
   <div class='ocr_carea' id='block_1_14' title="bbox 396 1454 1975 1524">
    <p class='ocr_par' dir='ltr' id='par_1_14' title="bbox 396 1454 1975 1524">
     <span class='ocr_line' id='line_1_14' title="bbox 396 1454 1975 1524; baseline 0 -14"><span class='ocrx_word' id='word_1_107' title='bbox 396 1458 469 1510; x_wconf 74' lang='lat' dir='ltr'><strong>rei</strong></span> <span class='ocrx_word' id='word_1_108' title='bbox 495 1466 657 1524; x_wconf 88' lang='lat' dir='ltr'><strong>atque</strong></span> <span class='ocrx_word' id='word_1_109' title='bbox 686 1456 914 1521; x_wconf 84' lang='lat' dir='ltr'><strong>itineris,</strong></span> <span class='ocrx_word' id='word_1_110' title='bbox 943 1463 1157 1524; x_wconf 79' lang='lat' dir='ltr'><strong>gentem</strong></span> <span class='ocrx_word' id='word_1_111' title='bbox 1188 1456 1356 1524; x_wconf 87' lang='lat' dir='ltr'><strong>ipsam</strong></span> <span class='ocrx_word' id='word_1_112' title='bbox 1387 1454 1668 1510; x_wconf 76' lang='lat' dir='ltr'><strong>nefandam</strong></span> <span class='ocrx_word' id='word_1_113' title='bbox 1699 1472 1820 1510; x_wconf 91' lang='lat' dir='ltr'><strong>cum</strong></span> <span class='ocrx_word' id='word_1_114' title='bbox 1851 1470 1975 1524; x_wconf 87' lang='lat' dir='ltr'><strong>rege</strong></span> 
     </span>
    </p>
   </div>
   <div class='ocr_carea' id='block_1_15' title="bbox 393 1545 1977 1615">
    <p class='ocr_par' dir='ltr' id='par_1_15' title="bbox 393 1545 1977 1615">
     <span class='ocr_line' id='line_1_15' title="bbox 393 1545 1977 1615; baseline -0.001 -16"><span class='ocrx_word' id='word_1_115' title='bbox 393 1563 581 1599; x_wconf 90' lang='lat' dir='ltr'><strong>eorum</strong></span> <span class='ocrx_word' id='word_1_116' title='bbox 610 1545 636 1583; x_wconf 71' lang='grc' dir='ltr'>δ</span> <span class='ocrx_word' id='word_1_117' title='bbox 681 1546 882 1601; x_wconf 85' lang='lat' dir='ltr'><strong>Cresco</strong></span> <span class='ocrx_word' id='word_1_118' title='bbox 928 1546 995 1599; x_wconf 86' lang='lat' dir='ltr'><strong>ad</strong></span> <span class='ocrx_word' id='word_1_119' title='bbox 1039 1546 1308 1601; x_wconf 89' lang='lat' dir='ltr'><strong>civitatem</strong></span> <span class='ocrx_word' id='word_1_120' title='bbox 1356 1545 1621 1614; x_wconf 65' lang='lat' dir='ltr'><strong>Lingonas</strong></span> <span class='ocrx_word' id='word_1_121' title='bbox 1659 1552 1827 1615; x_wconf 86' lang='lat' dir='ltr'><strong>usque</strong></span> <span class='ocrx_word' id='word_1_122' title='bbox 1855 1561 1977 1615; x_wconf 82' lang='lat' dir='ltr'><strong>per-</strong></span> 
     </span>
    </p>
   </div>
   <div class='ocr_carea' id='block_1_16' title="bbox 396 1633 1972 1691">
    <p class='ocr_par' dir='ltr' id='par_1_16' title="bbox 396 1633 1972 1691">
     <span class='ocr_line' id='line_1_16' title="bbox 396 1633 1972 1691; baseline 0.002 -4"><span class='ocrx_word' id='word_1_123' title='bbox 396 1636 562 1688; x_wconf 77' lang='lat' dir='ltr'><strong>duxit.</strong></span> <span class='ocrx_word' id='word_1_124' title='bbox 597 1634 749 1689; x_wconf 85' lang='lat' dir='ltr'><strong>Tune</strong></span> <span class='ocrx_word' id='word_1_125' title='bbox 782 1649 913 1688; x_wconf 90' lang='lat' dir='ltr'><strong>vero</strong></span> <span class='ocrx_word' id='word_1_126' title='bbox 944 1634 1282 1688; x_wconf 88' lang='lat' dir='ltr'><strong>beatissimus</strong></span> <span class='ocrx_word' id='word_1_127' title='bbox 1327 1633 1631 1689; x_wconf 90' lang='lat' dir='ltr'><strong>Desiderius</strong></span> <span class='ocrx_word' id='word_1_128' title='bbox 1686 1635 1737 1688; x_wconf 92' lang='lat' dir='ltr'><strong>in</strong></span> <span class='ocrx_word' id='word_1_129' title='bbox 1786 1635 1972 1691; x_wconf 88' lang='lat' dir='ltr'><strong>eadem</strong></span> 
     </span>
    </p>
   </div>
   <div class='ocr_carea' id='block_1_17' title="bbox 2074 735 3653 794">
    <p class='ocr_par' dir='ltr' id='par_1_17' title="bbox 2074 735 3653 794">
     <span class='ocr_line' id='line_1_17' title="bbox 2074 735 3653 794; baseline -0.001 -2"><span class='ocrx_word' id='word_1_130' title='bbox 2074 739 2148 793; x_wconf 89' lang='lat' dir='ltr'><strong>ris</strong></span> <span class='ocrx_word' id='word_1_131' title='bbox 2175 739 2379 794; x_wconf 84' lang='lat' dir='ltr'><strong>civibus</strong></span> <span class='ocrx_word' id='word_1_132' title='bbox 2407 746 2461 792; x_wconf 89' lang='lat' dir='ltr'><strong>et</strong></span> <span class='ocrx_word' id='word_1_133' title='bbox 2489 752 2518 790; x_wconf 91' lang='lat' dir='ltr'><strong>a</strong></span> <span class='ocrx_word' id='word_1_134' title='bbox 2551 745 2695 790; x_wconf 88' lang='lat' dir='ltr'><strong>tanta</strong></span> <span class='ocrx_word' id='word_1_135' title='bbox 2743 735 3073 791; x_wconf 79' lang='lat' dir='ltr'><strong>crudelitatis</strong></span> <span class='ocrx_word' id='word_1_136' title='bbox 3101 738 3245 791; x_wconf 70' lang='lat' dir='ltr'><strong>cmde</strong></span> <span class='ocrx_word' id='word_1_137' title='bbox 3291 737 3507 792; x_wconf 89' lang='lat' dir='ltr'><strong>hostiles</strong></span> <span class='ocrx_word' id='word_1_138' title='bbox 3538 754 3653 791; x_wconf 89' lang='lat' dir='ltr'><strong>ma-</strong></span> 
     </span>
    </p>
   </div>
   <div class='ocr_carea' id='block_1_18' title="bbox 2074 827 3650 901">
    <p class='ocr_par' dir='ltr' id='par_1_18' title="bbox 2074 827 3650 901">
     <span class='ocr_line' id='line_1_18' title="bbox 2074 827 3650 901; baseline 0.001 -18"><span class='ocrx_word' id='word_1_139' title='bbox 2074 845 2175 883; x_wconf 92' lang='lat' dir='ltr'><strong>nus</strong></span> <span class='ocrx_word' id='word_1_140' title='bbox 2203 838 2413 883; x_wconf 14' lang='lat' dir='ltr'><strong>tuorutn</strong></span> <span class='ocrx_word' id='word_1_141' title='bbox 2439 837 2495 882; x_wconf 89' lang='lat' dir='ltr'><strong>ut</strong></span> <span class='ocrx_word' id='word_1_142' title='bbox 2524 843 2838 897; x_wconf 80' lang='lat' dir='ltr'><strong>compescas</strong></span> <span class='ocrx_word' id='word_1_143' title='bbox 2864 827 3134 881; x_wconf 81' lang='lat' dir='ltr'><strong>humiliter</strong></span> <span class='ocrx_word' id='word_1_144' title='bbox 3155 830 3371 884; x_wconf 91' lang='lat' dir='ltr'><strong>omnino</strong></span> <span class='ocrx_word' id='word_1_145' title='bbox 3396 830 3650 901; x_wconf 87' lang='lat' dir='ltr'><strong>deposco.</strong></span> 
     </span>
    </p>
   </div>
   <div class='ocr_carea' id='block_1_19' title="bbox 2075 916 3656 988">
    <p class='ocr_par' dir='ltr' id='par_1_19' title="bbox 2075 916 3656 988">
     <span class='ocr_line' id='line_1_19' title="bbox 2075 916 3656 988; baseline 0.002 -17"><span class='ocrx_word' id='word_1_146' title='bbox 2075 918 2154 971; x_wconf 82' lang='lat' dir='ltr'><strong>Ad</strong></span> <span class='ocrx_word' id='word_1_147' title='bbox 2182 919 2295 972; x_wconf 61' lang='lat' dir='ltr'><strong>bac</strong></span> <span class='ocrx_word' id='word_1_148' title='bbox 2322 919 2568 988; x_wconf 71' lang='lat' dir='ltr'><strong>princeps</strong></span> <span class='ocrx_word' id='word_1_149' title='bbox 2609 917 2867 971; x_wconf 90' lang='lat' dir='ltr'><strong>barbarus</strong></span> <span class='ocrx_word' id='word_1_150' title='bbox 2891 916 3140 981; x_wconf 88' lang='lat' dir='ltr'><strong>immitis,</strong></span> <span class='ocrx_word' id='word_1_151' title='bbox 3175 920 3399 972; x_wconf 87' lang='lat' dir='ltr'><strong>naturali</strong></span> <span class='ocrx_word' id='word_1_152' title='bbox 3428 920 3656 975; x_wconf 75' lang='lat' dir='ltr'><strong>crudeli-</strong></span> 
     </span>
    </p>
   </div>
   <div class='ocr_carea' id='block_1_20' title="bbox 2078 1005 3651 1075">
    <p class='ocr_par' dir='ltr' id='par_1_20' title="bbox 2078 1005 3651 1075">
     <span class='ocr_line' id='line_1_20' title="bbox 2078 1005 3651 1075; baseline 0.004 -19"><span class='ocrx_word' id='word_1_153' title='bbox 2078 1007 2200 1060; x_wconf 61' lang='lat' dir='ltr'><strong>tatis</strong></span> <span class='ocrx_word' id='word_1_154' title='bbox 2229 1007 2515 1075; x_wconf 84' lang='lat' dir='ltr'><strong>asperitate</strong></span> <span class='ocrx_word' id='word_1_155' title='bbox 2543 1005 2706 1058; x_wconf 88' lang='lat' dir='ltr'><strong>durus</strong></span> <span class='ocrx_word' id='word_1_156' title='bbox 2727 1045 2742 1069; x_wconf 90' lang='lat'><strong>,</strong></span> <span class='ocrx_word' id='word_1_157' title='bbox 2794 1014 2990 1059; x_wconf 90' lang='lat' dir='ltr'><strong>eventu</strong></span> <span class='ocrx_word' id='word_1_158' title='bbox 3029 1005 3265 1059; x_wconf 66' lang='lat' dir='ltr'><strong>victoria:</strong></span> <span class='ocrx_word' id='word_1_159' title='bbox 3317 1008 3651 1073; x_wconf 86' lang='lat' dir='ltr'><strong>tumefactus,</strong></span> 
     </span>
    </p>
   </div>
   <div class='ocr_carea' id='block_1_21' title="bbox 2074 1094 3653 1164">
    <p class='ocr_par' dir='ltr' id='par_1_21' title="bbox 2074 1094 3653 1164">
     <span class='ocr_line' id='line_1_21' title="bbox 2074 1094 3653 1164; baseline 0.002 -16"><span class='ocrx_word' id='word_1_160' title='bbox 2074 1095 2301 1148; x_wconf 83' lang='lat' dir='ltr'><strong>barbara</strong></span> <span class='ocrx_word' id='word_1_161' title='bbox 2359 1094 2629 1148; x_wconf 91' lang='lat' dir='ltr'><strong>locutione</strong></span> <span class='ocrx_word' id='word_1_162' title='bbox 2678 1094 2780 1147; x_wconf 92' lang='lat' dir='ltr'><strong>hoc</strong></span> <span class='ocrx_word' id='word_1_163' title='bbox 2827 1102 3017 1148; x_wconf 89' lang='lat' dir='ltr'><strong>sancto</strong></span> <span class='ocrx_word' id='word_1_164' title='bbox 3071 1094 3344 1150; x_wconf 83' lang='lat' dir='ltr'><strong>Desiderio</strong></span> <span class='ocrx_word' id='word_1_165' title='bbox 3401 1097 3653 1164; x_wconf 88' lang='lat' dir='ltr'><strong>despecta</strong></span> 
     </span>
    </p>
   </div>
   <div class='ocr_carea' id='block_1_22' title="bbox 2075 1165 3656 1253">
    <p class='ocr_par' dir='ltr' id='par_1_22' title="bbox 2075 1165 3656 1253">
     <span class='ocr_line' id='line_1_22' title="bbox 2075 1165 3656 1253; baseline 0 -14"><span class='ocrx_word' id='word_1_166' title='bbox 2075 1184 2424 1253; x_wconf 84' lang='lat' dir='ltr'><strong>responsione</strong></span> <span class='ocrx_word' id='word_1_167' title='bbox 2474 1183 2734 1245; x_wconf 89' lang='lat' dir='ltr'><strong>narravit,</strong></span> <span class='ocrx_word' id='word_1_168' title='bbox 2788 1182 2930 1252; x_wconf 88' lang='lat' dir='ltr'><strong>quod</strong></span> <span class='ocrx_word' id='word_1_169' title='bbox 2983 1165 3187 1238; x_wconf 61' lang='lat' dir='ltr'><strong>&#39;beatus</strong></span> <span class='ocrx_word' id='word_1_170' title='bbox 3236 1185 3460 1239; x_wconf 74' lang='lat' dir='ltr'><strong>antistes</strong></span> <span class='ocrx_word' id='word_1_171' title='bbox 3512 1185 3656 1239; x_wconf 90' lang='lat' dir='ltr'><strong>nulla</strong></span> 
     </span>
    </p>
   </div>
   <div class='ocr_carea' id='block_1_23' title="bbox 2076 1278 3658 1349">
    <p class='ocr_par' dir='ltr' id='par_1_23' title="bbox 2076 1278 3658 1349">
     <span class='ocr_line' id='line_1_23' title="bbox 2076 1278 3658 1349; baseline 0.001 -16"><span class='ocrx_word' id='word_1_172' title='bbox 2076 1280 2250 1349; x_wconf 89' lang='lat' dir='ltr'><strong>potuit</strong></span> <span class='ocrx_word' id='word_1_173' title='bbox 2297 1278 2658 1346; x_wconf 66' lang='lat' dir='ltr'><strong>inte‘ligentia:</strong></span> <span class='ocrx_word' id='word_1_174' title='bbox 2706 1278 3003 1347; x_wconf 86' lang='lat' dir='ltr'><strong>capacitate</strong></span> <span class='ocrx_word' id='word_1_175' title='bbox 3045 1291 3393 1346; x_wconf 80' lang='lat' dir='ltr'><strong>cognoscere.</strong></span> <span class='ocrx_word' id='word_1_176' title='bbox 3428 1278 3658 1348; x_wconf 87' lang='lat' dir='ltr'><strong>Ideoque</strong></span> 
     </span>
    </p>
   </div>
   <div class='ocr_carea' id='block_1_24' title="bbox 2076 1371 3658 1444">
    <p class='ocr_par' dir='ltr' id='par_1_24' title="bbox 2076 1371 3658 1444">
     <span class='ocr_line' id='line_1_24' title="bbox 2076 1371 3658 1444; baseline -0.002 -15"><span class='ocrx_word' id='word_1_177' title='bbox 2076 1383 2130 1429; x_wconf 88' lang='lat' dir='ltr'><strong>et</strong></span> <span class='ocrx_word' id='word_1_178' title='bbox 2156 1374 2296 1443; x_wconf 85' lang='lat' dir='ltr'><strong>quod</strong></span> <span class='ocrx_word' id='word_1_179' title='bbox 2329 1375 2475 1444; x_wconf 80' lang='lat' dir='ltr'><strong>prius</strong></span> <span class='ocrx_word' id='word_1_180' title='bbox 2502 1372 2753 1427; x_wconf 84' lang='lat' dir='ltr'><strong>sacerdos</strong></span> <span class='ocrx_word' id='word_1_181' title='bbox 2784 1372 2874 1426; x_wconf 87' lang='lat' dir='ltr'><strong>Dei</strong></span> <span class='ocrx_word' id='word_1_182' title='bbox 2917 1381 3167 1442; x_wconf 84' lang='lat' dir='ltr'><strong>precatus</strong></span> <span class='ocrx_word' id='word_1_183' title='bbox 3215 1371 3385 1427; x_wconf 82' lang='lat' dir='ltr'><strong>fuerat</strong></span> <span class='ocrx_word' id='word_1_184' title='bbox 3412 1388 3503 1427; x_wconf 83' lang='lat' dir='ltr'><strong>rex</strong></span> <span class='ocrx_word' id='word_1_185' title='bbox 3535 1389 3658 1427; x_wconf 87' lang='lat' dir='ltr'><strong>cru-</strong></span> 
     </span>
    </p>
   </div>
   <div class='ocr_carea' id='block_1_25' title="bbox 2075 1460 3658 1533">
    <p class='ocr_par' dir='ltr' id='par_1_25' title="bbox 2075 1460 3658 1533">
     <span class='ocr_line' id='line_1_25' title="bbox 2075 1460 3658 1533; baseline 0 -15"><span class='ocrx_word' id='word_1_186' title='bbox 2075 1464 2375 1519; x_wconf 89' lang='lat' dir='ltr'><strong>delissimus</strong></span> <span class='ocrx_word' id='word_1_187' title='bbox 2433 1464 2727 1531; x_wconf 85' lang='lat' dir='ltr'><strong>ignorabat.</strong></span> <span class='ocrx_word' id='word_1_188' title='bbox 2792 1460 2997 1518; x_wconf 87' lang='lat' dir='ltr'><strong>Obtulit</strong></span> <span class='ocrx_word' id='word_1_189' title='bbox 3049 1478 3107 1518; x_wconf 91' lang='lat' dir='ltr'><strong>se</strong></span> <span class='ocrx_word' id='word_1_190' title='bbox 3170 1464 3332 1518; x_wconf 87' lang='lat' dir='ltr'><strong>etiam</strong></span> <span class='ocrx_word' id='word_1_191' title='bbox 3394 1480 3491 1533; x_wconf 89' lang='lat' dir='ltr'><strong>pro</strong></span> <span class='ocrx_word' id='word_1_192' title='bbox 3549 1465 3658 1518; x_wconf 76' lang='lat' dir='ltr'><strong>suis</strong></span> 
     </span>
    </p>
   </div>
   <div class='ocr_carea' id='block_1_26' title="bbox 2076 1553 3659 1622">
    <p class='ocr_par' dir='ltr' id='par_1_26' title="bbox 2076 1553 3659 1622">
     <span class='ocr_line' id='line_1_26' title="bbox 2076 1553 3659 1622; baseline 0.001 -16"><span class='ocrx_word' id='word_1_193' title='bbox 2076 1553 2310 1616; x_wconf 90' lang='lat' dir='ltr'><strong>civibus,</strong></span> <span class='ocrx_word' id='word_1_194' title='bbox 2342 1553 2551 1607; x_wconf 80' lang='lat' dir='ltr'><strong>cervice</strong></span> <span class='ocrx_word' id='word_1_195' title='bbox 2574 1561 2757 1621; x_wconf 89' lang='lat' dir='ltr'><strong>parata</strong></span> <span class='ocrx_word' id='word_1_196' title='bbox 2790 1553 2906 1621; x_wconf 91' lang='lat' dir='ltr'><strong>pius</strong></span> <span class='ocrx_word' id='word_1_197' title='bbox 2935 1560 3118 1622; x_wconf 89' lang='lat' dir='ltr'><strong>pastor</strong></span> <span class='ocrx_word' id='word_1_198' title='bbox 3168 1553 3233 1606; x_wconf 87' lang='lat' dir='ltr'><strong>ad</strong></span> <span class='ocrx_word' id='word_1_199' title='bbox 3268 1553 3570 1620; x_wconf 84' lang='lat' dir='ltr'><strong>victimam,</strong></span> <span class='ocrx_word' id='word_1_200' title='bbox 3602 1562 3659 1608; x_wconf 91' lang='lat' dir='ltr'><strong>ut</strong></span> 
     </span>
    </p>
   </div>
   <div class='ocr_carea' id='block_1_27' title="bbox 2077 1634 3657 1711">
    <p class='ocr_par' dir='ltr' id='par_1_27' title="bbox 2077 1634 3657 1711">
     <span class='ocr_line' id='line_1_27' title="bbox 2077 1634 3657 1711; baseline 0.001 -15"><span class='ocrx_word' id='word_1_201' title='bbox 2077 1650 2314 1697; x_wconf 88' lang='lat' dir='ltr'><strong>cessaret</strong></span> <span class='ocrx_word' id='word_1_202' title='bbox 2352 1642 2417 1695; x_wconf 89' lang='lat' dir='ltr'><strong>de</strong></span> <span class='ocrx_word' id='word_1_203' title='bbox 2482 1642 2833 1710; x_wconf 81' lang='lat' dir='ltr'><strong>pereuntibus</strong></span> <span class='ocrx_word' id='word_1_204' title='bbox 2882 1641 3085 1696; x_wconf 83' lang='lat' dir='ltr'><strong>civibus</strong></span> <span class='ocrx_word' id='word_1_205' title='bbox 3133 1642 3218 1696; x_wconf 72' lang='lat' dir='ltr'><strong>Vel</strong></span> <span class='ocrx_word' id='word_1_206' title='bbox 3267 1634 3657 1711; x_wconf 73' lang='lat' dir='ltr'><strong>aliquantulum</strong></span> 
     </span>
    </p>
   </div>
   <div class='ocr_carea' id='block_1_28' title="bbox 398 1721 3657 1801">
    <p class='ocr_par' dir='ltr' id='par_1_28' title="bbox 398 1721 3657 1801">
     <span class='ocr_line' id='line_1_28' title="bbox 398 1721 3657 1801; baseline -0.001 -23"><span class='ocrx_word' id='word_1_207' title='bbox 398 1726 529 1780; x_wconf 84' lang='lat' dir='ltr'><strong>urbe</strong></span> <span class='ocrx_word' id='word_1_208' title='bbox 552 1722 844 1795; x_wconf 70' lang='lat' dir='ltr'><strong>pontificali</strong></span> <span class='ocrx_word' id='word_1_209' title='bbox 878 1721 1054 1777; x_wconf 84' lang='lat' dir='ltr'><strong>officio</strong></span> <span class='ocrx_word' id='word_1_210' title='bbox 1087 1723 1435 1795; x_wconf 85' lang='lat' dir='ltr'><strong>fungebatur,</strong></span> <span class='ocrx_word' id='word_1_211' title='bbox 1468 1722 1721 1778; x_wconf 88' lang='lat' dir='ltr'><strong>sacerdos</strong></span> <span class='ocrx_word' id='word_1_212' title='bbox 1764 1724 1973 1777; x_wconf 86' lang='lat' dir='ltr'><strong>virtuti-</strong></span> <span class='ocrx_word' id='word_1_213' title='bbox 2005 1731 2181 1801; x_wconf 59' lang='lat' dir='ltr'><strong>“jam</strong></span> <span class='ocrx_word' id='word_1_214' title='bbox 2230 1731 2404 1785; x_wconf 76' lang='lat' dir='ltr'><strong>ruina,</strong></span> <span class='ocrx_word' id='word_1_215' title='bbox 2455 1730 2606 1784; x_wconf 75' lang='lat' dir='ltr'><strong>Nulla</strong></span> <span class='ocrx_word' id='word_1_216' title='bbox 2650 1738 2828 1784; x_wconf 72' lang='lat' dir='ltr'><strong>rector</strong></span> <span class='ocrx_word' id='word_1_217' title='bbox 2872 1730 3065 1799; x_wconf 79' lang='lat' dir='ltr'><strong>impius</strong></span> <span class='ocrx_word' id='word_1_218' title='bbox 3107 1740 3381 1799; x_wconf 68' lang='lat' dir='ltr'><strong>permotus</strong></span> <span class='ocrx_word' id='word_1_219' title='bbox 3429 1741 3510 1786; x_wconf 71' lang='grc' dir='ltr'><strong>εει</strong></span> <span class='ocrx_word' id='word_1_220' title='bbox 3540 1732 3657 1801; x_wconf 74' lang='grc' dir='ltr'><strong>ρίο-</strong></span> 
     </span>
    </p>
   </div>
   <div class='ocr_carea' id='block_1_29' title="bbox 396 1815 1971 1887">
    <p class='ocr_par' dir='ltr' id='par_1_29' title="bbox 396 1815 1971 1887">
     <span class='ocr_line' id='line_1_29' title="bbox 396 1815 1971 1887; baseline 0.001 -16"><span class='ocrx_word' id='word_1_221' title='bbox 396 1816 496 1872; x_wconf 86' lang='lat' dir='ltr'><strong>bus</strong></span> <span class='ocrx_word' id='word_1_222' title='bbox 524 1817 1012 1886; x_wconf 62' lang='lat' dir='ltr'><strong>praestantissimus.</strong></span> <span class='ocrx_word' id='word_1_223' title='bbox 1053 1815 1117 1870; x_wconf 89' lang='lat' dir='ltr'><strong>Et</strong></span> <span class='ocrx_word' id='word_1_224' title='bbox 1168 1817 1291 1871; x_wconf 89' lang='lat' dir='ltr'><strong>licet</strong></span> <span class='ocrx_word' id='word_1_225' title='bbox 1343 1826 1365 1856; x_wconf 75' lang='grc' dir='ltr'><strong><em>ο</em></strong></span> <span class='ocrx_word' id='word_1_226' title='bbox 1412 1818 1659 1887; x_wconf 90' lang='lat' dir='ltr'><strong>opposito</strong></span> <span class='ocrx_word' id='word_1_227' title='bbox 1704 1826 1883 1872; x_wconf 87' lang='lat' dir='ltr'><strong>monte</strong></span> <span class='ocrx_word' id='word_1_228' title='bbox 1921 1818 1971 1872; x_wconf 92' lang='lat' dir='ltr'><strong>in</strong></span> 
     </span>
    </p>
   </div>
   <div class='ocr_carea' id='block_1_30' title="bbox 398 1908 1973 1979">
    <p class='ocr_par' dir='ltr' id='par_1_30' title="bbox 398 1908 1973 1979">
     <span class='ocr_line' id='line_1_30' title="bbox 398 1908 1973 1979; baseline 0 -15"><span class='ocrx_word' id='word_1_229' title='bbox 398 1909 625 1964; x_wconf 84' lang='lat' dir='ltr'><strong>sublime</strong></span> <span class='ocrx_word' id='word_1_230' title='bbox 654 1909 804 1962; x_wconf 81' lang='lat' dir='ltr'><strong>firma</strong></span> <span class='ocrx_word' id='word_1_231' title='bbox 830 1910 899 1964; x_wconf 88' lang='lat' dir='ltr'><strong>sit</strong></span> <span class='ocrx_word' id='word_1_232' title='bbox 923 1922 989 1962; x_wconf 80' lang='lat' dir='ltr'><strong>ex</strong></span> <span class='ocrx_word' id='word_1_233' title='bbox 1020 1916 1172 1977; x_wconf 89' lang='lat' dir='ltr'><strong>parte</strong></span> <span class='ocrx_word' id='word_1_234' title='bbox 1200 1908 1428 1962; x_wconf 78' lang='lat' dir='ltr'><strong>maxima</strong></span> <span class='ocrx_word' id='word_1_235' title='bbox 1461 1909 1715 1963; x_wconf 89' lang='lat' dir='ltr'><strong>naturalis</strong></span> <span class='ocrx_word' id='word_1_236' title='bbox 1762 1910 1973 1979; x_wconf 74' lang='lat' dir='ltr'><strong>exposi-</strong></span> 
     </span>
    </p>
   </div>
   <div class='ocr_carea' id='block_1_31' title="bbox 400 1998 1971 2068">
    <p class='ocr_par' dir='ltr' id='par_1_31' title="bbox 400 1998 1971 2068">
     <span class='ocr_line' id='line_1_31' title="bbox 400 1998 1971 2068; baseline 0.002 -16"><span class='ocrx_word' id='word_1_237' title='bbox 400 2000 562 2053; x_wconf 91' lang='lat' dir='ltr'><strong>tionis</strong></span> <span class='ocrx_word' id='word_1_238' title='bbox 584 1999 834 2064; x_wconf 88' lang='lat' dir='ltr'><strong>munitio,</strong></span> <span class='ocrx_word' id='word_1_239' title='bbox 864 2006 920 2053; x_wconf 90' lang='lat' dir='ltr'><strong>et</strong></span> <span class='ocrx_word' id='word_1_240' title='bbox 971 1999 1293 2068; x_wconf 88' lang='lat' dir='ltr'><strong>quadrarum</strong></span> <span class='ocrx_word' id='word_1_241' title='bbox 1325 1998 1557 2068; x_wconf 82' lang='lat' dir='ltr'><strong>lapidum</strong></span> <span class='ocrx_word' id='word_1_242' title='bbox 1584 2000 1821 2055; x_wconf 84' lang='lat' dir='ltr'><strong>studiose</strong></span> <span class='ocrx_word' id='word_1_243' title='bbox 1842 2001 1971 2055; x_wconf 91' lang='lat' dir='ltr'><strong>sub-</strong></span> 
     </span>
    </p>
   </div>
   <div class='ocr_carea' id='block_1_32' title="bbox 398 2087 1974 2157">
    <p class='ocr_par' dir='ltr' id='par_1_32' title="bbox 398 2087 1974 2157">
     <span class='ocr_line' id='line_1_32' title="bbox 398 2087 1974 2157; baseline 0.003 -17"><span class='ocrx_word' id='word_1_244' title='bbox 398 2088 579 2156; x_wconf 80' lang='lat' dir='ltr'><strong>iuncta</strong></span> <span class='ocrx_word' id='word_1_245' title='bbox 609 2102 871 2157; x_wconf 85' lang='lat' dir='ltr'><strong>compago</strong></span> <span class='ocrx_word' id='word_1_246' title='bbox 899 2103 1079 2143; x_wconf 90' lang='lat' dir='ltr'><strong>muros</strong></span> <span class='ocrx_word' id='word_1_247' title='bbox 1104 2087 1267 2157; x_wconf 89' lang='lat' dir='ltr'><strong>ipsius</strong></span> <span class='ocrx_word' id='word_1_248' title='bbox 1307 2089 1539 2144; x_wconf 86' lang='lat' dir='ltr'><strong>civitatis</strong></span> <span class='ocrx_word' id='word_1_249' title='bbox 1585 2089 1781 2145; x_wconf 84' lang='lat' dir='ltr'><strong>efficiat</strong></span> <span class='ocrx_word' id='word_1_250' title='bbox 1810 2092 1974 2145; x_wconf 91' lang='lat' dir='ltr'><strong>tutio-</strong></span> 
     </span>
    </p>
   </div>
   <div class='ocr_carea' id='block_1_33' title="bbox 402 2177 1978 2257">
    <p class='ocr_par' dir='ltr' id='par_1_33' title="bbox 402 2177 1978 2257">
     <span class='ocr_line' id='line_1_33' title="bbox 402 2177 1978 2257; baseline 0.001 -24"><span class='ocrx_word' id='word_1_251' title='bbox 402 2194 486 2233; x_wconf 88' lang='lat' dir='ltr'><strong>res</strong></span> <span class='ocrx_word' id='word_1_252' title='bbox 506 2218 519 2242; x_wconf 90' lang='lat'><strong>,</strong></span> <span class='ocrx_word' id='word_1_253' title='bbox 552 2179 621 2232; x_wconf 89' lang='lat' dir='ltr'><strong>ad</strong></span> <span class='ocrx_word' id='word_1_254' title='bbox 648 2177 978 2248; x_wconf 88' lang='lat' dir='ltr'><strong>probandam</strong></span> <span class='ocrx_word' id='word_1_255' title='bbox 1006 2187 1183 2233; x_wconf 89' lang='lat' dir='ltr'><strong>tamen</strong></span> <span class='ocrx_word' id='word_1_256' title='bbox 1213 2179 1368 2233; x_wconf 81' lang='lat' dir='ltr'><strong>fidem</strong></span> <span class='ocrx_word' id='word_1_257' title='bbox 1392 2180 1591 2257; x_wconf 70' lang='lat' dir='ltr'><strong>pmfati</strong></span> <span class='ocrx_word' id='word_1_258' title='bbox 1620 2182 1891 2244; x_wconf 87' lang='lat' dir='ltr'><strong>antistitis,</strong></span> <span class='ocrx_word' id='word_1_259' title='bbox 1922 2190 1978 2237; x_wconf 90' lang='lat' dir='ltr'><strong>et</strong></span> 
     </span>
    </p>
   </div>
   <div class='ocr_carea' id='block_1_34' title="bbox 402 2268 1976 2339">
    <p class='ocr_par' dir='ltr' id='par_1_34' title="bbox 402 2268 1976 2339">
     <span class='ocr_line' id='line_1_34' title="bbox 402 2268 1976 2339; baseline 0 -16"><span class='ocrx_word' id='word_1_260' title='bbox 402 2283 586 2323; x_wconf 89' lang='lat' dir='ltr'><strong>eorum</strong></span> <span class='ocrx_word' id='word_1_261' title='bbox 624 2270 713 2337; x_wconf 89' lang='lat' dir='ltr'><strong>qui</strong></span> <span class='ocrx_word' id='word_1_262' title='bbox 765 2268 1055 2338; x_wconf 90' lang='lat' dir='ltr'><strong>gloriosum</strong></span> <span class='ocrx_word' id='word_1_263' title='bbox 1101 2269 1413 2339; x_wconf 79' lang='lat' dir='ltr'><strong>martyrium</strong></span> <span class='ocrx_word' id='word_1_264' title='bbox 1460 2270 1511 2323; x_wconf 94' lang='lat' dir='ltr'><strong>in</strong></span> <span class='ocrx_word' id='word_1_265' title='bbox 1561 2278 1743 2325; x_wconf 89' lang='lat' dir='ltr'><strong>sancta</strong></span> <span class='ocrx_word' id='word_1_266' title='bbox 1782 2270 1976 2324; x_wconf 86' lang='lat' dir='ltr'><strong>Christi</strong></span> 
     </span>
    </p>
   </div>
   <div class='ocr_carea' id='block_1_35' title="bbox 403 2358 1978 2429">
    <p class='ocr_par' dir='ltr' id='par_1_35' title="bbox 403 2358 1978 2429">
     <span class='ocr_line' id='line_1_35' title="bbox 403 2358 1978 2429; baseline 0.001 -16"><span class='ocrx_word' id='word_1_267' title='bbox 403 2359 741 2415; x_wconf 87' lang='lat' dir='ltr'><strong>confessione</strong></span> <span class='ocrx_word' id='word_1_268' title='bbox 787 2366 1097 2421; x_wconf 88' lang='lat' dir='ltr'><strong>manentes,</strong></span> <span class='ocrx_word' id='word_1_269' title='bbox 1146 2373 1266 2413; x_wconf 90' lang='lat' dir='ltr'><strong>cum</strong></span> <span class='ocrx_word' id='word_1_270' title='bbox 1327 2358 1517 2413; x_wconf 89' lang='lat' dir='ltr'><strong>eodem</strong></span> <span class='ocrx_word' id='word_1_271' title='bbox 1565 2358 1747 2429; x_wconf 89' lang='lat' dir='ltr'><strong>adepti</strong></span> <span class='ocrx_word' id='word_1_272' title='bbox 1815 2359 1978 2414; x_wconf 89' lang='lat' dir='ltr'><strong>fuisse</strong></span> 
     </span>
    </p>
   </div>
   <div class='ocr_carea' id='block_1_36' title="bbox 404 2446 1977 2520">
    <p class='ocr_par' dir='ltr' id='par_1_36' title="bbox 404 2446 1977 2520">
     <span class='ocr_line' id='line_1_36' title="bbox 404 2446 1977 2520; baseline -0.003 -15"><span class='ocrx_word' id='word_1_273' title='bbox 404 2452 823 2520; x_wconf 88' lang='lat' dir='ltr'><strong>dignoscuntur;</strong></span> <span class='ocrx_word' id='word_1_274' title='bbox 878 2448 1197 2504; x_wconf 87' lang='lat' dir='ltr'><strong>circumfusa</strong></span> <span class='ocrx_word' id='word_1_275' title='bbox 1245 2446 1631 2502; x_wconf 87' lang='lat' dir='ltr'><strong>Wandalorum</strong></span> <span class='ocrx_word' id='word_1_276' title='bbox 1688 2447 1977 2502; x_wconf 88' lang='lat' dir='ltr'><strong>multitudo</strong></span> 
     </span>
    </p>
   </div>
   <div class='ocr_carea' id='block_1_37' title="bbox 404 2536 1978 2609">
    <p class='ocr_par' dir='ltr' id='par_1_37' title="bbox 404 2536 1978 2609">
     <span class='ocr_line' id='line_1_37' title="bbox 404 2536 1978 2609; baseline -0.004 -13"><span class='ocrx_word' id='word_1_277' title='bbox 404 2544 589 2596; x_wconf 85' lang='lat' dir='ltr'><strong>urbem</strong></span> <span class='ocrx_word' id='word_1_278' title='bbox 619 2542 850 2609; x_wconf 81' lang='lat' dir='ltr'><strong>undique</strong></span> <span class='ocrx_word' id='word_1_279' title='bbox 888 2539 1261 2595; x_wconf 84' lang='lat' dir='ltr'><strong>circumvallat</strong></span> <span class='ocrx_word' id='word_1_280' title='bbox 1307 2547 1361 2593; x_wconf 92' lang='lat' dir='ltr'><strong>et</strong></span> <span class='ocrx_word' id='word_1_281' title='bbox 1400 2539 1448 2592; x_wconf 93' lang='lat' dir='ltr'><strong>in</strong></span> <span class='ocrx_word' id='word_1_282' title='bbox 1480 2537 1756 2592; x_wconf 86' lang='lat' dir='ltr'><strong>obsidione</strong></span> <span class='ocrx_word' id='word_1_283' title='bbox 1801 2536 1978 2606; x_wconf 81' lang='lat' dir='ltr'><strong>perdi-</strong></span> 
     </span>
    </p>
   </div>
   <div class='ocr_carea' id='block_1_38' title="bbox 405 2626 1980 2702">
    <p class='ocr_par' dir='ltr' id='par_1_38' title="bbox 405 2626 1980 2702">
     <span class='ocr_line' id='line_1_38' title="bbox 405 2626 1980 2702; baseline -0.004 -14"><span class='ocrx_word' id='word_1_284' title='bbox 405 2635 565 2689; x_wconf 89' lang='lat' dir='ltr'><strong>tionis</strong></span> <span class='ocrx_word' id='word_1_285' title='bbox 609 2649 637 2686; x_wconf 91' lang='lat' dir='ltr'><strong>a</strong></span> <span class='ocrx_word' id='word_1_286' title='bbox 682 2632 889 2687; x_wconf 90' lang='lat' dir='ltr'><strong>cunctis</strong></span> <span class='ocrx_word' id='word_1_287' title='bbox 934 2632 1172 2702; x_wconf 77' lang='lat' dir='ltr'><strong>partibus</strong></span> <span class='ocrx_word' id='word_1_288' title='bbox 1218 2629 1406 2685; x_wconf 87' lang='lat' dir='ltr'><strong>civitas</strong></span> <span class='ocrx_word' id='word_1_289' title='bbox 1445 2628 1824 2683; x_wconf 86' lang='lat' dir='ltr'><strong>circumdatur.</strong></span> <span class='ocrx_word' id='word_1_290' title='bbox 1870 2626 1980 2681; x_wconf 83' lang='lat' dir='ltr'><strong>Nec</strong></span> 
     </span>
    </p>
   </div>
   <div class='ocr_carea' id='block_1_39' title="bbox 404 2718 1979 2803">
    <p class='ocr_par' dir='ltr' id='par_1_39' title="bbox 404 2718 1979 2803">
     <span class='ocr_line' id='line_1_39' title="bbox 404 2718 1979 2803; baseline -0.003 -26"><span class='ocrx_word' id='word_1_291' title='bbox 404 2738 553 2783; x_wconf 83' lang='lat' dir='ltr'><strong>mora</strong></span> <span class='ocrx_word' id='word_1_292' title='bbox 604 2722 919 2788; x_wconf 87' lang='lat' dir='ltr'><strong>missilibus,</strong></span> <span class='ocrx_word' id='word_1_293' title='bbox 964 2720 1172 2784; x_wconf 83' lang='lat' dir='ltr'><strong>fundis,</strong></span> <span class='ocrx_word' id='word_1_294' title='bbox 1225 2719 1430 2788; x_wconf 81' lang='lat' dir='ltr'><strong>sagittis</strong></span> <span class='ocrx_word' id='word_1_295' title='bbox 1490 2718 1818 2803; x_wconf 74' lang='lat' dir='ltr'><strong>diversisque</strong></span> <span class='ocrx_word' id='word_1_296' title='bbox 1860 2718 1979 2773; x_wconf 89' lang='lat' dir='ltr'><strong>telis</strong></span> 
     </span>
    </p>
   </div>
   <div class='ocr_carea' id='block_1_40' title="bbox 405 2807 1978 2876">
    <p class='ocr_par' dir='ltr' id='par_1_40' title="bbox 405 2807 1978 2876">
     <span class='ocr_line' id='line_1_40' title="bbox 405 2807 1978 2876; baseline -0.003 -12"><span class='ocrx_word' id='word_1_297' title='bbox 405 2819 651 2865; x_wconf 80' lang='lat' dir='ltr'><strong>evertere</strong></span> <span class='ocrx_word' id='word_1_298' title='bbox 672 2810 897 2872; x_wconf 75' lang='lat' dir='ltr'><strong>mantia,</strong></span> <span class='ocrx_word' id='word_1_299' title='bbox 928 2808 1103 2863; x_wconf 89' lang='lat' dir='ltr'><strong>acrius</strong></span> <span class='ocrx_word' id='word_1_300' title='bbox 1144 2809 1515 2876; x_wconf 89' lang='lat' dir='ltr'><strong>impugnantes</strong></span> <span class='ocrx_word' id='word_1_301' title='bbox 1544 2807 1789 2862; x_wconf 83' lang='lat' dir='ltr'><strong>Wantlaii</strong></span> <span class='ocrx_word' id='word_1_302' title='bbox 1810 2848 1823 2870; x_wconf 93' lang='lat'><strong>,</strong></span> <span class='ocrx_word' id='word_1_303' title='bbox 1856 2822 1978 2861; x_wconf 87' lang='lat' dir='ltr'><strong>cru-</strong></span> 
     </span>
    </p>
   </div>
   <div class='ocr_carea' id='block_1_41' title="bbox 408 2897 1980 2968">
    <p class='ocr_par' dir='ltr' id='par_1_41' title="bbox 408 2897 1980 2968">
     <span class='ocr_line' id='line_1_41' title="bbox 408 2897 1980 2968; baseline -0.003 -12"><span class='ocrx_word' id='word_1_304' title='bbox 408 2902 640 2957; x_wconf 74' lang='lat' dir='ltr'><strong>delitatis</strong></span> <span class='ocrx_word' id='word_1_305' title='bbox 669 2900 917 2955; x_wconf 83' lang='lat' dir='ltr'><strong>instantia</strong></span> <span class='ocrx_word' id='word_1_306' title='bbox 940 2898 1314 2968; x_wconf 79' lang='lat' dir='ltr'><strong>perurgebant.</strong></span> <span class='ocrx_word' id='word_1_307' title='bbox 1353 2897 1397 2950; x_wconf 80' lang='grc' dir='ltr'>Ε</span> <span class='ocrx_word' id='word_1_308' title='bbox 1425 2906 1612 2953; x_wconf 87' lang='lat' dir='ltr'><strong>contra</strong></span> <span class='ocrx_word' id='word_1_309' title='bbox 1643 2898 1980 2953; x_wconf 85' lang='lat' dir='ltr'><strong>beatissimus</strong></span> 
     </span>
    </p>
   </div>
   <div class='ocr_carea' id='block_1_42' title="bbox 409 2986 1980 3059">
    <p class='ocr_par' dir='ltr' id='par_1_42' title="bbox 409 2986 1980 3059">
     <span class='ocr_line' id='line_1_42' title="bbox 409 2986 1980 3059; baseline -0.001 -16"><span class='ocrx_word' id='word_1_310' title='bbox 409 2990 647 3059; x_wconf 78' lang='lat' dir='ltr'><strong>pontitex</strong></span> <span class='ocrx_word' id='word_1_311' title='bbox 701 2988 1034 3053; x_wconf 80' lang='lat' dir='ltr'><strong>Desiderius,</strong></span> <span class='ocrx_word' id='word_1_312' title='bbox 1087 3003 1209 3041; x_wconf 91' lang='lat' dir='ltr'><strong>cum</strong></span> <span class='ocrx_word' id='word_1_313' title='bbox 1273 2987 1383 3041; x_wconf 84' lang='lat' dir='ltr'><strong>suis</strong></span> <span class='ocrx_word' id='word_1_314' title='bbox 1428 2987 1830 3049; x_wconf 87' lang='lat' dir='ltr'><strong>sacerdotibus,</strong></span> <span class='ocrx_word' id='word_1_315' title='bbox 1895 2986 1980 3041; x_wconf 89' lang='lat' dir='ltr'><strong>vel</strong></span> 
     </span>
    </p>
   </div>
   <div class='ocr_carea' id='block_1_43' title="bbox 408 3074 2050 3165">
    <p class='ocr_par' dir='ltr' id='par_1_43' title="bbox 408 3074 2050 3165">
     <span class='ocr_line' id='line_1_43' title="bbox 408 3074 2050 3165; baseline -0.002 -32"><span class='ocrx_word' id='word_1_316' title='bbox 408 3080 615 3133; x_wconf 71' lang='lat' dir='ltr'><strong>czeteris</strong></span> <span class='ocrx_word' id='word_1_317' title='bbox 665 3078 900 3142; x_wconf 90' lang='lat' dir='ltr'><strong>civibus,</strong></span> <span class='ocrx_word' id='word_1_318' title='bbox 928 3077 995 3132; x_wconf 88' lang='lat' dir='ltr'><strong>de</strong></span> <span class='ocrx_word' id='word_1_319' title='bbox 1031 3091 1184 3131; x_wconf 90' lang='lat' dir='ltr'><strong>muro</strong></span> <span class='ocrx_word' id='word_1_320' title='bbox 1222 3075 1489 3130; x_wconf 88' lang='lat' dir='ltr'><strong>clamabat</strong></span> <span class='ocrx_word' id='word_1_321' title='bbox 1529 3074 1751 3130; x_wconf 72' lang='lat' dir='ltr'><strong>dicens:</strong></span> <span class='ocrx_word' id='word_1_322' title='bbox 1782 3075 1975 3130; x_wconf 86' lang='lat' dir='ltr'><strong>Christi</strong></span> <span class='ocrx_word' id='word_1_323' title='bbox 2005 3104 2050 3165; x_wconf 62' lang='grc' dir='ltr'>ϐ</span> 
     </span>
    </p>
   </div>
   <div class='ocr_carea' id='block_1_44' title="bbox 408 3165 1978 3233">
    <p class='ocr_par' dir='ltr' id='par_1_44' title="bbox 408 3165 1978 3233">
     <span class='ocr_line' id='line_1_44' title="bbox 408 3165 1978 3233; baseline -0.002 -10"><span class='ocrx_word' id='word_1_324' title='bbox 408 3171 548 3224; x_wconf 89' lang='lat' dir='ltr'><strong>servi</strong></span> <span class='ocrx_word' id='word_1_325' title='bbox 600 3184 813 3233; x_wconf 88' lang='lat' dir='ltr'><strong>sumus,</strong></span> <span class='ocrx_word' id='word_1_326' title='bbox 861 3168 1132 3223; x_wconf 89' lang='lat' dir='ltr'><strong>Christum</strong></span> <span class='ocrx_word' id='word_1_327' title='bbox 1188 3166 1469 3221; x_wconf 90' lang='lat' dir='ltr'><strong>Dominum</strong></span> <span class='ocrx_word' id='word_1_328' title='bbox 1527 3173 1765 3220; x_wconf 89' lang='lat' dir='ltr'><strong>nostrum</strong></span> <span class='ocrx_word' id='word_1_329' title='bbox 1814 3165 1978 3220; x_wconf 84' lang='lat' dir='ltr'><strong>Deum</strong></span> 
     </span>
    </p>
   </div>
   <div class='ocr_carea' id='block_1_45' title="bbox 410 3257 1981 3328">
    <p class='ocr_par' dir='ltr' id='par_1_45' title="bbox 410 3257 1981 3328">
     <span class='ocr_line' id='line_1_45' title="bbox 410 3257 1981 3328; baseline -0.003 -12"><span class='ocrx_word' id='word_1_330' title='bbox 410 3262 587 3317; x_wconf 84' lang='lat' dir='ltr'><strong>vivum</strong></span> <span class='ocrx_word' id='word_1_331' title='bbox 630 3272 688 3316; x_wconf 89' lang='lat' dir='ltr'><strong>et</strong></span> <span class='ocrx_word' id='word_1_332' title='bbox 730 3276 913 3315; x_wconf 87' lang='lat' dir='ltr'><strong>verum</strong></span> <span class='ocrx_word' id='word_1_333' title='bbox 962 3261 1216 3326; x_wconf 88' lang='lat' dir='ltr'><strong>colimus,</strong></span> <span class='ocrx_word' id='word_1_334' title='bbox 1259 3259 1350 3328; x_wconf 90' lang='lat' dir='ltr'><strong>qui</strong></span> <span class='ocrx_word' id='word_1_335' title='bbox 1392 3258 1699 3313; x_wconf 88' lang='lat' dir='ltr'><strong>universum</strong></span> <span class='ocrx_word' id='word_1_336' title='bbox 1728 3257 1981 3312; x_wconf 88' lang='lat' dir='ltr'><strong>mundum</strong></span> 
     </span>
    </p>
   </div>
   <div class='ocr_carea' id='block_1_46' title="bbox 409 3348 1978 3415">
    <p class='ocr_par' dir='ltr' id='par_1_46' title="bbox 409 3348 1978 3415">
     <span class='ocr_line' id='line_1_46' title="bbox 409 3348 1978 3415; baseline -0.005 -4"><span class='ocrx_word' id='word_1_337' title='bbox 409 3355 706 3411; x_wconf 89' lang='lat' dir='ltr'><strong>constituit.</strong></span> <span class='ocrx_word' id='word_1_338' title='bbox 734 3353 907 3408; x_wconf 83' lang='lat' dir='ltr'><strong>Nolite</strong></span> <span class='ocrx_word' id='word_1_339' title='bbox 952 3354 1003 3406; x_wconf 92' lang='lat' dir='ltr'><strong>in</strong></span> <span class='ocrx_word' id='word_1_340' title='bbox 1035 3351 1188 3407; x_wconf 91' lang='lat' dir='ltr'><strong>nobis</strong></span> <span class='ocrx_word' id='word_1_341' title='bbox 1216 3350 1429 3406; x_wconf 90' lang='lat' dir='ltr'><strong>crudele</strong></span> <span class='ocrx_word' id='word_1_342' title='bbox 1463 3349 1638 3405; x_wconf 84' lang='lat' dir='ltr'><strong>scelus</strong></span> <span class='ocrx_word' id='word_1_343' title='bbox 1679 3348 1978 3415; x_wconf 87' lang='lat' dir='ltr'><strong>admittere,</strong></span> 
     </span>
    </p>
   </div>
   <div class='ocr_carea' id='block_1_47' title="bbox 409 3439 1983 3517">
    <p class='ocr_par' dir='ltr' id='par_1_47' title="bbox 409 3439 1983 3517">
     <span class='ocr_line' id='line_1_47' title="bbox 409 3439 1983 3517; baseline -0.004 -17"><span class='ocrx_word' id='word_1_344' title='bbox 409 3462 510 3517; x_wconf 88' lang='lat' dir='ltr'><strong>per</strong></span> <span class='ocrx_word' id='word_1_345' title='bbox 533 3448 691 3516; x_wconf 82' lang='lat' dir='ltr'><strong>quod</strong></span> <span class='ocrx_word' id='word_1_346' title='bbox 723 3444 814 3499; x_wconf 90' lang='lat' dir='ltr'><strong>Dei</strong></span> <span class='ocrx_word' id='word_1_347' title='bbox 870 3444 1163 3515; x_wconf 72' lang='lat' dir='ltr'><strong>potentiam</strong></span> <span class='ocrx_word' id='word_1_348' title='bbox 1194 3448 1381 3497; x_wconf 91' lang='lat' dir='ltr'><strong>contra</strong></span> <span class='ocrx_word' id='word_1_349' title='bbox 1425 3455 1521 3496; x_wconf 82' lang='lat' dir='ltr'><strong>vos</strong></span> <span class='ocrx_word' id='word_1_350' title='bbox 1561 3440 1614 3495; x_wconf 92' lang='lat' dir='ltr'><strong>in</strong></span> <span class='ocrx_word' id='word_1_351' title='bbox 1656 3439 1983 3494; x_wconf 86' lang='lat' dir='ltr'><strong>iracundiam</strong></span> 
     </span>
    </p>
   </div>
   <div class='ocr_carea' id='block_1_48' title="bbox 409 3533 1931 3604">
    <p class='ocr_par' dir='ltr' id='par_1_48' title="bbox 409 3533 1931 3604">
     <span class='ocr_line' id='line_1_48' title="bbox 409 3533 1931 3604; baseline 0 -16"><span class='ocrx_word' id='word_1_352' title='bbox 409 3533 731 3604; x_wconf 86' lang='lat' dir='ltr'><strong>provocetis.</strong></span> <span class='ocrx_word' id='word_1_353' title='bbox 808 3575 821 3595; x_wconf 68' lang='grc'>,</span> <span class='ocrx_word' id='word_1_354' title='bbox 856 3585 866 3593; x_wconf 82' lang='grc'>,</span> <span class='ocrx_word' id='word_1_355' title='bbox 1902 3552 1931 3569; x_wconf 65' lang='grc' dir='ltr'><strong>αν</strong></span> 
     </span>
    </p>
   </div>
   <div class='ocr_carea' id='block_1_49' title="bbox 482 3620 1985 3691">
    <p class='ocr_par' dir='ltr' id='par_1_49' title="bbox 482 3620 1985 3691">
     <span class='ocr_line' id='line_1_49' title="bbox 482 3620 1985 3691; baseline 0 -16"><span class='ocrx_word' id='word_1_356' title='bbox 482 3624 539 3676; x_wconf 79' lang='grc'><strong>5.</strong></span> <span class='ocrx_word' id='word_1_357' title='bbox 597 3622 701 3676; x_wconf 87' lang='lat' dir='ltr'><strong>Sed</strong></span> <span class='ocrx_word' id='word_1_358' title='bbox 748 3621 1141 3690; x_wconf 83' lang='lat' dir='ltr'><strong>quoniamDei</strong></span> <span class='ocrx_word' id='word_1_359' title='bbox 1191 3620 1695 3691; x_wconf 66' lang='lat' dir='ltr'><strong>praidestinatione,</strong></span> <span class='ocrx_word' id='word_1_360' title='bbox 1746 3620 1985 3690; x_wconf 79' lang='lat' dir='ltr'><strong>martyrii</strong></span> 
     </span>
    </p>
   </div>
   <div class='ocr_carea' id='block_1_50' title="bbox 408 3709 1987 3784">
    <p class='ocr_par' dir='ltr' id='par_1_50' title="bbox 408 3709 1987 3784">
     <span class='ocr_line' id='line_1_50' title="bbox 408 3709 1987 3784; baseline -0.001 -16"><span class='ocrx_word' id='word_1_361' title='bbox 408 3715 672 3784; x_wconf 76' lang='lat' dir='ltr'><strong>praefinita</strong></span> <span class='ocrx_word' id='word_1_362' title='bbox 699 3716 811 3768; x_wconf 89' lang='lat' dir='ltr'><strong>dies</strong></span> <span class='ocrx_word' id='word_1_363' title='bbox 841 3714 1162 3779; x_wconf 87' lang='lat' dir='ltr'><strong>advenerat;</strong></span> <span class='ocrx_word' id='word_1_364' title='bbox 1196 3721 1374 3768; x_wconf 88' lang='lat' dir='ltr'><strong>terror</strong></span> <span class='ocrx_word' id='word_1_365' title='bbox 1397 3721 1452 3767; x_wconf 89' lang='lat' dir='ltr'><strong>et</strong></span> <span class='ocrx_word' id='word_1_366' title='bbox 1478 3720 1649 3767; x_wconf 87' lang='lat' dir='ltr'><strong>metus</strong></span> <span class='ocrx_word' id='word_1_367' title='bbox 1676 3711 1799 3767; x_wconf 80' lang='lat' dir='ltr'><strong>inde</strong></span> <span class='ocrx_word' id='word_1_368' title='bbox 1826 3709 1987 3766; x_wconf 85' lang='lat' dir='ltr'><strong>simul</strong></span> 
     </span>
    </p>
   </div>
   <div class='ocr_carea' id='block_1_51' title="bbox 409 3800 1985 3879">
    <p class='ocr_par' dir='ltr' id='par_1_51' title="bbox 409 3800 1985 3879">
     <span class='ocr_line' id='line_1_51' title="bbox 409 3800 1985 3879; baseline -0.002 -23"><span class='ocrx_word' id='word_1_369' title='bbox 409 3804 561 3856; x_wconf 86' lang='lat' dir='ltr'><strong>cives</strong></span> <span class='ocrx_word' id='word_1_370' title='bbox 587 3817 772 3879; x_wconf 71' lang='lat' dir='ltr'><strong>ompes</strong></span> <span class='ocrx_word' id='word_1_371' title='bbox 800 3818 933 3857; x_wconf 89' lang='lat' dir='ltr'><strong>unus</strong></span> <span class='ocrx_word' id='word_1_372' title='bbox 964 3804 1250 3867; x_wconf 88' lang='lat' dir='ltr'><strong>invaserat,</strong></span> <span class='ocrx_word' id='word_1_373' title='bbox 1282 3815 1380 3855; x_wconf 91' lang='lat' dir='ltr'><strong>nec</strong></span> <span class='ocrx_word' id='word_1_374' title='bbox 1424 3815 1483 3856; x_wconf 90' lang='lat' dir='ltr'><strong>se</strong></span> <span class='ocrx_word' id='word_1_375' title='bbox 1513 3800 1649 3855; x_wconf 92' lang='lat' dir='ltr'><strong>ultra</strong></span> <span class='ocrx_word' id='word_1_376' title='bbox 1680 3801 1786 3854; x_wconf 90' lang='lat' dir='ltr'><strong>ulla</strong></span> <span class='ocrx_word' id='word_1_377' title='bbox 1816 3800 1985 3854; x_wconf 87' lang='lat' dir='ltr'><strong>virtu-</strong></span> 
     </span>
    </p>
   </div>
   <div class='ocr_carea' id='block_1_52' title="bbox 413 3890 1988 3955">
    <p class='ocr_par' dir='ltr' id='par_1_52' title="bbox 413 3890 1988 3955">
     <span class='ocr_line' id='line_1_52' title="bbox 413 3890 1988 3955; baseline -0.001 -8"><span class='ocrx_word' id='word_1_378' title='bbox 413 3894 486 3949; x_wconf 86' lang='lat' dir='ltr'><strong>tis</strong></span> <span class='ocrx_word' id='word_1_379' title='bbox 529 3892 747 3947; x_wconf 85' lang='lat' dir='ltr'><strong>audacia</strong></span> <span class='ocrx_word' id='word_1_380' title='bbox 782 3892 1063 3947; x_wconf 80' lang='lat' dir='ltr'><strong>defendere</strong></span> <span class='ocrx_word' id='word_1_381' title='bbox 1090 3893 1440 3955; x_wconf 90' lang='lat' dir='ltr'><strong>conabantur,</strong></span> <span class='ocrx_word' id='word_1_382' title='bbox 1488 3890 1583 3946; x_wconf 90' lang='lat' dir='ltr'><strong>sed</strong></span> <span class='ocrx_word' id='word_1_383' title='bbox 1613 3899 1757 3945; x_wconf 91' lang='lat' dir='ltr'><strong>retro</strong></span> <span class='ocrx_word' id='word_1_384' title='bbox 1784 3890 1988 3945; x_wconf 86' lang='lat' dir='ltr'><strong>redacti</strong></span> 
     </span>
    </p>
   </div>
   <div class='ocr_carea' id='block_1_53' title="bbox 413 3978 1989 4049">
    <p class='ocr_par' dir='ltr' id='par_1_53' title="bbox 413 3978 1989 4049">
     <span class='ocr_line' id='line_1_53' title="bbox 413 3978 1989 4049; baseline -0.003 -13"><span class='ocrx_word' id='word_1_385' title='bbox 413 3983 551 4037; x_wconf 86' lang='lat' dir='ltr'><strong>infra</strong></span> <span class='ocrx_word' id='word_1_386' title='bbox 581 3981 776 4037; x_wconf 56' lang='lat' dir='ltr'><strong>moenia</strong></span> <span class='ocrx_word' id='word_1_387' title='bbox 802 3980 1064 4049; x_wconf 88' lang='lat' dir='ltr'><strong>fugientes</strong></span> <span class='ocrx_word' id='word_1_388' title='bbox 1084 4020 1098 4045; x_wconf 91' lang='lat'><strong>,</strong></span> <span class='ocrx_word' id='word_1_389' title='bbox 1130 3995 1239 4047; x_wconf 89' lang='lat' dir='ltr'><strong>quo</strong></span> <span class='ocrx_word' id='word_1_390' title='bbox 1259 3980 1484 4048; x_wconf 88' lang='lat' dir='ltr'><strong>quisque</strong></span> <span class='ocrx_word' id='word_1_391' title='bbox 1512 3988 1757 4048; x_wconf 79' lang='lat' dir='ltr'><strong>pergeret</strong></span> <span class='ocrx_word' id='word_1_392' title='bbox 1777 3978 1989 4047; x_wconf 83' lang='lat' dir='ltr'><strong>ignora-</strong></span> 
     </span>
    </p>
   </div>
   <div class='ocr_carea' id='block_1_54' title="bbox 416 4069 1987 4139">
    <p class='ocr_par' dir='ltr' id='par_1_54' title="bbox 416 4069 1987 4139">
     <span class='ocr_line' id='line_1_54' title="bbox 416 4069 1987 4139; baseline -0.005 -11"><span class='ocrx_word' id='word_1_393' title='bbox 416 4076 527 4129; x_wconf 86' lang='lat' dir='ltr'><strong>bat.</strong></span> <span class='ocrx_word' id='word_1_394' title='bbox 575 4072 819 4127; x_wconf 88' lang='lat' dir='ltr'><strong>Wandali</strong></span> <span class='ocrx_word' id='word_1_395' title='bbox 876 4086 1008 4125; x_wconf 89' lang='lat' dir='ltr'><strong>vero</strong></span> <span class='ocrx_word' id='word_1_396' title='bbox 1072 4070 1327 4139; x_wconf 64' lang='lat' dir='ltr'><strong>praecipiti</strong></span> <span class='ocrx_word' id='word_1_397' title='bbox 1395 4084 1552 4124; x_wconf 88' lang='lat' dir='ltr'><strong>cursu</strong></span> <span class='ocrx_word' id='word_1_398' title='bbox 1599 4069 1987 4136; x_wconf 89' lang='lat' dir='ltr'><strong>irrumpentes,</strong></span> 
     </span>
    </p>
   </div>
   <div class='ocr_carea' id='block_1_55' title="bbox 416 4160 1989 4233">
    <p class='ocr_par' dir='ltr' id='par_1_55' title="bbox 416 4160 1989 4233">
     <span class='ocr_line' id='line_1_55' title="bbox 416 4160 1989 4233; baseline -0.003 -14"><span class='ocrx_word' id='word_1_399' title='bbox 416 4164 588 4233; x_wconf 87' lang='lat' dir='ltr'><strong>ruptis</strong></span> <span class='ocrx_word' id='word_1_400' title='bbox 616 4163 783 4232; x_wconf 70' lang='lat' dir='ltr'><strong>peltis</strong></span> <span class='ocrx_word' id='word_1_401' title='bbox 828 4162 1257 4231; x_wconf 83' lang='lat' dir='ltr'><strong>ingrediebantur</strong></span> <span class='ocrx_word' id='word_1_402' title='bbox 1303 4161 1518 4215; x_wconf 65' lang='lat' dir='ltr'><strong>muenia.</strong></span> <span class='ocrx_word' id='word_1_403' title='bbox 1572 4160 1668 4213; x_wconf 88' lang='lat' dir='ltr'><strong>Ast</strong></span> <span class='ocrx_word' id='word_1_404' title='bbox 1711 4160 1801 4213; x_wconf 89' lang='lat' dir='ltr'><strong>alii</strong></span> <span class='ocrx_word' id='word_1_405' title='bbox 1832 4160 1989 4215; x_wconf 88' lang='lat' dir='ltr'><strong>scalis</strong></span> 
     </span>
    </p>
   </div>
   <div class='ocr_carea' id='block_1_56' title="bbox 416 4250 1989 4324">
    <p class='ocr_par' dir='ltr' id='par_1_56' title="bbox 416 4250 1989 4324">
     <span class='ocr_line' id='line_1_56' title="bbox 416 4250 1989 4324; baseline -0.003 -15"><span class='ocrx_word' id='word_1_406' title='bbox 416 4256 674 4324; x_wconf 84' lang='lat' dir='ltr'><strong>appositis</strong></span> <span class='ocrx_word' id='word_1_407' title='bbox 704 4255 761 4309; x_wconf 89' lang='lat' dir='ltr'><strong>in</strong></span> <span class='ocrx_word' id='word_1_408' title='bbox 787 4268 967 4309; x_wconf 88' lang='lat' dir='ltr'><strong>muros</strong></span> <span class='ocrx_word' id='word_1_409' title='bbox 994 4253 1203 4308; x_wconf 90' lang='lat' dir='ltr'><strong>diversa</strong></span> <span class='ocrx_word' id='word_1_410' title='bbox 1227 4252 1293 4307; x_wconf 81' lang='lat' dir='ltr'><strong>de</strong></span> <span class='ocrx_word' id='word_1_411' title='bbox 1319 4259 1471 4322; x_wconf 88' lang='lat' dir='ltr'><strong>parte</strong></span> <span class='ocrx_word' id='word_1_412' title='bbox 1499 4261 1713 4305; x_wconf 84' lang='lat' dir='ltr'><strong>mentes</strong></span> <span class='ocrx_word' id='word_1_413' title='bbox 1743 4250 1891 4317; x_wconf 82' lang='lat' dir='ltr'><strong>ignes</strong></span> <span class='ocrx_word' id='word_1_414' title='bbox 1936 4250 1989 4305; x_wconf 92' lang='lat' dir='ltr'><strong>in</strong></span> 
     </span>
    </p>
   </div>
   <div class='ocr_carea' id='block_1_57' title="bbox 416 4341 1992 4413">
    <p class='ocr_par' dir='ltr' id='par_1_57' title="bbox 416 4341 1992 4413">
     <span class='ocr_line' id='line_1_57' title="bbox 416 4341 1992 4413; baseline -0.003 -14"><span class='ocrx_word' id='word_1_415' title='bbox 416 4347 441 4383; x_wconf 72' lang='grc' dir='ltr'>ά</span> <span class='ocrx_word' id='word_1_416' title='bbox 476 4348 730 4413; x_wconf 84' lang='lat' dir='ltr'><strong>Pergama</strong></span> <span class='ocrx_word' id='word_1_417' title='bbox 777 4345 1188 4411; x_wconf 85' lang='lat' dir='ltr'><strong>submittebant;</strong></span> <span class='ocrx_word' id='word_1_418' title='bbox 1219 4344 1405 4413; x_wconf 83' lang='lat' dir='ltr'><strong>gladiis</strong></span> <span class='ocrx_word' id='word_1_419' title='bbox 1446 4343 1773 4411; x_wconf 87' lang='lat' dir='ltr'><strong>diversisque</strong></span> <span class='ocrx_word' id='word_1_420' title='bbox 1797 4341 1992 4410; x_wconf 87' lang='lat' dir='ltr'><strong>jaculis</strong></span> 
     </span>
    </p>
   </div>
   <div class='ocr_carea' id='block_1_58' title="bbox 2082 1824 3655 1893">
    <p class='ocr_par' dir='ltr' id='par_1_58' title="bbox 2082 1824 3655 1893">
     <span class='ocr_line' id='line_1_58' title="bbox 2082 1824 3655 1893; baseline 0.002 -15"><span class='ocrx_word' id='word_1_421' title='bbox 2082 1832 2191 1879; x_wconf 90' lang='lat' dir='ltr'><strong>tate</strong></span> <span class='ocrx_word' id='word_1_422' title='bbox 2233 1842 2245 1877; x_wconf 91' lang='lat'>:</span> <span class='ocrx_word' id='word_1_423' title='bbox 2295 1825 2388 1878; x_wconf 90' lang='lat' dir='ltr'><strong>sed</strong></span> <span class='ocrx_word' id='word_1_424' title='bbox 2437 1824 2768 1891; x_wconf 87' lang='lat' dir='ltr'><strong>crudelitatis</strong></span> <span class='ocrx_word' id='word_1_425' title='bbox 2821 1826 3215 1893; x_wconf 88' lang='lat' dir='ltr'><strong>perseverantia</strong></span> <span class='ocrx_word' id='word_1_426' title='bbox 3277 1826 3655 1893; x_wconf 86' lang='lat' dir='ltr'><strong>inflammatus,</strong></span> 
     </span>
    </p>
   </div>
   <div class='ocr_carea' id='block_1_59' title="bbox 2079 1916 3655 1988">
    <p class='ocr_par' dir='ltr' id='par_1_59' title="bbox 2079 1916 3655 1988">
     <span class='ocr_line' id='line_1_59' title="bbox 2079 1916 3655 1988; baseline 0.002 -18"><span class='ocrx_word' id='word_1_427' title='bbox 2079 1925 2240 1986; x_wconf 86' lang='lat' dir='ltr'><strong>caput</strong></span> <span class='ocrx_word' id='word_1_428' title='bbox 2287 1916 2549 1986; x_wconf 88' lang='lat' dir='ltr'><strong>amputari</strong></span> <span class='ocrx_word' id='word_1_429' title='bbox 2603 1917 2858 1987; x_wconf 72' lang='lat' dir='ltr'><strong>prmcepit</strong></span> <span class='ocrx_word' id='word_1_430' title='bbox 2899 1917 3240 1972; x_wconf 89' lang='lat' dir='ltr'><strong>sacerdotis:</strong></span> <span class='ocrx_word' id='word_1_431' title='bbox 3275 1917 3453 1988; x_wconf 90' lang='lat' dir='ltr'><strong>plures</strong></span> <span class='ocrx_word' id='word_1_432' title='bbox 3495 1920 3655 1974; x_wconf 90' lang='lat' dir='ltr'><strong>etiam</strong></span> 
     </span>
    </p>
   </div>
   <div class='ocr_carea' id='block_1_60' title="bbox 2077 2007 3656 2065">
    <p class='ocr_par' dir='ltr' id='par_1_60' title="bbox 2077 2007 3656 2065">
     <span class='ocr_line' id='line_1_60' title="bbox 2077 2007 3656 2065; baseline 0.003 -4"><span class='ocrx_word' id='word_1_433' title='bbox 2077 2007 2407 2062; x_wconf 43' lang='lat' dir='ltr'><strong>Christianos</strong></span> <span class='ocrx_word' id='word_1_434' title='bbox 2441 2018 2463 2044; x_wconf 72' lang='grc' dir='ltr'>ε</span> <span class='ocrx_word' id='word_1_435' title='bbox 2486 2007 2671 2062; x_wconf 91' lang='lat' dir='ltr'><strong>eadem</strong></span> <span class='ocrx_word' id='word_1_436' title='bbox 2700 2007 2858 2062; x_wconf 88' lang='lat' dir='ltr'><strong>simul</strong></span> <span class='ocrx_word' id='word_1_437' title='bbox 2884 2008 3014 2061; x_wconf 90' lang='lat' dir='ltr'><strong>hora</strong></span> <span class='ocrx_word' id='word_1_438' title='bbox 3055 2017 3110 2062; x_wconf 92' lang='lat' dir='ltr'><strong>ct</strong></span> <span class='ocrx_word' id='word_1_439' title='bbox 3155 2009 3342 2063; x_wconf 90' lang='lat' dir='ltr'><strong>eadem</strong></span> <span class='ocrx_word' id='word_1_440' title='bbox 3390 2012 3656 2065; x_wconf 87' lang='lat' dir='ltr'><strong>sententia</strong></span> 
     </span>
    </p>
   </div>
   <div class='ocr_carea' id='block_1_61' title="bbox 2079 2095 3656 2167">
    <p class='ocr_par' dir='ltr' id='par_1_61' title="bbox 2079 2095 3656 2167">
     <span class='ocr_line' id='line_1_61' title="bbox 2079 2095 3656 2167; baseline 0.001 -16"><span class='ocrx_word' id='word_1_441' title='bbox 2079 2098 2296 2151; x_wconf 91' lang='lat' dir='ltr'><strong>interire</strong></span> <span class='ocrx_word' id='word_1_442' title='bbox 2333 2095 2599 2166; x_wconf 72' lang='lat' dir='ltr'><strong>pnecepit.</strong></span> <span class='ocrx_word' id='word_1_443' title='bbox 2632 2096 2687 2150; x_wconf 94' lang='lat' dir='ltr'><strong>ln</strong></span> <span class='ocrx_word' id='word_1_444' title='bbox 2719 2096 2842 2151; x_wconf 89' lang='lat' dir='ltr'><strong>totis</strong></span> <span class='ocrx_word' id='word_1_445' title='bbox 2871 2111 3100 2167; x_wconf 90' lang='lat' dir='ltr'><strong>namque</strong></span> <span class='ocrx_word' id='word_1_446' title='bbox 3129 2095 3398 2167; x_wconf 89' lang='lat' dir='ltr'><strong>Pergamis</strong></span> <span class='ocrx_word' id='word_1_447' title='bbox 3423 2100 3473 2152; x_wconf 93' lang='lat' dir='ltr'><strong>in</strong></span> <span class='ocrx_word' id='word_1_448' title='bbox 3500 2098 3656 2152; x_wconf 80' lang='lat' dir='ltr'><strong>Clu-i-</strong></span> 
     </span>
    </p>
   </div>
   <div class='ocr_carea' id='block_1_62' title="bbox 2078 2186 3654 2255">
    <p class='ocr_par' dir='ltr' id='par_1_62' title="bbox 2078 2186 3654 2255">
     <span class='ocr_line' id='line_1_62' title="bbox 2078 2186 3654 2255; baseline 0.001 -13"><span class='ocrx_word' id='word_1_449' title='bbox 2078 2188 2145 2242; x_wconf 90' lang='lat' dir='ltr'><strong>sti</strong></span> <span class='ocrx_word' id='word_1_450' title='bbox 2208 2186 2544 2241; x_wconf 88' lang='lat' dir='ltr'><strong>confessione</strong></span> <span class='ocrx_word' id='word_1_451' title='bbox 2590 2193 3025 2255; x_wconf 87' lang='lat' dir='ltr'><strong>perseverantes,</strong></span> <span class='ocrx_word' id='word_1_452' title='bbox 3083 2187 3270 2241; x_wconf 83' lang='lat' dir='ltr'><strong>eadem</strong></span> <span class='ocrx_word' id='word_1_453' title='bbox 3320 2189 3405 2242; x_wconf 90' lang='lat' dir='ltr'><strong>die</strong></span> <span class='ocrx_word' id='word_1_454' title='bbox 3445 2189 3654 2243; x_wconf 83' lang='lat' dir='ltr'><strong>diversa</strong></span> 
     </span>
    </p>
   </div>
   <div class='ocr_carea' id='block_1_63' title="bbox 2077 2275 3658 2348">
    <p class='ocr_par' dir='ltr' id='par_1_63' title="bbox 2077 2275 3658 2348">
     <span class='ocr_line' id='line_1_63' title="bbox 2077 2275 3658 2348; baseline 0.003 -18"><span class='ocrx_word' id='word_1_455' title='bbox 2077 2284 2202 2330; x_wconf 90' lang='lat' dir='ltr'><strong>sunt</strong></span> <span class='ocrx_word' id='word_1_456' title='bbox 2233 2275 2423 2344; x_wconf 85' lang='lat' dir='ltr'><strong>passim</strong></span> <span class='ocrx_word' id='word_1_457' title='bbox 2454 2275 2598 2329; x_wconf 74' lang='lat' dir='ltr'><strong>crde</strong></span> <span class='ocrx_word' id='word_1_458' title='bbox 2626 2277 2899 2345; x_wconf 89' lang='lat' dir='ltr'><strong>prostrati.</strong></span> <span class='ocrx_word' id='word_1_459' title='bbox 2950 2277 3024 2331; x_wconf 88' lang='lat' dir='ltr'><strong>De</strong></span> <span class='ocrx_word' id='word_1_460' title='bbox 3077 2277 3221 2332; x_wconf 91' lang='lat' dir='ltr'><strong>cultu</strong></span> <span class='ocrx_word' id='word_1_461' title='bbox 3260 2279 3529 2348; x_wconf 86' lang='lat' dir='ltr'><strong>religionis</strong></span> <span class='ocrx_word' id='word_1_462' title='bbox 3577 2281 3658 2334; x_wconf 92' lang='lat' dir='ltr'><strong>in-</strong></span> 
     </span>
    </p>
   </div>
   <div class='ocr_carea' id='block_1_64' title="bbox 2080 2363 3658 2434">
    <p class='ocr_par' dir='ltr' id='par_1_64' title="bbox 2080 2363 3658 2434">
     <span class='ocr_line' id='line_1_64' title="bbox 2080 2363 3658 2434; baseline 0.003 -16"><span class='ocrx_word' id='word_1_463' title='bbox 2080 2364 2372 2432; x_wconf 89' lang='lat' dir='ltr'><strong>terrogati,</strong></span> <span class='ocrx_word' id='word_1_464' title='bbox 2411 2364 2713 2434; x_wconf 90' lang='lat' dir='ltr'><strong>quicunque</strong></span> <span class='ocrx_word' id='word_1_465' title='bbox 2758 2363 3026 2419; x_wconf 88' lang='lat' dir='ltr'><strong>Christum</strong></span> <span class='ocrx_word' id='word_1_466' title='bbox 3092 2368 3365 2422; x_wconf 83' lang='lat' dir='ltr'><strong>confessus</strong></span> <span class='ocrx_word' id='word_1_467' title='bbox 3414 2383 3474 2423; x_wconf 88' lang='lat' dir='ltr'><strong>se</strong></span> <span class='ocrx_word' id='word_1_468' title='bbox 3525 2369 3658 2423; x_wconf 74' lang='lat' dir='ltr'><strong>dixit</strong></span> 
     </span>
    </p>
   </div>
   <div class='ocr_carea' id='block_1_65' title="bbox 2079 2455 3659 2525">
    <p class='ocr_par' dir='ltr' id='par_1_65' title="bbox 2079 2455 3659 2525">
     <span class='ocr_line' id='line_1_65' title="bbox 2079 2455 3659 2525; baseline 0.002 -15"><span class='ocrx_word' id='word_1_469' title='bbox 2079 2455 2328 2521; x_wconf 90' lang='lat' dir='ltr'><strong>credere,</strong></span> <span class='ocrx_word' id='word_1_470' title='bbox 2375 2470 2645 2524; x_wconf 91' lang='lat' dir='ltr'><strong>nunquam</strong></span> <span class='ocrx_word' id='word_1_471' title='bbox 2676 2455 2727 2508; x_wconf 90' lang='lat' dir='ltr'><strong>in</strong></span> <span class='ocrx_word' id='word_1_472' title='bbox 2776 2464 2885 2509; x_wconf 91' lang='lat' dir='ltr'><strong>tota</strong></span> <span class='ocrx_word' id='word_1_473' title='bbox 2933 2456 3062 2509; x_wconf 87' lang='lat' dir='ltr'><strong>urbe</strong></span> <span class='ocrx_word' id='word_1_474' title='bbox 3101 2457 3273 2525; x_wconf 92' lang='lat' dir='ltr'><strong>potuit</strong></span> <span class='ocrx_word' id='word_1_475' title='bbox 3317 2457 3561 2511; x_wconf 87' lang='lat' dir='ltr'><strong>evadere.</strong></span> <span class='ocrx_word' id='word_1_476' title='bbox 3614 2457 3659 2513; x_wconf 92' lang='grc'>0</span> 
     </span>
    </p>
   </div>
   <div class='ocr_carea' id='block_1_66' title="bbox 2080 2542 3658 2612">
    <p class='ocr_par' dir='ltr' id='par_1_66' title="bbox 2080 2542 3658 2612">
     <span class='ocr_line' id='line_1_66' title="bbox 2080 2542 3658 2612; baseline 0.002 -16"><span class='ocrx_word' id='word_1_477' title='bbox 2080 2543 2210 2596; x_wconf 91' lang='lat' dir='ltr'><strong>urbs</strong></span> <span class='ocrx_word' id='word_1_478' title='bbox 2251 2542 2509 2612; x_wconf 87' lang='lat' dir='ltr'><strong>Lingona,</strong></span> <span class='ocrx_word' id='word_1_479' title='bbox 2555 2542 2698 2611; x_wconf 91' lang='lat' dir='ltr'><strong>quod</strong></span> <span class='ocrx_word' id='word_1_480' title='bbox 2749 2551 2876 2598; x_wconf 91' lang='lat' dir='ltr'><strong>tunc</strong></span> <span class='ocrx_word' id='word_1_481' title='bbox 2903 2543 3078 2597; x_wconf 90' lang='lat' dir='ltr'><strong>subito</strong></span> <span class='ocrx_word' id='word_1_482' title='bbox 3117 2558 3363 2598; x_wconf 90' lang='lat' dir='ltr'><strong>remansa</strong></span> <span class='ocrx_word' id='word_1_483' title='bbox 3393 2546 3658 2612; x_wconf 88' lang='lat' dir='ltr'><strong>desolata,</strong></span> 
     </span>
    </p>
   </div>
   <div class='ocr_carea' id='block_1_67' title="bbox 2080 2633 3655 2706">
    <p class='ocr_par' dir='ltr' id='par_1_67' title="bbox 2080 2633 3655 2706">
     <span class='ocr_line' id='line_1_67' title="bbox 2080 2633 3655 2706; baseline 0.006 -22"><span class='ocrx_word' id='word_1_484' title='bbox 2080 2634 2148 2687; x_wconf 89' lang='lat' dir='ltr'><strong>de</strong></span> <span class='ocrx_word' id='word_1_485' title='bbox 2185 2634 2289 2687; x_wconf 89' lang='lat' dir='ltr'><strong>tuis</strong></span> <span class='ocrx_word' id='word_1_486' title='bbox 2318 2634 2521 2689; x_wconf 84' lang='lat' dir='ltr'><strong>civibus</strong></span> <span class='ocrx_word' id='word_1_487' title='bbox 2550 2633 2891 2702; x_wconf 87' lang='lat' dir='ltr'><strong>ingemiscis?</strong></span> <span class='ocrx_word' id='word_1_488' title='bbox 2938 2634 3103 2688; x_wconf 88' lang='lat' dir='ltr'><strong>habes</strong></span> <span class='ocrx_word' id='word_1_489' title='bbox 3154 2635 3275 2689; x_wconf 91' lang='lat' dir='ltr'><strong>inde</strong></span> <span class='ocrx_word' id='word_1_490' title='bbox 3325 2638 3491 2705; x_wconf 89' lang='lat' dir='ltr'><strong>magis</strong></span> <span class='ocrx_word' id='word_1_491' title='bbox 3546 2653 3655 2706; x_wconf 88' lang='lat' dir='ltr'><strong>quo</strong></span> 
     </span>
    </p>
   </div>
   <div class='ocr_carea' id='block_1_68' title="bbox 2081 2722 3657 2794">
    <p class='ocr_par' dir='ltr' id='par_1_68' title="bbox 2081 2722 3657 2794">
     <span class='ocr_line' id='line_1_68' title="bbox 2081 2722 3657 2794; baseline 0.004 -20"><span class='ocrx_word' id='word_1_492' title='bbox 2081 2722 2344 2785; x_wconf 79' lang='lat' dir='ltr'><strong>exsultes,</strong></span> <span class='ocrx_word' id='word_1_493' title='bbox 2377 2722 2501 2775; x_wconf 89' lang='lat' dir='ltr'><strong>dum</strong></span> <span class='ocrx_word' id='word_1_494' title='bbox 2534 2729 2709 2777; x_wconf 88' lang='lat' dir='ltr'><strong>tantos</strong></span> <span class='ocrx_word' id='word_1_495' title='bbox 2737 2722 2925 2776; x_wconf 89' lang='lat' dir='ltr'><strong>eodem</strong></span> <span class='ocrx_word' id='word_1_496' title='bbox 2957 2733 3196 2793; x_wconf 89' lang='lat' dir='ltr'><strong>tempore</strong></span> <span class='ocrx_word' id='word_1_497' title='bbox 3236 2740 3332 2794; x_wconf 90' lang='lat' dir='ltr'><strong>pro</strong></span> <span class='ocrx_word' id='word_1_498' title='bbox 3365 2737 3454 2781; x_wconf 93' lang='lat' dir='ltr'><strong>tuo</strong></span> <span class='ocrx_word' id='word_1_499' title='bbox 3485 2729 3657 2781; x_wconf 57' lang='lat' dir='ltr'><strong>muni.</strong></span> 
     </span>
    </p>
   </div>
   <div class='ocr_carea' id='block_1_69' title="bbox 2083 2810 3660 2885">
    <p class='ocr_par' dir='ltr' id='par_1_69' title="bbox 2083 2810 3660 2885">
     <span class='ocr_line' id='line_1_69' title="bbox 2083 2810 3660 2885; baseline 0.006 -24"><span class='ocrx_word' id='word_1_500' title='bbox 2083 2810 2225 2863; x_wconf 81' lang='lat' dir='ltr'><strong>utine</strong></span> <span class='ocrx_word' id='word_1_501' title='bbox 2274 2810 2587 2878; x_wconf 75' lang='lat' dir='ltr'><strong>conquisisti</strong></span> <span class='ocrx_word' id='word_1_502' title='bbox 2648 2819 2927 2881; x_wconf 83' lang='lat' dir='ltr'><strong>martyres.</strong></span> <span class='ocrx_word' id='word_1_503' title='bbox 2985 2810 3088 2866; x_wconf 80' lang='lat' dir='ltr'><strong>Pro</strong></span> <span class='ocrx_word' id='word_1_504' title='bbox 3151 2813 3317 2869; x_wconf 89' lang='lat' dir='ltr'><strong>nihilo</strong></span> <span class='ocrx_word' id='word_1_505' title='bbox 3368 2817 3660 2885; x_wconf 80' lang='lat' dir='ltr'><strong>temporale</strong></span> 
     </span>
    </p>
   </div>
   <div class='ocr_carea' id='block_1_70' title="bbox 2081 2897 3660 2972">
    <p class='ocr_par' dir='ltr' id='par_1_70' title="bbox 2081 2897 3660 2972">
     <span class='ocr_line' id='line_1_70' title="bbox 2081 2897 3660 2972; baseline 0.004 -21"><span class='ocrx_word' id='word_1_506' title='bbox 2081 2897 2333 2951; x_wconf 89' lang='lat' dir='ltr'><strong>damnum</strong></span> <span class='ocrx_word' id='word_1_507' title='bbox 2365 2910 2451 2951; x_wconf 90' lang='lat' dir='ltr'><strong>tua</strong></span> <span class='ocrx_word' id='word_1_508' title='bbox 2480 2908 2693 2967; x_wconf 89' lang='lat' dir='ltr'><strong>reputes</strong></span> <span class='ocrx_word' id='word_1_509' title='bbox 2722 2900 2773 2953; x_wconf 91' lang='lat' dir='ltr'><strong>iu</strong></span> <span class='ocrx_word' id='word_1_510' title='bbox 2804 2915 3029 2954; x_wconf 85' lang='lat' dir='ltr'><strong>censura</strong></span> <span class='ocrx_word' id='word_1_511' title='bbox 3066 2901 3083 2939; x_wconf 74' lang='grc' dir='ltr'><em>τ</em></span> <span class='ocrx_word' id='word_1_512' title='bbox 3117 2903 3257 2969; x_wconf 90' lang='lat' dir='ltr'><strong>quod</strong></span> <span class='ocrx_word' id='word_1_513' title='bbox 3288 2904 3469 2972; x_wconf 85' lang='lat' dir='ltr'><strong>lugeas</strong></span> <span class='ocrx_word' id='word_1_514' title='bbox 3493 2922 3506 2968; x_wconf 92' lang='lat'><strong>;</strong></span> <span class='ocrx_word' id='word_1_515' title='bbox 3530 2905 3660 2959; x_wconf 91' lang='lat' dir='ltr'><strong>dum</strong></span> 
     </span>
    </p>
   </div>
   <div class='ocr_carea' id='block_1_71' title="bbox 2083 2988 3660 3057">
    <p class='ocr_par' dir='ltr' id='par_1_71' title="bbox 2083 2988 3660 3057">
     <span class='ocr_line' id='line_1_71' title="bbox 2083 2988 3660 3057; baseline 0.004 -15"><span class='ocrx_word' id='word_1_516' title='bbox 2083 2988 2285 3057; x_wconf 83' lang='lat' dir='ltr'><strong>absque</strong></span> <span class='ocrx_word' id='word_1_517' title='bbox 2314 2988 2582 3043; x_wconf 80' lang='lat' dir='ltr'><strong>taxatione</strong></span> <span class='ocrx_word' id='word_1_518' title='bbox 2609 2988 2797 3057; x_wconf 84' lang='lat' dir='ltr'><strong>pretii,</strong></span> <span class='ocrx_word' id='word_1_519' title='bbox 2828 2989 2950 3045; x_wconf 87' lang='lat' dir='ltr'><strong>inde</strong></span> <span class='ocrx_word' id='word_1_520' title='bbox 2978 3005 3120 3044; x_wconf 92' lang='lat' dir='ltr'><strong>nunc</strong></span> <span class='ocrx_word' id='word_1_521' title='bbox 3152 2992 3316 3044; x_wconf 86' lang='lat' dir='ltr'><strong>habes</strong></span> <span class='ocrx_word' id='word_1_522' title='bbox 3336 3000 3390 3045; x_wconf 89' lang='lat' dir='ltr'><strong>et</strong></span> <span class='ocrx_word' id='word_1_523' title='bbox 3420 2993 3660 3050; x_wconf 87' lang='lat' dir='ltr'><strong>habitura</strong></span> 
     </span>
    </p>
   </div>
   <div class='ocr_carea' id='block_1_72' title="bbox 2083 3074 3658 3146">
    <p class='ocr_par' dir='ltr' id='par_1_72' title="bbox 2083 3074 3658 3146">
     <span class='ocr_line' id='line_1_72' title="bbox 2083 3074 3658 3146; baseline 0.003 -14"><span class='ocrx_word' id='word_1_524' title='bbox 2083 3092 2141 3132; x_wconf 92' lang='lat' dir='ltr'><strong>es</strong></span> <span class='ocrx_word' id='word_1_525' title='bbox 2171 3077 2316 3131; x_wconf 91' lang='lat' dir='ltr'><strong>lucra</strong></span> <span class='ocrx_word' id='word_1_526' title='bbox 2364 3076 2479 3131; x_wconf 89' lang='lat' dir='ltr'><strong>sine</strong></span> <span class='ocrx_word' id='word_1_527' title='bbox 2507 3074 2612 3131; x_wconf 87' lang='lat' dir='ltr'><strong>line</strong></span> <span class='ocrx_word' id='word_1_528' title='bbox 2658 3092 2906 3130; x_wconf 88' lang='lat' dir='ltr'><strong>mansura</strong></span> <span class='ocrx_word' id='word_1_529' title='bbox 2952 3092 3059 3145; x_wconf 90' lang='lat' dir='ltr'><strong>quo</strong></span> <span class='ocrx_word' id='word_1_530' title='bbox 3110 3080 3344 3146; x_wconf 81' lang='lat' dir='ltr'><strong>gaudeas</strong></span> <span class='ocrx_word' id='word_1_531' title='bbox 3372 3089 3395 3127; x_wconf 72' lang='grc' dir='ltr'><em>ε</em></span> <span class='ocrx_word' id='word_1_532' title='bbox 3441 3081 3658 3136; x_wconf 75' lang='lat' dir='ltr'><strong>Contri-</strong></span> 
     </span>
    </p>
   </div>
   <div class='ocr_carea' id='block_1_73' title="bbox 2082 3166 3660 3239">
    <p class='ocr_par' dir='ltr' id='par_1_73' title="bbox 2082 3166 3660 3239">
     <span class='ocr_line' id='line_1_73' title="bbox 2082 3166 3660 3239; baseline 0.002 -16"><span class='ocrx_word' id='word_1_533' title='bbox 2082 3176 2219 3223; x_wconf 87' lang='lat' dir='ltr'><strong>stata</strong></span> <span class='ocrx_word' id='word_1_534' title='bbox 2268 3183 2327 3222; x_wconf 89' lang='lat' dir='ltr'><strong>es</strong></span> <span class='ocrx_word' id='word_1_535' title='bbox 2379 3174 2503 3221; x_wconf 90' lang='lat' dir='ltr'><strong>tunc</strong></span> <span class='ocrx_word' id='word_1_536' title='bbox 2534 3166 2814 3234; x_wconf 87' lang='lat' dir='ltr'><strong>incendiis,</strong></span> <span class='ocrx_word' id='word_1_537' title='bbox 2860 3166 3071 3235; x_wconf 82' lang='lat' dir='ltr'><strong>gladiis,</strong></span> <span class='ocrx_word' id='word_1_538' title='bbox 3114 3168 3333 3239; x_wconf 88' lang='lat' dir='ltr'><strong>rapinis,</strong></span> <span class='ocrx_word' id='word_1_539' title='bbox 3360 3184 3481 3222; x_wconf 90' lang='lat' dir='ltr'><strong>cum</strong></span> <span class='ocrx_word' id='word_1_540' title='bbox 3512 3169 3660 3226; x_wconf 77' lang='lat' dir='ltr'><strong>enini</strong></span> 
     </span>
    </p>
   </div>
   <div class='ocr_carea' id='block_1_74' title="bbox 2084 3255 3661 3325">
    <p class='ocr_par' dir='ltr' id='par_1_74' title="bbox 2084 3255 3661 3325">
     <span class='ocr_line' id='line_1_74' title="bbox 2084 3255 3661 3325; baseline 0.001 -12"><span class='ocrx_word' id='word_1_541' title='bbox 2084 3255 2397 3313; x_wconf 88' lang='lat' dir='ltr'><strong>humilitatis</strong></span> <span class='ocrx_word' id='word_1_542' title='bbox 2433 3255 2677 3325; x_wconf 80' lang='lat' dir='ltr'><strong>exemplo</strong></span> <span class='ocrx_word' id='word_1_543' title='bbox 2709 3256 2761 3310; x_wconf 91' lang='lat' dir='ltr'><strong>in</strong></span> <span class='ocrx_word' id='word_1_544' title='bbox 2793 3256 3027 3311; x_wconf 86' lang='lat' dir='ltr'><strong>favillam</strong></span> <span class='ocrx_word' id='word_1_545' title='bbox 3058 3258 3297 3322; x_wconf 89' lang='lat' dir='ltr'><strong>redacta,</strong></span> <span class='ocrx_word' id='word_1_546' title='bbox 3350 3256 3491 3313; x_wconf 86' lang='lat' dir='ltr'><strong>unde</strong></span> <span class='ocrx_word' id='word_1_547' title='bbox 3522 3273 3661 3315; x_wconf 90' lang='lat' dir='ltr'><strong>nunc</strong></span> 
     </span>
    </p>
   </div>
   <div class='ocr_carea' id='block_1_75' title="bbox 2083 3347 3663 3416">
    <p class='ocr_par' dir='ltr' id='par_1_75' title="bbox 2083 3347 3663 3416">
     <span class='ocr_line' id='line_1_75' title="bbox 2083 3347 3663 3416; baseline 0 -12"><span class='ocrx_word' id='word_1_548' title='bbox 2083 3355 2461 3411; x_wconf 68' lang='lat' dir='ltr'><strong>es‘exornata,</strong></span> <span class='ocrx_word' id='word_1_549' title='bbox 2533 3347 2901 3416; x_wconf 90' lang='lat' dir='ltr'><strong>illustrataque</strong></span> <span class='ocrx_word' id='word_1_550' title='bbox 2941 3348 3255 3403; x_wconf 86' lang='lat' dir='ltr'><strong>fortitudine</strong></span> <span class='ocrx_word' id='word_1_551' title='bbox 3298 3356 3356 3402; x_wconf 86' lang='lat' dir='ltr'><strong>et</strong></span> <span class='ocrx_word' id='word_1_552' title='bbox 3392 3349 3663 3404; x_wconf 72' lang='lat' dir='ltr'><strong>tutamini:</strong></span> 
     </span>
    </p>
   </div>
   <div class='ocr_carea' id='block_1_76' title="bbox 2082 3438 3662 3511">
    <p class='ocr_par' dir='ltr' id='par_1_76' title="bbox 2082 3438 3662 3511">
     <span class='ocr_line' id='line_1_76' title="bbox 2082 3438 3662 3511; baseline 0 -17"><span class='ocrx_word' id='word_1_553' title='bbox 2082 3438 2336 3506; x_wconf 85' lang='lat' dir='ltr'><strong>suffragio</strong></span> <span class='ocrx_word' id='word_1_554' title='bbox 2364 3438 2699 3508; x_wconf 72' lang='lat' dir='ltr'><strong>prmmunita,</strong></span> <span class='ocrx_word' id='word_1_555' title='bbox 2732 3438 2854 3493; x_wconf 88' lang='lat' dir='ltr'><strong>inde</strong></span> <span class='ocrx_word' id='word_1_556' title='bbox 2901 3453 2961 3493; x_wconf 89' lang='lat' dir='ltr'><strong>es</strong></span> <span class='ocrx_word' id='word_1_557' title='bbox 2989 3448 3044 3493; x_wconf 91' lang='lat' dir='ltr'><strong>et</strong></span> <span class='ocrx_word' id='word_1_558' title='bbox 3073 3454 3357 3509; x_wconf 87' lang='lat' dir='ltr'><strong>permanes</strong></span> <span class='ocrx_word' id='word_1_559' title='bbox 3380 3439 3433 3493; x_wconf 90' lang='lat' dir='ltr'><strong>in</strong></span> <span class='ocrx_word' id='word_1_560' title='bbox 3480 3454 3662 3511; x_wconf 88' lang='lat' dir='ltr'><strong>perpe-</strong></span> 
     </span>
    </p>
   </div>
   <div class='ocr_carea' id='block_1_77' title="bbox 2086 3526 3209 3596">
    <p class='ocr_par' dir='ltr' id='par_1_77' title="bbox 2086 3526 3209 3596">
     <span class='ocr_line' id='line_1_77' title="bbox 2086 3526 3209 3596; baseline 0 -16"><span class='ocrx_word' id='word_1_561' title='bbox 2086 3536 2232 3581; x_wconf 90' lang='lat' dir='ltr'><strong>tuum</strong></span> <span class='ocrx_word' id='word_1_562' title='bbox 2268 3541 2375 3596; x_wconf 70' lang='lat' dir='ltr'><strong>pra:</strong></span> <span class='ocrx_word' id='word_1_563' title='bbox 2426 3526 2635 3581; x_wconf 74' lang='lat' dir='ltr'><strong>cmteris</strong></span> <span class='ocrx_word' id='word_1_564' title='bbox 2678 3526 2897 3581; x_wconf 89' lang='lat' dir='ltr'><strong>urbibus</strong></span> <span class='ocrx_word' id='word_1_565' title='bbox 2940 3527 3209 3595; x_wconf 28' lang='lat' dir='ltr'><strong>gloriosas</strong></span> 
     </span>
    </p>
   </div>
   <div class='ocr_carea' id='block_1_78' title="bbox 2682 3613 3014 3670">
    <p class='ocr_par' dir='ltr' id='par_1_78' title="bbox 2682 3613 3014 3670">
     <span class='ocr_line' id='line_1_78' title="bbox 2682 3613 3014 3670; baseline 0.003 -2"><span class='ocrx_word' id='word_1_566' title='bbox 2682 3613 2910 3670; x_wconf 85' lang='lat' dir='ltr'><strong>CAPUT</strong></span> <span class='ocrx_word' id='word_1_567' title='bbox 2948 3617 3014 3670; x_wconf 87' lang='lat' dir='ltr'><strong>ll.</strong></span> 
     </span>
    </p>
   </div>
   <div class='ocr_carea' id='block_1_79' title="bbox 2088 3703 3663 3773">
    <p class='ocr_par' dir='ltr' id='par_1_79' title="bbox 2088 3703 3663 3773">
     <span class='ocr_line' id='line_1_79' title="bbox 2088 3703 3663 3773; baseline 0.002 -14"><span class='ocrx_word' id='word_1_568' title='bbox 2088 3703 2368 3759; x_wconf 78' lang='lat' dir='ltr'><strong>Pcrcussor</strong></span> <span class='ocrx_word' id='word_1_569' title='bbox 2398 3712 2446 3759; x_wconf 81' lang='lat' dir='ltr'><strong>et</strong></span> <span class='ocrx_word' id='word_1_570' title='bbox 2475 3720 2567 3759; x_wconf 76' lang='lat' dir='ltr'><strong>rea:</strong></span> <span class='ocrx_word' id='word_1_571' title='bbox 2604 3706 2789 3773; x_wconf 61' lang='lat' dir='ltr'><strong>punitis</strong></span> <span class='ocrx_word' id='word_1_572' title='bbox 2840 3706 3024 3760; x_wconf 84' lang='lat' dir='ltr'><strong>Sancti</strong></span> <span class='ocrx_word' id='word_1_573' title='bbox 3058 3704 3315 3761; x_wconf 73' lang='lat' dir='ltr'><strong>Desidet-ii</strong></span> <span class='ocrx_word' id='word_1_574' title='bbox 3348 3709 3594 3762; x_wconf 86' lang='lat' dir='ltr'><strong>miracula</strong></span> <span class='ocrx_word' id='word_1_575' title='bbox 3615 3718 3663 3762; x_wconf 80' lang='lat' dir='ltr'><strong>et</strong></span> 
     </span>
    </p>
   </div>
   <div class='ocr_carea' id='block_1_80' title="bbox 2728 3799 2997 3852">
    <p class='ocr_par' dir='ltr' id='par_1_80' title="bbox 2728 3799 2997 3852">
     <span class='ocr_line' id='line_1_80' title="bbox 2728 3799 2997 3852; baseline 0.004 -1"><span class='ocrx_word' id='word_1_576' title='bbox 2728 3799 2997 3852; x_wconf 82' lang='lat' dir='ltr'><strong>memoria.</strong></span> 
     </span>
    </p>
   </div>
   <div class='ocr_carea' id='block_1_81' title="bbox 2161 3884 3665 3959">
    <p class='ocr_par' dir='ltr' id='par_1_81' title="bbox 2161 3884 3665 3959">
     <span class='ocr_line' id='line_1_81' title="bbox 2161 3884 3665 3959; baseline 0.005 -21"><span class='ocrx_word' id='word_1_577' title='bbox 2161 3884 2212 3939; x_wconf 80' lang='lat'><strong>5.</strong></span> <span class='ocrx_word' id='word_1_578' title='bbox 2257 3885 2388 3941; x_wconf 88' lang='lat' dir='ltr'><strong>Tam</strong></span> <span class='ocrx_word' id='word_1_579' title='bbox 2428 3885 2669 3956; x_wconf 71' lang='lat' dir='ltr'><strong>prmclari</strong></span> <span class='ocrx_word' id='word_1_580' title='bbox 2716 3885 2975 3941; x_wconf 87' lang='lat' dir='ltr'><strong>Desiderii</strong></span> <span class='ocrx_word' id='word_1_581' title='bbox 3021 3888 3272 3959; x_wconf 82' lang='lat' dir='ltr'><strong>martyris</strong></span> <span class='ocrx_word' id='word_1_582' title='bbox 3324 3888 3665 3945; x_wconf 86' lang='lat' dir='ltr'><strong>beatitudinis</strong></span> 
     </span>
    </p>
   </div>
   <div class='ocr_carea' id='block_1_82' title="bbox 2091 3977 3666 4049">
    <p class='ocr_par' dir='ltr' id='par_1_82' title="bbox 2091 3977 3666 4049">
     <span class='ocr_line' id='line_1_82' title="bbox 2091 3977 3666 4049; baseline 0.003 -18"><span class='ocrx_word' id='word_1_583' title='bbox 2091 3978 2297 4032; x_wconf 88' lang='lat' dir='ltr'><strong>initium</strong></span> <span class='ocrx_word' id='word_1_584' title='bbox 2345 3985 2402 4032; x_wconf 91' lang='lat' dir='ltr'><strong>ct</strong></span> <span class='ocrx_word' id='word_1_585' title='bbox 2444 3977 2763 4047; x_wconf 69' lang='lat' dir='ltr'><strong>praecipuam</strong></span> <span class='ocrx_word' id='word_1_586' title='bbox 2810 3978 3059 4047; x_wconf 63' lang='lat' dir='ltr'><strong>perfecta?</strong></span> <span class='ocrx_word' id='word_1_587' title='bbox 3113 3979 3413 4036; x_wconf 86' lang='lat' dir='ltr'><strong>dilectionis</strong></span> <span class='ocrx_word' id='word_1_588' title='bbox 3440 3983 3666 4049; x_wconf 87' lang='lat' dir='ltr'><strong>gratiam</strong></span> 
     </span>
    </p>
   </div>
   <div class='ocr_carea' id='block_1_83' title="bbox 2092 4069 3667 4140">
    <p class='ocr_par' dir='ltr' id='par_1_83' title="bbox 2092 4069 3667 4140">
     <span class='ocr_line' id='line_1_83' title="bbox 2092 4069 3667 4140; baseline 0.001 -16"><span class='ocrx_word' id='word_1_589' title='bbox 2092 4069 2146 4124; x_wconf 79' lang='lat' dir='ltr'><strong>in</strong></span> <span class='ocrx_word' id='word_1_590' title='bbox 2175 4069 2434 4126; x_wconf 82' lang='lat' dir='ltr'><strong>cll‘usione</strong></span> <span class='ocrx_word' id='word_1_591' title='bbox 2456 4070 2730 4138; x_wconf 82' lang='lat' dir='ltr'><strong>sanguinis</strong></span> <span class='ocrx_word' id='word_1_592' title='bbox 2743 4071 2847 4136; x_wconf 89' lang='lat' dir='ltr'><strong>sui,</strong></span> <span class='ocrx_word' id='word_1_593' title='bbox 2879 4071 3172 4140; x_wconf 90' lang='lat' dir='ltr'><strong>repentinis</strong></span> <span class='ocrx_word' id='word_1_594' title='bbox 3192 4070 3464 4125; x_wconf 62' lang='lat' dir='ltr'><strong>iudiciisin</strong></span> <span class='ocrx_word' id='word_1_595' title='bbox 3488 4087 3667 4140; x_wconf 80' lang='lat' dir='ltr'><strong>perse~</strong></span> 
     </span>
    </p>
   </div>
   <div class='ocr_carea' id='block_1_84' title="bbox 2092 4158 3668 4230">
    <p class='ocr_par' dir='ltr' id='par_1_84' title="bbox 2092 4158 3668 4230">
     <span class='ocr_line' id='line_1_84' title="bbox 2092 4158 3668 4230; baseline 0.001 -16"><span class='ocrx_word' id='word_1_596' title='bbox 2092 4159 2365 4215; x_wconf 89' lang='lat' dir='ltr'><strong>cutoribus</strong></span> <span class='ocrx_word' id='word_1_597' title='bbox 2384 4158 2503 4227; x_wconf 81' lang='lat' dir='ltr'><strong>ejus</strong></span> <span class='ocrx_word' id='word_1_598' title='bbox 2522 4160 2700 4213; x_wconf 90' lang='lat' dir='ltr'><strong>divina</strong></span> <span class='ocrx_word' id='word_1_599' title='bbox 2723 4160 2892 4229; x_wconf 87' lang='lat' dir='ltr'><strong>pietas</strong></span> <span class='ocrx_word' id='word_1_600' title='bbox 2912 4158 3185 4230; x_wconf 90' lang='lat' dir='ltr'><strong>patefecit.</strong></span> <span class='ocrx_word' id='word_1_601' title='bbox 3214 4159 3501 4215; x_wconf 78' lang='lat' dir='ltr'><strong>i‘crcussor</strong></span> <span class='ocrx_word' id='word_1_602' title='bbox 3524 4161 3668 4216; x_wconf 89' lang='lat' dir='ltr'><strong>illico</strong></span> 
     </span>
    </p>
   </div>
   <div class='ocr_carea' id='block_1_85' title="bbox 2093 4249 3670 4319">
    <p class='ocr_par' dir='ltr' id='par_1_85' title="bbox 2093 4249 3670 4319">
     <span class='ocr_line' id='line_1_85' title="bbox 2093 4249 3670 4319; baseline 0.003 -16"><span class='ocrx_word' id='word_1_603' title='bbox 2093 4265 2251 4316; x_wconf 89' lang='lat' dir='ltr'><strong>suus,</strong></span> <span class='ocrx_word' id='word_1_604' title='bbox 2279 4250 2527 4303; x_wconf 77' lang='lat' dir='ltr'><strong>amentia:</strong></span> <span class='ocrx_word' id='word_1_605' title='bbox 2555 4264 2717 4305; x_wconf 86' lang='lat' dir='ltr'><strong>sensu</strong></span> <span class='ocrx_word' id='word_1_606' title='bbox 2746 4250 3032 4305; x_wconf 86' lang='lat' dir='ltr'><strong>damnatus</strong></span> <span class='ocrx_word' id='word_1_607' title='bbox 3054 4292 3069 4315; x_wconf 91' lang='lat'><strong>,</strong></span> <span class='ocrx_word' id='word_1_608' title='bbox 3099 4249 3448 4319; x_wconf 74' lang='lat' dir='ltr'><strong>impatientia:</strong></span> <span class='ocrx_word' id='word_1_609' title='bbox 3490 4250 3670 4307; x_wconf 81' lang='lat' dir='ltr'><strong>furore</strong></span> 
     </span>
    </p>
   </div>
   <div class='ocr_carea' id='block_1_86' title="bbox 2095 4340 3669 4408">
    <p class='ocr_par' dir='ltr' id='par_1_86' title="bbox 2095 4340 3669 4408">
     <span class='ocr_line' id='line_1_86' title="bbox 2095 4340 3669 4408; baseline 0.002 -15"><span class='ocrx_word' id='word_1_610' title='bbox 2095 4347 2401 4408; x_wconf 87' lang='lat' dir='ltr'><strong>correptus,</strong></span> <span class='ocrx_word' id='word_1_611' title='bbox 2431 4354 2528 4407; x_wconf 90' lang='lat' dir='ltr'><strong>per</strong></span> <span class='ocrx_word' id='word_1_612' title='bbox 2556 4340 2753 4393; x_wconf 73' lang='lat' dir='ltr'><strong>mmnia</strong></span> <span class='ocrx_word' id='word_1_613' title='bbox 2784 4340 3128 4395; x_wconf 79' lang='lat' dir='ltr'><strong>ltortibilibus</strong></span> <span class='ocrx_word' id='word_1_614' title='bbox 3154 4340 3375 4395; x_wconf 83' lang='lat' dir='ltr'><strong>vocibus</strong></span> <span class='ocrx_word' id='word_1_615' title='bbox 3404 4344 3669 4407; x_wconf 85' lang='lat' dir='ltr'><strong>clamans,</strong></span> 
     </span>
    </p>
   </div>
   <div class='ocr_carea' id='block_1_87' title="bbox 416 4429 3672 4531">
    <p class='ocr_par' dir='ltr' id='par_1_87' title="bbox 416 4429 3672 4531">
     <span class='ocr_line' id='line_1_87' title="bbox 416 4429 3672 4531; baseline -0 -41"><span class='ocrx_word' id='word_1_616' title='bbox 416 4436 559 4490; x_wconf 88' lang='lat' dir='ltr'><strong>cives</strong></span> <span class='ocrx_word' id='word_1_617' title='bbox 581 4448 769 4489; x_wconf 88' lang='lat' dir='ltr'><strong>omnes</strong></span> <span class='ocrx_word' id='word_1_618' title='bbox 816 4434 975 4503; x_wconf 89' lang='lat' dir='ltr'><strong>impia</strong></span> <span class='ocrx_word' id='word_1_619' title='bbox 1019 4433 1163 4487; x_wconf 68' lang='lat' dir='ltr'><strong>ctede</strong></span> <span class='ocrx_word' id='word_1_620' title='bbox 1217 4434 1624 4501; x_wconf 87' lang='lat' dir='ltr'><strong>prosternebant</strong></span> <span class='ocrx_word' id='word_1_621' title='bbox 1671 4450 1683 4484; x_wconf 91' lang='lat'><strong>:</strong></span> <span class='ocrx_word' id='word_1_622' title='bbox 1718 4432 1845 4485; x_wconf 91' lang='lat' dir='ltr'><strong>nulli</strong></span> <span class='ocrx_word' id='word_1_623' title='bbox 1891 4444 1985 4484; x_wconf 89' lang='lat' dir='ltr'><strong>sua</strong></span> <span class='ocrx_word' id='word_1_624' title='bbox 2019 4470 2067 4531; x_wconf 66' lang='grc' dir='ltr'>Β</span> <span class='ocrx_word' id='word_1_625' title='bbox 2095 4443 2256 4484; x_wconf 87' lang='lat' dir='ltr'><strong>cursu</strong></span> <span class='ocrx_word' id='word_1_626' title='bbox 2299 4429 2509 4484; x_wconf 89' lang='lat' dir='ltr'><strong>consito</strong></span> <span class='ocrx_word' id='word_1_627' title='bbox 2555 4437 2716 4499; x_wconf 90' lang='lat' dir='ltr'><strong>caput</strong></span> <span class='ocrx_word' id='word_1_628' title='bbox 2753 4429 2806 4483; x_wconf 92' lang='lat' dir='ltr'><strong>in</strong></span> <span class='ocrx_word' id='word_1_629' title='bbox 2851 4440 3063 4500; x_wconf 90' lang='lat' dir='ltr'><strong>portam</strong></span> <span class='ocrx_word' id='word_1_630' title='bbox 3092 4430 3324 4485; x_wconf 86' lang='lat' dir='ltr'><strong>civitatis</strong></span> <span class='ocrx_word' id='word_1_631' title='bbox 3353 4432 3591 4502; x_wconf 89' lang='lat' dir='ltr'><strong>impulit;</strong></span> <span class='ocrx_word' id='word_1_632' title='bbox 3620 4443 3672 4489; x_wconf 86' lang='lat' dir='ltr'><strong>ct</strong></span> 
     </span>
    </p>
   </div>
   <div class='ocr_carea' id='block_1_88' title="bbox 416 4521 1988 4593">
    <p class='ocr_par' dir='ltr' id='par_1_88' title="bbox 416 4521 1988 4593">
     <span class='ocr_line' id='line_1_88' title="bbox 416 4521 1988 4593; baseline -0.001 -18"><span class='ocrx_word' id='word_1_633' title='bbox 416 4523 618 4593; x_wconf 89' lang='lat' dir='ltr'><strong>profuit</strong></span> <span class='ocrx_word' id='word_1_634' title='bbox 642 4534 793 4588; x_wconf 72' lang='lat' dir='ltr'><strong>aetas,</strong></span> <span class='ocrx_word' id='word_1_635' title='bbox 823 4524 951 4577; x_wconf 89' lang='lat' dir='ltr'><strong>nulli</strong></span> <span class='ocrx_word' id='word_1_636' title='bbox 979 4523 1130 4577; x_wconf 79' lang='lat' dir='ltr'><strong>sexui</strong></span> <span class='ocrx_word' id='word_1_637' title='bbox 1162 4522 1244 4577; x_wconf 84' lang='lat' dir='ltr'><strong>vel</strong></span> <span class='ocrx_word' id='word_1_638' title='bbox 1285 4537 1399 4576; x_wconf 79' lang='lat' dir='ltr'><strong>aevo</strong></span> <span class='ocrx_word' id='word_1_639' title='bbox 1429 4522 1668 4591; x_wconf 90' lang='lat' dir='ltr'><strong>pepercit</strong></span> <span class='ocrx_word' id='word_1_640' title='bbox 1696 4521 1941 4591; x_wconf 90' lang='lat' dir='ltr'><strong>impietas</strong></span> <span class='ocrx_word' id='word_1_641' title='bbox 1973 4539 1988 4574; x_wconf 88' lang='lat'><strong>:</strong></span> 
     </span>
    </p>
   </div>
   <div class='ocr_carea' id='block_1_89' title="bbox 418 4606 1995 4682">
    <p class='ocr_par' dir='ltr' id='par_1_89' title="bbox 418 4606 1995 4682">
     <span class='ocr_line' id='line_1_89' title="bbox 418 4606 1995 4682; baseline 0.001 -17"><span class='ocrx_word' id='word_1_642' title='bbox 418 4621 571 4668; x_wconf 85' lang='lat' dir='ltr'><strong>natos</strong></span> <span class='ocrx_word' id='word_1_643' title='bbox 600 4613 896 4682; x_wconf 87' lang='lat' dir='ltr'><strong>pendentes</strong></span> <span class='ocrx_word' id='word_1_644' title='bbox 920 4614 987 4666; x_wconf 90' lang='lat' dir='ltr'><strong>ad</strong></span> <span class='ocrx_word' id='word_1_645' title='bbox 1016 4614 1176 4666; x_wconf 88' lang='lat' dir='ltr'><strong>ubera</strong></span> <span class='ocrx_word' id='word_1_646' title='bbox 1205 4627 1325 4668; x_wconf 90' lang='lat' dir='ltr'><strong>cum</strong></span> <span class='ocrx_word' id='word_1_647' title='bbox 1349 4612 1609 4666; x_wconf 87' lang='lat' dir='ltr'><strong>matribus</strong></span> <span class='ocrx_word' id='word_1_648' title='bbox 1655 4606 1815 4681; x_wconf 87' lang='lat' dir='ltr'><strong>impia</strong></span> <span class='ocrx_word' id='word_1_649' title='bbox 1841 4612 1995 4680; x_wconf 86' lang='lat' dir='ltr'><strong>jugu-</strong></span> 
     </span>
    </p>
   </div>
   <div class='ocr_carea' id='block_1_90' title="bbox 418 4702 1992 4773">
    <p class='ocr_par' dir='ltr' id='par_1_90' title="bbox 418 4702 1992 4773">
     <span class='ocr_line' id='line_1_90' title="bbox 418 4702 1992 4773; baseline 0.002 -17"><span class='ocrx_word' id='word_1_650' title='bbox 418 4704 563 4756; x_wconf 88' lang='lat' dir='ltr'><strong>labat</strong></span> <span class='ocrx_word' id='word_1_651' title='bbox 589 4702 874 4757; x_wconf 87' lang='lat' dir='ltr'><strong>crudelitas</strong></span> <span class='ocrx_word' id='word_1_652' title='bbox 906 4720 919 4755; x_wconf 91' lang='lat'><strong>:</strong></span> <span class='ocrx_word' id='word_1_653' title='bbox 953 4718 1088 4757; x_wconf 91' lang='lat' dir='ltr'><strong>unus</strong></span> <span class='ocrx_word' id='word_1_654' title='bbox 1127 4703 1358 4770; x_wconf 88' lang='lat' dir='ltr'><strong>gemitus</strong></span> <span class='ocrx_word' id='word_1_655' title='bbox 1383 4711 1438 4755; x_wconf 91' lang='lat' dir='ltr'><strong>et</strong></span> <span class='ocrx_word' id='word_1_656' title='bbox 1462 4702 1707 4773; x_wconf 79' lang='lat' dir='ltr'><strong>planctus</strong></span> <span class='ocrx_word' id='word_1_657' title='bbox 1753 4704 1992 4759; x_wconf 79' lang='lat' dir='ltr'><strong>morien-</strong></span> 
     </span>
    </p>
   </div>
   <div class='ocr_carea' id='block_1_91' title="bbox 420 4792 1461 4861">
    <p class='ocr_par' dir='ltr' id='par_1_91' title="bbox 420 4792 1461 4861">
     <span class='ocr_line' id='line_1_91' title="bbox 420 4792 1461 4861; baseline 0.001 -16"><span class='ocrx_word' id='word_1_658' title='bbox 420 4794 551 4847; x_wconf 90' lang='lat' dir='ltr'><strong>tium</strong></span> <span class='ocrx_word' id='word_1_659' title='bbox 574 4792 626 4846; x_wconf 90' lang='lat' dir='ltr'><strong>in</strong></span> <span class='ocrx_word' id='word_1_660' title='bbox 658 4793 785 4848; x_wconf 91' lang='lat' dir='ltr'><strong>totis</strong></span> <span class='ocrx_word' id='word_1_661' title='bbox 826 4792 1091 4847; x_wconf 70' lang='lat' dir='ltr'><strong>moenibus</strong></span> <span class='ocrx_word' id='word_1_662' title='bbox 1119 4792 1461 4861; x_wconf 82' lang='lat' dir='ltr'><strong>personabat.</strong></span> 
     </span>
    </p>
   </div>
   <div class='ocr_carea' id='block_1_92' title="bbox 492 4884 1994 4953">
    <p class='ocr_par' dir='ltr' id='par_1_92' title="bbox 492 4884 1994 4953">
     <span class='ocr_line' id='line_1_92' title="bbox 492 4884 1994 4953; baseline 0.004 -17"><span class='ocrx_word' id='word_1_663' title='bbox 492 4884 546 4939; x_wconf 78' lang='grc'><strong>4.</strong></span> <span class='ocrx_word' id='word_1_664' title='bbox 594 4884 832 4953; x_wconf 86' lang='lat' dir='ltr'><strong>Denique</strong></span> <span class='ocrx_word' id='word_1_665' title='bbox 891 4885 1230 4940; x_wconf 64' lang='lat' dir='ltr'><strong>beatissimus</strong></span> <span class='ocrx_word' id='word_1_666' title='bbox 1269 4885 1572 4939; x_wconf 89' lang='lat' dir='ltr'><strong>Desiderius</strong></span> <span class='ocrx_word' id='word_1_667' title='bbox 1635 4886 1887 4951; x_wconf 88' lang='lat' dir='ltr'><strong>antistes,</strong></span> <span class='ocrx_word' id='word_1_668' title='bbox 1940 4886 1994 4942; x_wconf 93' lang='lat' dir='ltr'><strong>in</strong></span> 
     </span>
    </p>
   </div>
   <div class='ocr_carea' id='block_1_93' title="bbox 420 4973 1995 5044">
    <p class='ocr_par' dir='ltr' id='par_1_93' title="bbox 420 4973 1995 5044">
     <span class='ocr_line' id='line_1_93' title="bbox 420 4973 1995 5044; baseline 0.004 -17"><span class='ocrx_word' id='word_1_669' title='bbox 420 4973 667 5027; x_wconf 88' lang='lat' dir='ltr'><strong>oratione</strong></span> <span class='ocrx_word' id='word_1_670' title='bbox 715 4974 922 5043; x_wconf 90' lang='lat' dir='ltr'><strong>positus</strong></span> <span class='ocrx_word' id='word_1_671' title='bbox 966 4975 1265 5039; x_wconf 89' lang='lat' dir='ltr'><strong>invenitur,</strong></span> <span class='ocrx_word' id='word_1_672' title='bbox 1313 4975 1562 5044; x_wconf 86' lang='lat' dir='ltr'><strong>regisque</strong></span> <span class='ocrx_word' id='word_1_673' title='bbox 1619 4990 1738 5029; x_wconf 91' lang='lat' dir='ltr'><strong>cum</strong></span> <span class='ocrx_word' id='word_1_674' title='bbox 1788 4978 1995 5033; x_wconf 66' lang='lat' dir='ltr'><strong>ueteris</strong></span> 
     </span>
    </p>
   </div>
   <div class='ocr_carea' id='block_1_94' title="bbox 422 5061 1995 5134">
    <p class='ocr_par' dir='ltr' id='par_1_94' title="bbox 422 5061 1995 5134">
     <span class='ocr_line' id='line_1_94' title="bbox 422 5061 1995 5134; baseline 0.004 -18"><span class='ocrx_word' id='word_1_675' title='bbox 422 5061 755 5117; x_wconf 86' lang='lat' dir='ltr'><strong>Christicolis</strong></span> <span class='ocrx_word' id='word_1_676' title='bbox 802 5064 1076 5119; x_wconf 89' lang='lat' dir='ltr'><strong>obtutibus</strong></span> <span class='ocrx_word' id='word_1_677' title='bbox 1114 5072 1486 5134; x_wconf 68' lang='lat' dir='ltr'><strong>prmseutatur.</strong></span> <span class='ocrx_word' id='word_1_678' title='bbox 1556 5063 1650 5120; x_wconf 81' lang='lat' dir='ltr'><strong>Ille</strong></span> <span class='ocrx_word' id='word_1_679' title='bbox 1695 5075 1874 5120; x_wconf 89' lang='lat' dir='ltr'><strong>autem</strong></span> <span class='ocrx_word' id='word_1_680' title='bbox 1928 5067 1995 5123; x_wconf 82' lang='lat' dir='ltr'><strong>de</strong></span> 
     </span>
    </p>
   </div>
   <div class='ocr_carea' id='block_1_95' title="bbox 496 5209 1995 5281">
    <p class='ocr_par' dir='ltr' id='par_1_95' title="bbox 496 5209 1995 5281">
     <span class='ocr_line' id='line_1_95' title="bbox 496 5209 1995 5281; baseline 0.005 -18"><span class='ocrx_word' id='word_1_681' title='bbox 496 5209 618 5281; x_wconf 64' lang='lat' dir='ltr'><strong>fita</strong></span> <span class='ocrx_word' id='word_1_682' title='bbox 646 5211 743 5265; x_wconf 77' lang='lat' dir='ltr'><strong>Ms.</strong></span> <span class='ocrx_word' id='word_1_683' title='bbox 768 5212 901 5281; x_wconf 77' lang='lat' dir='ltr'><strong>Reg.</strong></span> <span class='ocrx_word' id='word_1_684' title='bbox 923 5212 1107 5280; x_wconf 90' lang='lat' dir='ltr'><strong>Suec.,</strong></span> <span class='ocrx_word' id='word_1_685' title='bbox 1134 5212 1250 5267; x_wconf 79' lang='lat' dir='ltr'><strong>Alia</strong></span> <span class='ocrx_word' id='word_1_686' title='bbox 1272 5212 1423 5279; x_wconf 87' lang='lat' dir='ltr'><strong>Mss.,</strong></span> <span class='ocrx_word' id='word_1_687' title='bbox 1445 5212 1669 5269; x_wconf 83' lang='lat' dir='ltr'><strong>Omnino</strong></span> <span class='ocrx_word' id='word_1_688' title='bbox 1691 5216 1995 5272; x_wconf 76' lang='lat' dir='ltr'><strong>desidiosus.</strong></span> 
     </span>
    </p>
   </div>
   <div class='ocr_carea' id='block_1_96' title="bbox 462 5278 1999 5355">
    <p class='ocr_par' dir='ltr' id='par_1_96' title="bbox 462 5278 1999 5355">
     <span class='ocr_line' id='line_1_96' title="bbox 462 5278 1999 5355; baseline 0.008 -23"><span class='ocrx_word' id='word_1_689' title='bbox 462 5278 526 5355; x_wconf 38' lang='grc' dir='ltr'><strong>ηδ</strong></span> <span class='ocrx_word' id='word_1_690' title='bbox 566 5280 660 5334; x_wconf 80' lang='lat' dir='ltr'><strong>Ms.</strong></span> <span class='ocrx_word' id='word_1_691' title='bbox 710 5278 883 5355; x_wconf 65' lang='lat' dir='ltr'><strong>sanet.</strong></span> <span class='ocrx_word' id='word_1_692' title='bbox 935 5278 1113 5355; x_wconf 76' lang='lat' dir='ltr'><strong>Max.,</strong></span> <span class='ocrx_word' id='word_1_693' title='bbox 1183 5281 1379 5347; x_wconf 86' lang='lat' dir='ltr'><strong>Croco;</strong></span> <span class='ocrx_word' id='word_1_694' title='bbox 1411 5278 1552 5355; x_wconf 65' lang='lat' dir='ltr'><strong>aliis</strong></span> <span class='ocrx_word' id='word_1_695' title='bbox 1605 5285 1742 5353; x_wconf 88' lang='lat' dir='ltr'><strong>apud</strong></span> <span class='ocrx_word' id='word_1_696' title='bbox 1783 5285 1999 5355; x_wconf 84' lang='lat' dir='ltr'><strong>Vignier</strong></span> 
     </span>
    </p>
   </div>
   <div class='ocr_carea' id='block_1_97' title="bbox 428 5349 1607 5420">
    <p class='ocr_par' dir='ltr' id='par_1_97' title="bbox 428 5349 1607 5420">
     <span class='ocr_line' id='line_1_97' title="bbox 428 5349 1607 5420; baseline 0.006 -21"><span class='ocrx_word' id='word_1_697' title='bbox 428 5349 621 5404; x_wconf 71' lang='lat' dir='ltr'><strong>Uiroco</strong></span> <span class='ocrx_word' id='word_1_698' title='bbox 650 5363 704 5405; x_wconf 91' lang='lat' dir='ltr'><strong>et</strong></span> <span class='ocrx_word' id='word_1_699' title='bbox 733 5350 959 5415; x_wconf 82' lang='lat' dir='ltr'><strong>Cat&#39;OCO,’</strong></span> <span class='ocrx_word' id='word_1_700' title='bbox 991 5351 1057 5405; x_wconf 92' lang='lat' dir='ltr'><strong>de</strong></span> <span class='ocrx_word' id='word_1_701' title='bbox 1085 5366 1151 5405; x_wconf 90' lang='lat' dir='ltr'><strong>eo</strong></span> <span class='ocrx_word' id='word_1_702' title='bbox 1195 5368 1354 5420; x_wconf 84' lang='lat' dir='ltr'><strong>supra</strong></span> <span class='ocrx_word' id='word_1_703' title='bbox 1385 5354 1607 5419; x_wconf 86' lang='lat' dir='ltr'><strong>egimus.</strong></span> 
     </span>
    </p>
   </div>
   <div class='ocr_carea' id='block_1_98' title="bbox 502 5420 1996 5495">
    <p class='ocr_par' dir='ltr' id='par_1_98' title="bbox 502 5420 1996 5495">
     <span class='ocr_line' id='line_1_98' title="bbox 502 5420 1996 5495; baseline 0.006 -25"><span class='ocrx_word' id='word_1_704' title='bbox 502 5429 523 5454; x_wconf 74' lang='grc' dir='ltr'><em>ε</em></span> <span class='ocrx_word' id='word_1_705' title='bbox 566 5420 706 5495; x_wconf 74' lang='lat' dir='ltr'><strong>idem</strong></span> <span class='ocrx_word' id='word_1_706' title='bbox 735 5421 855 5495; x_wconf 58' lang='lat' dir='ltr'><strong>bis,</strong></span> <span class='ocrx_word' id='word_1_707' title='bbox 882 5422 1199 5495; x_wconf 71' lang='lat' dir='ltr'><strong>oppositione</strong></span> <span class='ocrx_word' id='word_1_708' title='bbox 1228 5425 1445 5495; x_wconf 63' lang='lat' dir='ltr'><strong>montis;</strong></span> <span class='ocrx_word' id='word_1_709' title='bbox 1472 5424 1571 5495; x_wconf 78' lang='lat' dir='ltr'><strong>alia</strong></span> <span class='ocrx_word' id='word_1_710' title='bbox 1596 5422 1996 5495; x_wconf 78' lang='lat' dir='ltr'><strong>Mss.,_opposito</strong></span> 
     </span>
    </p>
   </div>
   <div class='ocr_carea' id='block_1_99' title="bbox 430 5490 1995 5561">
    <p class='ocr_par' dir='ltr' id='par_1_99' title="bbox 430 5490 1995 5561">
     <span class='ocr_line' id='line_1_99' title="bbox 430 5490 1995 5561; baseline 0.008 -24"><span class='ocrx_word' id='word_1_711' title='bbox 430 5490 635 5561; x_wconf 78' lang='lat' dir='ltr'><strong>montis.</strong></span> <span class='ocrx_word' id='word_1_712' title='bbox 668 5491 719 5543; x_wconf 93' lang='lat' dir='ltr'><strong>ln</strong></span> <span class='ocrx_word' id='word_1_713' title='bbox 748 5491 1014 5544; x_wconf 75' lang='lat' dir='ltr'><strong>breviat-io</strong></span> <span class='ocrx_word' id='word_1_714' title='bbox 1048 5492 1109 5544; x_wconf 91' lang='lat' dir='ltr'><strong>iis</strong></span> <span class='ocrx_word' id='word_1_715' title='bbox 1157 5493 1366 5545; x_wconf 86' lang='lat' dir='ltr'><strong>omissis</strong></span> <span class='ocrx_word' id='word_1_716' title='bbox 1414 5493 1487 5546; x_wconf 92' lang='lat' dir='ltr'><strong>ita</strong></span> <span class='ocrx_word' id='word_1_717' title='bbox 1517 5492 1709 5561; x_wconf 86' lang='lat' dir='ltr'><strong>legitur</strong></span> <span class='ocrx_word' id='word_1_718' title='bbox 1736 5490 1875 5549; x_wconf 75' lang='lat' dir='ltr'><strong>Licet</strong></span> <span class='ocrx_word' id='word_1_719' title='bbox 1905 5513 1995 5550; x_wconf 87' lang='lat' dir='ltr'><strong>na-</strong></span> 
     </span>
    </p>
   </div>
   <div class='ocr_carea' id='block_1_100' title="bbox 433 5560 1396 5627">
    <p class='ocr_par' dir='ltr' id='par_1_100' title="bbox 433 5560 1396 5627">
     <span class='ocr_line' id='line_1_100' title="bbox 433 5560 1396 5627; baseline 0.009 -22"><span class='ocrx_word' id='word_1_720' title='bbox 433 5560 610 5627; x_wconf 80' lang='lat' dir='ltr'><strong>turalis</strong></span> <span class='ocrx_word' id='word_1_721' title='bbox 634 5560 966 5627; x_wconf 63' lang='lat' dir='ltr'><strong>expasilionis</strong></span> <span class='ocrx_word' id='word_1_722' title='bbox 996 5561 1259 5622; x_wconf 81' lang='lat' dir='ltr'><strong>mttuitis.;</strong></span> <span class='ocrx_word' id='word_1_723' title='bbox 1291 5569 1396 5615; x_wconf 83' lang='lat' dir='ltr'><strong>etc.</strong></span> 
     </span>
    </p>
   </div>
   <div class='ocr_carea' id='block_1_101' title="bbox 500 5625 2001 5699">
    <p class='ocr_par' dir='ltr' id='par_1_101' title="bbox 500 5625 2001 5699">
     <span class='ocr_line' id='line_1_101' title="bbox 500 5625 2001 5699; baseline 0.005 -20"><span class='ocrx_word' id='word_1_724' title='bbox 500 5625 524 5661; x_wconf 77' lang='grc'><strong>⁶¹</strong></span> <span class='ocrx_word' id='word_1_725' title='bbox 566 5625 844 5699; x_wconf 77' lang='lat' dir='ltr'><strong>Pergama.</strong></span> <span class='ocrx_word' id='word_1_726' title='bbox 880 5631 1093 5685; x_wconf 81' lang='lat' dir='ltr'><strong>Arciutu</strong></span> <span class='ocrx_word' id='word_1_727' title='bbox 1121 5630 1470 5699; x_wconf 87' lang='lat' dir='ltr'><strong>Trojanarum</strong></span> <span class='ocrx_word' id='word_1_728' title='bbox 1500 5647 1693 5689; x_wconf 87' lang='lat' dir='ltr'><strong>nomen</strong></span> <span class='ocrx_word' id='word_1_729' title='bbox 1724 5631 1841 5699; x_wconf 85' lang='lat' dir='ltr'><strong>fuit,</strong></span> <span class='ocrx_word' id='word_1_730' title='bbox 1892 5632 2001 5690; x_wconf 90' lang='lat' dir='ltr'><strong>imo</strong></span> 
     </span>
    </p>
   </div>
   <div class='ocr_carea' id='block_1_102' title="bbox 2093 4521 3673 4593">
    <p class='ocr_par' dir='ltr' id='par_1_102' title="bbox 2093 4521 3673 4593">
     <span class='ocr_line' id='line_1_102' title="bbox 2093 4521 3673 4593; baseline 0.003 -16"><span class='ocrx_word' id='word_1_731' title='bbox 2093 4522 2283 4577; x_wconf 85' lang='lat' dir='ltr'><strong>crebra</strong></span> <span class='ocrx_word' id='word_1_732' title='bbox 2334 4521 2684 4590; x_wconf 90' lang='lat' dir='ltr'><strong>percussione</strong></span> <span class='ocrx_word' id='word_1_733' title='bbox 2737 4530 3033 4577; x_wconf 89' lang='lat' dir='ltr'><strong>evacuatus</strong></span> <span class='ocrx_word' id='word_1_734' title='bbox 3086 4526 3352 4593; x_wconf 74' lang='lat' dir='ltr'><strong>certbro,</strong></span> <span class='ocrx_word' id='word_1_735' title='bbox 3409 4527 3673 4581; x_wconf 81' lang='lat' dir='ltr'><strong>exanimis</strong></span> 
     </span>
    </p>
   </div>
   <div class='ocr_carea' id='block_1_103' title="bbox 2042 4610 3675 4685">
    <p class='ocr_par' dir='ltr' id='par_1_103' title="bbox 2042 4610 3675 4685">
     <span class='ocr_line' id='line_1_103' title="bbox 2042 4610 3675 4685; baseline 0.005 -20"><span class='ocrx_word' id='word_1_736' title='bbox 2042 4680 2045 4685; x_wconf 16' lang='grc' dir='ltr'>ν</span> <span class='ocrx_word' id='word_1_737' title='bbox 2097 4610 2296 4665; x_wconf 88' lang='lat' dir='ltr'><strong>ibidem</strong></span> <span class='ocrx_word' id='word_1_738' title='bbox 2326 4626 2357 4665; x_wconf 88' lang='lat' dir='ltr'><strong>a</strong></span> <span class='ocrx_word' id='word_1_739' title='bbox 2388 4610 2708 4680; x_wconf 87' lang='lat' dir='ltr'><strong>paventibus</strong></span> <span class='ocrx_word' id='word_1_740' title='bbox 2735 4612 2896 4668; x_wconf 89' lang='lat' dir='ltr'><strong>sociis</strong></span> <span class='ocrx_word' id='word_1_741' title='bbox 2917 4614 3336 4684; x_wconf 88' lang='lat' dir='ltr'><strong>contemplatur.</strong></span> <span class='ocrx_word' id='word_1_742' title='bbox 3366 4616 3574 4670; x_wconf 76' lang='lat' dir='ltr'><strong>Auditis</strong></span> <span class='ocrx_word' id='word_1_743' title='bbox 3596 4619 3675 4673; x_wconf 82' lang='lat' dir='ltr'><strong>his</strong></span> 
     </span>
    </p>
   </div>
   <div class='ocr_carea' id='block_1_104' title="bbox 2101 4700 3674 4776">
    <p class='ocr_par' dir='ltr' id='par_1_104' title="bbox 2101 4700 3674 4776">
     <span class='ocr_line' id='line_1_104' title="bbox 2101 4700 3674 4776; baseline 0.003 -22"><span class='ocrx_word' id='word_1_744' title='bbox 2101 4700 2265 4754; x_wconf 88' lang='lat' dir='ltr'><strong>timor</strong></span> <span class='ocrx_word' id='word_1_745' title='bbox 2289 4708 2345 4754; x_wconf 88' lang='lat' dir='ltr'><strong>et</strong></span> <span class='ocrx_word' id='word_1_746' title='bbox 2372 4709 2575 4753; x_wconf 90' lang='lat' dir='ltr'><strong>tremor</strong></span> <span class='ocrx_word' id='word_1_747' title='bbox 2596 4700 2829 4756; x_wconf 88' lang='lat' dir='ltr'><strong>hostium</strong></span> <span class='ocrx_word' id='word_1_748' title='bbox 2868 4712 3181 4760; x_wconf 90' lang='lat' dir='ltr'><strong>cunctorum</strong></span> <span class='ocrx_word' id='word_1_749' title='bbox 3212 4705 3420 4760; x_wconf 89' lang='lat' dir='ltr'><strong>animos</strong></span> <span class='ocrx_word' id='word_1_750' title='bbox 3447 4714 3674 4776; x_wconf 83' lang='lat' dir='ltr'><strong>stupen-</strong></span> 
     </span>
    </p>
   </div>
   <div class='ocr_carea' id='block_1_105' title="bbox 2102 4788 3671 4864">
    <p class='ocr_par' dir='ltr' id='par_1_105' title="bbox 2102 4788 3671 4864">
     <span class='ocr_line' id='line_1_105' title="bbox 2102 4788 3671 4864; baseline 0.006 -21"><span class='ocrx_word' id='word_1_751' title='bbox 2102 4790 2234 4844; x_wconf 89' lang='lat' dir='ltr'><strong>tiutn</strong></span> <span class='ocrx_word' id='word_1_752' title='bbox 2266 4788 2597 4858; x_wconf 87' lang='lat' dir='ltr'><strong>penetravit,</strong></span> <span class='ocrx_word' id='word_1_753' title='bbox 2620 4799 2675 4844; x_wconf 88' lang='lat' dir='ltr'><strong>et</strong></span> <span class='ocrx_word' id='word_1_754' title='bbox 2702 4788 2729 4827; x_wconf 65' lang='grc' dir='ltr'><strong>ιλ</strong></span> <span class='ocrx_word' id='word_1_755' title='bbox 2755 4794 3025 4864; x_wconf 86' lang='lat' dir='ltr'><strong>paulisper</strong></span> <span class='ocrx_word' id='word_1_756' title='bbox 3074 4796 3142 4849; x_wconf 87' lang='lat' dir='ltr'><strong>ab</strong></span> <span class='ocrx_word' id='word_1_757' title='bbox 3186 4796 3506 4852; x_wconf 73' lang='lat' dir='ltr'><strong>effundendo</strong></span> <span class='ocrx_word' id='word_1_758' title='bbox 3552 4802 3671 4852; x_wconf 34' lang='lat' dir='ltr'><strong>satis</strong></span> 
     </span>
    </p>
   </div>
   <div class='ocr_carea' id='block_1_106' title="bbox 2100 4879 3671 4955">
    <p class='ocr_par' dir='ltr' id='par_1_106' title="bbox 2100 4879 3671 4955">
     <span class='ocr_line' id='line_1_106' title="bbox 2100 4879 3671 4955; baseline 0.004 -23"><span class='ocrx_word' id='word_1_759' title='bbox 2100 4879 2261 4948; x_wconf 87' lang='lat' dir='ltr'><strong>guine</strong></span> <span class='ocrx_word' id='word_1_760' title='bbox 2282 4888 2583 4933; x_wconf 80' lang='lat' dir='ltr'><strong>cessarunt.</strong></span> <span class='ocrx_word' id='word_1_761' title='bbox 2614 4879 2989 4951; x_wconf 69' lang='lat' dir='ltr'><strong>Deniquenon</strong></span> <span class='ocrx_word' id='word_1_762' title='bbox 3020 4895 3139 4954; x_wconf 70' lang='lat' dir='ltr'><strong>p0st</strong></span> <span class='ocrx_word' id='word_1_763' title='bbox 3168 4888 3391 4941; x_wconf 88' lang='lat' dir='ltr'><strong>multum</strong></span> <span class='ocrx_word' id='word_1_764' title='bbox 3421 4895 3617 4955; x_wconf 84' lang='lat' dir='ltr'><strong>tempot</strong></span> <span class='ocrx_word' id='word_1_765' title='bbox 3632 4887 3671 4939; x_wconf 86' lang='lat' dir='ltr'><strong>is</strong></span> 
     </span>
    </p>
   </div>
   <div class='ocr_carea' id='block_1_107' title="bbox 2100 4969 3668 5045">
    <p class='ocr_par' dir='ltr' id='par_1_107' title="bbox 2100 4969 3668 5045">
     <span class='ocr_line' id='line_1_107' title="bbox 2100 4969 3668 5045; baseline 0.001 -20"><span class='ocrx_word' id='word_1_766' title='bbox 2100 4970 2243 5025; x_wconf 88' lang='lat' dir='ltr'><strong>Deus</strong></span> <span class='ocrx_word' id='word_1_767' title='bbox 2268 4969 2430 5040; x_wconf 85' lang='lat' dir='ltr'><strong>judcx</strong></span> <span class='ocrx_word' id='word_1_768' title='bbox 2456 4972 2632 5040; x_wconf 87' lang='lat' dir='ltr'><strong>justus</strong></span> <span class='ocrx_word' id='word_1_769' title='bbox 2659 4974 2832 5027; x_wconf 86' lang='lat' dir='ltr'><strong>sancti</strong></span> <span class='ocrx_word' id='word_1_770' title='bbox 2884 4975 2965 5027; x_wconf 88' lang='lat' dir='ltr'><strong>sui</strong></span> <span class='ocrx_word' id='word_1_771' title='bbox 2998 4975 3256 5029; x_wconf 71' lang='lat' dir='ltr'><strong>Desiderii</strong></span> <span class='ocrx_word' id='word_1_772' title='bbox 3298 4978 3547 5045; x_wconf 84' lang='lat' dir='ltr'><strong>martyris</strong></span> <span class='ocrx_word' id='word_1_773' title='bbox 3588 4977 3668 5028; x_wconf 71' lang='lat' dir='ltr'><strong>vel</strong></span> 
     </span>
    </p>
   </div>
   <div class='ocr_carea' id='block_1_108' title="bbox 2097 5060 3670 5142">
    <p class='ocr_par' dir='ltr' id='par_1_108' title="bbox 2097 5060 3670 5142">
     <span class='ocr_line' id='line_1_108' title="bbox 2097 5060 3670 5142; baseline 0.003 -25"><span class='ocrx_word' id='word_1_774' title='bbox 2097 5069 2416 5117; x_wconf 66' lang='lat' dir='ltr'><strong>caeterorum</strong></span> <span class='ocrx_word' id='word_1_775' title='bbox 2461 5071 2750 5142; x_wconf 79' lang='lat' dir='ltr'><strong>martyrum</strong></span> <span class='ocrx_word' id='word_1_776' title='bbox 2798 5064 2943 5118; x_wconf 89' lang='lat' dir='ltr'><strong>urbis</strong></span> <span class='ocrx_word' id='word_1_777' title='bbox 2971 5064 3123 5120; x_wconf 91' lang='lat' dir='ltr'><strong>istius</strong></span> <span class='ocrx_word' id='word_1_778' title='bbox 3168 5067 3368 5120; x_wconf 89' lang='lat' dir='ltr'><strong>ultione</strong></span> <span class='ocrx_word' id='word_1_779' title='bbox 3392 5060 3670 5121; x_wconf 83' lang='lat' dir='ltr'><strong>convictus</strong></span> 
     </span>
    </p>
   </div>
   <div class='ocr_carea' id='block_1_109' title="bbox 2098 5220 3669 5295">
    <p class='ocr_par' dir='ltr' id='par_1_109' title="bbox 2098 5220 3669 5295">
     <span class='ocr_line' id='line_1_109' title="bbox 2098 5220 3669 5295; baseline 0.003 -19"><span class='ocrx_word' id='word_1_780' title='bbox 2098 5229 2281 5291; x_wconf 86' lang='lat' dir='ltr'><strong>et&#39;pro</strong></span> <span class='ocrx_word' id='word_1_781' title='bbox 2303 5220 2464 5290; x_wconf 86' lang='lat' dir='ltr'><strong>Troja</strong></span> <span class='ocrx_word' id='word_1_782' title='bbox 2490 5230 2775 5295; x_wconf 89' lang='lat' dir='ltr'><strong>sumptum,</strong></span> <span class='ocrx_word' id='word_1_783' title='bbox 2800 5223 2922 5279; x_wconf 90' lang='lat' dir='ltr'><strong>inde</strong></span> <span class='ocrx_word' id='word_1_784' title='bbox 2951 5225 3053 5281; x_wconf 90' lang='lat' dir='ltr'><strong>huc</strong></span> <span class='ocrx_word' id='word_1_785' title='bbox 3081 5223 3395 5281; x_wconf 85' lang='lat' dir='ltr'><strong>transfertur</strong></span> <span class='ocrx_word' id='word_1_786' title='bbox 3420 5225 3484 5279; x_wconf 86' lang='lat' dir='ltr'><strong>ad</strong></span> <span class='ocrx_word' id='word_1_787' title='bbox 3512 5241 3669 5295; x_wconf 86' lang='lat' dir='ltr'><strong>quas-</strong></span> 
     </span>
    </p>
   </div>
   <div class='ocr_carea' id='block_1_110' title="bbox 2125 5294 3000 5358">
    <p class='ocr_par' dir='ltr' id='par_1_110' title="bbox 2125 5294 3000 5358">
     <span class='ocr_line' id='line_1_110' title="bbox 2125 5294 3000 5358; baseline 0.003 -13"><span class='ocrx_word' id='word_1_788' title='bbox 2125 5306 2334 5358; x_wconf 86' lang='lat' dir='ltr'><strong>cunque</strong></span> <span class='ocrx_word' id='word_1_789' title='bbox 2364 5308 2514 5347; x_wconf 83' lang='lat' dir='ltr'><strong>arces</strong></span> <span class='ocrx_word' id='word_1_790' title='bbox 2538 5302 2592 5346; x_wconf 91' lang='lat' dir='ltr'><strong>et</strong></span> <span class='ocrx_word' id='word_1_791' title='bbox 2623 5294 2735 5347; x_wconf 90' lang='lat' dir='ltr'><strong>loca</strong></span> <span class='ocrx_word' id='word_1_792' title='bbox 2775 5295 3000 5349; x_wconf 63' lang='lat' dir='ltr'><strong>munita.</strong></span> 
     </span>
    </p>
   </div>
   <div class='ocr_carea' id='block_1_111' title="bbox 2173 5358 3648 5433">
    <p class='ocr_par' dir='ltr' id='par_1_111' title="bbox 2173 5358 3648 5433">
     <span class='ocr_line' id='line_1_111' title="bbox 2173 5358 3648 5433; baseline 0.005 -20"><span class='ocrx_word' id='word_1_793' title='bbox 2173 5370 2196 5433; x_wconf 60' lang='grc' dir='ltr'><strong>ξ</strong></span> <span class='ocrx_word' id='word_1_794' title='bbox 2234 5360 2292 5433; x_wconf 69' lang='lat' dir='ltr'><strong>in</strong></span> <span class='ocrx_word' id='word_1_795' title='bbox 2320 5358 2738 5433; x_wconf 81' lang='lat' dir='ltr'><strong>aliquibus‘Mss.</strong></span> <span class='ocrx_word' id='word_1_796' title='bbox 2757 5402 2773 5427; x_wconf 92' lang='lat'><strong>,</strong></span> <span class='ocrx_word' id='word_1_797' title='bbox 2805 5366 3116 5433; x_wconf 79' lang='lat' dir='ltr'><strong>sacerdotes,</strong></span> <span class='ocrx_word' id='word_1_798' title='bbox 3139 5365 3346 5421; x_wconf 89' lang='lat' dir='ltr'><strong>scilicet</strong></span> <span class='ocrx_word' id='word_1_799' title='bbox 3372 5380 3493 5421; x_wconf 89' lang='lat' dir='ltr'><strong>cum</strong></span> <span class='ocrx_word' id='word_1_800' title='bbox 3529 5364 3648 5421; x_wconf 74' lang='lat' dir='ltr'><strong>aliis</strong></span> 
     </span>
    </p>
   </div>
   <div class='ocr_carea' id='block_1_112' title="bbox 2177 5428 2965 5503">
    <p class='ocr_par' dir='ltr' id='par_1_112' title="bbox 2177 5428 2965 5503">
     <span class='ocr_line' id='line_1_112' title="bbox 2177 5428 2965 5503; baseline 0.003 -19"><span class='ocrx_word' id='word_1_801' title='bbox 2177 5428 2195 5467; x_wconf 77' lang='grc' dir='ltr'>ί</span> <span class='ocrx_word' id='word_1_802' title='bbox 2238 5429 2363 5503; x_wconf 55' lang='lat' dir='ltr'><strong>MSS.</strong></span> <span class='ocrx_word' id='word_1_803' title='bbox 2392 5431 2615 5503; x_wconf 82' lang='lat' dir='ltr'><strong>aliqua_,_</strong></span> <span class='ocrx_word' id='word_1_804' title='bbox 2639 5448 2739 5485; x_wconf 85' lang='lat' dir='ltr'><strong>non</strong></span> <span class='ocrx_word' id='word_1_805' title='bbox 2771 5435 2965 5503; x_wconf 79' lang='lat' dir='ltr'><strong>lugeas.</strong></span> 
     </span>
    </p>
   </div>
   <div class='ocr_carea' id='block_1_113' title="bbox 2176 5498 3209 5565">
    <p class='ocr_par' dir='ltr' id='par_1_113' title="bbox 2176 5498 3209 5565">
     <span class='ocr_line' id='line_1_113' title="bbox 2176 5498 3209 5565; baseline 0.005 -14"><span class='ocrx_word' id='word_1_806' title='bbox 2176 5508 2199 5544; x_wconf 81' lang='lat'>8</span> <span class='ocrx_word' id='word_1_807' title='bbox 2242 5498 2338 5552; x_wconf 81' lang='lat' dir='ltr'><strong>Ms.</strong></span> <span class='ocrx_word' id='word_1_808' title='bbox 2368 5498 2539 5555; x_wconf 81' lang='lat' dir='ltr'><strong>sanet.</strong></span> <span class='ocrx_word' id='word_1_809' title='bbox 2570 5500 2709 5553; x_wconf 74' lang='lat' dir='ltr'><strong>Max.</strong></span> <span class='ocrx_word' id='word_1_810' title='bbox 2729 5542 2743 5565; x_wconf 93' lang='lat'><strong>,</strong></span> <span class='ocrx_word' id='word_1_811' title='bbox 2772 5498 3107 5556; x_wconf 71' lang='lat' dir='ltr'><strong>concremata</strong></span> <span class='ocrx_word' id='word_1_812' title='bbox 3135 5520 3209 5557; x_wconf 71' lang='lat' dir='ltr'><strong>es.</strong></span> 
     </span>
    </p>
   </div>
   <div class='ocr_carea' id='block_1_114' title="bbox 2174 5565 3672 5693">
    <p class='ocr_par' dir='ltr' id='par_1_114' title="bbox 2174 5565 3672 5693">
     <span class='ocr_line' id='line_1_114' title="bbox 2174 5565 3672 5693; baseline 0.008 -74"><span class='ocrx_word' id='word_1_813' title='bbox 2174 5565 2335 5652; x_wconf 51' lang='lat' dir='ltr'><strong>libis.</strong></span> <span class='ocrx_word' id='word_1_814' title='bbox 2382 5569 2505 5638; x_wconf 82' lang='lat' dir='ltr'><strong>Reg.</strong></span> <span class='ocrx_word' id='word_1_815' title='bbox 2538 5569 2690 5623; x_wconf 82' lang='lat' dir='ltr'><strong>Suec.</strong></span> <span class='ocrx_word' id='word_1_816' title='bbox 2718 5572 2996 5693; x_wconf 69' lang='lat' dir='ltr'><strong>paulisper</strong></span> <span class='ocrx_word' id='word_1_817' title='bbox 3045 5574 3289 5645; x_wconf 77' lang='lat' dir='ltr'><strong>impietas</strong></span> <span class='ocrx_word' id='word_1_818' title='bbox 3330 5575 3558 5633; x_wconf 80' lang='lat' dir='ltr'><strong>barbara</strong></span> <span class='ocrx_word' id='word_1_819' title='bbox 3604 5574 3672 5631; x_wconf 82' lang='lat' dir='ltr'><strong>ab</strong></span> 
     </span>
     <span class='ocr_line' id='line_1_115' title="bbox 2177 5637 3040 5693; baseline 0 0"><span class='ocrx_word' id='word_1_820' title='bbox 2177 5637 2422 5693; x_wconf 88' lang='lat' dir='ltr'><strong>undendo</strong></span> <span class='ocrx_word' id='word_1_821' title='bbox 2449 5654 2639 5693; x_wconf 87' lang='lat' dir='ltr'><strong>cruore</strong></span> <span class='ocrx_word' id='word_1_822' title='bbox 2669 5653 2876 5693; x_wconf 84' lang='lat' dir='ltr'><strong>cessare</strong></span> <span class='ocrx_word' id='word_1_823' title='bbox 2919 5650 3040 5693; x_wconf 79' lang='lat' dir='ltr'><strong>ecit.</strong></span> 
     </span>
    </p>
   </div>
   <div class='ocr_carea' id='block_1_115' title="bbox 2103 5636 3040 5697">
    <p class='ocr_par' dir='ltr' id='par_1_115' title="bbox 2103 5636 3040 5697">
     <span class='ocr_line' id='line_1_116' title="bbox 2103 5636 3040 5697; baseline 0.002 -2"><span class='ocrx_word' id='word_1_824' title='bbox 2103 5636 2422 5696; x_wconf 81' lang='lat' dir='ltr'><strong>elfundcndo</strong></span> <span class='ocrx_word' id='word_1_825' title='bbox 2449 5636 2639 5695; x_wconf 81' lang='lat' dir='ltr'><strong>cruore</strong></span> <span class='ocrx_word' id='word_1_826' title='bbox 2669 5636 2876 5696; x_wconf 73' lang='lat' dir='ltr'><strong>cessare</strong></span> <span class='ocrx_word' id='word_1_827' title='bbox 2896 5636 3040 5697; x_wconf 81' lang='lat' dir='ltr'><strong>fecit.</strong></span> 
     </span>
    </p>
   </div>
  </div>
