3978 6182
355 304 458 359 2θεί

1726 304 2286 372 PROLEGOMFJVON.

3544 326 3647 381 2‘6

355 416 563 487 rtapud
585 415 1035 484 Messinghamum
1057 418 1306 485 przcierre
1324 420 1541 474 titulum
1556 422 1619 475 de
1638 424 1948 494 perfectione
1980 426 2193 481 Anulla
2234 429 2490 496 temporis
2534 432 2811 487 notatione
2845 444 3080 500 servata,
3112 437 3320 491 mixtim
3371 438 3642 494 locantur.

356 510 648 562 monachi:
679 508 823 579 apud
875 506 1204 562 llolstenium
1254 525 1383 564 vero
1439 513 1629 579 subjici
1682 515 1843 583 capiti
1890 515 1952 574 9.

357 610 523 654 Instar
558 600 908 670 appendicis,
936 608 993 653 et
1022 609 1186 669 caput
1224 599 1289 653 I0
1314 601 1530 657 inscribi
1569 603 1633 655 de
1659 605 1957 659 diversitate

352 695 658 760 culparum,
710 692 855 763 quod
902 692 994 746 alii
1042 690 1404 747 Pteuitentiale
1439 695 1605 747 sancti
1652 693 1957 748 (ἐοιααὺαοί

352 795 583 848 vocant,
613 792 670 837 et
720 785 788 837 ab
835 784 1077 851 ejusdem
1132 782 1337 851 Regula
1386 783 1735 850 distinguunt.
1788 784 1955 836 I’orru

355 885 644 946 utmmque
671 876 997 945 opusculum
1028 876 1270 945 pluribus
1312 876 1542 929 illustrat
1571 886 1733 946 alque
1760 877 1952 930 alicubi

352 967 570 1035 supplet
608 966 748 1020 idem
778 964 1028 1020 Cointius
1060 976 1106 1019 ι.
1145 966 1330 1036 Neque
1362 966 1493 1021 illud
1525 969 1952 1036 praetereundum

352 1059 495 1125 quod
542 1058 778 1112 advertit
828 1057 1174 1113 Nabillonius
1222 1060 1271 1125 δ,
1311 1060 1552 1129 regulam
1601 1058 1951 1122 Columbani,

352 1149 529 1217 qualis
556 1146 696 1218 typis
724 1148 941 1218 vulgata
969 1156 1077 1213 est,
1109 1149 1370 1217 integram
1418 1165 1523 1203 non
1552 1164 1692 1215 esse,
1718 1150 1761 1203 si
1791 1158 1955 1223 caput

352 1240 403 1293 in
436 1238 737 1295 Concordia
778 1238 1107 1308 Regularum
1153 1256 1274 1309 cap.
1304 1238 1393 1305 74,
1428 1241 1454 1313 §
1488 1240 1577 1308 I0,
1615 1226 1839 1296 citatu'm
1884 1254 1954 1295 ex

351 1329 560 1399 Regula
606 1330 924 1385 Columbani
953 1346 1070 1399 cap.
1104 1330 1175 1384 53
1215 1332 1282 1385 ad
1320 1330 1640 1386 Columbani
1688 1332 1951 1400 Regulam

348 1423 606 1492 pertinet.
631 1422 735 1476 Alii
780 1431 957 1477 tamen
989 1424 1280 1478 observant
1308 1438 1353 1489 θ,
1386 1439 1491 1477 non
1535 1424 1947 1487 Columbanum,

348 1514 445 1568 sed
492 1515 853 1584 antiquiorem
883 1526 1161 1572 auctorem
1192 1531 1486 1585 agnoscere
1524 1528 1686 1587 caput
1720 1518 1847 1572 illud
1895 1519 1949 1573 in

350 1603 658 1660 Concordia
722 1606 1015 1661 laudatum.
1074 1608 1340 1663 Nonnulla
1394 1624 1614 1679 quoque
1663 1608 1731 1665 de
1786 1611 1951 1679 ipsius

352 1697 529 1751 sancti
559 1696 877 1751 Columbani
924 1696 1288 1753 Pmuitentiali
1338 1709 1526 1754 monet
1574 1700 1626 1754 in
1675 1698 1950 1755 Analectis

2057 516 2373 585 Ilnjusmodi
2414 518 2784 575 confusionem
2836 526 3263 592 perstrinxerunt
3309 528 3407 582 viri
3465 526 3650 583 erudi-

2055 608 2246 663 tissimi
2288 610 2516 664 subinde
2556 611 2712 666 nobis
2755 613 3035 681 laudatii;
3079 630 3309 686 quorum
3356 629 3647 688 propterea
3740 670 3750 682 ,

2056 696 2217 750 ductu
2247 700 2461 754 easdem
2491 702 2747 770 epistolas
2766 718 2864 772 pro
2891 712 3192 775 temporum
3223 709 3433 765 ratione
3460 710 3647 780 diges-

2055 790 2241 843 simus.
2271 789 2469 846 Ordine
2496 800 2675 864 itaque
2704 796 2875 865 prima
2905 798 3211 854 inscribitur
3238 801 3504 870 Gregorio
3532 818 3649 857 ma-

2054 893 2189 947 gno,
2236 883 2375 937 inter
2413 885 2566 952 cujus
2615 887 2872 957 epistolas
2900 889 3154 947 editionis
3204 895 3504 951 novissima:
3548 895 3651 951 fuit
3687 882 3696 891 ’

2054 970 2251 1025 exinde
2296 973 2466 1027 relata
2491 972 2539 1027 ll.
2571 974 2676 1029 Sed
2723 978 2865 1031 nulla
2906 988 3083 1034 exstat
3115 981 3254 1036 inter
3282 981 3647 1053 Gregorianas

2055 1059 2121 1112 ad
2147 1059 2536 1117 Columbanum
2564 1083 2576 1118 :
2614 1066 2743 1121 licet
2778 1070 3127 1140 perantiquus
3169 1082 3359 1127 auctor
3388 1075 3552 1130 libelli
3579 1077 3652 1131 de

2056 1149 2163 1203 vita
2192 1161 2392 1207 sancta:
2421 1154 2725 1225 Salabergm
2754 1160 3036 1217 abbatissae
3083 1161 3456 1226 Laudunensis
3485 1176 3650 1223 teste-

2057 1238 2185 1293 tur1
2218 1242 2289 1295 ad
2336 1246 2613 1313 praefatum
2660 1256 2859 1317 patrem
2905 1249 3368 1323 (Columbanum)
3399 1257 3649 1325 metti/lus

2054 1331 2312 1384 remisisse
2341 1335 2534 1403 scripta
2562 1336 2810 1391 eumdem
2834 1353 3079 1395 sanetum
3107 1342 3434 1412 pontiﬁcem.
3478 1343 3649 1401 Porro

2054 1422 2383 1493 prtecipuum
2411 1426 2653 1495 epistola:
2699 1442 3072 1496 argumet-tum
3103 1442 3348 1487 versatur
3376 1434 3519 1489 circa
3556 1451 3643 1491 cev

2054 1512 2404 1569 Iebrationem
2427 1517 2723 1586 pascbatis,
2752 1520 2896 1588 quod
2924 1532 3142 1577 sanctus
3180 1524 3347 1579 abbas
3373 1540 3500 1580 cum
3537 1529 3649 1582 suis

2054 1603 2432 1659 celebrandum
2484 1608 2587 1661 ritu
2627 1607 2926 1683 Britonum,
2976 1610 3083 1666 hoc
3133 1620 3253 1675 est,
3302 1613 3646 1669 orientalium

2054 1709 2225 1761 more,
2250 1698 2548 1753 contendit.
2580 1699 2659 1752 Ad
2701 1716 2898 1755 annum
2941 1703 3135 1757 saltem
3167 1701 3271 1759 509
3307 1707 3648 1764 referendam

347 1788 494 1843 idem
528 1789 593 1843 V.
620 1788 681 1843 c.
716 1788 917 1845 Locum
942 1790 1102 1846 adeat
1131 1790 1323 1853 lector,
1354 1793 1397 1846 si
1428 1792 1578 1847 lubet
1618 1790 1668 1846 ἀ.
1700 1790 1958 1861 Regulam
1992 1786 2034 1845 Β
2063 1794 2284 1838 censent
2354 1787 2658 1856 huiusmodi
2727 1790 3009 1861 epistolam
3067 1792 3363 1857 doctissimi
3425 1812 3648 1865 operum

348 1896 513 1950 porro
556 1896 619 1936 ac
669 1881 1046 1936 Pcenitentiale
1094 1882 1165 1936 de
1210 1882 1407 1951 quibus
1455 1882 1712 1936 hactenus
1739 1897 1948 1945 sermo,

345 1973 554 2042 excipit
574 1972 814 2041 ejusdem
841 1976 1014 2029 sancti
1036 1975 1245 2030 abbatis
1275 1975 1409 2029 liber
1429 1976 1496 2031 de
1528 1976 1953 2030 Paenitentiam":

346 2079 593 2117 mensura
614 2066 867 2127 taxanda,
893 2080 1053 2135 quem
1076 2067 1282 2136 primus
1301 2081 1370 2121 ex
1394 2074 1608 2121 vetusto
1635 2084 1737 2121 ms.
1757 2068 1954 2124 Codice

346 2155 405 2206 in
435 2154 607 2210 lucem
637 2156 832 2210 extulit
859 2156 1165 2226 Flemingus
1199 2175 1212 2210 :
1245 2172 1354 2227 quo
1393 2157 1462 2212 de
1500 2173 1666 2227 opere
1695 2160 1952 2213 nonnulla

350 2244 517 2297 iidem
548 2245 638 2313 qui
663 2260 824 2315 supra
852 2246 949 2300 viri
977 2247 1263 2301 clarissimi
1292 2246 1731 2301 animadvertunt
1761 2257 1808 2301 ε.

419 2335 508 2391 III.
548 2337 860 2407 Sequuntur
916 2339 1192 2393 Sermones
1246 2355 1339 2394 seu
1393 2338 1769 2393 Instructiones
1819 2355 1950 2403 xvr,

342 2428 544 2494 quibus
584 2428 824 2496 adjectus
863 2428 1075 2484 libellus
1105 2428 1182 2483 De
1208 2439 1326 2484 octo
1362 2431 1497 2484 vitiis
1538 2429 1948 2499 principalibus,

342 2532 418 2571 ex
448 2516 664 2573 laudato
701 2517 900 2574 Codice
928 2518 1178 2573 Bobiensi
1220 2534 1317 2589 per
1341 2518 1588 2574 eumdem
1618 2518 1951 2587 Flemingnm

343 2607 654 2677 descriptaz.
708 2607 876 2663 Lecta
918 2616 1045 2662 sunt
1090 2622 1222 2662 sane
1249 2607 1614 2678 dignissimae,
1656 2622 1723 2661 ac
1759 2608 1950 2671 miram

345 2701 553 2771 ubique
591 2702 846 2770 pietatem
874 2718 998 2756 cum
1043 2702 1157 2771 pari
1203 2702 1422 2772 eloquio
1467 2701 1810 2772 conjunctam
1840 2703 1952 2772 spi-

348 2799 496 2845 rant.
545 2790 622 2845 De
672 2792 755 2847 st
796 2808 925 2846 sero
970 2792 1282 2863 accipienda
1333 2793 1583 2847 videntur
1607 2808 1730 2863 qua:
1763 2795 1952 2849 scribit

343 2883 518 2937 Jonas
566 2883 615 2936 in
666 2883 780 2952 ejus
812 2884 929 2939 Vita
984 2884 1067 2938 his
1110 2884 1286 2939 verbis
1316 2884 1334 2923 ε
1363 2903 1376 2939 :
1410 2884 1602 2956 Agebat
1630 2887 1950 2941 venerandus

342 2973 456 3034 τὶν,
506 2982 559 3025 ut
613 2982 702 3039 per
746 2990 1056 3046 qua’cunque
1107 2974 1220 3028 loca
1269 2978 1700 3047 progrederetur,
1744 2980 1949 3031 verbum

341 3062 697 3133 evangelicum
718 3066 1073 3119 annuntiaret.
1096 3063 1232 3119 Erat
1252 3069 1385 3119 enim
1410 3074 1613 3137 gratum
1635 3066 1943 3132 hominibus,

2058 1876 2229 1931 sancti
2259 1874 2503 1945 Gregorii
2544 1879 2818 1946 editores,
2849 1881 2992 1949 quod
3034 1883 3201 1951 ipsius
3243 1885 3549 1940 meminerit
3594 1886 3648 1940 in

2057 1962 2295 2034 Epistola
2343 1966 2406 2021 11
2454 1969 2520 2022 ad
2561 1967 2866 2025 Gallicanos
2917 1973 3204 2042 episcopos
3256 1974 3310 2028 in
3356 1991 3523 2030 unum
3564 1979 3649 2033 sui

2055 2073 2218 2112 causa
2255 2069 2612 2129 congregatos
2649 2062 2714 2115 ad
2740 2063 3091 2130 quaestionem
3133 2066 3204 2120 de
3248 2066 3520 2136 pascbatis
3553 2084 3648 2124 ce-

2057 2147 2355 2204 lebratione
2409 2149 2765 2206 deliniendam
2815 2171 2827 2204 :
2874 2153 3029 2222 cujus
3075 2156 3293 2211 concilii
3341 2158 3486 2212 nulla
3543 2160 3647 2214 alia

2055 2251 2302 2309 superest
2331 2245 2611 2309 memoria.
2643 2247 2790 2300 Anno
2820 2245 3119 2301 duodecimo
3160 2250 3362 2320 scripta
3407 2251 3507 2305 fuit
3535 2252 3649 2306 inec

2054 2332 2303 2400 epistola,
2324 2349 2391 2387 ex
2419 2348 2529 2403 quo
2558 2336 2612 2389 in
2634 2335 2970 2402 Vogensibus
2998 2338 3149 2393 silvis
3177 2340 3404 2408 degebat
3432 2340 3651 2396 Colum-

2054 2420 2248 2485 banus,
2266 2422 2369 2477 hoc
2390 2431 2475 2477 est
2502 2437 2643 2477 anno
2659 2424 2853 2479 Christi
2877 2424 3003 2492 602,
3026 2427 3199 2496 inquit
3219 2429 3558 2486 Mabitlonius
3584 2442 3645 2488 π’.

2125 2509 2190 2564 γ.
2235 2508 2445 2566 Interea
2490 2511 2856 2569 Columbanus
2884 2516 3049 2570 abbas
3079 2516 3432 2574 Luxoviensis
3460 2521 3527 2575 ad
3556 2537 3642 2577 se-

2053 2602 2283 2658 dandam
2306 2606 2730 2666 contentionem,
2747 2616 2932 2661 contra
2948 2623 3007 2663 se
3024 2623 3053 2662 a
3070 2607 3360 2665 Gallicanis
3373 2612 3646 2682 episcopis

2052 2695 2120 2751 de
2149 2694 2364 2771 Pascha:
2400 2688 2766 2753 celebratione
2805 2700 3164 2767 concitatam,
3195 2699 3486 2771 Epistolam
3515 2706 3650 2759 seri-

2052 2788 2156 2857 psit
2204 2769 2391 2843 ordine
2439 2788 2684 2855 tertiam,
2726 2803 2870 2844 anno
2913 2789 3047 2858 606,
3088 2791 3154 2846 ad
3200 2769 3533 2848 Bonifacium
3578 2794 3647 2850 lli

2050 2878 2291 2947 Gregorii
2332 2894 2737 2948 successorem,
2788 2882 3103 2952 suppliciter
3128 2885 3405 2954 postulans
3446 2894 3502 2938 ut
3548 2887 3647 2940 sibi

2049 2970 2332 3039 peregrinis
2380 2968 2733 3025 laborantibus
2778 2988 2887 3026 sum
2929 2974 3031 3041 pia:
3065 2977 3332 3029 sententia:
3375 2985 3649 3044 prwstaret

2049 3059 2309 3124 solatium,
2340 3076 2457 3129 quo,
2488 3062 2533 3113 si
2562 3078 2665 3114 non
2697 3071 2877 3116 contra
2920 3064 3079 3133 ﬁdem
3118 3074 3216 3132 est,
3243 3082 3453 3119 suorum
3482 3069 3647 3121 tradi-

342 3163 404 3205 ut
424 3154 562 3223 quod
586 3154 845 3225 facundiae
886 3156 1051 3210 cultus
1082 3155 1392 3221 adornabat,
1423 3157 1736 3211 elucubrata:
1754 3157 1919 3227 praedi
1972 3150 2016 3213 C
2049 3151 2237 3205 ιὶοηεηι
2284 3153 2543 3207 seniorum
2593 3151 2891 3210 roboraret.
2932 3163 2989 3207 ut
3034 3156 3189 3208 ritum
3232 3158 3473 3225 pate/tat,
3513 3161 3645 3213 sicut

344 3243 569 3297 catiouis
600 3243 858 3312 doctrina,
882 3245 1036 3298 simul
1057 3255 1104 3298 et
1132 3246 1366 3315 exentpla
1399 3246 1643 3299 virtutum
1666 3246 1949 3314 conﬁrma-

345 3332 612 3388 bant......
650 3333 819 3388 Tanta
861 3337 914 3389 in
946 3334 1148 3407 beatum
1178 3338 1341 3391 virum
1386 3338 1558 3407 gratia
1588 3336 1948 3400 redundabat,

343 3432 405 3474 ut
428 3423 479 3475 in
501 3441 913 3497 quorumcunque
942 3404 1176 3480 domibus
1199 3429 1502 3497 quantisper
1522 3436 1946 3493 commoraretur,

344 3516 579 3568 euntium
616 3519 816 3570 animos
845 3517 915 3570 ad
942 3518 1206 3589 religionis
1246 3520 1438 3573 cultum
1467 3519 1728 3591 deﬁgeret.
1758 3517 1948 3589 Opera!

342 3624 513 3678 porro
537 3608 765 3676 pretium
793 3607 951 3664 fuerit
975 3611 1254 3674 adnorarc,
1289 3610 1702 3667 lnstructioncm
1727 3611 1792 3677 ν,
1822 3626 1945 3681 qua:

344 3698 539 3767 incipit
572 3717 586 3751 :
616 3698 659 3752 Ο
691 3710 742 3752 tu
785 3701 887 3753 vita
923 3710 1139 3771 quantos
1181 3702 1464 3771 decepisti!
1500 3704 1601 3758 sub
1633 3703 1788 3757 titulo
1823 3702 1947 3774 Epi-

342 3791 499 3843 stola:
529 3790 566 3841 γ
601 3792 790 3859 legisse
811 3792 1177 3847 Mabiilonium
1209 3794 1260 3847 in
1292 3810 1388 3848 ms.
1413 3794 1610 3851 Codice
1638 3794 1694 3850 S.
1714 3795 1853 3850 Galli
1877 3806 1902 3842 κ
1928 3814 1942 3849 :

342 3891 513 3950 atque
560 3882 636 3937 sic
667 3884 791 3937 item
824 3884 1133 3953 inscriptam
1173 3900 1239 3940 ex
1268 3885 1457 3940 eodem
1483 3885 1682 3941 Codice
1705 3887 1815 3955 jam
1854 3887 1944 3942 diu

341 3974 660 4041 vulgaverat
709 3975 997 4031 Goldastus
1037 3974 1100 4043 ll;
1145 3978 1235 4045 qui
1287 3985 1463 4031 tamen
1520 3978 1739 4045 agnovit
1786 3980 1838 4032 in
1880 3992 1943 4033 ea

340 4064 555 4117 nullum
604 4080 864 4134 apparere
913 4066 1181 4135 epistolici
1234 4067 1566 4122 cbaracteris
1615 4066 1939 4134 vestigium,

338 4157 612 4227 simulque
661 4158 936 4228 professus
985 4168 1067 4215 est
1095 4160 1198 4214 sibi
1229 4159 1373 4213 haud
1426 4158 1806 4214 discedendum
1840 4161 1940 4215 du-

337 4250 488 4304 xisse
528 4265 559 4302 a
608 4250 710 4306 lide
739 4252 1090 4307 vetustissimi
1129 4251 1372 4317 Codicis,
1408 4252 1460 4306 in
1492 4267 1600 4322 quo
1630 4251 1938 4320 huiusmodi

338 4351 463 4394 erat
488 4342 768 4412 inscriptio
795 4361 807 4395 :
836 4341 1031 4414 Incipit
1051 4345 1268 4413 epistula
1288 4329 1368 4401 s-c—i
1386 4343 1691 4399 Columbaui
1715 4343 1933 4398 abbatis.

337 4430 395 4483 Id
427 4445 645 4500 quoque
691 4432 1033 4487 observatum
1084 4433 1301 4490 Usserio
1331 4435 1374 4502 ί,
1415 4436 1503 4505 qui
1542 4434 1641 4488 sub
1686 4434 1938 4503 Epistolce

2054 3254 2376 3314 acceperant,
2408 3263 2498 3316 per
2525 3248 2784 3318 pontiﬁcis
2822 3246 3075 3316 judicium
3104 3258 3315 3316 possent
3348 3252 3402 3303 in
3434 3267 3527 3304 sita
3554 3268 3645 3320 pe-

2051 3336 2399 3404 regrinatione
2443 3335 2727 3391 observare.
2783 3355 2801 3388 ι
2832 3337 2912 3390 An
2959 3350 3279 3406 responsum
3321 3354 3350 3392 a
3392 3339 3645 3410 pontiﬁce

2052 3424 2345 3479 obtinuerit
2398 3425 2761 3483 Columbanus
2822 3426 3024 3496 (verba
3079 3436 3208 3481 sunt
3258 3427 3546 3484 Mabillonii
3579 3434 3641 3499 η)

2053 3515 2360 3584 ignoramus
2393 3535 2405 3570 :
2439 3526 2494 3572 at
2522 3534 2643 3573 eum
2686 3520 2968 3575 retinuisse
3014 3522 3248 3590 patrium
3296 3536 3448 3575 suum
3479 3521 3641 3576 ritum

2048 3605 2103 3658 in
2135 3603 2408 3659 Paschatis
2430 3606 2796 3661 celebratione
2815 3617 3030 3662 constat
3058 3624 3125 3664 ex
3154 3610 3269 3677 ejus
3300 3609 3531 3680 Epistola
3559 3610 3584 3665 I
3606 3612 3642 3662 V

2050 3696 2118 3749 ad
2148 3711 2274 3751 suos
2306 3695 2669 3751 Luxovienses
2698 3696 2971 3752 Namnetis
3013 3700 3211 3767 scripta
3232 3739 3246 3763 ,
3278 3714 3400 3753 cum
3432 3700 3484 3753 in
3515 3717 3644 3769 pro-

2048 3786 2227 3842 cinctu
2272 3796 2417 3843 esset
2446 3788 2513 3841 ad
2545 3788 2924 3856 trajiciendum
2964 3790 3016 3843 in
3066 3789 3395 3846 Iliberniam.
3443 3791 3641 3847 Verum

2048 3878 2186 3933 hanc
2227 3879 2570 3934 traditionem
2599 3880 2914 3949 deposuisse
2960 3881 3169 3936 videtur
3194 3883 3384 3937 saltem
3429 3897 3549 3939 cum
3589 3884 3640 3938 in

2044 3969 2253 4024 Italiam
2299 3971 2565 4026 accessit:
2605 3972 2763 4042 idque
2787 3973 2978 4027 suadet
3018 3982 3127 4027 tum
3164 3973 3279 4043 ejus
3316 3974 3557 4044 Epistola
3596 3978 3635 4031 V

2046 4059 2113 4114 ad
2144 4060 2473 4115 Bonifacium
2502 4060 2569 4115 IV
2593 4077 2624 4116 e
2647 4062 2898 4117 Bobiensi
2931 4063 3255 4119 monasterio
3275 4066 3495 4135 scripta,
3528 4074 3639 4120 tum

2042 4150 2278 4221 synodus
2318 4149 2729 4208 Matisconensis
2769 4151 3167 4207 Galiicanorum
3196 4153 3518 4220 antistitum,
3553 4146 3665 4208 in?

2041 4243 2239 4296 stinctu
2271 4244 2500 4311 Agrestii
2551 4243 2799 4301 monachi
2831 4254 3127 4298 convocata
3168 4223 3425 4298 adversus
3452 4245 3638 4314 singu-

2042 4333 2182 4387 lares
2226 4333 2486 4402 quosdam
2535 4333 2670 4387 ritus
2712 4333 3130 4387 Luxoviensium
3161 4333 3552 4387 monachorum
3583 4335 3635 4390 in

2039 4427 2230 4496 quibus
2261 4426 2405 4480 nulla
2436 4426 2668 4494 amplius
2694 4425 2761 4479 de
2790 4426 3045 4494 pascbate
3069 4424 3130 4478 lit
3151 4424 3375 4479 mentio.
3409 4442 3429 4477 ι

338 4524 563 4578 nomine
610 4524 663 4577 in
709 4540 805 4579 sua
869 4526 1102 4581 Veterum
1149 4528 1480 4596 epistolarum
1527 4526 1928 4580 Hibernicarum
1958 4526 2008 4585 D
2104 4518 2191 4573 Vl.
2223 4520 2357 4573 Dum
2388 4519 2664 4573 Namnetis
2693 4532 2788 4587 per
2818 4516 3048 4571 triduum
3078 4528 3384 4571 moraretur
3412 4516 3634 4572 Colum-

338 4617 540 4688 syltoge
573 4618 821 4673 eamdem
850 4616 1265 4675 Instructionem
1298 4620 1340 4674 ν
1370 4619 1662 4674 recensuit.

414 4706 503 4761 IV.
544 4705 690 4764 Pone
720 4709 1002 4780 praedictas
1048 4712 1430 4765 instructiones
1470 4718 1689 4765 exstant
1716 4707 1930 4779 Episto-

339 4800 407 4852 ιω
441 4797 482 4850 γ
515 4802 683 4853 sancti
715 4799 1066 4866 Columbani,
1097 4816 1285 4857 omnes
1314 4800 1520 4855 fervido
1561 4800 1676 4855 zelo
1698 4800 1931 4869 prmditm

339 4901 507 4958 atque
552 4890 802 4947 libertate
850 4891 1153 4949 Christiana
1196 4900 1450 4949 exaratze.
1485 4891 1593 4946 Eas
1630 4907 1696 4947 ex
1739 4907 1930 4962 perve-

340 4990 513 5043 tustu,
561 4982 656 5035 sed
704 4983 964 5039 mendoso
990 4985 1121 5040 satis
1150 4984 1487 5039 bibliothecae
1514 4983 1795 5040 Bobiensis
1820 4982 1928 5038 Co-

339 5071 464 5127 dice
510 5072 791 5144 descripsit
838 5076 1177 5145 Flemingus;
1231 5076 1283 5130 in
1325 5076 1480 5145 cujus
1522 5085 1699 5133 tamen
1753 5076 1927 5139 edito,

416 5214 441 5277 ξ
490 5205 562 5277 ld.
593 5206 633 5261 l.
665 5223 737 5270 c.,
773 5223 894 5277 pag.
928 5210 1052 5272 571,
1082 5210 1208 5265 5ῗ9.

414 5273 442 5310 ι’
490 5276 697 5351 globi".
718 5273 786 5334 ad
809 5273 925 5351 Act.
953 5280 1209 5351 SSLBen.
1241 5290 1372 5337 tom.
1404 5280 1448 5347 I,
1470 5296 1523 5351 p.
1548 5279 1640 5351 726,
1666 5289 1778 5334 not.
1807 5297 1857 5335 c.

420 5356 442 5420 ς
491 5346 820 5420 {iishlittén
856 5350 919 5403 de
952 5351 1001 5403 la
1032 5350 1235 5405 France
1258 5392 1272 5415 ,
1304 5352 1340 5405 l.
1542 5349 1665 5416 5l0,
1697 5368 1844 5405 num.
1879 5353 1929 5406 1.

338 5438 339 5441 Ἴ
417 5416 444 5503 ᾖ
491 5416 962 5503 H?9i":.§!'al‘ic‘z
988 5421 1163 5503 pitig’
1198 5439 1324 5503 "0‘."
1363 5416 1518 5490 alii",
1712 5424 1813 5475 sub
1837 5424 1926 5503 ίίρ·

421 5496 445 5562 ς
487 5486 622 5562 (list.
665 5489 823 5543 littér.
841 5491 916 5562 de
946 5486 1003 5543 lli
1028 5491 1252 5553 France,
1284 5493 1318 5546 Ι.
1350 5509 1427 5559 c.,
1456 5486 1511 5562 p.
1540 5486 1664 5558 312,
1693 5507 1842 5546 num.
1875 5493 1927 5545 ὅ.
1956 5490 1964 5499 “

423 5558 437 5594 ί
485 5556 605 5681 lin.
635 5562 777 5630 apud
809 5561 1005 5617 Mabill.
1040 5564 1158 5617 Act.
1189 5564 1287 5618 SS.
1322 5556 1477 5627 Benf,
1518 5556 1658 5618 tom.
1678 5562 1740 5628 11,
1773 5580 1824 5633 p.
1859 5563 1928 5629 7-,

423 5645 487 5681 ιιι.
601 5670 612 5681 .

346 5645 487 5683 "Ulli.
527 5645 548 5679 ‘I
564 5645 583 5681 1
601 5670 612 5682 .

420 5711 443 5774 ts
488 5698 683 5774 Mabill.
716 5701 981 5774 Analectq
1014 5717 1134 5774 pug.
1172 5704 1255 5767 I9,
1288 5703 1312 5773 §
1342 5704 1402 5764 9,
1430 5704 1529 5759 sub
1560 5704 1647 5757 ﬁn.

417 5770 443 5807 ¹³
473 5772 711 5828 Goldast.
744 5770 1222 5831 Partenet.'Veter.
1252 5770 1388 5846 part.
1424 5775 1463 5841 l,
1494 5792 1613 5847 pag.
1642 5776 1764 5842 H5,
1792 5778 1918 5832 edit.

2030 5568 2033 5571 λ
2120 5554 2299 5616 ῖἈοῑ.
2331 5557 2427 5612 SS.
2456 5558 2582 5612 0rd.
2614 5557 2838 5621 Bened.,
2870 5564 3001 5608 tom.
3045 5554 3107 5619 II,

2038 4614 2209 4668 banus
2242 4621 2288 4675 ο,
2322 4627 2447 4665 mox
2501 4611 2551 4664 in
2600 4608 2908 4663 Hiberniam
2960 4616 3339 4678 perrecturus;
3386 4610 3632 4679 utpaqu

2038 4712 2164 4759 ante
2201 4704 2426 4769 dictum,
2472 4701 2712 4773 Epistola
2743 4700 2827 4756 IV
2868 4702 3082 4772 scripsit
3119 4717 3261 4756 anno
3283 4702 3386 4756 6l0
3415 4701 3480 4755 ad
3503 4716 3632 4755 suos

2040 4795 2423 4860 Luxovienses,
2453 4811 2587 4865 quos
2618 4794 2819 4849 invitus
2847 4794 3198 4861 deseruerat,
3226 4808 3413 4864 pacem
3434 4830 3449 4859 ,
3479 4794 3627 4848 saluo

2037 4896 2145 4943 tem
2176 4897 2231 4944 et
2254 4888 2632 4959 sempiternam
2662 4887 2980 4942 charitatem
3013 4887 3091 4942 eis
3120 4886 3466 4957 imprecatus.
3498 4885 3630 4951 Qui-

2036 4978 2135 5033 bus
2158 4978 2350 5033 litteris
2389 4979 2646 5048 acceptis,
2679 4977 2857 5032 Attala
2906 4976 3298 5032 Columbanum
3327 4976 3479 5044 sequi
3510 4991 3629 5030 ma-

2038 5069 2171 5137 luit,
2216 5084 2377 5139 quam
2429 5068 2651 5125 Luxovii
2692 5083 3044 5140 permanere,
3093 5068 3261 5137 ipsius
3307 5064 3627 5120 Columbani

2036 5209 2228 5263 lnsulis
2258 5206 2420 5262 1604.

2116 5280 2129 5357 1
2184 5277 2580 5357 lisser._Veler.
2605 5276 2759 5357 cpi-st.
2793 5274 3013 5357 Iliberri.
3044 5273 3415 5357 syllogmpag.
3446 5266 3620 5357 sset).

2112 5353 2125 5400 l
2182 5350 2318 5423 llist.
2345 5349 2501 5423 littér.
2528 5347 2589 5398 de
2609 5337 2903 5423 ln_Fra_nAc_e,
2990 5337 3217 5414 c.,'pag.
3243 5337 3622 5423 ξηιόίηυψλὲε
3672 5358 3673 5367 ‘

2116 5432 2137 5458 ι
2185 5419 2347 5487 Greg.
2376 5419 2467 5472 lib.
2493 5433 2567 5483 ts,
2591 5417 2745 5485 epist.
2777 5418 2901 5483 1‘27,
2928 5416 3064 5487 Opp.
3095 5410 3224 5468 tom.
3251 5412 3313 5476 II,
3338 5423 3460 5482 pag.
3487 5410 3625 5463 1050

2040 5507 2299 5616 sequct.
2331 5557 2427 5612 SS.
2456 5558 2582 5612 0rd.
2614 5557 2838 5621 Bened.,
2870 5564 3001 5608 tom.
3045 5554 3107 5619 II,
3140 5569 3194 5623 p.
3226 5550 3352 5618 406,
3387 5565 3536 5605 num.
3568 5550 3620 5602 5.

2112 5643 2149 5669 α’
2180 5631 2380 5684 Mabill.
2411 5628 2516 5683 lter
2536 5628 2677 5689 Ital.,
2704 5642 2821 5696 pag.
2848 5625 2968 5677 2H.

2112 5714 2138 5741 τι
2182 5701 2379 5755 Mabill.
2412 5700 2604 5753 Annal.
2636 5688 2836 5751 Bc'ne‘d.
2871 5697 2903 5747 1.
2935 5711 2985 5757 x,
3012 5694 3038 5764 ᾗ
3066 5693 3157 5762 56,
3190 5703 3317 5750 tom.
3349 5691 3389 5760 Ι,
3419 5708 3474 5764 p.
3498 5688 3623 5747 36L

2115 5785 2140 5812 ο
2179 5772 2256 5826 Id.
2291 5773 2326 5826 Ι.
2359 5785 2435 5837 c.,
2469 5771 2495 5841 ξ
2528 5769 2611 5840 50,
2638 5783 2755 5838 pag.
2790 5766 2891 5820 903
2921 5781 3034 5835 seq.
