3978 6182
357 311 457 366 £07

1475 295 1716 355 SANCTI
1753 295 2142 353 CULUMBANI
2180 299 2470 357 ABBA'IIS

3513 305 3618 362 208

355 419 696 493 postmodum
742 417 793 470 in
835 410 1113 468 Bobiensis
1154 409 1466 467 monasterii
1515 408 1776 477 regimine
1813 422 1935 462 sue—
1963 413 2010 470 A
2037 423 2142 479 que
2180 425 2375 466 nomen
2422 412 2502 467 sic
2539 409 2825 478 referente,
2857 409 3210 468 Cownnxtws
3239 413 3528 482 Humano;
3561 427 3622 472 ut

353 528 536 570 cessor
584 510 809 565 futurus.
863 505 1152 575 Epistolam
1205 503 1245 554 V
1285 501 1517 571 denique
1571 501 1932 556 Columbanus

352 605 516 659 abbas
541 617 608 657 ex
635 599 881 656 emnohio
911 596 1162 652 Bobiensi
1191 594 1255 649 ad
1284 591 1615 648 Bonifacium
1645 607 1836 662 papam
1866 590 1931 644 IV

350 691 563 761 scripsit
609 704 750 744 anno
806 687 942 751 613,
1000 685 1176 741 studio
1228 684 1486 754 impulsus
1530 682 1742 751 Agilulli
1793 680 1934 748 regis

351 782 826 853 Langobardorum
875 797 936 836 ac
960 778 1340 834 Theodelinda:
1388 777 1606 846 regium,
1648 775 1714 830 de
1762 775 1933 830 tribus

349 874 626 944 Capitulis.
663 874 774 939 Qua
815 873 868 927 in
907 870 1132 940 epistola
1163 871 1245 923 vir
1289 878 1507 922 sanctus
1537 864 1775 936 pontiﬁci
1820 879 1935 918 ma-

351 965 516 1028 ximo,
541 964 776 1017 omnium
822 962 985 1015 totius
1023 959 1249 1028 Europa:
1295 957 1641 1012 ecclesiarmn
1671 955 1831 1025 capiti
1880 962 1936 1010 et

348 1062 625 1122 pastorum
658 1053 857 1121 pastori
896 1051 1124 1105 salutem
1157 1049 1306 1103 dicit.
1342 1048 1417 1101 De
1448 1037 1511 1100 ea
1559 1046 1713 1115 plura
1743 1043 1934 1098 Mabil-

351 1144 524 1197 Iunius
542 1152 652 1196 tum
677 1143 728 1196 in
754 1142 1047 1196 Annalibus
1069 1138 1430 1194 Benedictinis
1455 1147 1502 1203 ⁸,
1529 1145 1640 1191 tum
1665 1137 1716 1190 in
1739 1134 1936 1189 Itinere

351 1235 535 1290 Italico
556 1233 606 1287 δ.
631 1233 724 1288 Ilis
746 1249 910 1303 porro
933 1231 1183 1302 Epistolis
1204 1231 1443 1300 quinque
1464 1236 1671 1283 sextam
1702 1227 1932 1294 subjeci-

351 1343 468 1381 mus
514 1341 674 1396 quam
730 1326 897 1380 edidit
926 1324 1212 1379 Goldastus
1242 1334 1263 1360 ε
1308 1338 1376 1376 ex
1424 1321 1634 1375 duobus
1676 1322 1935 1392 exemplis

347 1419 685 1475 bibliotheca:
711 1417 1018 1472 monasterii
1053 1415 1109 1470 S.
1152 1413 1310 1480 Galli,
1335 1428 1564 1483 quorum
1612 1427 1776 1466 unum
1803 1412 1936 1467 satis

347 1509 644 1578 antiquum,
671 1507 763 1562 sed
793 1508 1064 1577 ἀνόιυμον;
1096 1504 1323 1559 alterum
1347 1501 1487 1556 haud
1509 1501 1678 1568 magis
1697 1509 1935 1555 vetusta-

345 1601 414 1654 tis
440 1614 662 1668 expers,
682 1605 738 1651 at
767 1613 832 1652 eo
863 1595 1230 1667 praestabilius,
1258 1593 1401 1664 quod
1426 1607 1525 1647 suo
1555 1592 1728 1646 indice
1757 1600 1938 1646 aucto-

345 1707 460 1746 rem
481 1691 712 1744 ostendit
728 1690 940 1745 editori.
954 1688 1152 1744 Verum
1171 1686 1316 1741 haud
1334 1685 1605 1755 perspexit
1622 1683 1811 1738 Golda~
1825 1693 1931 1750 tus,

2035 508 2185 556 recte
2237 501 2466 556 habetur
2518 501 2658 572 apud
2713 501 3054 558 Sirmtndum
3085 503 3112 540 ιι
3159 514 3215 559 et
3264 503 3532 560 Usserium
3573 505 3619 561 ί.

2036 593 2362 649 Acrostichis
2408 595 2458 649 in
2505 595 2793 651 Canisiano
2845 596 3140 666 exemplari
3191 597 3528 654 desideratur
3570 601 3615 654 l.

2035 684 2098 738 II.
2131 685 2489 740 Monosthicon
2518 685 2760 746 Carmen.
2789 687 2902 742 sive
2949 687 3297 750 Monastln'ca,
3327 704 3358 743 e
3387 705 3485 743 ms.
3513 690 3622 745 Co-

2037 777 2158 833 dice
2180 777 2501 845 Frisingensi
2539 779 2829 848 desumpsit
2850 780 3096 834 Canisius
3118 781 3168 832 ¹ι.
3189 780 3404 835 Dubitat
3419 779 3622 836 Basna-

2035 867 2154 934 gius
2179 883 2244 920 an
2266 867 2580 922 Columbani
2607 869 2675 921 sit
2700 883 2833 938 opus
2862 869 3128 924 sincerum
3156 887 3168 922 :
3193 869 3285 924 sed
3319 871 3618 937 immerito,

2037 965 2094 1010 ut
2115 967 2334 1010 censent
2355 957 2632 1012 clarissimi
2651 959 2747 1012 viri
2775 956 2817 1022 ι,
2842 959 2930 1028 qui
2951 968 3005 1012 et
3021 959 3134 1029 ejus
3164 960 3336 1014 varias
3356 960 3620 1015 editiones

2037 1055 2354 1100 enumerant
2392 1064 2404 1099 :
2436 1047 2527 1101 sed
2569 1047 2669 1103 hac
2714 1047 2782 1103 de
2830 1063 2888 1103 re
2933 1048 3289 1104 consulendus
3335 1049 3386 1103 in
3435 1049 3620 1118 primis

2037 1133 2312 1190 Fabricius
2335 1145 2393 1188 ιη.
2426 1135 2511 1190 Ill.
2536 1136 2765 1191 Carmen
2794 1144 2878 1192 est
2904 1135 3142 1206 Epistola
3170 1137 3240 1191 ad
3265 1133 3565 1207 Fedolium,
3589 1153 3623 1193 e

2037 1240 2139 1279 ms.
2168 1225 2501 1294 Sangallensi
2528 1243 2557 1282 a
2587 1227 2846 1283 Goldasto
2873 1229 2926 1283 in
2959 1230 3131 1285 lucem
3162 1231 3357 1286 emissa
3382 1239 3430 1297 ι’,
3461 1240 3624 1307 atque

2031 1315 2338 1373 Ilibernicis
2371 1317 2620 1387 Epistolis
2661 1321 2727 1372 ab
2757 1317 2974 1374 Usserio
3016 1319 3242 1388 intexta,
3269 1321 3360 1390 qui
3390 1337 3508 1376 eam
3536 1339 3624 1377 re-

2032 1422 2280 1471 censens,
2311 1409 2424 1463 haec
2448 1408 2608 1463 habet
2633 1417 2658 1445 ο
2687 1427 2699 1462 :
2735 1429 2754 1462 ι
2775 1409 3031 1465 Versibus
3058 1411 3395 1480 bipedalibus
3416 1411 3624 1467 Adoni-

2037 1498 2114 1552 cis
2151 1507 2231 1554 est
2277 1501 2619 1571 conscripta,
2661 1502 2905 1558 elisionis
2961 1503 3286 1574 syllabarum
3337 1506 3624 1560 occasione

2037 1591 2184 1646 omni
2225 1593 2444 1660 evitata,
2471 1603 2532 1647 ut
2560 1596 2788 1650 Carmen
2821 1603 2967 1651 esset
2995 1603 3308 1651 constanter
3335 1601 3624 1654 πεντασύλ-

2037 1683 2210 1735 λαξον.
2259 1683 2470 1736 Annexi
2513 1692 2640 1738 sunt
2687 1693 2741 1739 et
2791 1685 3090 1741 hexametri
3125 1701 3256 1754 sex,
3288 1687 3341 1741 in
3390 1702 3622 1757 quorum

345 1780 418 1832 nti
452 1793 624 1847 neque
647 1779 892 1832 Historia:
914 1776 1185 1832 litterariae
1209 1774 1426 1830 Gallice
1444 1782 1695 1830 auctores
1716 1771 1766 1837 ἀ,
1798 1788 1932 1842 Qua-
1969 1773 2458 1843 B-antepenultimo
2500 1783 2713 1830 aztatem
2760 1790 2913 1830 suam
2955 1782 3143 1830 auctor
3187 1776 3384 1846 prodit.
3415 1795 3434 1829 ι
3469 1777 3624 1844 Quod

343 1868 663 1938 lemcunque
684 1869 823 1923 hanc
839 1867 1119 1938 epistolam
1142 1865 1466 1935 ipsissimum
1488 1863 1688 1918 referre
1701 1862 1929 1916 Carmen

343 1958 509 2022 illud,
549 1959 690 2028 quod
733 1959 851 2014 aliis
901 1955 1271 2026 hujuscemodi
1319 1953 1559 2008 additum
1601 1951 1820 2008 exhibet
1848 1952 1930 2005 bi-

345 2050 613 2104 bliotheca
645 2048 860 2103 Patrum
892 2047 1260 2116 Lugdunensis
1285 2053 1331 2098 °.
1364 2041 1418 2105 Id
1451 2041 1596 2112 quod
1616 2049 1800 2111 postea
1833 2056 1932 2094 nos

343 2140 444 2208 ipsi
493 2139 831 2194 deteximus:
865 2144 1196 2208 quapropter
1241 2135 1310 2189 ab
1354 2147 1422 2188 eo
1467 2131 1718 2188 Carmine
1767 2144 1931 2185 excu-

348 2233 526 2286 dendo
558 2232 937 2287 abstinuimus.

417 2323 526 2377 VII.
569 2324 819 2396 Syllogen
851 2337 1074 2396 operum
1120 2320 1295 2376 sancti
1347 2318 1662 2374 Columbani
1719 2315 1930 2370 abbatis

341 2422 575 2482 quatuor
603 2414 717 2481 ejus
761 2413 1012 2467 Carmina
1054 2410 1326 2467 claudunt.
1368 2409 1407 2464 l.
1458 2409 1773 2464 Inscribitur
1802 2405 1930 2476 Epi-

340 2503 473 2556 stola
490 2504 557 2556 ad
575 2501 896 2557 llunaldum.
915 2502 1046 2556 Eam
1063 2503 1264 2572 primus
1281 2499 1550 2567 evulgavit
1565 2495 1851 2553 Goldastus
1871 2496 1890 2535 τ
1910 2515 1924 2564 ;

339 2607 502 2661 quam
546 2602 723 2648 tamen
770 2609 1052 2664 perperam
1101 2595 1154 2648 in
1183 2592 1317 2647 duas
1361 2590 1653 2651 dissecuit,
1701 2587 1926 2643 alteram

339 2683 546 2738 scilicet
575 2683 641 2738 ad
676 2684 973 2739 llunaldum
993 2727 1007 2751 ,
1040 2685 1264 2739 alteram
1294 2699 1424 2738 vero
1455 2682 1521 2735 ad
1550 2681 1764 2736 Sethum
1795 2681 1926 2734 mis-

339 2789 452 2827 sam
478 2776 808 2830 existimans.
840 2775 958 2830 Una
986 2775 1130 2830 enim
1161 2789 1220 2829 re
1247 2788 1373 2828 vera
1403 2779 1508 2837 est,
1540 2780 1600 2826 ut
1637 2770 1767 2824 viris
1802 2785 1926 2824 eru-

233 2938 238 2943 _
339 2865 464 2919 d;tis
486 2865 827 2921 observatum
852 2876 898 2932 ε,
922 2867 1220 2935 eademque
1242 2864 1332 2919 uni
1361 2861 1607 2918 IIunaldo
1635 2861 1922 2930 inscripta:

339 2957 489 3027 cujus
512 2959 658 3030 prior
686 2975 810 3030 pars
838 2958 1196 3014 acrostiehide
1223 2955 1696 3020 circumscribitur,
1721 2956 1922 3012 utrius-

417 3079 441 3142 ξι
485 3070 557 3142 Id.
590 3070 843 3142 ibidalib.
875 3087 947 3131 χι.
975 3071 1002 3142 §
1030 3073 1076 3142 1,
1103 3085 1223 3142 pag.
1252 3069 1358 3124 275
1387 3083 1502 3139 seq.

411 3137 439 3176 ³³
485 3141 563 3194 Id.
596 3141 702 3194 lter
724 3141 866 3206 Ital.,
898 3137 1017 3210 pag.
1051 3137 1155 3196 9I5
1178 3137 1298 3210 seq.

414 3221 437 3280 «ξ
482 3210 636 3280 gold.
674 3211 707 3262 ι.
735 3229 811 3279 «κ,
842 3228 894 3280 p.
932 3211 1051 3263 155.

408 3278 434 3314 ά
483 3277 622 3333 Hist.
651 3276 805 3334 littér.
841 3276 902 3332 de
929 3281 982 3334 Ia
1011 3280 1237 3345 France,
1268 3289 1402 3334 tom.
1431 3279 1515 3342 III,
1549 3294 1603 3348 p.
1628 3276 1750 3332 5‘20.

419 3358 443 3419 9
492 3349 631 3419 βίω.
667 3348 769 3419 rp.
806 3349 996 3417 Lugd.,
1036 3361 1166 3404 tom.
1198 3350 1313 3417 xu,
1345 3365 1398 3419 p.
1433 3348 1637 3418 5656a-

413 3416 433 3456 τ
478 3417 636 3473 Gold.
668 3418 706 3471 l.
729 3435 803 3486 c.,
827 3416 948 3488 pag.
980 3419 1068 3488 47.

411 3499 438 3558 tt
487 3488 629 3558 Hist.
661 3485 918 3543 littérfde'
938 3490 992 3543 la
1031 3487 1236 3544 France
1257 3531 1272 3556 ,
1303 3497 1434 3558 tom.
1466 3487 1565 3551 Ill.
1591 3485 1781 3558 p.75l8
1806 3501 1924 3556 seq.

403 3555 437 3633 ’f
479 3556 749 3633 _S_irmond.
783 3558 948 3633 091).,
981 3569 1112 3614 tom.
1148 3559 1208 3633 Il.
1323 3557 1448 3633 908,
1474 3555 1806 3633 editIParis.

2033 1865 2251 1933 quidem
2280 1867 2524 1935 superius
2557 1866 2656 1938 δι,
2685 1866 2839 1922 nobis
2866 1867 3318 1924 animadversum.
3350 1867 3438 1922 IV.
3473 1867 3622 1923 deni-

2034 1971 2140 2026 que
2170 1955 2508 2026 Epigramma
2536 1965 2619 2012 est
2644 1958 2698 2010 in
2728 1955 3002 2023 Mulieres,
3026 1957 3169 2028 qdod
3208 1958 3335 2012 item
3362 1956 3622 2012 Goldasto

2033 2057 2312 2118 acceptum
2342 2046 2642 2103 referimus.
2669 2045 2856 2103 Exstat
2880 2057 3139 2118 praeterea
3161 2048 3402 2118 ejusdem
3445 2049 3620 2104 sancti

2033 2139 2348 2196 Columbani
2408 2139 2693 2210 Rhythmus
2741 2140 2808 2193 de
2855 2141 3080 2194 vanitate
3135 2151 3186 2194 et
3236 2141 3445 2195 miseria
3502 2141 3622 2197 vita:

2031 2232 2284 2286 mortalis.
2318 2231 2544 2301 Incipit:
2576 2230 2800 2285 Mundus
2838 2233 2934 2285 iste
2979 2230 3190 2298 transit,
3219 2242 3324 2286 etc.
3377 2229 3623 2286 Occurrit

2031 2327 2171 2394 apud
2198 2323 2471 2378 Usserium
2494 2334 2540 2387 P,
2561 2331 2616 2379 et
2641 2323 2693 2377 in
2723 2322 3049 2377 bibliotheca
3075 2321 3177 2376 PP.
3206 2321 3547 2392 Lugdunensi
3571 2333 3618 2376 ιι.

2032 2415 2231 2470 Verum
2278 2416 2365 2470 hic
2412 2415 2691 2486 rhythmus
2735 2414 2876 2469 idem
2905 2415 3122 2469 omnino
3168 2422 3251 2470 est
3290 2430 3354 2468 ac
3380 2413 3620 2484 Epistola

2029 2517 2203 2573 sexta,
2233 2523 2295 2562 ac
2336 2517 2621 2578 propterea
2669 2507 2822 2563 nobis
2851 2506 3103 2571 omissus,
3134 2517 3192 2562 ut
3220 2509 3286 2562 ad
3315 2522 3434 2562 eam
3462 2524 3621 2578 supe-

2029 2599 2140 2654 rius
2169 2599 2492 2653 monuimus.
2547 2597 2810 2653 Czetermn
2853 2599 3024 2654 sancti
3069 2598 3387 2653 Columbani
3434 2596 3610 2668 Opera

2028 2703 2147 2758 qua:
2171 2689 2276 2745 huc
2306 2704 2474 2758 usque
2521 2691 2906 2755 reccnsuimus,
2946 2690 2999 2744 in
3049 2689 3327 2745 meliorem
3375 2689 3617 2744 ordinem

2029 2781 2244 2837 redacta
2267 2822 2283 2848 ,
2315 2781 2515 2837 notulis
2549 2782 2711 2837 etiam
2758 2780 2986 2838 subinde
3019 2781 3134 2838 sive
3161 2781 3473 2848 restituere,
3503 2779 3628 2835 sive.

2030 2874 2301 2932 illustrare
2329 2890 2426 2947 pro
2453 2875 2593 2930 virili
2622 2875 2946 2931 studuimus.

2105 3048 2117 3099 i
2163 3049 2344 3104 Canis.
2379 3047 2565 3114 Thes.,
2597 3055 2730 3100 tom.
2761 3045 2802 3112 I,
2836 3061 2890 3116 p.
2922 3043 3044 3098 779.

2105 3119 2127 3156 ιι
2171 3119 2248 3174 ιιι.
2281 3120 2435 3182 una,
2462 3131 2583 3186 pag.
2617 3115 2879 3186 775/seq.

2110 3187 2127 3227 ι
2177 3189 2316 3244 Hist.
2351 3182 2508 3242 littér.
2536 3182 2603 3240 de
2631 3188 2680 3241 ια
2707 3182 2934 3250 France,
2967 3200 3002 3238 ι.
3029 3198 3102 3249 c.,
3135 3197 3254 3254 pag.
3286 3182 3410 3254 519.

2113 3199 2127 3227 ι
2177 3199 2316 3244 Hist.
2351 3199 2508 3242 utter.
2540 3199 2603 3240 de
2631 3199 2680 3241 ta
2707 3199 2934 3265 France,
2967 3200 3002 3238 ι.
3029 3199 3102 3249 c.,
3134 3199 3254 3311 pag.
3286 3199 3410 3238 διν.

2104 3269 2143 3296 ιη
2174 3259 2381 3314 Fabric.
2417 3257 2550 3311 Bibl.
2583 3258 2703 3310 med
2736 3256 2936 3319 Latin.,
2970 3264 3102 3309 tom.
3161 3295 3175 3319 ,
3207 3271 3260 3326 p.
3296 3251 3454 3308 1129.

2105 3340 2131 3367 ι’
2177 3329 2333 3384 Gold.
2367 3329 2403 3382 I.
2434 3344 2508 3389 c.,
2540 3339 2660 3396 pag.
2689 3326 2778 3380 52.

2109 3409 2134 3436 ο
2176 3397 2355 3454 Usser.
2391 3399 2426 3451 Ι.
2453 3414 2526 3462 c.,
2561 3410 2682 3466 pag.
2716 3397 2802 3450 15.

2107 3481 2133 3519 ρ
2185 3468 2366 3524 Usser.
2400 3468 2436 3521 Ι.
2469 3483 2542 3533 c.,
2577 3479 2696 3536 pag.
2731 3470 2784 3530 t5,
2819 3467 2872 3520 7.

2105 3551 2133 3590 ς
2172 3539 2304 3594 Bibl.
2340 3537 2441 3590 PP.
2474 3535 2667 3606 Lugd.,
2701 3545 2834 3592 tom.
2861 3535 2974 3604 XII,
3007 3552 3060 3610 p.
3094 3535 3184 3591 56.

417 3627 432 3665 ί
481 3627 826 3696 Usser.,Vet.
853 3627 1253 3699 Hibern.epist.'
1279 3629 1452 3700 syllog
1480 3667 1496 3694 ,
1527 3644 1583 3699 p.
1617 3627 1806 3682 10-12.

355 3718 3618 3764 -“———————————_——————-————_——-——"

985 3799 1491 3862 OBSERVA'I‘IO
1537 3800 1854 3863 CRITICA
1901 3799 1982 3859 IN
2026 3797 2415 3859 REGULAM
2461 3795 2962 3870 SEQUENTEM.

1538 3969 1758 4030 (Brokie,
1785 3971 1902 4020 Cod.
1938 3971 2260 4033 Regularum,
2287 3977 2321 4019 t.
2348 3969 2409 4033 Ι.)

1874 4053 2060 4068 ι..-

303 4113 320 4136 ⁸
406 4118 550 4173 Inter
578 4116 814 4190 reliquos
839 4117 1151 4190 monasticae
1174 4118 1295 4173 vitm
1324 4129 1715 4190 propagatorcs
1743 4124 1939 4179 saaculo
1967 4132 2120 4179 sexto
2141 4122 2415 4184 florentes,
2440 4116 2853 4190 celeberrimum
2904 4131 3101 4190 ngmen
3141 4116 3375 4190 obtinuit
3401 4116 3460 4172 S.
3494 4117 3613 4172 Co-

336 4191 621 4244 ]umbanus
646 4186 826 4250 abbas,
861 4187 1081 4240 natione
1115 4186 1336 4253 Scotus,
1363 4186 1774 4248 in'monasterio
1806 4193 2167 4250 Bencborensi
2196 4193 2482 4254 educatus;
2510 4187 2606 4242 sed
2634 4197 2808 4242 utrum
2837 4201 2905 4242 ex
2936 4187 3234 4242 Bencboria
3266 4187 3611 4253 Hibernensi,

337 4276 403 4332 an
429 4275 556 4332 vero
599 4273 671 4332 ex
699 4256 997 4332 _bodi_ern:c
1025 4256 1219 4332 Scots:
1251 4261 1514 4332 egenobiis
1565 4260 2050 4332 Bencliorensibus,
2083 4263 2411 4332 disceptatur
2441 4259 3063 4332 aicriter__a_b__utriusque
3092 4257 3266 4325 gentis
3297 4258 3605 4332 _i_nquiﬁnis.

335 4329 496 4403 Varia
526 4325 1374 4403 enim_Bencliorensia__cccnpbia
1399 4330 1717 4403 reperimus,
1750 4348 1984 4402 quorum
2015 4325 2247 4403 primum
2276 4332 2326 4403 in
2357 4329 2612 4383 hodierna
2642 4327 2836 4403 VVallia
2861 4328 3022 4403 situm
3062 4335 3201 4392 erat,
3234 4343 3263 4381 a
3297 4325 3428 4403 Ven.
3463 4327 3608 4382 Beda

334 4399 388 4453 in
416 4414 510 4453 sua
536 4396 1033 4472 gentisAnglgrum
1064 4396 1706 4472 Historia_Ecclesiastica
1735 4396 2087 4470 celebratum,
2113 4419 2141 4456 a
2166 4397 2479 4472 quoiforsan
2503 4407 2571 4472 et_
2600 4399 2807 4472 reliqua
2835 4397 3276 4472 origin_err_t_snam
3305 4398 3608 4472 duxerunt,

334 4467 848 4544 quamvishodierni
879 4466 1027 4522 Scoti
1056 4484 1154 4544 pro
1181 4485 1279 4544 suo
1303 4468 1666 4526 Bencltorensi
1707 4473 2046 4544 cmnobioad
2074 4466 2398 4544 ripa'miDea;
2431 4466 2812 4544 Iluminis‘sito,
2846 4476 2901 4544 et
2929 4483 2958 4520 a
2980 4469 3038 4544 β.
3070 4467 3319 4544 Terna_no
3347 4467 3610 4544 discipulo

335 4539 397 4612 ξ.
408 4536 646 4612 Palladii
674 4545 878 4612 erecto,
910 4545 1008 4606 pro
1036 4535 1353 4612 antiquitate
1376 4551 1584 4612 certent
1608 4559 1620 4592 :
1647 4551 1806 4612 prout
1831 4559 1900 4598 ex
1930 4535 2226 4598 Monasiico
2248 4541 2466 4598 Scotico
2494 4538 2823 4612 instruimur.
2849 4537 3010 4612 Quod
3027 4546 3206 4612 autem
3224 4535 3609 4612 Benchorense

334 4606 684 4660 llibernicum
733 4607 942 4670 attinet,
981 4617 1035 4661 et
1079 4606 1205 4662 illud
1234 4609 1603 4666 existimamus
1648 4606 1832 4667 verum
1863 4613 1920 4667 S.
1953 4613 2267 4668 Columbani
2325 4608 2741 4672 monasterium;
2772 4623 2892 4661 cum
2942 4607 3137 4663 ibidem
3178 4622 3300 4661 eum
3343 4608 3512 4677 princi
3557 4609 3608 4662 ia

335 4679 459 4730 vita:
489 4675 797 4729 monasticae
827 4677 1070 4731 posuisse
1115 4687 1340 4731 testatur
1361 4680 1418 4731 S.
1439 4681 1741 4731 Bernardus
1769 4684 1818 4731 in
1839 4683 1956 4731 Vita
1978 4683 2036 4731 S.
2064 4683 2356 4731 Malm-him-
2389 4679 2479 4731 ani
2503 4689 2678 4731 tamen
2711 4678 3084 4731 sanctissimus
3110 4676 3275 4731 abbas
3305 4677 3445 4731 haud
3470 4625 3608 4731 acre-0

335 4679 459 4751 vita:
489 4675 797 4729 monasticae
827 4677 1340 4751 posuissehtestatur
1361 4680 1418 4733 S.
1439 4681 1741 4738 Bernardus
1768 4684 1818 4738 in
1839 4683 1956 4738 Vita
1978 4683 2036 4739 S.
2063 4683 2358 4751 Malaehize,
2389 4679 2479 4749 qui
2503 4689 2678 4751 tamen
2700 4678 3084 4751 sanctissimus
3110 4676 3275 4731 abbas
3305 4675 3445 4751 haud
3470 4675 3610 4751 adeo

335 4749 459 4820 riteA
490 4755 770 4820 utramque
809 4756 1020 4813 gentem
1065 4745 1361 4813 distinguit,
1407 4753 1502 4805 sed
1548 4755 1750 4820 sapius
1797 4754 1991 4810 Scotos
2019 4769 2142 4808 cum
2194 4745 2445 4807 Hibernis
2479 4747 2778 4820 confundit.
2827 4745 3112 4820 ptcunquq
3162 4762 3291 4800 vero
3333 4748 3612 4820 113091“.

331 4817 389 4871 S.
422 4815 783 4871 Columbanus
809 4830 929 4885 eum
959 4821 1130 4869 turma
1169 4820 1555 4874 monachorum
1591 4815 1874 4878 Scotorum
1905 4832 1959 4877 et
1989 4822 2401 4878 Hibernensium
2449 4820 2670 4875 secessit
2718 4819 2770 4872 in
2816 4815 3041 4880 Gallias,
3065 4817 3206 4871 circa
3248 4832 3444 4870 annum
3477 4817 3610 4885 590,

331 4887 505 4961 atlalis
527 4899 662 4961 vero
682 4900 792 4961 sua:
819 4884 907 4949 50,
938 4886 1024 4961 ubi
1053 4885 1389 4942 Luxoviense
1417 4894 1679 4945 exstruxit
1707 4894 2117 4956 monasterium,
2143 4894 2193 4945 in
2242 4893 2386 4961 quod
2417 4900 2618 4961 arctam
2643 4889 3028 4961 monachorum
3055 4885 3344 4961 Scotorum
3369 4884 3608 4961 discipli-

332 4972 460 5012 nam
489 4953 804 5028 introduxit,
826 4956 1122 5028 acerrimus
1145 4965 1484 5028 paternarum
1519 4963 1860 5017 traditionum
1894 4953 2113 5016 vindex.
2139 4953 2272 5017 Duni
2298 4964 2459 5025 igitur
2480 4960 2775 5014 Luxovium
2807 4958 3068 5028 plurimos
3089 4955 3364 5028 conﬂuere
3393 4953 3606 5012 videret

334 5044 402 5101 ex
423 5026 610 5081 vicinis
630 5026 938 5101 regionibus
960 5027 1269 5101 monachos,
1295 5043 1392 5097 pro
1422 5029 1607 5084 iisdem
1633 5031 1769 5088 hanc
1793 5043 2106 5100 praesentem
2132 5033 2385 5101 Regulam
2415 5032 2748 5100 conscripsit.
2779 5026 3109 5097 rigidamque
3122 5027 3415 5101 Scotorum
3439 5028 3604 5081 disci—

331 5097 530 5171 plinam
560 5095 957 5171 quodammodo
988 5097 1268 5171 mitigavit,
1298 5095 1618 5171 perpetuum
1658 5095 1834 5157 tamen
1873 5103 2138 5171 jejunium
2166 5095 2237 5158 etv
2258 5104 2551 5167 silentium,
2583 5095 3064 5171 omnimotlamque
3084 5096 3447 5171 obedientiam
3489 5114 3608 5151 mo-

334 5166 520 5222 nachis
545 5166 654 5221 suis
706 5166 997 5232 mandavit,
1028 5167 1169 5236 quod
1200 5166 1434 5236 regimen
1485 5174 1794 5226 monasterii
1819 5190 1846 5226 a
1873 5166 2004 5228 'solo
2036 5183 2166 5226 nutu
2193 5175 2402 5227 abbatis
2425 5166 2729 5241 dependere
2753 5166 2998 5222 voluerit.
3032 5167 3235 5290 Regula
3277 5177 3458 5221 autem
3490 5171 3605 5222 haec

334 5238 600 5290 nrimitiva
631 5245 714 5290 est
742 5245 797 5289 et
824 5236 1131 5290 originaria.
1166 5237 1364 5290 nullam
1397 5255 1517 5290 cum
1548 5240 1666 5290 aliis
1707 5243 1904 5290 manlia
1926 5243 2320 5290 nntmeximmm
2354 5244 2588 5290 habens:
2613 5240 2855 5290 quamvis
2886 5237 3086 5290 Regula
3164 5239 3466 5290 enetlictina
3497 5237 3602 5290 iam

331 5238 600 5312 primitiva
631 5245 714 5291 est
742 5245 797 5289 et
824 5236 1131 5312 originaria,
1166 5237 1517 5312 uullam_cum
1548 5240 1666 5312 aliis
1707 5243 1904 5312 regulis
1926 5243 2320 5298 connexionem
2353 5236 2588 5308 habens;
2613 5240 2855 5312 quamvis
2886 5237 3086 5312 Regnla
3116 5236 3466 5312 Benedictina
3489 5237 3602 5312 jam

333 5305 638 5380 perplures
659 5322 847 5380 annos
869 5316 992 5360 ante
1045 5307 1332 5362 adventum
1375 5308 1430 5363 S.
1464 5305 1796 5366 Columbani'
1830 5313 1971 5380 apud
1999 5313 2181 5366 Gallos
2219 5329 2249 5367 a
2289 5315 2346 5367 S.
2389 5305 2583 5366 Mauro
2624 5305 2955 5380 promu'gata
2988 5305 3161 5380 fuerit
3188 5325 3203 5362 :
3228 5307 3600 5380 _nullibienim

333 5375 1365 5454 antiquarumregularum‘mentionenf
1391 5380 1536 5454 lacit,
1568 5382 1661 5454 sed
1688 5375 1948 5436 duntaxat
1977 5398 2097 5452 cap.
2135 5383 2165 5454 7
2196 5383 2444 5454 loquitur
2472 5385 2538 5454 de
2569 5375 2716 5434 mille
2732 5375 3028 5454 monachis
3060 5377 3342 5454 catholicis
3367 5377 3469 5431 sub
3495 5392 3603 5430 uno

260 5502 270 5510 ,
332 5445 771 5519 archimandrita,
799 5447 886 5519 qui
941 5447 1297 5519 uniiormiter,
1353 5451 1565 5516 quoties
1619 5451 1686 5506 de
1730 5460 1889 5507 nocte
1920 5445 2283 5518 conveniunt;
2303 5452 2587 5506 duodecim
2634 5449 3215 5519 psalmosrdecanmnt,
3255 5448 3388 5519 sive,
3416 5456 3604 5502 noctes

334 5517 511 5592 Longa;
549 5519 674 5592 sint,
700 5516 812 5592 sive
856 5516 1060 5592 breves.
1095 5516 1191 5570 Ubi
1226 5527 1412 5586 aperte
1463 5520 1698 5592 loquitur
1742 5523 1810 5576 de
1851 5523 2131 5592 disciplina
2179 5516 2436 5590 psallendi
2479 5523 2531 5577 in
2554 5516 3280 5592 imonasteriis__Columhinis
3314 5518 3528 5592 usitata,
3569 5533 3598 5592 a

333 5583 676 5661 S._Colutnba
733 5584 922 5661 Magno
952 5589 1236 5661 _Sc'»toru_n
1264 5583 1663 5644 monachorum
1696 5583 2003 5660 patriarcha
2049 5607 2146 5661 per
2181 5583 2500 5648 hodiernam
2548 5591 2785 5646 Scotiam
2832 5597 2886 5644 et
2914 5587 3219 5661 Hiberniam
3264 5587 3482 5653 erectis,
3513 5587 3604 5641 cui

333 5653 495 5733 ειίξηη
524 5653 859 5733 e_‘_"€9“{am
884 5658 1149 5733 Clljtlgiatn
1182 5657 1356 5733 Patris
1391 5653 1724 5733 ascribitnus.
1754 5662 1962 5717 Interea
1992 5653 2102 5733 [uec
2132 5664 2188 5717 S.
2213 5663 2530 5719 Columbani
2561 5661 2764 5730 Regula
2808 5674 2997 5733 novem
3028 5658 3293 5725 capitibus
3322 5665 3599 5717 constans.

337 5724 426 5777 cui
457 5733 510 5779 et
554 5726 640 5780 hic
659 5724 922 5780 decimum
938 5724 1148 5798 adjecit
1193 5727 1517 5794 Ilolsteuius,
1569 5747 1674 5786 non
1727 5733 1905 5788 omnia
1945 5732 2011 5788 ad
2052 5734 2434 5805 perfectionem
2465 5733 2586 5788 vita:
2634 5724 2942 5788 monasticm
2979 5724 3242 5801 praeepta
3293 5740 3603 5782 necessaria
