3932 6184
285 338 391 395 !09
1496 338 1775 395 REGULA
1814 336 2269 397 C(ENOBIALIS.
3448 345 3506 398 2i
3520 347 3552 400 0

285 450 619 524 tradit,_‘sed_
646 450 916 524 generalia
950 460 1155 524 tantum
1201 460 1399 507 statuta
1451 453 1743 524 prtescribit
1773 470 1787 517 ;
1821 454 1891 507 ita
1919 462 1978 524 ut
2002 453 2121 524 viva
2170 454 2351 521 potius
2389 467 2539 524 voce,
2565 469 2724 524 quam
2756 456 2955 522 scripta
2988 455 3213 524 Regula,
3260 458 3505 511 monadn
3527 477 3553 517 ε

287 538 412 577 suos
449 521 1007 595 diresisseyideatur.
1050 521 1141 576 llis
1172 531 1351 595 tamen
1390 521 1497 577 non
1524 523 1879 595 obstantibus,
1906 522 2507 595 disciplina‘monastica
2540 538 2569 575 a
2589 521 2653 578 'S.
2682 523 3012 595 Columbano
3050 521 3189 595 apud
3216 523 3397 580 Gallos
3426 542 3549 594 pro-

286 599 477 661 pagata
510 593 677 646 miros
717 591 841 645 fecit
869 607 1206 661 progressus,
1231 594 1393 646 eti-un
1436 602 1558 662 post
1585 593 1701 659 ejus
1730 592 1974 647 Luxovio
1999 592 2388 661 expulsionem,
2422 600 2583 660 atque
2611 595 2661 646 in
2693 593 2896 648 Italiam
2926 591 3214 657 secessum,
3240 596 3329 648 ubi
3358 591 3553 649 iterum

286 663 557 733 Bobiense
584 662 753 715 erexit
804 662 1140 727 coenobium,
1175 671 1230 717 et
1256 663 1453 717 ibidem
1486 662 1721 733 piissime
1748 663 1900 733 obiit,
1934 677 2147 733 sacrum
2176 664 2489 733 exuviarum
2523 665 2716 731 pignus
2744 663 3022 719 monachis
3046 668 3156 719 suis
3185 666 3238 718 in
3273 666 3472 720 amoris
3501 677 3559 719 et

286 732 603 803 reverentia;
636 740 939 803 tesseram
973 734 1299 801 relinquens.
1350 731 1689 803 Non'solmn
1746 732 1889 803 enim
1939 732 1992 785 in
2042 731 2725 803 LuxoviensiLBobiensi,7
2753 734 3180 803 Anegreysiensi,
3228 734 3554 790 Fontanensi

286 802 519 871 aliisque
543 801 612 855 ab
635 800 751 873 ipso
778 802 985 873 erectis
1003 800 1288 873 coenobiis,
1317 802 1412 858 sed
1440 803 1604 857 etiam
1636 802 1687 873 in
1720 801 1839 856 aliis
1866 816 1964 870 per
1986 801 2357 873 sanctissimos
2379 802 2669 873 discipulos
2699 800 2908 873 Gallum
2940 800 2993 856 e't
3024 803 3394 873 Magnoaldum
3424 820 3547 859 con~

286 873 411 926 Jitis
440 871 785 925 monasteriis
813 871 926 924 haec
959 871 1161 938 Regula
1191 874 1490 926 monastica
1530 871 1771 940 pluribus
1793 873 1949 925 annis
1969 873 2080 925 sola
2106 871 2287 924 ﬂoruit
2312 880 2366 924 et
2395 871 2797 925 observabatur.
2823 872 2931 926 Nec
2960 881 3065 925 tam
3094 871 3202 927 cito
3233 875 3345 927 haec
3372 889 3554 927 mona-

287 951 333 995 st
355 941 448 995 -ria
475 940 733 1011 Regulam
762 940 819 995 S.
851 941 1123 996 Benedicti
1153 943 1322 996 solam
1368 941 1619 1011 amplecti
1649 942 1951 1006 voluerunt,
1980 941 2074 995 sed
2104 942 2385 1011 gradatim.
2420 942 2609 995 Vetera
2638 944 2835 1011 quippe
2870 950 3070 996 statuta
3100 942 3387 1011 derepente
3416 945 3556 1011 apud

288 1011 582 1065 monachos
618 1011 672 1064 in
695 1010 1103 1081 desuetudinem
1137 1028 1243 1065 non
1269 1010 1487 1076 abeunt,
1512 1020 1567 1065 et
1599 1012 1677 1066 sic
1697 1011 1837 1081 apud
1869 1013 2110 1064 laudatos
2140 1010 2515 1065 Benedictinos
2542 1010 2844 1081 Scriptores
2876 1011 3237 1081 lllabilloniuin
3264 1020 3312 1081 et
3340 1010 3550 1081 Calme-

287 1090 400 1133 tuin
428 1081 745 1150 reperimus,
776 1082 915 1136 hanc
961 1082 1020 1135 S.
1043 1080 1358 1135 Columbaui
1406 1081 1685 1149 Regulam,
1719 1080 1898 1135 adhuc
1927 1081 2140 1135 labente
2169 1081 2365 1134 szeculo
2396 1082 2645 1149 septimo,
2668 1080 2837 1135 simul
2883 1097 3011 1135 cura
3045 1080 3245 1149 Regula
3290 1080 3345 1133 S.
3383 1080 3554 1133 Bene-

286 1152 414 1221 dicti
440 1148 505 1203 in'
536 1148 772 1219 pnefatis
828 1151 1169 1206 monasteriis
1214 1152 1437 1221 aliisque
1482 1148 1720 1220 pluribus
1752 1150 2092 1221 observatam
2148 1152 2341 1221 fuisse;
2392 1148 2562 1205 donec
2615 1151 2701 1204 illa
2747 1150 3106 1205 Benedictinae
3136 1148 3262 1215 soli,
3308 1159 3557 1218 tauquam

286 1220 618 1287 perfectiori,
646 1222 861 1274 tandem
896 1221 1071 1275 locum
1113 1222 1242 1275 dare
1271 1219 1457 1275 coacta
1488 1219 1615 1281 est,
1645 1219 1791 1286 quod
1836 1220 2058 1273 ineunte
2089 1220 2288 1275 saeculo
2328 1230 2523 1274 octavo
2557 1221 2607 1274 in
2638 1221 2884 1274 omnibus
2916 1222 3256 1275 monasteriis
3288 1220 3429 1273 nulla
3458 1220 3559 1272 alia

285 1305 447 1358 quam
476 1289 677 1357 Regula
707 1289 763 1343 S.
798 1290 1069 1345 Benedicti
1106 1291 1386 1345 observata
1421 1291 1597 1345 luerit.
1628 1288 1764 1345 lluic
1792 1291 1951 1343 etiam
1985 1290 2199 1357 Regula:
2235 1290 2517 1357 subjicitur
2546 1291 2602 1346 S.
2635 1290 2951 1344 Coluuibani
2980 1288 3133 1343 Liber
3160 1290 3558 1352 Pwnitentiulis,

286 1362 642 1428 pmscribens
670 1375 855 1429 pinnas
892 1361 1165 1428 regulares
1194 1376 1291 1430 pro
1314 1361 1553 1430 qualibet
1582 1360 1740 1429 culpa
1784 1360 2051 1414 levissima
2094 1361 2379 1430 commissa
2408 1370 2594 1413 contra
2626 1360 2883 1427 Regulam
2915 1369 2968 1413 et
2996 1361 3307 1413 monasterii
3331 1374 3559 1430 consue-

286 1431 527 1484 tudinem
553 1446 567 1493 ;
598 1428 716 1499 que
757 1439 935 1484 tamen
967 1446 1157 1499 pagum,
1190 1428 1539 1497 satis—graves
1590 1428 1686 1499 pro
1714 1431 1850 1484 adeo
1895 1430 2072 1498 parvis
2109 1429 2336 1496 delictis,
2371 1430 2568 1482 nullam
2610 1432 2997 1483 connexioaetn
3028 1446 3147 1483 cum
3188 1428 3554 1499 ipsaAchula.

285 1508 383 1551 aut
422 1514 544 1553 cum
574 1496 692 1553 aliis
736 1496 1102 1567 scriptis—vita:
1134 1501 1441 1555 monastica:
1495 1496 1697 1554 normis
1749 1496 1949 1554 habere
1981 1500 2265 1562 videntur;
2299 1501 2543 1566 adeoque
2574 1514 2744 1568 paenae
2776 1500 2876 1553 illa!)
2919 1496 3219 1553 monacliis‘
3244 1496 3458 1568 inﬂictae
3487 1514 3555 1552 ex

287 1568 788 1639 rigidaHScotorum
821 1570 1098 1639 disciplina
1146 1580 1347 1625 exorta:
1390 1579 1550 1624 sunt:
1580 1578 1739 1639 prout
1782 1568 2087 1639 exVOrdine
2143 1570 2439 1639 monastico
2470 1567 2607 1635 apud
2643 1567 2975 1639 Culroceiises
3023 1570 3250 1623 monach
3276 1567 3560 1639 isiscotos,

287 1640 405 1692 sive
437 1637 703 1710 Kiledeos,
747 1640 882 1694 intr
921 1637 1283 1710 additamenta
1313 1640 1545 1695 adducto
1582 1637 1813 1710 patebit.
1844 1638 1998 1704 Quod
2031 1650 2208 1693 autent
2238 1639 2327 1693 hic
2362 1638 2741 1710 Pwuilenliulis
2786 1637 2937 1691 Liber
2974 1655 3041 1691 ex
3072 1638 3341 1710 communi
3371 1637 3561 1691 Scoto-

288 1724 410 1761 rum
442 1708 825 1764 Monachorum
851 1710 1129 1778 disciplina
1164 1709 1476 1780 desumptus
1516 1708 1605 1773 sit,
1638 1710 1857 1763 cuilibet
1905 1710 1957 1762 in
2004 1710 2225 1780 historia
2259 1709 2550 1780 monastica
2592 1710 2673 1761 vel
2721 1708 2911 1780 leviter
2937 1719 3154 1780 versato
3198 1709 3413 1780 obvium
3445 1723 3563 1761 esse

288 1787 510 1845 potest;
537 1795 658 1833 cum
688 1780 774 1833 hic
821 1782 1047 1849 ipsemet
1089 1781 1222 1835 liber
1266 1782 1316 1849 in
1349 1778 1572 1833 vetustis
1594 1779 1868 1833 codicibus
1897 1779 2155 1847 appelrari
2210 1778 2382 1849 soleat
2413 1796 2425 1831 :
2460 1778 2659 1848 Regula
2697 1778 2992 1831 cwnobialis
3022 1780 3236 1830 Patrum
3264 1778 3563 1849 Scotorum,

286 1857 344 1899 et
366 1849 656 1919 aliquando
690 1868 702 1901 :
738 1848 936 1919 Regula
967 1848 1213 1903 Fratrum
1246 1848 1677 1913 Ilibernensium;
1704 1850 1980 1917 utriusque
2012 1849 2153 1902 enim
2182 1848 2357 1917 gentis
2389 1849 2667 1904 monachis
2697 1862 2982 1902 commune
3020 1860 3157 1913 erat,
3190 1864 3288 1918 pro
3318 1848 3564 1901 minutis-

286 1918 440 1973 simis
466 1919 637 1988 culpis
667 1919 864 1988 rigidas
894 1935 1081 1990 paruas
1130 1920 1392 1987 inﬂigere.

1005 2122 1680 2237 SANCTI
1757 2122 2831 2237 COLUMBANI

1524 2314 1788 2365 ABBATIS
1823 2313 1900 2364 ET
1935 2314 2358 2365 CONFESSORIS

828 2436 1649 2586 REGULA
1723 2435 3055 2622 COENQBIALIS
3148 2434 3151 2441 λ

1536 2685 1795 2747 (Gallandzi
1818 2684 1939 2734 Bibl.
1960 2683 2091 2732 Patr.
2118 2688 2152 2730 t.
2180 2680 2307 2742 ΧΗ.)

1909 2814 1959 2870 Α
1989 2828 2171 2897 dignus
2202 2825 2353 2895 (Luc.
2388 2843 2492 2891 xiv,
2524 2825 2636 2895 27).
2666 2824 2728 2879 Et
2772 2826 2892 2880 ideo
2932 2824 3061 2880 dicit
3095 2828 3162 2883 de
3206 2828 3366 2897 digno
3406 2828 3567 2884 disti-

1986 2918 2113 2987 pulo
2149 2934 2159 2968 :
2200 2915 2266 2970 Ut
2310 2916 2394 2968 ubi
2441 2934 2534 2986 ego
2580 2933 2701 2979 sim,
2731 2915 2799 2969 ibi
2828 2926 2875 2967 et
2905 2918 3139 2970 minister
3180 2934 3320 2971 meus
3374 2936 3568 2973 mecum

1989 3007 2171 3078 (Joan.
2206 3023 2297 3072 xu,
2331 3005 2444 3075 25).

799 2830 1025 2887 CAPUT
1067 2826 1352 2883 PRIMUM.

873 2922 949 2975 De
977 2921 1289 2976 obedientia.

366 3014 552 3072 Primo
595 3015 835 3071 omnium
883 3012 1143 3068 docemur
1168 3012 1336 3066 Deum
1388 3012 1609 3079 diligere
1650 3026 1716 3065 ex
1772 3019 1887 3065 toto
1989 3012 2171 3078 (Joan.
2206 3023 2297 3072 xu,
2331 3012 2444 3075 ‘25).

370 3110 461 3131 -.Α
496 3117 542 3131 -.
579 3123 640 3131 -..
674 3114 782 3131 ......
815 3112 993 3131 ...ηηιη
1018 3090 1213 3131 luant.
1278 3118 1388 3131 -..η
1458 3102 1551 3131 x-n
1585 3112 1632 3131 ι..
1667 3118 1729 3131 ι...
1760 3103 1885 3131 mn,
2567 3074 2722 3131 CAP
2745 3076 2845 3130 UT
2909 3078 2978 3131 ΙΙ.

286 3110 465 3165 corde
493 3117 549 3163 et
575 3123 641 3161 es
674 3114 785 3159 tota
815 3112 995 3159 mente
1018 3090 1236 3171 (Matth.
1278 3118 1411 3168 xxu,
1458 3102 1551 3173 37)
1583 3112 1639 3157 et
1666 3118 1731 3156 ex
1760 3103 1887 3157 totis

289 3200 523 3261 viribus,
550 3208 604 3253 et
632 3196 938 3267 proximum
968 3203 1223 3264 tanquam
1265 3192 1642 3263 nosmetipsos.
1681 3192 1885 3247 Deinde

288 3288 363 3343 ad
400 3287 632 3357 primum
682 3284 902 3339 verbum
946 3282 1175 3339 senioris
1202 3297 1390 3337 omnes
1418 3281 1485 3335 ad
1528 3281 1885 3336 obediendum

288 3377 578 3433 audientes
602 3390 825 3445 surgere
846 3384 1099 3444 oportet:
1124 3373 1247 3443 quia
1276 3371 1579 3427 obedientia
1608 3372 1717 3427 Deo
1738 3373 1889 3427 exhi-

290 3470 481 3535 betur,
513 3468 727 3523 dicente
755 3466 983 3521 Domino
1016 3474 1202 3520 nostro
1233 3461 1359 3519 Jesu
1386 3464 1602 3520 Christo
1634 3480 1647 3516 :
1680 3463 1779 3529 Qui
1802 3480 1888 3518 vos

290 3560 469 3627 audit,
506 3575 587 3613 me
611 3557 759 3612 audit
790 3555 942 3628 (Luc.
976 3573 1027 3622 ι,
1058 3554 1172 3625 28).

370 3648 428 3705 Si
459 3650 581 3719 quis
605 3649 768 3718 igitur
785 3648 1006 3703 verbum
1037 3645 1262 3701 audiens
1290 3660 1397 3701 non
1429 3644 1612 3700 statim
1640 3660 1888 3701 surrexe-

291 3742 371 3797 rit
398 3741 716 3796 inobediens
731 3738 1048 3808 judicandus
1070 3744 1170 3793 est.
1204 3735 1304 3803 Qui
1335 3744 1514 3791 autem
1547 3737 1887 3793 contradixe-

294 3832 396 3898 rit,
426 3830 779 3887 contumacia:
805 3830 1011 3886 crimen
1042 3830 1268 3885 incurrit
1300 3847 1312 3883 :
1338 3839 1395 3885 et
1420 3830 1540 3885 i.leo
1572 3846 1678 3885 non
1712 3830 1887 3885 solum

293 3922 681 3977 inobedientia:
725 3936 851 3976 reus
896 3928 1017 3987 est,
1081 3920 1175 3975 sed
1224 3920 1389 3975 etiam
1446 3921 1891 3976 contradictionis

295 4014 506 4068 aditum
537 4014 657 4069 aliis
678 4012 948 4083 aperiens,
970 4011 1260 4068 multorum
1290 4011 1597 4067 destructor
1620 4013 1889 4068 :estiman-

296 4106 405 4159 dus
433 4114 537 4160 est.
914 4122 925 4129 ·

2613 3168 2687 3221 De
2716 3168 2939 3221 silentio.

2059 3262 2258 3318 Silendi
2310 3261 2491 3331 regula
2534 3260 2815 3329 diligenter
2843 3254 3192 3315 Custodienda
3222 3260 3568 3327 decernitur;

1989 3356 2112 3422 quia
2143 3353 2399 3421 scriptum
2425 3360 2505 3405 est
2532 3369 2543 3403 :
2575 3350 2749 3405 Cultus
2771 3361 2939 3404 autem
2959 3352 3183 3421 justitia:
3214 3352 3491 3416 silentium,
3521 3365 3572 3406 et

1990 3461 2093 3509 pax
2118 3443 2250 3515 (Isa.
2277 3460 2439 3507 xxxn,
2458 3441 2570 3511 27).
2599 3444 2662 3497 Et
2678 3444 2804 3498 ideo
2829 3462 2841 3497 :
2867 3459 2934 3498 ne
2957 3453 3135 3498 reatus
3156 3445 3222 3499 de
3247 3446 3571 3500 verbositate

1990 3539 2358 3607 conquiratur,
2389 3537 2625 3606 exceptis
2648 3537 2965 3591 utilitatibus
2993 3547 3049 3591 et
3068 3538 3403 3601 necessariis,
3437 3555 3572 3607 opus

1991 3636 2073 3682 cst
2094 3635 2151 3681 ut
2176 3636 2452 3693 taceatur;
2483 3627 2632 3696 quia,
2669 3627 2821 3695 juxta
2852 3627 3201 3697 scripturam,
3234 3626 3298 3681 In
3344 3629 3573 3682 multilo-

1990 3730 2108 3798 quio
2152 3744 2256 3781 non
2297 3728 2457 3781 deerit
2500 3735 2762 3793 peccatum
2796 3725 2975 3795 (Prov.
3021 3740 3074 3789 Σ,
3101 3724 3215 3793 19).
3264 3723 3331 3778 Et
3374 3725 3573 3779 idcirco

1991 3818 2238 3872 Salvator
2266 3817 2339 3870 ait
2365 3834 2377 3869 :
2407 3814 2486 3868 Ea:
2512 3816 2674 3869 verbis
2705 3816 2804 3868 tuis
2832 3814 3219 3885 justificabeiis,
3244 3824 3292 3868 et
3320 3832 3383 3869 ea:
3412 3815 3575 3868 verbis

1992 3908 2092 3962 tuis
2116 3905 2538 3962 condemnaberis
2563 3904 2775 3975 (Matth.
2808 3904 2906 3970 xu,
2935 3904 3046 3975 57).
3072 3902 3223 3959 Juste
3250 3906 3574 3961 damnabun-
3644 3954 3657 3959 -

1993 4006 2082 4051 tur
2108 3998 2197 4065 qui
2235 3996 2380 4065 justa
2411 3997 2594 4050 dicere
2622 3995 2912 4049 noluerunt
2958 4010 3077 4050 curn
3109 4002 3437 4064 potuerunt;
3479 3994 3575 4049 sed

1994 4089 2155 4155 mala,
2213 4088 2445 4157 iujusta,
2488 4088 2673 4157 impia,
2736 4086 2935 4152 inania,
3007 4086 3285 4155 injuriosa,
3345 4088 3571 4151 incerta,

375 4195 435 4251 εί
458 4198 574 4266 quis
595 4211 727 4253 νει-ο
753 4197 1186 4262 murmurant",
1205 4206 1261 4251 ει
1280 4199 1395 4266 ipse
1417 4204 1671 4265 umquam
1696 4210 1801 4249 non
1824 4210 1891 4249 ex
1922 4174 1968 4234 B
1998 4178 2151 4243 falsa,
2209 4178 2571 4241 contentiosa,
2602 4178 3011 4243 contumeliosa,
3056 4178 3250 4247 turpia,
3309 4178 3573 4245 fabulosa,

298 4295 435 4341 voto
464 4286 741 4352 obediens,
773 4286 1089 4343 inobediens
1117 4286 1384 4355 putandus
1405 4293 1513 4351 est;
1540 4285 1741 4340 idcirco
1758 4300 1893 4355 opus

297 4376 424 4442 ejus
440 4375 741 4445 abjiciatur,
755 4376 930 4432 donec
946 4377 1086 4431 illius
1100 4377 1239 4431 bona
1252 4376 1499 4431 voluntas
1514 4384 1889 4444 c0gnoscatur.

300 4467 616 4522 Obedientia
644 4476 823 4523 autem
856 4482 1026 4537 usque
1053 4467 1119 4521 ad
1148 4482 1308 4535 quem
1340 4466 1560 4521 modum
1599 4465 1891 4521 deﬁnitur?

303 4555 491 4628 Usque
527 4559 593 4614 ad
621 4568 850 4614 mortem
879 4568 1027 4614 certe
1065 4567 1330 4629 prtecepta
1357 4568 1470 4623 est;
1499 4558 1624 4627 quia
1646 4556 1894 4612 Christus

300 4663 476 4717 usque
501 4648 565 4702 ad
596 4658 825 4703 mortem
849 4649 1086 4704 obedivit
1112 4648 1257 4703 Patri
1280 4664 1377 4718 pro
1400 4647 1573 4713 nobis,
1598 4662 1757 4716 quam
1776 4648 1892 4716 ipse

301 4738 461 4791 nobis
491 4752 589 4807 per
617 4738 937 4807 Apostolum
980 4738 1234 4803 insinuat,
1283 4738 1505 4791 dicens:
1544 4735 1660 4791 Hoc
1709 4739 1890 4790 sentite

296 4831 353 4883 in
400 4830 563 4896 vobis,
596 4830 731 4899 quod
774 4838 823 4882 et
868 4830 923 4882 in
954 4827 1157 4884 Christo
1180 4828 1303 4883 Iesu
1334 4845 1352 4881 :
1379 4829 1465 4899 qui
1494 4845 1607 4881 cum
1636 4830 1689 4880 in
1721 4830 1889 4897 [arma

297 4918 401 4973 Dei
434 4928 584 4981 esset,
611 4936 713 4972 non
744 4920 987 4987 rapinam
1016 4919 1293 4973 arbitratus
1326 4928 1400 4972 est
1424 4936 1534 4973 esse
1560 4936 1615 4973 se
1644 4920 1890 4990 aqualem

296 5007 457 5073 Deo;
496 5008 589 5062 sed
622 5009 949 5079 semetipsum
977 5009 1282 5074 exinanivit,
1317 5012 1537 5079 formam
1583 5012 1715 5063 servi
1754 5012 1893 5063 acci-

294 5102 470 5168 piens,
509 5110 559 5152 et
602 5100 771 5165 specie
797 5102 1032 5153 inventus
1072 5110 1126 5152 ut
1175 5100 1345 5152 homo.
1374 5098 1678 5153 liumiliavit
1707 5111 1891 5153 semet-

293 5193 489 5260 ipsum,
519 5191 687 5261 factus
730 5189 1149 5259 obedieus_Patri
1188 5206 1348 5259 usque
1376 5190 1445 5243 ad
1476 5198 1710 5256 mortem,
1754 5208 1891 5245 mor-

295 5296 403 5334 tem
430 5290 600 5334 autem
631 5282 796 5334 crucis
836 5280 1057 5350 (Philip.
1091 5296 1145 5345 ιι,
1173 5278 1311 5349 5-8).
1347 5279 1487 5334 Nihil
1520 5282 1700 5350 itaque
1728 5296 1885 5337 recu-

291 5372 527 5427 sandum
581 5380 665 5425 est
711 5370 1109 5436 obedientibus,
1168 5370 1310 5427 veris
1339 5370 1538 5425 Christi
1592 5371 1885 5441 discipulis,

291 5463 549 5531 quamvis
585 5461 779 5515 durum
821 5470 876 5516 et
903 5461 1129 5515 arduum
1161 5461 1260 5527 sit,
1291 5461 1385 5515 sed
1417 5477 1537 5516 cum
1580 5462 1792 5518 fervore
1836 5474 1891 5519 et

1997 4268 2333 4339 blasphema,
2362 4284 2547 4338 aspera
2576 4284 2639 4322 ac
2662 4267 2898 4322 ﬂexuosa
2926 4267 3071 4334 loqui
3102 4266 3312 4335 garrula
3338 4268 3576 4322 verbosi-

1997 4370 2107 4415 tate
2137 4361 2459 4415 maluerunt.
2512 4358 2817 4413 Tacendum
2850 4358 3009 4426 igitur
3044 4366 3126 4412 est
3172 4358 3239 4412 de
3268 4358 3347 4412 eis
3374 4367 3428 4412 et
3459 4359 3575 4412 tali-

1996 4454 2115 4518 bus,
2148 4460 2351 4506 etcum
2391 4450 2598 4505 cautela
2627 4458 2682 4503 et
2715 4448 2924 4501 ra.ione
2974 4448 3300 4516 loquendum
3340 4458 3423 4503 est
3462 4462 3593 4525 mox

1996 4544 2203 4611 nachis,
2248 4556 2315 4596 ne
2353 4549 2445 4595 aut
2473 4540 2855 4606 detractiones,
2902 4551 2995 4592 aut
3046 4539 3262 4594 tumida:
3302 4540 3578 4595 contradi-

1994 4636 2218 4700 ctiones,
2255 4635 2306 4689 in
2346 4634 2723 4701 loquacitatem
2757 4632 3002 4685 vitiosam
3044 4642 3409 4702 prorumpant.

2614 4724 2838 4781 CAPUT
2869 4725 2950 4778 Ill.

2542 4816 2618 4871 De
2647 4817 2757 4871 cibo
2787 4824 2833 4869 et
2862 4826 3001 4886 potu.

2065 4913 2228 4966 Cibus
2271 4912 2342 4965 sit
2383 4911 2502 4965 vilis
2529 4918 2584 4964 et
2612 4909 2951 4979 vespertinus
2978 4909 3384 4971 monachorum,
3415 4907 3577 4960 satie-

1996 5013 2157 5058 tatem
2191 5002 2417 5070 fugiens,
2449 5010 2503 5056 et
2534 5010 2693 5070 potus
2720 4999 3034 5054 ebrietatem
3070 5017 3081 5049 :
3116 5008 3171 5050 ut
3200 5006 3255 5051 et
3291 4997 3572 5057 sustineat,

1995 5104 2049 5150 et
2078 5110 2183 5149 non
2216 5102 2426 5148 noceat.
2474 5090 2654 5157 Olera,
2685 5092 2975 5158 legumina,
3009 5089 3177 5142 farina
3210 5088 3361 5156 aquis
3387 5087 3572 5150 mixta,

1994 5201 2113 5239 Cum
2162 5198 2327 5254 parvo
2358 5183 2509 5251 panis
2547 5181 2857 5251 paximatio.
2900 5194 2966 5233 ne
2996 5186 3183 5232 venter
3217 5183 3488 5238 oneretur,
3522 5185 3578 5228 ct

1995 5291 2146 5329 mens
2175 5274 2486 5328 sullocetur.
2515 5270 2725 5325 Etenim
2756 5269 2968 5322 utilitati
2997 5276 3050 5321 tt
3080 5268 3193 5321 usui
3219 5275 3420 5329 tantum
3444 5279 3574 5317 cou-

1993 5367 2273 5421 sulenduu
2327 5376 2429 5429 est,
2476 5371 2675 5418 a‘terna
2742 5360 3168 5415 desiderantibus
3220 5354 3463 5426 prmruiu;
3521 5364 3575 5408 et

1994 5456 2115 5511 ideo
2159 5455 2539 5525 temperandus
2578 5460 2662 5506 est
2706 5452 2779 5503 ita
2823 5464 2966 5514 usus,
3012 5448 3148 5502 sicut
3198 5444 3573 5512 temperandus

292 5554 486 5610 laetitia
511 5552 883 5625 accipiendum
923 5563 1026 5607 est.
1059 5550 1192 5617 Quia
1222 5553 1266 5605 si
1292 5552 1411 5606 talis
1441 5569 1546 5607 non
1578 5552 1737 5606 fuerit
1761 5554 1891 5608 obe-
1917 5548 1961 5608 C
1995 5557 2079 5603 est
2108 5548 2258 5602 labor
2288 5565 2300 5597 :
2334 5546 2457 5615 quia
2486 5546 2599 5599 luce
2627 5554 2707 5599 est
2736 5559 2861 5596 vera
2894 5542 3166 5603 discretio,
3215 5549 3272 5593 ut
3303 5537 3567 5607 possibili-

290 5644 525 5706 dientia,
570 5658 678 5697 non
731 5642 833 5697 erit
878 5642 1220 5711 acceptubllis
1246 5639 1375 5706 Deo,
1414 5641 1505 5709 qui
1550 5642 1626 5693 ait
1660 5658 1670 5692 :
1708 5639 1775 5692 Et
1804 5642 1888 5710 qui

294 5754 405 5789 non
447 5737 635 5806 accipit
663 5751 793 5789 eruc-
809 5752 860 5788 ut
889 5751 1057 5803 suam,
1089 5744 1135 5787 et
1183 5736 1408 5803 sequitur
1438 5750 1533 5799 me,
1568 5749 1668 5787 non
1701 5743 1773 5788 est
1810 5750 1888 5787 me

2000 5648 2080 5693 tas
2116 5637 2367 5708 spiritalis
2397 5636 2668 5705 prolectus
2703 5648 2823 5687 cum
2861 5630 3178 5685 abstinentia
3211 5644 3426 5683 carnem
3463 5646 3573 5682 nia-

1998 5740 2214 5787 cerante
2257 5737 2568 5785 rcteutctur.
2614 5725 2669 5780 Si
2699 5724 2842 5781 enim
2887 5722 3101 5779 modum
3133 5722 3454 5781 ab:tincutia
3482 5737 3572 5777 cx-
