  <div class='ocr_page' id='page_1' title='image "/cluster/home/n/w/nwhite01/storage/ocr_20150623/80/hvd.32044054758842/111.png"; bbox 0 0 3978 6182; ppageno 0'>
   <div class='ocr_carea' id='block_1_1' title="bbox 300 437 399 492">
    <p class='ocr_par' dir='ltr' id='par_1_1' title="bbox 300 437 399 492">
     <span class='ocr_line' id='line_1_1' title="bbox 300 437 399 492; baseline -0.01 0"><span class='ocrx_word' id='word_1_1' title='bbox 300 437 399 492; x_wconf 76' lang='lat' dir='ltr'><strong>2H</strong></span> 
     </span>
    </p>
   </div>
   <div class='ocr_carea' id='block_1_2' title="bbox 304 529 1058 612">
    <p class='ocr_par' dir='ltr' id='par_1_2' title="bbox 304 529 1058 612">
     <span class='ocr_line' id='line_1_2' title="bbox 304 529 1058 612; baseline -0.036 -2"><span class='ocrx_word' id='word_1_2' title='bbox 304 547 544 612; x_wconf 85' lang='lat' dir='ltr'><strong>cesserit,</strong></span> <span class='ocrx_word' id='word_1_3' title='bbox 567 541 773 602; x_wconf 84' lang='lat' dir='ltr'><strong>vitium,</strong></span> <span class='ocrx_word' id='word_1_4' title='bbox 804 549 910 589; x_wconf 88' lang='lat' dir='ltr'><strong>non</strong></span> <span class='ocrx_word' id='word_1_5' title='bbox 951 529 1058 586; x_wconf 88' lang='lat' dir='ltr'><strong>virt</strong></span> 
     </span>
    </p>
   </div>
   <div class='ocr_carea' id='block_1_3' title="bbox 305 691 1881 794">
    <p class='ocr_par' dir='ltr' id='par_1_3' title="bbox 305 691 1881 794">
     <span class='ocr_line' id='line_1_3' title="bbox 305 691 1881 794; baseline -0.028 -8"><span class='ocrx_word' id='word_1_6' title='bbox 305 739 408 794; x_wconf 86' lang='lat' dir='ltr'><strong>est,</strong></span> <span class='ocrx_word' id='word_1_7' title='bbox 431 727 568 782; x_wconf 90' lang='lat' dir='ltr'><strong>sicut</strong></span> <span class='ocrx_word' id='word_1_8' title='bbox 586 717 826 792; x_wconf 74' lang='lat' dir='ltr'><strong>quotidie</strong></span> <span class='ocrx_word' id='word_1_9' title='bbox 843 711 1104 770; x_wconf 88' lang='lat' dir='ltr'><strong>orandum</strong></span> <span class='ocrx_word' id='word_1_10' title='bbox 1125 715 1226 772; x_wconf 89' lang='lat' dir='ltr'><strong>est,</strong></span> <span class='ocrx_word' id='word_1_11' title='bbox 1249 700 1490 773; x_wconf 91' lang='lat' dir='ltr'><strong>quotidie</strong></span> <span class='ocrx_word' id='word_1_12' title='bbox 1511 691 1881 754; x_wconf 87' lang='lat' dir='ltr'><strong>laborandum,</strong></span> 
     </span>
    </p>
   </div>
   <div class='ocr_carea' id='block_1_4' title="bbox 305 802 1089 890">
    <p class='ocr_par' dir='ltr' id='par_1_4' title="bbox 305 802 1089 890">
     <span class='ocr_line' id='line_1_4' title="bbox 305 802 1089 890; baseline -0.032 -14"><span class='ocrx_word' id='word_1_13' title='bbox 305 815 652 890; x_wconf 83' lang='lat' dir='ltr'><strong>quotidieque</strong></span> <span class='ocrx_word' id='word_1_14' title='bbox 675 817 761 865; x_wconf 86' lang='lat' dir='ltr'><strong>est</strong></span> <span class='ocrx_word' id='word_1_15' title='bbox 786 802 1089 875; x_wconf 81' lang='lat' dir='ltr'><strong>legendum.</strong></span> 
     </span>
    </p>
   </div>
   <div class='ocr_carea' id='block_1_5' title="bbox 904 887 1259 950">
    <p class='ocr_par' dir='ltr' id='par_1_5' title="bbox 904 887 1259 950">
     <span class='ocr_line' id='line_1_5' title="bbox 904 887 1259 950; baseline -0.031 1"><span class='ocrx_word' id='word_1_16' title='bbox 904 889 1132 950; x_wconf 79' lang='lat' dir='ltr'><strong>CAPUT</strong></span> <span class='ocrx_word' id='word_1_17' title='bbox 1173 887 1259 942; x_wconf 78' lang='lat' dir='ltr'><strong>IV.</strong></span> 
     </span>
    </p>
   </div>
   <div class='ocr_carea' id='block_1_6' title="bbox 524 967 1710 1065">
    <p class='ocr_par' dir='ltr' id='par_1_6' title="bbox 524 967 1710 1065">
     <span class='ocr_line' id='line_1_6' title="bbox 524 967 1710 1065; baseline -0.03 -13"><span class='ocrx_word' id='word_1_18' title='bbox 524 995 604 1051; x_wconf 85' lang='lat' dir='ltr'><strong>De</strong></span> <span class='ocrx_word' id='word_1_19' title='bbox 627 996 948 1065; x_wconf 70' lang='lat' dir='ltr'><strong>paupertate,</strong></span> <span class='ocrx_word' id='word_1_20' title='bbox 971 999 1032 1038; x_wconf 86' lang='lat' dir='ltr'><strong>ac</strong></span> <span class='ocrx_word' id='word_1_21' title='bbox 1052 983 1115 1036; x_wconf 86' lang='lat' dir='ltr'><strong>de</strong></span> <span class='ocrx_word' id='word_1_22' title='bbox 1135 975 1413 1048; x_wconf 77' lang='lat' dir='ltr'><strong>cupiditate</strong></span> <span class='ocrx_word' id='word_1_23' title='bbox 1438 967 1710 1025; x_wconf 85' lang='lat' dir='ltr'><strong>calcanda.</strong></span> 
     </span>
    </p>
   </div>
   <div class='ocr_carea' id='block_1_7' title="bbox 378 1051 1892 1151">
    <p class='ocr_par' dir='ltr' id='par_1_7' title="bbox 378 1051 1892 1151">
     <span class='ocr_line' id='line_1_7' title="bbox 378 1051 1892 1151; baseline -0.027 -7"><span class='ocrx_word' id='word_1_24' title='bbox 378 1084 678 1151; x_wconf 77' lang='lat' dir='ltr'><strong>Monachis,</strong></span> <span class='ocrx_word' id='word_1_25' title='bbox 705 1079 896 1150; x_wconf 88' lang='lat' dir='ltr'><strong>quibus</strong></span> <span class='ocrx_word' id='word_1_26' title='bbox 934 1089 1034 1144; x_wconf 88' lang='lat' dir='ltr'><strong>pro</strong></span> <span class='ocrx_word' id='word_1_27' title='bbox 1061 1069 1275 1126; x_wconf 80' lang='lat' dir='ltr'><strong>Christo</strong></span> <span class='ocrx_word' id='word_1_28' title='bbox 1325 1059 1554 1118; x_wconf 87' lang='lat' dir='ltr'><strong>mundus</strong></span> <span class='ocrx_word' id='word_1_29' title='bbox 1607 1051 1892 1112; x_wconf 81' lang='lat' dir='ltr'><strong>cruciﬁxus</strong></span> 
     </span>
    </p>
   </div>
   <div class='ocr_carea' id='block_1_8' title="bbox 311 1142 1893 1246">
    <p class='ocr_par' dir='ltr' id='par_1_8' title="bbox 311 1142 1893 1246">
     <span class='ocr_line' id='line_1_8' title="bbox 311 1142 1893 1246; baseline -0.025 -11"><span class='ocrx_word' id='word_1_30' title='bbox 311 1186 414 1245; x_wconf 89' lang='lat' dir='ltr'><strong>est,</strong></span> <span class='ocrx_word' id='word_1_31' title='bbox 445 1188 501 1234; x_wconf 89' lang='lat' dir='ltr'><strong>et</strong></span> <span class='ocrx_word' id='word_1_32' title='bbox 540 1174 641 1246; x_wconf 86' lang='lat' dir='ltr'><strong>ipsi</strong></span> <span class='ocrx_word' id='word_1_33' title='bbox 664 1142 887 1227; x_wconf 75' lang='grc' dir='ltr'><strong>ἠῖωιειο</strong></span> <span class='ocrx_word' id='word_1_34' title='bbox 919 1142 1062 1238; x_wconf 72' lang='lat' dir='ltr'><strong>(Gut.</strong></span> <span class='ocrx_word' id='word_1_35' title='bbox 1092 1160 1146 1226; x_wconf 85' lang='lat'><strong>6,</strong></span> <span class='ocrx_word' id='word_1_36' title='bbox 1192 1158 1305 1227; x_wconf 72' lang='lat' dir='ltr'><strong>tt),</strong></span> <span class='ocrx_word' id='word_1_37' title='bbox 1337 1152 1606 1222; x_wconf 86' lang='lat' dir='ltr'><strong>cupiditas</strong></span> <span class='ocrx_word' id='word_1_38' title='bbox 1640 1142 1893 1204; x_wconf 87' lang='lat' dir='ltr'><strong>calcanda</strong></span> 
     </span>
    </p>
   </div>
   <div class='ocr_carea' id='block_1_9' title="bbox 312 1237 1898 1327">
    <p class='ocr_par' dir='ltr' id='par_1_9' title="bbox 312 1237 1898 1327">
     <span class='ocr_line' id='line_1_9' title="bbox 312 1237 1898 1327; baseline -0.023 0"><span class='ocrx_word' id='word_1_39' title='bbox 312 1278 436 1327; x_wconf 84' lang='lat' dir='ltr'><strong>est:</strong></span> <span class='ocrx_word' id='word_1_40' title='bbox 469 1267 718 1323; x_wconf 89' lang='lat' dir='ltr'><strong>nimirum</strong></span> <span class='ocrx_word' id='word_1_41' title='bbox 759 1262 884 1316; x_wconf 89' lang='lat' dir='ltr'><strong>dum</strong></span> <span class='ocrx_word' id='word_1_42' title='bbox 910 1272 1018 1312; x_wconf 93' lang='lat' dir='ltr'><strong>non</strong></span> <span class='ocrx_word' id='word_1_43' title='bbox 1059 1253 1235 1320; x_wconf 85' lang='lat' dir='ltr'><strong>solum</strong></span> <span class='ocrx_word' id='word_1_44' title='bbox 1280 1242 1550 1316; x_wconf 85' lang='lat' dir='ltr'><strong>superﬂua</strong></span> <span class='ocrx_word' id='word_1_45' title='bbox 1577 1257 1672 1296; x_wconf 88' lang='lat' dir='ltr'><strong>eos</strong></span> <span class='ocrx_word' id='word_1_46' title='bbox 1698 1237 1898 1292; x_wconf 83' lang='lat' dir='ltr'><strong>habere</strong></span> 
     </span>
    </p>
   </div>
   <div class='ocr_carea' id='block_1_10' title="bbox 314 1341 1896 1417">
    <p class='ocr_par' dir='ltr' id='par_1_10' title="bbox 314 1341 1896 1417">
     <span class='ocr_line' id='line_1_10' title="bbox 314 1341 1896 1417; baseline -0.023 -1"><span class='ocrx_word' id='word_1_47' title='bbox 314 1357 618 1415; x_wconf 84' lang='lat' dir='ltr'><strong>damnabile</strong></span> <span class='ocrx_word' id='word_1_48' title='bbox 652 1361 754 1417; x_wconf 88' lang='lat' dir='ltr'><strong>est,</strong></span> <span class='ocrx_word' id='word_1_49' title='bbox 795 1349 890 1404; x_wconf 91' lang='lat' dir='ltr'><strong>sed</strong></span> <span class='ocrx_word' id='word_1_50' title='bbox 931 1347 1093 1401; x_wconf 90' lang='lat' dir='ltr'><strong>etiam</strong></span> <span class='ocrx_word' id='word_1_51' title='bbox 1125 1341 1262 1396; x_wconf 86' lang='lat' dir='ltr'><strong>velle</strong></span> <span class='ocrx_word' id='word_1_52' title='bbox 1296 1349 1566 1406; x_wconf 90' lang='lat' dir='ltr'><strong>:quorum</strong></span> <span class='ocrx_word' id='word_1_53' title='bbox 1621 1346 1729 1386; x_wconf 92' lang='lat' dir='ltr'><strong>non</strong></span> <span class='ocrx_word' id='word_1_54' title='bbox 1771 1343 1896 1383; x_wconf 72' lang='lat' dir='ltr'><strong>cen-</strong></span> 
     </span>
    </p>
   </div>
   <div class='ocr_carea' id='block_1_11' title="bbox 315 1420 1898 1517">
    <p class='ocr_par' dir='ltr' id='par_1_11' title="bbox 315 1420 1898 1517">
     <span class='ocr_line' id='line_1_11' title="bbox 315 1420 1898 1517; baseline -0.023 -9"><span class='ocrx_word' id='word_1_55' title='bbox 315 1467 427 1517; x_wconf 87' lang='lat' dir='ltr'><strong>stts,</strong></span> <span class='ocrx_word' id='word_1_56' title='bbox 456 1448 550 1505; x_wconf 90' lang='lat' dir='ltr'><strong>sed</strong></span> <span class='ocrx_word' id='word_1_57' title='bbox 579 1445 827 1502; x_wconf 75' lang='lat' dir='ltr'><strong>voluntas</strong></span> <span class='ocrx_word' id='word_1_58' title='bbox 855 1439 1112 1510; x_wconf 72' lang='lat' dir='ltr'><strong>qua-ritur</strong></span> <span class='ocrx_word' id='word_1_59' title='bbox 1143 1452 1155 1486; x_wconf 92' lang='lat'><strong>:</strong></span> <span class='ocrx_word' id='word_1_60' title='bbox 1181 1432 1272 1502; x_wconf 87' lang='lat' dir='ltr'><strong>qui</strong></span> <span class='ocrx_word' id='word_1_61' title='bbox 1304 1429 1667 1497; x_wconf 82' lang='lat' dir='ltr'><strong>relinquentes</strong></span> <span class='ocrx_word' id='word_1_62' title='bbox 1695 1420 1898 1485; x_wconf 83' lang='lat' dir='ltr'><strong>omnia,</strong></span> 
     </span>
    </p>
   </div>
   <div class='ocr_carea' id='block_1_12' title="bbox 317 1511 1899 1598">
    <p class='ocr_par' dir='ltr' id='par_1_12' title="bbox 317 1511 1899 1598">
     <span class='ocr_line' id='line_1_12' title="bbox 317 1511 1899 1598; baseline -0.021 0"><span class='ocrx_word' id='word_1_63' title='bbox 317 1551 373 1598; x_wconf 86' lang='lat' dir='ltr'><strong>et</strong></span> <span class='ocrx_word' id='word_1_64' title='bbox 423 1540 695 1595; x_wconf 79' lang='lat' dir='ltr'><strong>Christum</strong></span> <span class='ocrx_word' id='word_1_65' title='bbox 749 1533 1032 1588; x_wconf 90' lang='lat' dir='ltr'><strong>Dominum</strong></span> <span class='ocrx_word' id='word_1_66' title='bbox 1088 1541 1211 1581; x_wconf 89' lang='lat' dir='ltr'><strong>eum</strong></span> <span class='ocrx_word' id='word_1_67' title='bbox 1257 1520 1468 1576; x_wconf 88' lang='lat' dir='ltr'><strong>timoris</strong></span> <span class='ocrx_word' id='word_1_68' title='bbox 1510 1530 1674 1572; x_wconf 86' lang='lat' dir='ltr'><strong>cruce</strong></span> <span class='ocrx_word' id='word_1_69' title='bbox 1718 1511 1899 1582; x_wconf 85' lang='lat' dir='ltr'><strong>quoti-</strong></span> 
     </span>
    </p>
   </div>
   <div class='ocr_carea' id='block_1_13' title="bbox 318 1602 1897 1698">
    <p class='ocr_par' dir='ltr' id='par_1_13' title="bbox 318 1602 1897 1698">
     <span class='ocr_line' id='line_1_13' title="bbox 318 1602 1897 1698; baseline -0.019 -12"><span class='ocrx_word' id='word_1_70' title='bbox 318 1631 462 1686; x_wconf 88' lang='lat' dir='ltr'><strong>diani</strong></span> <span class='ocrx_word' id='word_1_71' title='bbox 503 1634 812 1698; x_wconf 86' lang='lat' dir='ltr'><strong>sequentes,</strong></span> <span class='ocrx_word' id='word_1_72' title='bbox 844 1623 898 1677; x_wconf 93' lang='lat' dir='ltr'><strong>in</strong></span> <span class='ocrx_word' id='word_1_73' title='bbox 943 1618 1094 1676; x_wconf 70' lang='lat' dir='ltr'><strong>caa&#39;is</strong></span> <span class='ocrx_word' id='word_1_74' title='bbox 1131 1616 1332 1669; x_wconf 86' lang='lat' dir='ltr'><strong>habent</strong></span> <span class='ocrx_word' id='word_1_75' title='bbox 1382 1611 1662 1666; x_wconf 84' lang='lat' dir='ltr'><strong>thesauros</strong></span> <span class='ocrx_word' id='word_1_76' title='bbox 1684 1602 1897 1676; x_wconf 79' lang='lat' dir='ltr'><strong>(Matth.</strong></span> 
     </span>
    </p>
   </div>
   <div class='ocr_carea' id='block_1_14' title="bbox 322 1693 1900 1792">
    <p class='ocr_par' dir='ltr' id='par_1_14' title="bbox 322 1693 1900 1792">
     <span class='ocr_line' id='line_1_14' title="bbox 322 1693 1900 1792; baseline -0.02 -16"><span class='ocrx_word' id='word_1_77' title='bbox 322 1738 431 1789; x_wconf 78' lang='lat' dir='ltr'><strong>xvr,</strong></span> <span class='ocrx_word' id='word_1_78' title='bbox 459 1693 802 1792; x_wconf 45' lang='lat' dir='ltr'><strong>34).-ldcirco</strong></span> <span class='ocrx_word' id='word_1_79' title='bbox 830 1713 955 1767; x_wconf 90' lang='lat' dir='ltr'><strong>dum</strong></span> <span class='ocrx_word' id='word_1_80' title='bbox 987 1711 1041 1764; x_wconf 90' lang='lat' dir='ltr'><strong>in</strong></span> <span class='ocrx_word' id='word_1_81' title='bbox 1071 1706 1221 1763; x_wconf 70' lang='lat' dir='ltr'><strong>caelis</strong></span> <span class='ocrx_word' id='word_1_82' title='bbox 1256 1702 1481 1757; x_wconf 91' lang='lat' dir='ltr'><strong>multum</strong></span> <span class='ocrx_word' id='word_1_83' title='bbox 1503 1705 1628 1752; x_wconf 89' lang='lat' dir='ltr'><strong>sunt</strong></span> <span class='ocrx_word' id='word_1_84' title='bbox 1648 1693 1900 1758; x_wconf 79' lang='lat' dir='ltr'><strong>habituri,</strong></span> 
     </span>
    </p>
   </div>
   <div class='ocr_carea' id='block_1_15' title="bbox 322 1785 1906 1882">
    <p class='ocr_par' dir='ltr' id='par_1_15' title="bbox 322 1785 1906 1882">
     <span class='ocr_line' id='line_1_15' title="bbox 322 1785 1906 1882; baseline -0.018 -15"><span class='ocrx_word' id='word_1_85' title='bbox 322 1826 488 1882; x_wconf 87' lang='lat' dir='ltr'><strong>patvo</strong></span> <span class='ocrx_word' id='word_1_86' title='bbox 514 1818 570 1865; x_wconf 89' lang='lat' dir='ltr'><strong>et</strong></span> <span class='ocrx_word' id='word_1_87' title='bbox 596 1817 837 1864; x_wconf 82' lang='lat' dir='ltr'><strong>extremo</strong></span> <span class='ocrx_word' id='word_1_88' title='bbox 868 1799 1206 1861; x_wconf 82' lang='lat' dir='ltr'><strong>necessitatis</strong></span> <span class='ocrx_word' id='word_1_89' title='bbox 1250 1809 1415 1851; x_wconf 90' lang='lat' dir='ltr'><strong>censu</strong></span> <span class='ocrx_word' id='word_1_90' title='bbox 1445 1792 1500 1846; x_wconf 88' lang='lat' dir='ltr'><strong>in</strong></span> <span class='ocrx_word' id='word_1_91' title='bbox 1523 1788 1679 1844; x_wconf 83' lang='lat' dir='ltr'><strong>terris</strong></span> <span class='ocrx_word' id='word_1_92' title='bbox 1707 1785 1906 1841; x_wconf 59' lang='lat' dir='ltr'><strong>debent</strong></span> 
     </span>
    </p>
   </div>
   <div class='ocr_carea' id='block_1_16' title="bbox 321 1875 1981 1961">
    <p class='ocr_par' dir='ltr' id='par_1_16' title="bbox 321 1875 1981 1961">
     <span class='ocr_line' id='line_1_16' title="bbox 321 1875 1981 1961; baseline -0.019 -3"><span class='ocrx_word' id='word_1_93' title='bbox 321 1917 443 1958; x_wconf 84' lang='lat' dir='ltr'><strong>esse</strong></span> <span class='ocrx_word' id='word_1_94' title='bbox 470 1897 742 1961; x_wconf 88' lang='lat' dir='ltr'><strong>contenti;</strong></span> <span class='ocrx_word' id='word_1_95' title='bbox 766 1894 999 1950; x_wconf 88' lang='lat' dir='ltr'><strong>scientes</strong></span> <span class='ocrx_word' id='word_1_96' title='bbox 1022 1893 1226 1959; x_wconf 86' lang='lat' dir='ltr'><strong>lepram</strong></span> <span class='ocrx_word' id='word_1_97' title='bbox 1263 1899 1382 1940; x_wconf 64' lang='lat' dir='ltr'><strong>esse</strong></span> <span class='ocrx_word' id='word_1_98' title='bbox 1410 1880 1757 1952; x_wconf 84' lang='lat' dir='ltr'><strong>cupiditatem</strong></span> <span class='ocrx_word' id='word_1_99' title='bbox 1787 1892 1901 1930; x_wconf 85' lang='lat' dir='ltr'><strong>mo-</strong></span> <span class='ocrx_word' id='word_1_100' title='bbox 1935 1875 1981 1935; x_wconf 86' lang='grc' dir='ltr'>Β</span> 
     </span>
    </p>
   </div>
   <div class='ocr_carea' id='block_1_17' title="bbox 326 1966 1906 2057">
    <p class='ocr_par' dir='ltr' id='par_1_17' title="bbox 326 1966 1906 2057">
     <span class='ocr_line' id='line_1_17' title="bbox 326 1966 1906 2057; baseline -0.018 -9"><span class='ocrx_word' id='word_1_101' title='bbox 326 1992 530 2057; x_wconf 88' lang='lat' dir='ltr'><strong>nachis,</strong></span> <span class='ocrx_word' id='word_1_102' title='bbox 561 1987 921 2045; x_wconf 85' lang='lat' dir='ltr'><strong>imitatoribus</strong></span> <span class='ocrx_word' id='word_1_103' title='bbox 950 1983 1180 2036; x_wconf 88' lang='lat' dir='ltr'><strong>liliorunt</strong></span> <span class='ocrx_word' id='word_1_104' title='bbox 1219 1977 1620 2046; x_wconf 85' lang='lat' dir='ltr'><strong>prophetarum,</strong></span> <span class='ocrx_word' id='word_1_105' title='bbox 1651 1984 1716 2024; x_wconf 92' lang='lat' dir='ltr'><strong>ac</strong></span> <span class='ocrx_word' id='word_1_106' title='bbox 1749 1966 1906 2022; x_wconf 88' lang='lat' dir='ltr'><strong>disci-</strong></span> 
     </span>
    </p>
   </div>
   <div class='ocr_carea' id='block_1_18' title="bbox 324 2059 1908 2157">
    <p class='ocr_par' dir='ltr' id='par_1_18' title="bbox 324 2059 1908 2157">
     <span class='ocr_line' id='line_1_18' title="bbox 324 2059 1908 2157; baseline -0.02 -16"><span class='ocrx_word' id='word_1_107' title='bbox 324 2085 575 2157; x_wconf 84' lang='lat' dir='ltr'><strong>pulorum</strong></span> <span class='ocrx_word' id='word_1_108' title='bbox 620 2077 818 2136; x_wconf 86' lang='lat' dir='ltr'><strong>Christi</strong></span> <span class='ocrx_word' id='word_1_109' title='bbox 887 2072 1247 2147; x_wconf 87' lang='lat' dir='ltr'><strong>proditionem</strong></span> <span class='ocrx_word' id='word_1_110' title='bbox 1302 2076 1465 2135; x_wconf 89' lang='lat' dir='ltr'><strong>atque</strong></span> <span class='ocrx_word' id='word_1_111' title='bbox 1528 2059 1908 2133; x_wconf 86' lang='lat' dir='ltr'><strong>perditionem,</strong></span> 
     </span>
    </p>
   </div>
   <div class='ocr_carea' id='block_1_19' title="bbox 327 2158 1911 2248">
    <p class='ocr_par' dir='ltr' id='par_1_19' title="bbox 327 2158 1911 2248">
     <span class='ocr_line' id='line_1_19' title="bbox 327 2158 1911 2248; baseline -0.019 -15"><span class='ocrx_word' id='word_1_112' title='bbox 327 2176 698 2248; x_wconf 82' lang='lat' dir='ltr'><strong>apostolorum</strong></span> <span class='ocrx_word' id='word_1_113' title='bbox 750 2183 966 2241; x_wconf 87' lang='lat' dir='ltr'><strong>quoque</strong></span> <span class='ocrx_word' id='word_1_114' title='bbox 1024 2163 1200 2221; x_wconf 79' lang='lat' dir='ltr'><strong>dubiis</strong></span> <span class='ocrx_word' id='word_1_115' title='bbox 1245 2158 1606 2216; x_wconf 82' lang='lat' dir='ltr'><strong>sectatoribus</strong></span> <span class='ocrx_word' id='word_1_116' title='bbox 1656 2158 1911 2210; x_wconf 85' lang='lat' dir='ltr'><strong>mortem.</strong></span> 
     </span>
    </p>
   </div>
   <div class='ocr_carea' id='block_1_20' title="bbox 329 2244 1914 2334">
    <p class='ocr_par' dir='ltr' id='par_1_20' title="bbox 329 2244 1914 2334">
     <span class='ocr_line' id='line_1_20' title="bbox 329 2244 1914 2334; baseline -0.02 -8"><span class='ocrx_word' id='word_1_117' title='bbox 329 2270 456 2328; x_wconf 86' lang='lat' dir='ltr'><strong>Ideo</strong></span> <span class='ocrx_word' id='word_1_118' title='bbox 485 2281 614 2334; x_wconf 74' lang='lat' dir='ltr'><strong>ergo</strong></span> <span class='ocrx_word' id='word_1_119' title='bbox 649 2263 865 2320; x_wconf 91' lang='lat' dir='ltr'><strong>nuditas</strong></span> <span class='ocrx_word' id='word_1_120' title='bbox 909 2267 966 2315; x_wconf 90' lang='lat' dir='ltr'><strong>et</strong></span> <span class='ocrx_word' id='word_1_121' title='bbox 1010 2254 1326 2312; x_wconf 80' lang='lat' dir='ltr'><strong>facultatum</strong></span> <span class='ocrx_word' id='word_1_122' title='bbox 1371 2255 1716 2318; x_wconf 82' lang='lat' dir='ltr'><strong>contemptus</strong></span> <span class='ocrx_word' id='word_1_123' title='bbox 1740 2244 1914 2313; x_wconf 91' lang='lat' dir='ltr'><strong>prima</strong></span> 
     </span>
    </p>
   </div>
   <div class='ocr_carea' id='block_1_21' title="bbox 329 2333 1915 2433">
    <p class='ocr_par' dir='ltr' id='par_1_21' title="bbox 329 2333 1915 2433">
     <span class='ocr_line' id='line_1_21' title="bbox 329 2333 1915 2433; baseline -0.021 -16"><span class='ocrx_word' id='word_1_124' title='bbox 329 2359 588 2433; x_wconf 81' lang='lat' dir='ltr'><strong>perfectio</strong></span> <span class='ocrx_word' id='word_1_125' title='bbox 628 2366 712 2412; x_wconf 86' lang='lat' dir='ltr'><strong>est</strong></span> <span class='ocrx_word' id='word_1_126' title='bbox 757 2351 1179 2413; x_wconf 87' lang='lat' dir='ltr'><strong>monachorum;</strong></span> <span class='ocrx_word' id='word_1_127' title='bbox 1209 2341 1444 2400; x_wconf 86' lang='lat' dir='ltr'><strong>secunda</strong></span> <span class='ocrx_word' id='word_1_128' title='bbox 1494 2354 1626 2394; x_wconf 88' lang='lat' dir='ltr'><strong>vero</strong></span> <span class='ocrx_word' id='word_1_129' title='bbox 1671 2333 1915 2406; x_wconf 79' lang='lat' dir='ltr'><strong>purgatio</strong></span> 
     </span>
    </p>
   </div>
   <div class='ocr_carea' id='block_1_22' title="bbox 332 2423 1919 2513">
    <p class='ocr_par' dir='ltr' id='par_1_22' title="bbox 332 2423 1919 2513">
     <span class='ocr_line' id='line_1_22' title="bbox 332 2423 1919 2513; baseline -0.018 -9"><span class='ocrx_word' id='word_1_130' title='bbox 332 2449 613 2510; x_wconf 84' lang='lat' dir='ltr'><strong>vitiorum;</strong></span> <span class='ocrx_word' id='word_1_131' title='bbox 663 2445 818 2500; x_wconf 89' lang='lat' dir='ltr'><strong>tertia</strong></span> <span class='ocrx_word' id='word_1_132' title='bbox 875 2437 1264 2513; x_wconf 82' lang='lat' dir='ltr'><strong>perfectissima</strong></span> <span class='ocrx_word' id='word_1_133' title='bbox 1296 2433 1386 2488; x_wconf 91' lang='lat' dir='ltr'><strong>Dei</strong></span> <span class='ocrx_word' id='word_1_134' title='bbox 1424 2429 1736 2487; x_wconf 84' lang='lat' dir='ltr'><strong>continuata</strong></span> <span class='ocrx_word' id='word_1_135' title='bbox 1785 2423 1919 2477; x_wconf 88' lang='lat' dir='ltr'><strong>dile-</strong></span> 
     </span>
    </p>
   </div>
   <div class='ocr_carea' id='block_1_23' title="bbox 333 2526 1921 2610">
    <p class='ocr_par' dir='ltr' id='par_1_23' title="bbox 333 2526 1921 2610">
     <span class='ocr_line' id='line_1_23' title="bbox 333 2526 1921 2610; baseline -0.02 -10"><span class='ocrx_word' id='word_1_136' title='bbox 333 2545 464 2610; x_wconf 90' lang='lat' dir='ltr'><strong>ctio,</strong></span> <span class='ocrx_word' id='word_1_137' title='bbox 496 2558 561 2599; x_wconf 87' lang='lat' dir='ltr'><strong>ac</strong></span> <span class='ocrx_word' id='word_1_138' title='bbox 587 2540 892 2595; x_wconf 87' lang='lat' dir='ltr'><strong>divinorum</strong></span> <span class='ocrx_word' id='word_1_139' title='bbox 913 2533 1055 2605; x_wconf 87' lang='lat' dir='ltr'><strong>jugis</strong></span> <span class='ocrx_word' id='word_1_140' title='bbox 1082 2544 1253 2593; x_wconf 86' lang='lat' dir='ltr'><strong>amor,</strong></span> <span class='ocrx_word' id='word_1_141' title='bbox 1309 2526 1401 2597; x_wconf 91' lang='lat' dir='ltr'><strong>qui</strong></span> <span class='ocrx_word' id='word_1_142' title='bbox 1433 2532 1768 2577; x_wconf 78' lang='lat' dir='ltr'><strong>terrenarum</strong></span> <span class='ocrx_word' id='word_1_143' title='bbox 1798 2531 1921 2571; x_wconf 87' lang='lat' dir='ltr'><strong>suc-</strong></span> 
     </span>
    </p>
   </div>
   <div class='ocr_carea' id='block_1_24' title="bbox 335 2611 1921 2695">
    <p class='ocr_par' dir='ltr' id='par_1_24' title="bbox 335 2611 1921 2695">
     <span class='ocr_line' id='line_1_24' title="bbox 335 2611 1921 2695; baseline -0.019 -3"><span class='ocrx_word' id='word_1_144' title='bbox 335 2635 479 2692; x_wconf 86' lang='lat' dir='ltr'><strong>cedit</strong></span> <span class='ocrx_word' id='word_1_145' title='bbox 506 2630 786 2688; x_wconf 89' lang='lat' dir='ltr'><strong>oblivioni.</strong></span> <span class='ocrx_word' id='word_1_146' title='bbox 813 2627 946 2695; x_wconf 86' lang='lat' dir='ltr'><strong>Quae</strong></span> <span class='ocrx_word' id='word_1_147' title='bbox 973 2641 1092 2680; x_wconf 89' lang='lat' dir='ltr'><strong>cum</strong></span> <span class='ocrx_word' id='word_1_148' title='bbox 1116 2622 1188 2675; x_wconf 88' lang='lat' dir='ltr'><strong>ita</strong></span> <span class='ocrx_word' id='word_1_149' title='bbox 1217 2619 1346 2682; x_wconf 88' lang='lat' dir='ltr'><strong>sint,</strong></span> <span class='ocrx_word' id='word_1_150' title='bbox 1376 2613 1562 2686; x_wconf 70' lang='lat' dir='ltr'><strong>pauris</strong></span> <span class='ocrx_word' id='word_1_151' title='bbox 1602 2611 1755 2665; x_wconf 78' lang='lat' dir='ltr'><strong>nobis</strong></span> <span class='ocrx_word' id='word_1_152' title='bbox 1784 2620 1921 2676; x_wconf 82' lang='lat' dir='ltr'><strong>opus</strong></span> 
     </span>
    </p>
   </div>
   <div class='ocr_carea' id='block_1_25' title="bbox 340 2699 1923 2795">
    <p class='ocr_par' dir='ltr' id='par_1_25' title="bbox 340 2699 1923 2795">
     <span class='ocr_line' id='line_1_25' title="bbox 340 2699 1923 2795; baseline -0.02 -15"><span class='ocrx_word' id='word_1_153' title='bbox 340 2736 444 2792; x_wconf 90' lang='lat' dir='ltr'><strong>est,</strong></span> <span class='ocrx_word' id='word_1_154' title='bbox 485 2724 635 2795; x_wconf 85' lang='lat' dir='ltr'><strong>juxta</strong></span> <span class='ocrx_word' id='word_1_155' title='bbox 682 2721 906 2776; x_wconf 77' lang='lat' dir='ltr'><strong>verbum</strong></span> <span class='ocrx_word' id='word_1_156' title='bbox 938 2713 1147 2769; x_wconf 86' lang='lat' dir='ltr'><strong>Domini</strong></span> <span class='ocrx_word' id='word_1_157' title='bbox 1179 2708 1328 2780; x_wconf 85' lang='lat' dir='ltr'><strong>(Luc.</strong></span> <span class='ocrx_word' id='word_1_158' title='bbox 1384 2722 1443 2772; x_wconf 65' lang='grc' dir='ltr'><strong>χ,</strong></span> <span class='ocrx_word' id='word_1_159' title='bbox 1473 2703 1585 2770; x_wconf 70' lang='lat'><strong>4&#39;2),</strong></span> <span class='ocrx_word' id='word_1_160' title='bbox 1641 2709 1734 2754; x_wconf 89' lang='lat' dir='ltr'><strong>aut</strong></span> <span class='ocrx_word' id='word_1_161' title='bbox 1759 2699 1923 2753; x_wconf 86' lang='lat' dir='ltr'><strong>etiam</strong></span> 
     </span>
    </p>
   </div>
   <div class='ocr_carea' id='block_1_26' title="bbox 341 2787 1943 2878">
    <p class='ocr_par' dir='ltr' id='par_1_26' title="bbox 341 2787 1943 2878">
     <span class='ocr_line' id='line_1_26' title="bbox 341 2787 1943 2878; baseline -0.022 -3"><span class='ocrx_word' id='word_1_162' title='bbox 341 2834 468 2875; x_wconf 91' lang='lat' dir='ltr'><strong>uno.</strong></span> <span class='ocrx_word' id='word_1_163' title='bbox 501 2815 681 2871; x_wconf 84' lang='lat' dir='ltr'><strong>Pauca</strong></span> <span class='ocrx_word' id='word_1_164' title='bbox 711 2822 942 2878; x_wconf 87' lang='lat' dir='ltr'><strong>namque</strong></span> <span class='ocrx_word' id='word_1_165' title='bbox 969 2812 1094 2864; x_wconf 91' lang='lat' dir='ltr'><strong>sunt</strong></span> <span class='ocrx_word' id='word_1_166' title='bbox 1125 2796 1430 2856; x_wconf 85' lang='lat' dir='ltr'><strong>necessaria</strong></span> <span class='ocrx_word' id='word_1_167' title='bbox 1471 2809 1630 2856; x_wconf 75' lang='lat' dir='ltr'><strong>vera,</strong></span> <span class='ocrx_word' id='word_1_168' title='bbox 1661 2791 1776 2846; x_wconf 91' lang='lat' dir='ltr'><strong>sine</strong></span> <span class='ocrx_word' id='word_1_169' title='bbox 1802 2787 1943 2856; x_wconf 77' lang='lat' dir='ltr'><strong>qui-°</strong></span> 
     </span>
    </p>
   </div>
   <div class='ocr_carea' id='block_1_27' title="bbox 342 2878 1924 2968">
    <p class='ocr_par' dir='ltr' id='par_1_27' title="bbox 342 2878 1924 2968">
     <span class='ocr_line' id='line_1_27' title="bbox 342 2878 1924 2968; baseline -0.022 -4"><span class='ocrx_word' id='word_1_170' title='bbox 342 2912 441 2964; x_wconf 82' lang='lat' dir='ltr'><strong>bus</strong></span> <span class='ocrx_word' id='word_1_171' title='bbox 473 2920 582 2961; x_wconf 90' lang='lat' dir='ltr'><strong>non</strong></span> <span class='ocrx_word' id='word_1_172' title='bbox 612 2899 944 2968; x_wconf 77' lang='lat' dir='ltr'><strong>transigitur,</strong></span> <span class='ocrx_word' id='word_1_173' title='bbox 976 2903 1070 2948; x_wconf 90' lang='lat' dir='ltr'><strong>aut</strong></span> <span class='ocrx_word' id='word_1_174' title='bbox 1095 2892 1256 2946; x_wconf 89' lang='lat' dir='ltr'><strong>etiam</strong></span> <span class='ocrx_word' id='word_1_175' title='bbox 1286 2901 1413 2948; x_wconf 87' lang='lat' dir='ltr'><strong>uno,</strong></span> <span class='ocrx_word' id='word_1_176' title='bbox 1444 2885 1600 2952; x_wconf 59' lang='lat' dir='ltr'><strong>quasi</strong></span> <span class='ocrx_word' id='word_1_177' title='bbox 1626 2880 1748 2936; x_wconf 88' lang='lat' dir='ltr'><strong>cibo</strong></span> <span class='ocrx_word' id='word_1_178' title='bbox 1773 2878 1924 2948; x_wconf 84' lang='lat' dir='ltr'><strong>juxta</strong></span> 
     </span>
    </p>
   </div>
   <div class='ocr_carea' id='block_1_28' title="bbox 343 2975 1929 3062">
    <p class='ocr_par' dir='ltr' id='par_1_28' title="bbox 343 2975 1929 3062">
     <span class='ocr_line' id='line_1_28' title="bbox 343 2975 1929 3062; baseline -0.021 -10"><span class='ocrx_word' id='word_1_179' title='bbox 343 2999 573 3053; x_wconf 88' lang='lat' dir='ltr'><strong>litteram</strong></span> <span class='ocrx_word' id='word_1_180' title='bbox 599 3010 615 3060; x_wconf 85' lang='lat'><strong>;</strong></span> <span class='ocrx_word' id='word_1_181' title='bbox 647 2990 882 3062; x_wconf 78' lang='lat' dir='ltr'><strong>puritate</strong></span> <span class='ocrx_word' id='word_1_182' title='bbox 909 2995 1087 3040; x_wconf 91' lang='lat' dir='ltr'><strong>autem</strong></span> <span class='ocrx_word' id='word_1_183' title='bbox 1129 2995 1320 3036; x_wconf 88' lang='lat' dir='ltr'><strong>sensus</strong></span> <span class='ocrx_word' id='word_1_184' title='bbox 1359 2975 1655 3042; x_wconf 84' lang='lat' dir='ltr'><strong>indigemus</strong></span> <span class='ocrx_word' id='word_1_185' title='bbox 1685 2985 1782 3039; x_wconf 86' lang='lat' dir='ltr'><strong>per</strong></span> <span class='ocrx_word' id='word_1_186' title='bbox 1807 2981 1929 3036; x_wconf 83' lang='lat' dir='ltr'><strong>gra-</strong></span> 
     </span>
    </p>
   </div>
   <div class='ocr_carea' id='block_1_29' title="bbox 345 3057 1930 3151">
    <p class='ocr_par' dir='ltr' id='par_1_29' title="bbox 345 3057 1930 3151">
     <span class='ocr_line' id='line_1_29' title="bbox 345 3057 1930 3151; baseline -0.02 -7"><span class='ocrx_word' id='word_1_187' title='bbox 345 3091 470 3144; x_wconf 87' lang='lat' dir='ltr'><strong>tiam</strong></span> <span class='ocrx_word' id='word_1_188' title='bbox 501 3057 617 3151; x_wconf 78' lang='lat' dir='ltr'><strong>Dei,</strong></span> <span class='ocrx_word' id='word_1_189' title='bbox 647 3057 715 3138; x_wconf 44' lang='grc' dir='ltr'><strong>-ιιι</strong></span> <span class='ocrx_word' id='word_1_190' title='bbox 752 3079 1113 3147; x_wconf 80' lang='lat' dir='ltr'><strong>intelligamus</strong></span> <span class='ocrx_word' id='word_1_191' title='bbox 1155 3067 1468 3141; x_wconf 83' lang='lat' dir='ltr'><strong>spiritaliter</strong></span> <span class='ocrx_word' id='word_1_192' title='bbox 1509 3078 1630 3132; x_wconf 67' lang='lat' dir='ltr'><strong>qua:</strong></span> <span class='ocrx_word' id='word_1_193' title='bbox 1672 3068 1798 3115; x_wconf 92' lang='lat' dir='ltr'><strong>sunt</strong></span> <span class='ocrx_word' id='word_1_194' title='bbox 1842 3057 1930 3112; x_wconf 88' lang='lat' dir='ltr'><strong>illa</strong></span> 
     </span>
    </p>
   </div>
   <div class='ocr_carea' id='block_1_30' title="bbox 348 3147 1933 3249">
    <p class='ocr_par' dir='ltr' id='par_1_30' title="bbox 348 3147 1933 3249">
     <span class='ocr_line' id='line_1_30' title="bbox 348 3147 1933 3249; baseline -0.02 -16"><span class='ocrx_word' id='word_1_195' title='bbox 348 3191 514 3249; x_wconf 85' lang='lat' dir='ltr'><strong>pauca</strong></span> <span class='ocrx_word' id='word_1_196' title='bbox 567 3147 880 3235; x_wconf 87' lang='lat' dir='ltr'><strong>charitatis,</strong></span> <span class='ocrx_word' id='word_1_197' title='bbox 930 3181 1048 3236; x_wconf 75' lang='lat' dir='ltr'><strong>qua:</strong></span> <span class='ocrx_word' id='word_1_198' title='bbox 1105 3159 1325 3216; x_wconf 77' lang='lat' dir='ltr'><strong>Martha:</strong></span> <span class='ocrx_word' id='word_1_199' title='bbox 1371 3171 1402 3210; x_wconf 91' lang='lat' dir='ltr'><strong>a</strong></span> <span class='ocrx_word' id='word_1_200' title='bbox 1455 3147 1933 3218; x_wconf 80' lang='lat' dir='ltr'><strong>Domino&#39;sugge-</strong></span> 
     </span>
    </p>
   </div>
   <div class='ocr_carea' id='block_1_31' title="bbox 349 3275 1083 3325">
    <p class='ocr_par' dir='ltr' id='par_1_31' title="bbox 349 3275 1083 3325">
     <span class='ocr_line' id='line_1_31' title="bbox 349 3275 1083 3325; baseline -0.02 -3"><span class='ocrx_word' id='word_1_201' title='bbox 349 3275 560 3325; x_wconf 86' lang='lat' dir='ltr'><strong>runtur.</strong></span> <span class='ocrx_word' id='word_1_202' title='bbox 969 3323 988 3325; x_wconf 96' lang='lat'><em>_</em></span> <span class='ocrx_word' id='word_1_203' title='bbox 1018 3322 1025 3325; x_wconf 21' lang='grc' dir='ltr'><strong>Α</strong></span> <span class='ocrx_word' id='word_1_204' title='bbox 1051 3284 1083 3325; x_wconf 93' lang='lat'><strong>_-</strong></span> 
     </span>
    </p>
   </div>
   <div class='ocr_carea' id='block_1_32' title="bbox 956 3317 1289 3379">
    <p class='ocr_par' dir='ltr' id='par_1_32' title="bbox 956 3317 1289 3379">
     <span class='ocr_line' id='line_1_32' title="bbox 956 3317 1289 3379; baseline -0.03 1"><span class='ocrx_word' id='word_1_205' title='bbox 956 3319 1186 3379; x_wconf 78' lang='lat' dir='ltr'><strong>CAPUT</strong></span> <span class='ocrx_word' id='word_1_206' title='bbox 1225 3317 1289 3372; x_wconf 73' lang='grc' dir='ltr'><strong>γ.</strong></span> 
     </span>
    </p>
   </div>
   <div class='ocr_carea' id='block_1_33' title="bbox 818 3405 1487 3470">
    <p class='ocr_par' dir='ltr' id='par_1_33' title="bbox 818 3405 1487 3470">
     <span class='ocr_line' id='line_1_33' title="bbox 818 3405 1487 3470; baseline -0.015 0"><span class='ocrx_word' id='word_1_207' title='bbox 818 3415 896 3470; x_wconf 86' lang='lat' dir='ltr'><strong>De</strong></span> <span class='ocrx_word' id='word_1_208' title='bbox 940 3413 1166 3468; x_wconf 78' lang='lat' dir='ltr'><strong>vanitate</strong></span> <span class='ocrx_word' id='word_1_209' title='bbox 1211 3405 1487 3462; x_wconf 76' lang='lat' dir='ltr'><strong>calcanda.</strong></span> 
     </span>
    </p>
   </div>
   <div class='ocr_carea' id='block_1_34' title="bbox 425 3486 1936 3582">
    <p class='ocr_par' dir='ltr' id='par_1_34' title="bbox 425 3486 1936 3582">
     <span class='ocr_line' id='line_1_34' title="bbox 425 3486 1936 3582; baseline -0.019 -13"><span class='ocrx_word' id='word_1_210' title='bbox 425 3512 645 3568; x_wconf 86' lang='lat' dir='ltr'><strong>Vanitas</strong></span> <span class='ocrx_word' id='word_1_211' title='bbox 665 3521 881 3582; x_wconf 83' lang='lat' dir='ltr'><strong>quoque</strong></span> <span class='ocrx_word' id='word_1_212' title='bbox 903 3517 1064 3574; x_wconf 74' lang='lat' dir='ltr'><strong>quam</strong></span> <span class='ocrx_word' id='word_1_213' title='bbox 1104 3500 1172 3554; x_wconf 90' lang='lat' dir='ltr'><strong>sit</strong></span> <span class='ocrx_word' id='word_1_214' title='bbox 1202 3495 1528 3568; x_wconf 82' lang='lat' dir='ltr'><strong>periculosa,</strong></span> <span class='ocrx_word' id='word_1_215' title='bbox 1558 3489 1810 3546; x_wconf 87' lang='lat' dir='ltr'><strong>brevibus</strong></span> <span class='ocrx_word' id='word_1_216' title='bbox 1839 3486 1936 3541; x_wconf 84' lang='lat' dir='ltr'><strong>de-</strong></span> 
     </span>
    </p>
   </div>
   <div class='ocr_carea' id='block_1_35' title="bbox 355 3576 1941 3667">
    <p class='ocr_par' dir='ltr' id='par_1_35' title="bbox 355 3576 1941 3667">
     <span class='ocr_line' id='line_1_35' title="bbox 355 3576 1941 3667; baseline -0.025 1"><span class='ocrx_word' id='word_1_217' title='bbox 355 3576 699 3667; x_wconf 60' lang='lat' dir='ltr'><strong>monstratur</strong></span> <span class='ocrx_word' id='word_1_218' title='bbox 736 3576 915 3655; x_wconf 79' lang='lat' dir='ltr'><strong>verbis</strong></span> <span class='ocrx_word' id='word_1_219' title='bbox 959 3591 1293 3651; x_wconf 89' lang='lat' dir='ltr'><strong>Salvatoris,</strong></span> <span class='ocrx_word' id='word_1_220' title='bbox 1353 3585 1444 3656; x_wconf 90' lang='lat' dir='ltr'><strong>qui</strong></span> <span class='ocrx_word' id='word_1_221' title='bbox 1500 3583 1610 3638; x_wconf 91' lang='lat' dir='ltr'><strong>suis</strong></span> <span class='ocrx_word' id='word_1_222' title='bbox 1666 3576 1941 3647; x_wconf 87' lang='lat' dir='ltr'><strong>discipulis</strong></span> 
     </span>
    </p>
   </div>
   <div class='ocr_carea' id='block_1_36' title="bbox 358 3667 1942 3755">
    <p class='ocr_par' dir='ltr' id='par_1_36' title="bbox 358 3667 1942 3755">
     <span class='ocr_line' id='line_1_36' title="bbox 358 3667 1942 3755; baseline -0.024 0"><span class='ocrx_word' id='word_1_223' title='bbox 358 3695 660 3755; x_wconf 70' lang='lat' dir='ltr'><strong>lattantibus</strong></span> <span class='ocrx_word' id='word_1_224' title='bbox 686 3690 922 3746; x_wconf 82' lang='lat' dir='ltr'><strong>vanitate</strong></span> <span class='ocrx_word' id='word_1_225' title='bbox 949 3684 1084 3740; x_wconf 78' lang='lat' dir='ltr'><strong>dixit</strong></span> <span class='ocrx_word' id='word_1_226' title='bbox 1110 3699 1123 3734; x_wconf 88' lang='lat'><strong>:</strong></span> <span class='ocrx_word' id='word_1_227' title='bbox 1166 3679 1286 3736; x_wconf 85' lang='lat' dir='ltr'><strong>l’idi</strong></span> <span class='ocrx_word' id='word_1_228' title='bbox 1323 3676 1580 3731; x_wconf 84' lang='lat' dir='ltr'><strong>Satanam</strong></span> <span class='ocrx_word' id='word_1_229' title='bbox 1610 3672 1741 3725; x_wconf 81' lang='lat' dir='ltr'><strong>sicut</strong></span> <span class='ocrx_word' id='word_1_230' title='bbox 1769 3667 1942 3739; x_wconf 78' lang='lat' dir='ltr'><strong>fulgur</strong></span> 
     </span>
    </p>
   </div>
   <div class='ocr_carea' id='block_1_37' title="bbox 358 3761 1946 3851">
    <p class='ocr_par' dir='ltr' id='par_1_37' title="bbox 358 3761 1946 3851">
     <span class='ocr_line' id='line_1_37' title="bbox 358 3761 1946 3851; baseline -0.021 -4"><span class='ocrx_word' id='word_1_231' title='bbox 358 3792 424 3848; x_wconf 84' lang='lat' dir='ltr'><strong>de</strong></span> <span class='ocrx_word' id='word_1_232' title='bbox 451 3791 577 3844; x_wconf 76' lang='lat' dir='ltr'><strong>caelo</strong></span> <span class='ocrx_word' id='word_1_233' title='bbox 602 3784 868 3839; x_wconf 63' lang='lat' dir='ltr'><strong>cadentem</strong></span> <span class='ocrx_word' id='word_1_234' title='bbox 886 3779 1034 3851; x_wconf 78' lang='lat' dir='ltr'><strong>(Luc.</strong></span> <span class='ocrx_word' id='word_1_235' title='bbox 1067 3793 1122 3841; x_wconf 86' lang='lat' dir='ltr'><strong>x,</strong></span> <span class='ocrx_word' id='word_1_236' title='bbox 1143 3769 1337 3842; x_wconf 57' lang='lat' dir='ltr'><strong>&#39;l8).Et</strong></span> <span class='ocrx_word' id='word_1_237' title='bbox 1355 3767 1549 3823; x_wconf 66' lang='lat' dir='ltr'><strong>Iudaeis</strong></span> <span class='ocrx_word' id='word_1_238' title='bbox 1571 3761 1857 3833; x_wconf 80' lang='lat' dir='ltr'><strong>aliquando</strong></span> <span class='ocrx_word' id='word_1_239' title='bbox 1886 3773 1946 3813; x_wconf 67' lang='lat' dir='ltr'><strong>se</strong></span> 
     </span>
    </p>
   </div>
   <div class='ocr_carea' id='block_1_38' title="bbox 357 3847 1944 3953">
    <p class='ocr_par' dir='ltr' id='par_1_38' title="bbox 357 3847 1944 3953">
     <span class='ocr_line' id='line_1_38' title="bbox 357 3847 1944 3953; baseline -0.023 -16"><span class='ocrx_word' id='word_1_240' title='bbox 357 3875 769 3953; x_wconf 83' lang='lat' dir='ltr'><strong>justilicantibus</strong></span> <span class='ocrx_word' id='word_1_241' title='bbox 797 3872 870 3925; x_wconf 87' lang='lat' dir='ltr'><strong>ait</strong></span> <span class='ocrx_word' id='word_1_242' title='bbox 896 3847 916 3922; x_wconf 37' lang='grc' dir='ltr'>ἐ</span> <span class='ocrx_word' id='word_1_243' title='bbox 950 3867 1098 3932; x_wconf 82' lang='lat' dir='ltr'><strong>Quod</strong></span> <span class='ocrx_word' id='word_1_244' title='bbox 1135 3872 1306 3918; x_wconf 84' lang='lat' dir='ltr'><strong>autem</strong></span> <span class='ocrx_word' id='word_1_245' title='bbox 1333 3860 1492 3912; x_wconf 83' lang='lat' dir='ltr'><strong>altum</strong></span> <span class='ocrx_word' id='word_1_246' title='bbox 1521 3863 1594 3909; x_wconf 83' lang='lat' dir='ltr'><strong>est</strong></span> <span class='ocrx_word' id='word_1_247' title='bbox 1631 3847 1944 3917; x_wconf 79' lang='lat' dir='ltr'><strong>hominibus,</strong></span> 
     </span>
    </p>
   </div>
   <div class='ocr_carea' id='block_1_39' title="bbox 363 3938 1944 4025">
    <p class='ocr_par' dir='ltr' id='par_1_39' title="bbox 363 3938 1944 4025">
     <span class='ocr_line' id='line_1_39' title="bbox 363 3938 1944 4025; baseline -0.019 0"><span class='ocrx_word' id='word_1_248' title='bbox 363 3938 678 4025; x_wconf 61' lang='lat' dir='ltr'><strong>abominatio</strong></span> <span class='ocrx_word' id='word_1_249' title='bbox 721 3973 796 4016; x_wconf 81' lang='lat' dir='ltr'><strong>est</strong></span> <span class='ocrx_word' id='word_1_250' title='bbox 843 3962 899 4012; x_wconf 83' lang='lat' dir='ltr'><strong>in</strong></span> <span class='ocrx_word' id='word_1_251' title='bbox 947 3962 1220 4024; x_wconf 82' lang='lat' dir='ltr'><strong>conspectu</strong></span> <span class='ocrx_word' id='word_1_252' title='bbox 1250 3947 1464 4007; x_wconf 81' lang='lat' dir='ltr'><strong>Domini</strong></span> <span class='ocrx_word' id='word_1_253' title='bbox 1505 3943 1655 4015; x_wconf 87' lang='lat' dir='ltr'><strong>(Luc.</strong></span> <span class='ocrx_word' id='word_1_254' title='bbox 1699 3957 1806 4004; x_wconf 75' lang='lat' dir='ltr'><strong>xvi,</strong></span> <span class='ocrx_word' id='word_1_255' title='bbox 1833 3938 1944 4009; x_wconf 79' lang='grc'><strong>15).</strong></span> 
     </span>
    </p>
   </div>
   <div class='ocr_carea' id='block_1_40' title="bbox 365 4032 1951 4128">
    <p class='ocr_par' dir='ltr' id='par_1_40' title="bbox 365 4032 1951 4128">
     <span class='ocr_line' id='line_1_40' title="bbox 365 4032 1951 4128; baseline -0.021 -11"><span class='ocrx_word' id='word_1_256' title='bbox 365 4060 482 4128; x_wconf 85' lang='lat' dir='ltr'><strong>llis,</strong></span> <span class='ocrx_word' id='word_1_257' title='bbox 530 4065 586 4111; x_wconf 94' lang='lat' dir='ltr'><strong>et</strong></span> <span class='ocrx_word' id='word_1_258' title='bbox 627 4054 767 4108; x_wconf 90' lang='lat' dir='ltr'><strong>illius</strong></span> <span class='ocrx_word' id='word_1_259' title='bbox 809 4046 1060 4103; x_wconf 72' lang='lat' dir='ltr'><strong>Phariszei</strong></span> <span class='ocrx_word' id='word_1_260' title='bbox 1114 4037 1455 4096; x_wconf 82' lang='lat' dir='ltr'><strong>famosissimi</strong></span> <span class='ocrx_word' id='word_1_261' title='bbox 1500 4051 1561 4091; x_wconf 92' lang='lat' dir='ltr'><strong>se</strong></span> <span class='ocrx_word' id='word_1_262' title='bbox 1609 4032 1951 4104; x_wconf 85' lang='lat' dir='ltr'><strong>justilicantis</strong></span> 
     </span>
    </p>
   </div>
   <div class='ocr_carea' id='block_1_41' title="bbox 368 4123 1950 4218">
    <p class='ocr_par' dir='ltr' id='par_1_41' title="bbox 368 4123 1950 4218">
     <span class='ocr_line' id='line_1_41' title="bbox 368 4123 1950 4218; baseline -0.021 -10"><span class='ocrx_word' id='word_1_263' title='bbox 368 4123 617 4218; x_wconf 78' lang='lat' dir='ltr'><strong>exemplo</strong></span> <span class='ocrx_word' id='word_1_264' title='bbox 646 4141 912 4210; x_wconf 86' lang='lat' dir='ltr'><strong>colligitur</strong></span> <span class='ocrx_word' id='word_1_265' title='bbox 943 4136 1093 4208; x_wconf 69' lang='lat' dir='ltr'><strong>(Luc.</strong></span> <span class='ocrx_word' id='word_1_266' title='bbox 1139 4148 1285 4197; x_wconf 84' lang='lat' dir='ltr'><strong>xvnt,</strong></span> <span class='ocrx_word' id='word_1_267' title='bbox 1316 4129 1376 4182; x_wconf 85' lang='lat' dir='ltr'><strong>ll</strong></span> <span class='ocrx_word' id='word_1_268' title='bbox 1427 4126 1589 4197; x_wconf 89' lang='lat' dir='ltr'><strong>seq.),</strong></span> <span class='ocrx_word' id='word_1_269' title='bbox 1619 4123 1765 4194; x_wconf 89' lang='lat' dir='ltr'><strong>quod</strong></span> <span class='ocrx_word' id='word_1_270' title='bbox 1809 4123 1950 4176; x_wconf 88' lang='lat' dir='ltr'><strong>inte-</strong></span> 
     </span>
    </p>
   </div>
   <div class='ocr_carea' id='block_1_42' title="bbox 373 4211 1953 4315">
    <p class='ocr_par' dir='ltr' id='par_1_42' title="bbox 373 4211 1953 4315">
     <span class='ocr_line' id='line_1_42' title="bbox 373 4211 1953 4315; baseline -0.024 -13"><span class='ocrx_word' id='word_1_271' title='bbox 373 4243 632 4315; x_wconf 77' lang='lat' dir='ltr'><strong>remptrix</strong></span> <span class='ocrx_word' id='word_1_272' title='bbox 668 4241 738 4294; x_wconf 87' lang='lat' dir='ltr'><strong>sit</strong></span> <span class='ocrx_word' id='word_1_273' title='bbox 767 4234 1006 4292; x_wconf 88' lang='lat' dir='ltr'><strong>omnium</strong></span> <span class='ocrx_word' id='word_1_274' title='bbox 1045 4231 1310 4285; x_wconf 86' lang='lat' dir='ltr'><strong>bonorum</strong></span> <span class='ocrx_word' id='word_1_275' title='bbox 1353 4220 1580 4283; x_wconf 88' lang='lat' dir='ltr'><strong>vanitas,</strong></span> <span class='ocrx_word' id='word_1_276' title='bbox 1609 4225 1664 4271; x_wconf 88' lang='lat' dir='ltr'><strong>et</strong></span> <span class='ocrx_word' id='word_1_277' title='bbox 1704 4211 1953 4283; x_wconf 86' lang='lat' dir='ltr'><strong>gloriatio</strong></span> 
     </span>
    </p>
   </div>
   <div class='ocr_carea' id='block_1_43' title="bbox 377 4303 1958 4393">
    <p class='ocr_par' dir='ltr' id='par_1_43' title="bbox 377 4303 1958 4393">
     <span class='ocr_line' id='line_1_43' title="bbox 377 4303 1958 4393; baseline -0.024 -1"><span class='ocrx_word' id='word_1_278' title='bbox 377 4303 516 4393; x_wconf 76' lang='lat' dir='ltr'><strong>elata</strong></span> <span class='ocrx_word' id='word_1_279' title='bbox 542 4354 555 4388; x_wconf 88' lang='lat'><strong>:</strong></span> <span class='ocrx_word' id='word_1_280' title='bbox 578 4333 704 4388; x_wconf 90' lang='lat' dir='ltr'><strong>dum</strong></span> <span class='ocrx_word' id='word_1_281' title='bbox 731 4330 873 4384; x_wconf 90' lang='lat' dir='ltr'><strong>bona</strong></span> <span class='ocrx_word' id='word_1_282' title='bbox 900 4338 1036 4378; x_wconf 89' lang='lat' dir='ltr'><strong>vane</strong></span> <span class='ocrx_word' id='word_1_283' title='bbox 1074 4318 1286 4374; x_wconf 88' lang='lat' dir='ltr'><strong>laudata</strong></span> <span class='ocrx_word' id='word_1_284' title='bbox 1312 4309 1565 4367; x_wconf 60' lang='lat' dir='ltr'><strong>Pharisaei</strong></span> <span class='ocrx_word' id='word_1_285' title='bbox 1596 4303 1872 4378; x_wconf 89' lang='lat' dir='ltr'><strong>perierint,</strong></span> <span class='ocrx_word' id='word_1_286' title='bbox 1902 4309 1958 4356; x_wconf 91' lang='lat' dir='ltr'><strong>et</strong></span> 
     </span>
    </p>
   </div>
   <div class='ocr_carea' id='block_1_44' title="bbox 377 4396 1956 4498">
    <p class='ocr_par' dir='ltr' id='par_1_44' title="bbox 377 4396 1956 4498">
     <span class='ocr_line' id='line_1_44' title="bbox 377 4396 1956 4498; baseline -0.026 -13"><span class='ocrx_word' id='word_1_287' title='bbox 377 4436 597 4498; x_wconf 86' lang='lat' dir='ltr'><strong>peccata</strong></span> <span class='ocrx_word' id='word_1_288' title='bbox 645 4417 915 4493; x_wconf 87' lang='lat' dir='ltr'><strong>publicani</strong></span> <span class='ocrx_word' id='word_1_289' title='bbox 973 4417 1218 4470; x_wconf 87' lang='lat' dir='ltr'><strong>accusata</strong></span> <span class='ocrx_word' id='word_1_290' title='bbox 1269 4401 1600 4461; x_wconf 86' lang='lat' dir='ltr'><strong>evanuerint.</strong></span> <span class='ocrx_word' id='word_1_291' title='bbox 1644 4396 1762 4452; x_wconf 85' lang='lat' dir='ltr'><strong>Non</strong></span> <span class='ocrx_word' id='word_1_292' title='bbox 1801 4401 1956 4450; x_wconf 77' lang='lat' dir='ltr'><strong>exeat</strong></span> 
     </span>
    </p>
   </div>
   <div class='ocr_carea' id='block_1_45' title="bbox 377 4489 1959 4590">
    <p class='ocr_par' dir='ltr' id='par_1_45' title="bbox 377 4489 1959 4590">
     <span class='ocr_line' id='line_1_45' title="bbox 377 4489 1959 4590; baseline -0.025 -15"><span class='ocrx_word' id='word_1_293' title='bbox 377 4521 537 4590; x_wconf 79' lang='lat' dir='ltr'><strong>igitur</strong></span> <span class='ocrx_word' id='word_1_294' title='bbox 583 4514 804 4569; x_wconf 85' lang='lat' dir='ltr'><strong>verbum</strong></span> <span class='ocrx_word' id='word_1_295' title='bbox 850 4505 1052 4577; x_wconf 87' lang='lat' dir='ltr'><strong>grande</strong></span> <span class='ocrx_word' id='word_1_296' title='bbox 1115 4502 1183 4557; x_wconf 90' lang='lat' dir='ltr'><strong>de</strong></span> <span class='ocrx_word' id='word_1_297' title='bbox 1238 4511 1333 4554; x_wconf 89' lang='lat' dir='ltr'><strong>ore</strong></span> <span class='ocrx_word' id='word_1_298' title='bbox 1387 4489 1656 4556; x_wconf 82' lang='lat' dir='ltr'><strong>monachi,</strong></span> <span class='ocrx_word' id='word_1_299' title='bbox 1704 4501 1776 4543; x_wconf 85' lang='lat' dir='ltr'><strong>ne</strong></span> <span class='ocrx_word' id='word_1_300' title='bbox 1831 4497 1959 4540; x_wconf 81' lang='lat' dir='ltr'><strong>suns</strong></span> 
     </span>
    </p>
   </div>
   <div class='ocr_carea' id='block_1_46' title="bbox 378 4599 1012 4682">
    <p class='ocr_par' dir='ltr' id='par_1_46' title="bbox 378 4599 1012 4682">
     <span class='ocr_line' id='line_1_46' title="bbox 378 4599 1012 4682; baseline -0.028 -15"><span class='ocrx_word' id='word_1_301' title='bbox 378 4607 592 4682; x_wconf 85' lang='lat' dir='ltr'><strong>grandis</strong></span> <span class='ocrx_word' id='word_1_302' title='bbox 621 4610 810 4682; x_wconf 85' lang='lat' dir='ltr'><strong>pereat</strong></span> <span class='ocrx_word' id='word_1_303' title='bbox 841 4599 1012 4654; x_wconf 90' lang='lat' dir='ltr'><strong>labor.</strong></span> 
     </span>
    </p>
   </div>
   <div class='ocr_carea' id='block_1_47' title="bbox 949 4679 1374 4744">
    <p class='ocr_par' dir='ltr' id='par_1_47' title="bbox 949 4679 1374 4744">
     <span class='ocr_line' id='line_1_47' title="bbox 949 4679 1374 4744; baseline -0.026 0"><span class='ocrx_word' id='word_1_304' title='bbox 949 4682 1217 4744; x_wconf 84' lang='lat' dir='ltr'><strong>CAPUT</strong></span> <span class='ocrx_word' id='word_1_305' title='bbox 1269 4679 1374 4737; x_wconf 75' lang='lat' dir='ltr'><strong>Vl.</strong></span> 
     </span>
    </p>
   </div>
   <div class='ocr_carea' id='block_1_48' title="bbox 995 4774 1348 4838">
    <p class='ocr_par' dir='ltr' id='par_1_48' title="bbox 995 4774 1348 4838">
     <span class='ocr_line' id='line_1_48' title="bbox 995 4774 1348 4838; baseline -0.028 -6"><span class='ocrx_word' id='word_1_306' title='bbox 995 4776 1076 4838; x_wconf 77' lang='lat' dir='ltr'><strong>De</strong></span> <span class='ocrx_word' id='word_1_307' title='bbox 1095 4774 1348 4828; x_wconf 81' lang='lat' dir='ltr'><strong>castitate.</strong></span> 
     </span>
    </p>
   </div>
   <div class='ocr_carea' id='block_1_49' title="bbox 455 4854 1964 4941">
    <p class='ocr_par' dir='ltr' id='par_1_49' title="bbox 455 4854 1964 4941">
     <span class='ocr_line' id='line_1_49' title="bbox 455 4854 1964 4941; baseline -0.026 1"><span class='ocrx_word' id='word_1_308' title='bbox 455 4881 689 4941; x_wconf 87' lang='lat' dir='ltr'><strong>Castitas</strong></span> <span class='ocrx_word' id='word_1_309' title='bbox 709 4891 840 4932; x_wconf 86' lang='lat' dir='ltr'><strong>vero</strong></span> <span class='ocrx_word' id='word_1_310' title='bbox 881 4869 1129 4930; x_wconf 87' lang='lat' dir='ltr'><strong>monachi</strong></span> <span class='ocrx_word' id='word_1_311' title='bbox 1154 4868 1205 4920; x_wconf 91' lang='lat' dir='ltr'><strong>in</strong></span> <span class='ocrx_word' id='word_1_312' title='bbox 1225 4859 1641 4931; x_wconf 86' lang='lat' dir='ltr'><strong>cogitationibus</strong></span> <span class='ocrx_word' id='word_1_313' title='bbox 1663 4854 1964 4925; x_wconf 88' lang='lat' dir='ltr'><strong>judicatur;</strong></span> 
     </span>
    </p>
   </div>
   <div class='ocr_carea' id='block_1_50' title="bbox 386 4945 1968 5036">
    <p class='ocr_par' dir='ltr' id='par_1_50' title="bbox 386 4945 1968 5036">
     <span class='ocr_line' id='line_1_50' title="bbox 386 4945 1968 5036; baseline -0.024 -3"><span class='ocrx_word' id='word_1_314' title='bbox 386 4978 472 5036; x_wconf 91' lang='lat' dir='ltr'><strong>cui</strong></span> <span class='ocrx_word' id='word_1_315' title='bbox 498 4975 746 5030; x_wconf 90' lang='lat' dir='ltr'><strong>nimirum</strong></span> <span class='ocrx_word' id='word_1_316' title='bbox 776 4983 898 5026; x_wconf 90' lang='lat' dir='ltr'><strong>cum</strong></span> <span class='ocrx_word' id='word_1_317' title='bbox 921 4961 1192 5033; x_wconf 82' lang='lat' dir='ltr'><strong>discipulis</strong></span> <span class='ocrx_word' id='word_1_318' title='bbox 1219 4959 1284 5012; x_wconf 90' lang='lat' dir='ltr'><strong>ad</strong></span> <span class='ocrx_word' id='word_1_319' title='bbox 1316 4952 1638 5023; x_wconf 79' lang='lat' dir='ltr'><strong>audiendum</strong></span> <span class='ocrx_word' id='word_1_320' title='bbox 1663 4945 1968 5003; x_wconf 85' lang='lat' dir='ltr'><strong>accedenti-</strong></span> 
     </span>
    </p>
   </div>
   <div class='ocr_carea' id='block_1_51' title="bbox 389 5039 1972 5125">
    <p class='ocr_par' dir='ltr' id='par_1_51' title="bbox 389 5039 1972 5125">
     <span class='ocr_line' id='line_1_51' title="bbox 389 5039 1972 5125; baseline -0.025 0"><span class='ocrx_word' id='word_1_321' title='bbox 389 5072 488 5125; x_wconf 90' lang='lat' dir='ltr'><strong>bus</strong></span> <span class='ocrx_word' id='word_1_322' title='bbox 521 5081 551 5120; x_wconf 88' lang='lat' dir='ltr'><strong>a</strong></span> <span class='ocrx_word' id='word_1_323' title='bbox 585 5063 810 5118; x_wconf 90' lang='lat' dir='ltr'><strong>Domino</strong></span> <span class='ocrx_word' id='word_1_324' title='bbox 851 5057 1047 5112; x_wconf 89' lang='lat' dir='ltr'><strong>dicitur</strong></span> <span class='ocrx_word' id='word_1_325' title='bbox 1077 5071 1089 5105; x_wconf 88' lang='lat'><strong>:</strong></span> <span class='ocrx_word' id='word_1_326' title='bbox 1126 5049 1225 5114; x_wconf 84' lang='lat' dir='ltr'><strong>Qui</strong></span> <span class='ocrx_word' id='word_1_327' title='bbox 1247 5048 1430 5102; x_wconf 80' lang='lat' dir='ltr'><strong>viderit</strong></span> <span class='ocrx_word' id='word_1_328' title='bbox 1457 5044 1720 5099; x_wconf 82' lang='lat' dir='ltr'><strong>mulierem</strong></span> <span class='ocrx_word' id='word_1_329' title='bbox 1750 5039 1818 5090; x_wconf 88' lang='lat' dir='ltr'><strong>ad</strong></span> <span class='ocrx_word' id='word_1_330' title='bbox 1845 5051 1972 5090; x_wconf 85' lang='lat' dir='ltr'><strong>con-</strong></span> 
     </span>
    </p>
   </div>
   <div class='ocr_carea' id='block_1_52' title="bbox 391 5129 1972 5232">
    <p class='ocr_par' dir='ltr' id='par_1_52' title="bbox 391 5129 1972 5232">
     <span class='ocr_line' id='line_1_52' title="bbox 391 5129 1972 5232; baseline -0.026 -15"><span class='ocrx_word' id='word_1_331' title='bbox 391 5158 771 5232; x_wconf 83' lang='lat' dir='ltr'><strong>cupiscendum,</strong></span> <span class='ocrx_word' id='word_1_332' title='bbox 811 5153 926 5223; x_wconf 83' lang='lat' dir='ltr'><strong>jam</strong></span> <span class='ocrx_word' id='word_1_333' title='bbox 973 5145 1252 5204; x_wconf 74' lang='lat' dir='ltr'><strong>mwchatus</strong></span> <span class='ocrx_word' id='word_1_334' title='bbox 1295 5146 1372 5194; x_wconf 85' lang='lat' dir='ltr'><strong>est</strong></span> <span class='ocrx_word' id='word_1_335' title='bbox 1420 5153 1534 5191; x_wconf 89' lang='lat' dir='ltr'><strong>eam</strong></span> <span class='ocrx_word' id='word_1_336' title='bbox 1581 5135 1635 5185; x_wconf 84' lang='lat' dir='ltr'><strong>in</strong></span> <span class='ocrx_word' id='word_1_337' title='bbox 1679 5129 1833 5183; x_wconf 83' lang='lat' dir='ltr'><strong>corde</strong></span> <span class='ocrx_word' id='word_1_338' title='bbox 1879 5142 1972 5178; x_wconf 80' lang='lat' dir='ltr'><strong>suo</strong></span> 
     </span>
    </p>
   </div>
   <div class='ocr_carea' id='block_1_53' title="bbox 394 5222 1977 5326">
    <p class='ocr_par' dir='ltr' id='par_1_53' title="bbox 394 5222 1977 5326">
     <span class='ocr_line' id='line_1_53' title="bbox 394 5222 1977 5326; baseline -0.024 -16"><span class='ocrx_word' id='word_1_339' title='bbox 394 5222 612 5326; x_wconf 72' lang='lat' dir='ltr'><strong>(dfattlt.</strong></span> <span class='ocrx_word' id='word_1_340' title='bbox 647 5265 705 5316; x_wconf 91' lang='lat' dir='ltr'><strong>v,</strong></span> <span class='ocrx_word' id='word_1_341' title='bbox 748 5222 859 5312; x_wconf 71' lang='lat' dir='ltr'><strong>l8).</strong></span> <span class='ocrx_word' id='word_1_342' title='bbox 893 5244 1025 5297; x_wconf 91' lang='lat' dir='ltr'><strong>Dum</strong></span> <span class='ocrx_word' id='word_1_343' title='bbox 1055 5239 1199 5294; x_wconf 90' lang='lat' dir='ltr'><strong>enim</strong></span> <span class='ocrx_word' id='word_1_344' title='bbox 1238 5235 1443 5290; x_wconf 87' lang='lat' dir='ltr'><strong>vultum</strong></span> <span class='ocrx_word' id='word_1_345' title='bbox 1491 5228 1632 5283; x_wconf 90' lang='lat' dir='ltr'><strong>illius</strong></span> <span class='ocrx_word' id='word_1_346' title='bbox 1671 5222 1977 5277; x_wconf 79' lang='lat' dir='ltr'><strong>considerat</strong></span> 
     </span>
    </p>
   </div>
   <div class='ocr_carea' id='block_1_54' title="bbox 396 5309 1977 5404">
    <p class='ocr_par' dir='ltr' id='par_1_54' title="bbox 396 5309 1977 5404">
     <span class='ocr_line' id='line_1_54' title="bbox 396 5309 1977 5404; baseline -0.027 -1"><span class='ocrx_word' id='word_1_347' title='bbox 396 5349 484 5404; x_wconf 90' lang='lat' dir='ltr'><strong>ille</strong></span> <span class='ocrx_word' id='word_1_348' title='bbox 511 5344 596 5400; x_wconf 90' lang='lat' dir='ltr'><strong>cui</strong></span> <span class='ocrx_word' id='word_1_349' title='bbox 622 5344 967 5397; x_wconf 86' lang='lat' dir='ltr'><strong>consecratus</strong></span> <span class='ocrx_word' id='word_1_350' title='bbox 996 5340 1097 5391; x_wconf 88' lang='lat' dir='ltr'><strong>est.</strong></span> <span class='ocrx_word' id='word_1_351' title='bbox 1127 5324 1421 5385; x_wconf 84' lang='lat' dir='ltr'><strong>verendum</strong></span> <span class='ocrx_word' id='word_1_352' title='bbox 1451 5326 1534 5374; x_wconf 85' lang='lat' dir='ltr'><strong>est</strong></span> <span class='ocrx_word' id='word_1_353' title='bbox 1563 5331 1630 5372; x_wconf 90' lang='lat' dir='ltr'><strong>ne</strong></span> <span class='ocrx_word' id='word_1_354' title='bbox 1659 5311 1895 5369; x_wconf 89' lang='lat' dir='ltr'><strong>inveniat</strong></span> <span class='ocrx_word' id='word_1_355' title='bbox 1924 5309 1977 5364; x_wconf 90' lang='lat' dir='ltr'><strong>in</strong></span> 
     </span>
    </p>
   </div>
   <div class='ocr_carea' id='block_1_55' title="bbox 401 5403 1978 5501">
    <p class='ocr_par' dir='ltr' id='par_1_55' title="bbox 401 5403 1978 5501">
     <span class='ocr_line' id='line_1_55' title="bbox 401 5403 1978 5501; baseline -0.026 -6"><span class='ocrx_word' id='word_1_356' title='bbox 401 5437 598 5500; x_wconf 73' lang='lat' dir='ltr'><strong>anima,</strong></span> <span class='ocrx_word' id='word_1_357' title='bbox 621 5429 766 5501; x_wconf 87' lang='lat' dir='ltr'><strong>quod</strong></span> <span class='ocrx_word' id='word_1_358' title='bbox 785 5424 1128 5482; x_wconf 86' lang='lat' dir='ltr'><strong>abominetur</strong></span> <span class='ocrx_word' id='word_1_359' title='bbox 1159 5437 1172 5470; x_wconf 88' lang='lat'><strong>:</strong></span> <span class='ocrx_word' id='word_1_360' title='bbox 1202 5432 1270 5471; x_wconf 91' lang='lat' dir='ltr'><strong>ne</strong></span> <span class='ocrx_word' id='word_1_361' title='bbox 1299 5415 1458 5479; x_wconf 79' lang='lat' dir='ltr'><strong>torte,</strong></span> <span class='ocrx_word' id='word_1_362' title='bbox 1485 5411 1634 5479; x_wconf 90' lang='lat' dir='ltr'><strong>juxta</strong></span> <span class='ocrx_word' id='word_1_363' title='bbox 1657 5403 1978 5460; x_wconf 88' lang='lat' dir='ltr'><strong>sententiam</strong></span> 
     </span>
    </p>
   </div>
   <div class='ocr_carea' id='block_1_56' title="bbox 401 5499 1984 5583">
    <p class='ocr_par' dir='ltr' id='par_1_56' title="bbox 401 5499 1984 5583">
     <span class='ocr_line' id='line_1_56' title="bbox 401 5499 1984 5583; baseline -0.023 -1"><span class='ocrx_word' id='word_1_364' title='bbox 401 5499 589 5582; x_wconf 83' lang='lat' dir='ltr'><strong>sancti</strong></span> <span class='ocrx_word' id='word_1_365' title='bbox 619 5499 779 5583; x_wconf 79' lang='lat' dir='ltr'><strong>Petri,</strong></span> <span class='ocrx_word' id='word_1_366' title='bbox 813 5518 1049 5572; x_wconf 88' lang='lat' dir='ltr'><strong>habeant</strong></span> <span class='ocrx_word' id='word_1_367' title='bbox 1093 5509 1280 5565; x_wconf 89' lang='lat' dir='ltr'><strong>oculos</strong></span> <span class='ocrx_word' id='word_1_368' title='bbox 1325 5503 1549 5558; x_wconf 74' lang='lat' dir='ltr'><strong>luxuriae</strong></span> <span class='ocrx_word' id='word_1_369' title='bbox 1596 5499 1785 5568; x_wconf 88' lang='lat' dir='ltr'><strong>plenos</strong></span> <span class='ocrx_word' id='word_1_370' title='bbox 1823 5503 1984 5563; x_wconf 85' lang='lat' dir='ltr'><strong>atque</strong></span> 
     </span>
    </p>
   </div>
   <div class='ocr_carea' id='block_1_57' title="bbox 401 5587 1989 5686">
    <p class='ocr_par' dir='ltr' id='par_1_57' title="bbox 401 5587 1989 5686">
     <span class='ocr_line' id='line_1_57' title="bbox 401 5587 1989 5686; baseline -0.022 -12"><span class='ocrx_word' id='word_1_371' title='bbox 401 5616 648 5674; x_wconf 75' lang='lat' dir='ltr'><strong>adulterii</strong></span> <span class='ocrx_word' id='word_1_372' title='bbox 680 5611 787 5686; x_wconf 86' lang='grc' dir='ltr'><strong>(ΙΙ</strong></span> <span class='ocrx_word' id='word_1_373' title='bbox 817 5609 965 5664; x_wconf 86' lang='lat' dir='ltr'><strong>Petr.</strong></span> <span class='ocrx_word' id='word_1_374' title='bbox 1023 5622 1079 5668; x_wconf 88' lang='lat' dir='ltr'><strong>ll,</strong></span> <span class='ocrx_word' id='word_1_375' title='bbox 1136 5599 1263 5670; x_wconf 73' lang='grc'><strong>14).</strong></span> <span class='ocrx_word' id='word_1_376' title='bbox 1297 5597 1364 5657; x_wconf 81' lang='lat' dir='ltr'><strong>Et</strong></span> <span class='ocrx_word' id='word_1_377' title='bbox 1391 5594 1520 5665; x_wconf 87' lang='lat' dir='ltr'><strong>quid</strong></span> <span class='ocrx_word' id='word_1_378' title='bbox 1572 5591 1794 5663; x_wconf 85' lang='lat' dir='ltr'><strong>prodest</strong></span> <span class='ocrx_word' id='word_1_379' title='bbox 1836 5587 1989 5656; x_wconf 86' lang='lat' dir='ltr'><strong>virgo</strong></span> 
     </span>
    </p>
   </div>
   <div class='ocr_carea' id='block_1_58' title="bbox 409 5677 1991 5780">
    <p class='ocr_par' dir='ltr' id='par_1_58' title="bbox 409 5677 1991 5780">
     <span class='ocr_line' id='line_1_58' title="bbox 409 5677 1991 5780; baseline -0.021 -16"><span class='ocrx_word' id='word_1_380' title='bbox 409 5694 657 5780; x_wconf 79' lang='lat' dir='ltr'><strong>corpore,</strong></span> <span class='ocrx_word' id='word_1_381' title='bbox 685 5705 730 5758; x_wconf 91' lang='lat' dir='ltr'><strong>si</strong></span> <span class='ocrx_word' id='word_1_382' title='bbox 760 5717 866 5756; x_wconf 90' lang='lat' dir='ltr'><strong>non</strong></span> <span class='ocrx_word' id='word_1_383' title='bbox 904 5699 976 5752; x_wconf 94' lang='lat' dir='ltr'><strong>sit</strong></span> <span class='ocrx_word' id='word_1_384' title='bbox 999 5697 1148 5763; x_wconf 78' lang='lat' dir='ltr'><strong>virgo</strong></span> <span class='ocrx_word' id='word_1_385' title='bbox 1189 5689 1416 5745; x_wconf 77' lang='lat' dir='ltr'><strong>mente?</strong></span> <span class='ocrx_word' id='word_1_386' title='bbox 1447 5687 1584 5740; x_wconf 84' lang='lat' dir='ltr'><strong>Deus</strong></span> <span class='ocrx_word' id='word_1_387' title='bbox 1612 5685 1755 5737; x_wconf 90' lang='lat' dir='ltr'><strong>enim</strong></span> <span class='ocrx_word' id='word_1_388' title='bbox 1780 5677 1991 5749; x_wconf 77' lang='lat' dir='ltr'><strong>spiritus</strong></span> 
     </span>
    </p>
   </div>
   <div class='ocr_carea' id='block_1_59' title="bbox 407 5777 1993 5869">
    <p class='ocr_par' dir='ltr' id='par_1_59' title="bbox 407 5777 1993 5869">
     <span class='ocr_line' id='line_1_59' title="bbox 407 5777 1993 5869; baseline -0.021 -14"><span class='ocrx_word' id='word_1_389' title='bbox 407 5777 682 5869; x_wconf 58' lang='lat' dir='ltr'><strong>(stiloan.</strong></span> <span class='ocrx_word' id='word_1_390' title='bbox 732 5809 806 5858; x_wconf 83' lang='lat' dir='ltr'><strong>tv,</strong></span> <span class='ocrx_word' id='word_1_391' title='bbox 847 5789 968 5855; x_wconf 66' lang='lat' dir='ltr'><strong>ii),</strong></span> <span class='ocrx_word' id='word_1_392' title='bbox 1009 5795 1065 5840; x_wconf 91' lang='lat' dir='ltr'><strong>et</strong></span> <span class='ocrx_word' id='word_1_393' title='bbox 1117 5786 1168 5838; x_wconf 91' lang='lat' dir='ltr'><strong>in</strong></span> <span class='ocrx_word' id='word_1_394' title='bbox 1215 5781 1406 5853; x_wconf 83' lang='lat' dir='ltr'><strong>spiritu</strong></span> <span class='ocrx_word' id='word_1_395' title='bbox 1453 5777 1662 5834; x_wconf 86' lang='lat' dir='ltr'><strong>habitat</strong></span> <span class='ocrx_word' id='word_1_396' title='bbox 1699 5788 1763 5828; x_wconf 87' lang='lat' dir='ltr'><strong>ac</strong></span> <span class='ocrx_word' id='word_1_397' title='bbox 1794 5777 1993 5833; x_wconf 88' lang='lat' dir='ltr'><strong>mente,</strong></span> 
     </span>
    </p>
   </div>
   <div class='ocr_carea' id='block_1_60' title="bbox 409 5862 2043 5965">
    <p class='ocr_par' dir='ltr' id='par_1_60' title="bbox 409 5862 2043 5965">
     <span class='ocr_line' id='line_1_60' title="bbox 409 5862 2043 5965; baseline -0.018 -19"><span class='ocrx_word' id='word_1_398' title='bbox 409 5906 572 5965; x_wconf 79' lang='lat' dir='ltr'><strong>quam</strong></span> <span class='ocrx_word' id='word_1_399' title='bbox 597 5881 993 5944; x_wconf 74' lang='lat' dir='ltr'><strong>immaculatum</strong></span> <span class='ocrx_word' id='word_1_400' title='bbox 1016 5875 1208 5932; x_wconf 80' lang='lat' dir='ltr'><strong>viderit</strong></span> <span class='ocrx_word' id='word_1_401' title='bbox 1233 5893 1246 5942; x_wconf 86' lang='lat'><strong>;</strong></span> <span class='ocrx_word' id='word_1_402' title='bbox 1277 5873 1328 5928; x_wconf 89' lang='lat' dir='ltr'><strong>in</strong></span> <span class='ocrx_word' id='word_1_403' title='bbox 1353 5889 1461 5946; x_wconf 85' lang='lat' dir='ltr'><strong>qua</strong></span> <span class='ocrx_word' id='word_1_404' title='bbox 1492 5870 1634 5926; x_wconf 80' lang='lat' dir='ltr'><strong>nulla</strong></span> <span class='ocrx_word' id='word_1_405' title='bbox 1665 5867 1732 5922; x_wconf 87' lang='lat' dir='ltr'><strong>sit</strong></span> <span class='ocrx_word' id='word_1_406' title='bbox 1756 5862 1997 5920; x_wconf 81' lang='lat' dir='ltr'><strong>adultera</strong></span> <span class='ocrx_word' id='word_1_407' title='bbox 2037 5889 2043 5896; x_wconf 58' lang='grc' dir='ltr'>ε</span> 
     </span>
    </p>
   </div>
   <div class='ocr_carea' id='block_1_61' title="bbox 1481 379 2306 461">
    <p class='ocr_par' dir='ltr' id='par_1_61' title="bbox 1481 379 2306 461">
     <span class='ocr_line' id='line_1_61' title="bbox 1481 379 2306 461; baseline -0.033 0"><span class='ocrx_word' id='word_1_408' title='bbox 1481 404 1539 461; x_wconf 87' lang='lat' dir='ltr'><strong>S.</strong></span> <span class='ocrx_word' id='word_1_409' title='bbox 1582 385 1976 456; x_wconf 67' lang='lat' dir='ltr'><strong>COLUMBANI</strong></span> <span class='ocrx_word' id='word_1_410' title='bbox 2015 379 2306 440; x_wconf 77' lang='lat' dir='ltr'><strong>ABBATIS</strong></span> 
     </span>
    </p>
   </div>
   <div class='ocr_carea' id='block_1_62' title="bbox 1061 465 3370 583">
    <p class='ocr_par' dir='ltr' id='par_1_62' title="bbox 1061 465 3370 583">
     <span class='ocr_line' id='line_1_62' title="bbox 1061 465 3370 583; baseline -0.028 -1"><span class='ocrx_word' id='word_1_411' title='bbox 1061 541 1123 583; x_wconf 91' lang='lat' dir='ltr'><strong>us</strong></span> <span class='ocrx_word' id='word_1_412' title='bbox 1163 523 1265 579; x_wconf 88' lang='lat' dir='ltr'><strong>erit</strong></span> <span class='ocrx_word' id='word_1_413' title='bbox 1295 539 1306 574; x_wconf 89' lang='lat'><strong>:</strong></span> <span class='ocrx_word' id='word_1_414' title='bbox 1337 519 1505 574; x_wconf 87' lang='lat' dir='ltr'><strong>virtus</strong></span> <span class='ocrx_word' id='word_1_415' title='bbox 1532 515 1677 570; x_wconf 87' lang='lat' dir='ltr'><strong>enim</strong></span> <span class='ocrx_word' id='word_1_416' title='bbox 1709 506 1875 564; x_wconf 90' lang='lat' dir='ltr'><strong>multa</strong></span> <span class='ocrx_word' id='word_1_417' title='bbox 1905 503 1951 560; x_wconf 83' lang='lat' dir='ltr'><strong>A</strong></span> <span class='ocrx_word' id='word_1_418' title='bbox 1981 494 2258 565; x_wconf 81' lang='lat' dir='ltr'><strong>cogitatio,</strong></span> <span class='ocrx_word' id='word_1_419' title='bbox 2304 489 2446 544; x_wconf 90' lang='lat' dir='ltr'><strong>nulla</strong></span> <span class='ocrx_word' id='word_1_420' title='bbox 2499 484 2718 556; x_wconf 87' lang='lat' dir='ltr'><strong>spiritus</strong></span> <span class='ocrx_word' id='word_1_421' title='bbox 2758 473 3088 547; x_wconf 88' lang='lat' dir='ltr'><strong>colnquinati</strong></span> <span class='ocrx_word' id='word_1_422' title='bbox 3139 465 3370 531; x_wconf 88' lang='lat' dir='ltr'><strong>macula,</strong></span> 
     </span>
    </p>
   </div>
   <div class='ocr_carea' id='block_1_63' title="bbox 305 584 2388 697">
    <p class='ocr_par' dir='ltr' id='par_1_63' title="bbox 305 584 2388 697">
     <span class='ocr_line' id='line_1_63' title="bbox 305 584 2388 697; baseline -0.03 0"><span class='ocrx_word' id='word_1_423' title='bbox 305 584 778 697; x_wconf 50' lang='lat' dir='ltr'><strong>b‘ona‘ei</strong></span> <span class='ocrx_word' id='word_1_424' title='bbox 807 584 1068 682; x_wconf 71' lang='lat' dir='ltr'><strong>continet.</strong></span> <span class='ocrx_word' id='word_1_425' title='bbox 1100 617 1244 684; x_wconf 84' lang='lat' dir='ltr'><strong>Ergo</strong></span> <span class='ocrx_word' id='word_1_426' title='bbox 1269 610 1511 682; x_wconf 85' lang='lat' dir='ltr'><strong>quotidie</strong></span> <span class='ocrx_word' id='word_1_427' title='bbox 1530 600 1881 676; x_wconf 85' lang='lat' dir='ltr'><strong>jejnnandum</strong></span> <span class='ocrx_word' id='word_1_428' title='bbox 1984 586 2190 659; x_wconf 86' lang='lat' dir='ltr'><strong>peccati</strong></span> <span class='ocrx_word' id='word_1_429' title='bbox 2222 584 2388 638; x_wconf 87' lang='lat' dir='ltr'><strong>labes.</strong></span> 
     </span>
    </p>
   </div>
   <div class='ocr_carea' id='block_1_64' title="bbox 1958 3239 2005 3301">
    <p class='ocr_par' dir='ltr' id='par_1_64' title="bbox 1958 3239 2005 3301">
     <span class='ocr_line' id='line_1_64' title="bbox 1958 3239 2005 3301; baseline -0.043 1"><span class='ocrx_word' id='word_1_430' title='bbox 1958 3239 2005 3301; x_wconf 85' lang='lat' dir='ltr'><strong>C</strong></span> 
     </span>
    </p>
   </div>
   <div class='ocr_carea' id='block_1_65' title="bbox 3457 349 3563 402">
    <p class='ocr_par' dir='ltr' id='par_1_65' title="bbox 3457 349 3563 402">
     <span class='ocr_line' id='line_1_65' title="bbox 3457 349 3563 402; baseline 0 0"><span class='ocrx_word' id='word_1_431' title='bbox 3457 349 3563 402; x_wconf 63' lang='grc' dir='ltr'><strong>ἐνὶ</strong></span> 
     </span>
    </p>
   </div>
   <div class='ocr_carea' id='block_1_66' title="bbox 3421 461 3563 516">
    <p class='ocr_par' dir='ltr' id='par_1_66' title="bbox 3421 461 3563 516">
     <span class='ocr_line' id='line_1_66' title="bbox 3421 461 3563 516; baseline -0.028 0"><span class='ocrx_word' id='word_1_432' title='bbox 3421 461 3563 516; x_wconf 89' lang='lat' dir='ltr'><strong>nulla</strong></span> 
     </span>
    </p>
   </div>
   <div class='ocr_carea' id='block_1_67' title="bbox 2586 636 2961 702">
    <p class='ocr_par' dir='ltr' id='par_1_67' title="bbox 2586 636 2961 702">
     <span class='ocr_line' id='line_1_67' title="bbox 2586 636 2961 702; baseline -0.024 -1"><span class='ocrx_word' id='word_1_433' title='bbox 2586 641 2812 702; x_wconf 79' lang='lat' dir='ltr'><strong>CAPUT</strong></span> <span class='ocrx_word' id='word_1_434' title='bbox 2851 636 2961 693; x_wconf 81' lang='lat' dir='ltr'><strong>Vll.</strong></span> 
     </span>
    </p>
   </div>
   <div class='ocr_carea' id='block_1_68' title="bbox 2452 729 3101 799">
    <p class='ocr_par' dir='ltr' id='par_1_68' title="bbox 2452 729 3101 799">
     <span class='ocr_line' id='line_1_68' title="bbox 2452 729 3101 799; baseline -0.025 -8"><span class='ocrx_word' id='word_1_435' title='bbox 2452 735 2532 790; x_wconf 78' lang='lat' dir='ltr'><strong>De</strong></span> <span class='ocrx_word' id='word_1_436' title='bbox 2576 749 2729 788; x_wconf 75' lang='lat' dir='ltr'><strong>cursu</strong></span> <span class='ocrx_word' id='word_1_437' title='bbox 2766 729 3101 799; x_wconf 76' lang='lat' dir='ltr'><strong>psalmorum.</strong></span> 
     </span>
    </p>
   </div>
   <div class='ocr_carea' id='block_1_69' title="bbox 2059 807 3573 903">
    <p class='ocr_par' dir='ltr' id='par_1_69' title="bbox 2059 807 3573 903">
     <span class='ocr_line' id='line_1_69' title="bbox 2059 807 3573 903; baseline -0.024 -14"><span class='ocrx_word' id='word_1_438' title='bbox 2059 833 2136 887; x_wconf 90' lang='lat' dir='ltr'><strong>De</strong></span> <span class='ocrx_word' id='word_1_439' title='bbox 2171 831 2362 903; x_wconf 79' lang='lat' dir='ltr'><strong>synaxi</strong></span> <span class='ocrx_word' id='word_1_440' title='bbox 2412 841 2564 891; x_wconf 86' lang='lat' dir='ltr'><strong>vero,</strong></span> <span class='ocrx_word' id='word_1_441' title='bbox 2596 823 2647 877; x_wconf 89' lang='lat' dir='ltr'><strong>id</strong></span> <span class='ocrx_word' id='word_1_442' title='bbox 2696 829 2780 876; x_wconf 92' lang='lat' dir='ltr'><strong>est</strong></span> <span class='ocrx_word' id='word_1_443' title='bbox 2825 819 2893 872; x_wconf 92' lang='lat' dir='ltr'><strong>de</strong></span> <span class='ocrx_word' id='word_1_444' title='bbox 2939 828 3097 869; x_wconf 89' lang='lat' dir='ltr'><strong>cursu</strong></span> <span class='ocrx_word' id='word_1_445' title='bbox 3146 807 3474 880; x_wconf 86' lang='lat' dir='ltr'><strong>psalmorum</strong></span> <span class='ocrx_word' id='word_1_446' title='bbox 3517 809 3573 854; x_wconf 88' lang='lat' dir='ltr'><strong>et</strong></span> 
     </span>
    </p>
   </div>
   <div class='ocr_carea' id='block_1_70' title="bbox 1988 899 3571 981">
    <p class='ocr_par' dir='ltr' id='par_1_70' title="bbox 1988 899 3571 981">
     <span class='ocr_line' id='line_1_70' title="bbox 1988 899 3571 981; baseline -0.021 0"><span class='ocrx_word' id='word_1_447' title='bbox 1988 924 2294 981; x_wconf 86' lang='lat' dir='ltr'><strong>orationum</strong></span> <span class='ocrx_word' id='word_1_448' title='bbox 2344 918 2505 974; x_wconf 89' lang='lat' dir='ltr'><strong>modo</strong></span> <span class='ocrx_word' id='word_1_449' title='bbox 2528 913 2788 971; x_wconf 89' lang='lat' dir='ltr'><strong>canonico</strong></span> <span class='ocrx_word' id='word_1_450' title='bbox 2809 906 3056 980; x_wconf 59' lang='lat' dir='ltr'><strong>quadam</strong></span> <span class='ocrx_word' id='word_1_451' title='bbox 3091 911 3216 958; x_wconf 86' lang='lat' dir='ltr'><strong>sunt</strong></span> <span class='ocrx_word' id='word_1_452' title='bbox 3243 899 3571 966; x_wconf 55' lang='lat' dir='ltr'><strong>distinguenv</strong></span> 
     </span>
    </p>
   </div>
   <div class='ocr_carea' id='block_1_71' title="bbox 1993 989 3556 1084">
    <p class='ocr_par' dir='ltr' id='par_1_71' title="bbox 1993 989 3556 1084">
     <span class='ocr_line' id='line_1_71' title="bbox 1993 989 3556 1084; baseline -0.021 -13"><span class='ocrx_word' id='word_1_453' title='bbox 1993 1016 2081 1078; x_wconf 84' lang='lat' dir='ltr'><strong>da,</strong></span> <span class='ocrx_word' id='word_1_454' title='bbox 2103 1013 2226 1084; x_wconf 82' lang='lat' dir='ltr'><strong>quia</strong></span> <span class='ocrx_word' id='word_1_455' title='bbox 2250 1010 2394 1066; x_wconf 87' lang='lat' dir='ltr'><strong>varie</strong></span> <span class='ocrx_word' id='word_1_456' title='bbox 2419 1024 2452 1064; x_wconf 88' lang='lat' dir='ltr'><strong>a</strong></span> <span class='ocrx_word' id='word_1_457' title='bbox 2471 1006 2696 1063; x_wconf 77' lang='lat' dir='ltr'><strong>diversis</strong></span> <span class='ocrx_word' id='word_1_458' title='bbox 2719 997 2992 1057; x_wconf 71' lang='lat' dir='ltr'><strong>memoria:</strong></span> <span class='ocrx_word' id='word_1_459' title='bbox 3015 995 3085 1050; x_wconf 90' lang='lat' dir='ltr'><strong>de</strong></span> <span class='ocrx_word' id='word_1_460' title='bbox 3103 1008 3171 1048; x_wconf 90' lang='lat' dir='ltr'><strong>eo</strong></span> <span class='ocrx_word' id='word_1_461' title='bbox 3194 989 3445 1045; x_wconf 81' lang='lat' dir='ltr'><strong>traditum</strong></span> <span class='ocrx_word' id='word_1_462' title='bbox 3473 993 3556 1040; x_wconf 83' lang='lat' dir='ltr'><strong>est</strong></span> 
     </span>
    </p>
   </div>
   <div class='ocr_carea' id='block_1_72' title="bbox 1994 1076 3582 1172">
    <p class='ocr_par' dir='ltr' id='par_1_72' title="bbox 1994 1076 3582 1172">
     <span class='ocr_line' id='line_1_72' title="bbox 1994 1076 3582 1172; baseline -0.021 -10"><span class='ocrx_word' id='word_1_463' title='bbox 1994 1107 2120 1162; x_wconf 83' lang='lat' dir='ltr'><strong>ideo</strong></span> <span class='ocrx_word' id='word_1_464' title='bbox 2154 1104 2305 1172; x_wconf 81' lang='lat' dir='ltr'><strong>juxta</strong></span> <span class='ocrx_word' id='word_1_465' title='bbox 2347 1101 2470 1156; x_wconf 74' lang='lat' dir='ltr'><strong>vita:</strong></span> <span class='ocrx_word' id='word_1_466' title='bbox 2498 1097 2809 1168; x_wconf 86' lang='lat' dir='ltr'><strong>qualitatem</strong></span> <span class='ocrx_word' id='word_1_467' title='bbox 2851 1106 2916 1145; x_wconf 88' lang='lat' dir='ltr'><strong>ac</strong></span> <span class='ocrx_word' id='word_1_468' title='bbox 2955 1097 3258 1154; x_wconf 87' lang='lat' dir='ltr'><strong>temporum</strong></span> <span class='ocrx_word' id='word_1_469' title='bbox 3286 1076 3582 1136; x_wconf 83' lang='lat' dir='ltr'><strong>successio-</strong></span> 
     </span>
    </p>
   </div>
   <div class='ocr_carea' id='block_1_73' title="bbox 1997 1165 3579 1258">
    <p class='ocr_par' dir='ltr' id='par_1_73' title="bbox 1997 1165 3579 1258">
     <span class='ocr_line' id='line_1_73' title="bbox 1997 1165 3579 1258; baseline -0.02 -8"><span class='ocrx_word' id='word_1_470' title='bbox 1997 1212 2120 1252; x_wconf 89' lang='lat' dir='ltr'><strong>nem</strong></span> <span class='ocrx_word' id='word_1_471' title='bbox 2146 1196 2292 1250; x_wconf 89' lang='lat' dir='ltr'><strong>varie</strong></span> <span class='ocrx_word' id='word_1_472' title='bbox 2321 1207 2350 1245; x_wconf 90' lang='lat' dir='ltr'><strong>a</strong></span> <span class='ocrx_word' id='word_1_473' title='bbox 2382 1205 2470 1245; x_wconf 90' lang='lat' dir='ltr'><strong>me</strong></span> <span class='ocrx_word' id='word_1_474' title='bbox 2497 1200 2714 1258; x_wconf 90' lang='lat' dir='ltr'><strong>quoque</strong></span> <span class='ocrx_word' id='word_1_475' title='bbox 2740 1179 2935 1238; x_wconf 88' lang='lat' dir='ltr'><strong>litteris</strong></span> <span class='ocrx_word' id='word_1_476' title='bbox 2962 1175 3262 1232; x_wconf 87' lang='lat' dir='ltr'><strong>insinuetur</strong></span> <span class='ocrx_word' id='word_1_477' title='bbox 3291 1169 3394 1224; x_wconf 88' lang='lat' dir='ltr'><strong>hoc</strong></span> <span class='ocrx_word' id='word_1_478' title='bbox 3416 1165 3579 1221; x_wconf 87' lang='lat' dir='ltr'><strong>idem.</strong></span> 
     </span>
    </p>
   </div>
   <div class='ocr_carea' id='block_1_74' title="bbox 1997 1263 3584 1343">
    <p class='ocr_par' dir='ltr' id='par_1_74' title="bbox 1997 1263 3584 1343">
     <span class='ocr_line' id='line_1_74' title="bbox 1997 1263 3584 1343; baseline -0.022 1"><span class='ocrx_word' id='word_1_479' title='bbox 1997 1288 2116 1343; x_wconf 80' lang='lat' dir='ltr'><strong>Non</strong></span> <span class='ocrx_word' id='word_1_480' title='bbox 2163 1284 2305 1342; x_wconf 86' lang='lat' dir='ltr'><strong>enim</strong></span> <span class='ocrx_word' id='word_1_481' title='bbox 2340 1278 2619 1336; x_wconf 85' lang='lat' dir='ltr'><strong>uniformis</strong></span> <span class='ocrx_word' id='word_1_482' title='bbox 2648 1288 2770 1332; x_wconf 86' lang='lat' dir='ltr'><strong>esse</strong></span> <span class='ocrx_word' id='word_1_483' title='bbox 2805 1271 2967 1326; x_wconf 86' lang='lat' dir='ltr'><strong>debet</strong></span> <span class='ocrx_word' id='word_1_484' title='bbox 3009 1283 3108 1338; x_wconf 89' lang='lat' dir='ltr'><strong>pro</strong></span> <span class='ocrx_word' id='word_1_485' title='bbox 3144 1263 3421 1333; x_wconf 82' lang='lat' dir='ltr'><strong>reciproca</strong></span> <span class='ocrx_word' id='word_1_486' title='bbox 3449 1265 3584 1312; x_wconf 77' lang='lat' dir='ltr'><strong>tem-</strong></span> 
     </span>
    </p>
   </div>
   <div class='ocr_carea' id='block_1_75' title="bbox 2001 1356 3583 1448">
    <p class='ocr_par' dir='ltr' id='par_1_75' title="bbox 2001 1356 3583 1448">
     <span class='ocr_line' id='line_1_75' title="bbox 2001 1356 3583 1448; baseline -0.019 -14"><span class='ocrx_word' id='word_1_487' title='bbox 2001 1393 2190 1448; x_wconf 90' lang='lat' dir='ltr'><strong>porum</strong></span> <span class='ocrx_word' id='word_1_488' title='bbox 2213 1372 2573 1430; x_wconf 79' lang='lat' dir='ltr'><strong>alternatione</strong></span> <span class='ocrx_word' id='word_1_489' title='bbox 2598 1387 2610 1421; x_wconf 89' lang='lat'><strong>:</strong></span> <span class='ocrx_word' id='word_1_490' title='bbox 2635 1365 2847 1433; x_wconf 86' lang='lat' dir='ltr'><strong>longior</strong></span> <span class='ocrx_word' id='word_1_491' title='bbox 2875 1360 3017 1418; x_wconf 89' lang='lat' dir='ltr'><strong>enim</strong></span> <span class='ocrx_word' id='word_1_492' title='bbox 3041 1372 3140 1429; x_wconf 89' lang='lat' dir='ltr'><strong>per</strong></span> <span class='ocrx_word' id='word_1_493' title='bbox 3160 1356 3347 1423; x_wconf 78' lang='lat' dir='ltr'><strong>longas</strong></span> <span class='ocrx_word' id='word_1_494' title='bbox 3375 1356 3583 1404; x_wconf 80' lang='lat' dir='ltr'><strong>noctes.</strong></span> 
     </span>
    </p>
   </div>
   <div class='ocr_carea' id='block_1_76' title="bbox 2001 1436 3592 1537">
    <p class='ocr_par' dir='ltr' id='par_1_76' title="bbox 2001 1436 3592 1537">
     <span class='ocr_line' id='line_1_76' title="bbox 2001 1436 3592 1537; baseline -0.022 -13"><span class='ocrx_word' id='word_1_495' title='bbox 2001 1467 2324 1537; x_wconf 86' lang='lat' dir='ltr'><strong>breviorque</strong></span> <span class='ocrx_word' id='word_1_496' title='bbox 2371 1477 2468 1534; x_wconf 91' lang='lat' dir='ltr'><strong>per</strong></span> <span class='ocrx_word' id='word_1_497' title='bbox 2507 1461 2698 1516; x_wconf 89' lang='lat' dir='ltr'><strong>breves</strong></span> <span class='ocrx_word' id='word_1_498' title='bbox 2740 1467 2859 1510; x_wconf 89' lang='lat' dir='ltr'><strong>esse</strong></span> <span class='ocrx_word' id='word_1_499' title='bbox 2906 1448 3176 1508; x_wconf 90' lang='lat' dir='ltr'><strong>convenit.</strong></span> <span class='ocrx_word' id='word_1_500' title='bbox 3211 1444 3338 1499; x_wconf 81' lang='lat' dir='ltr'><strong>[nde</strong></span> <span class='ocrx_word' id='word_1_501' title='bbox 3365 1449 3420 1496; x_wconf 91' lang='lat' dir='ltr'><strong>et</strong></span> <span class='ocrx_word' id='word_1_502' title='bbox 3447 1436 3592 1508; x_wconf 80' lang='lat' dir='ltr'><strong>apud</strong></span> 
     </span>
    </p>
   </div>
   <div class='ocr_carea' id='block_1_77' title="bbox 2003 1531 3595 1618">
    <p class='ocr_par' dir='ltr' id='par_1_77' title="bbox 2003 1531 3595 1618">
     <span class='ocr_line' id='line_1_77' title="bbox 2003 1531 3595 1618; baseline -0.021 -1"><span class='ocrx_word' id='word_1_503' title='bbox 2003 1561 2247 1618; x_wconf 85' lang='lat' dir='ltr'><strong>seniores</strong></span> <span class='ocrx_word' id='word_1_504' title='bbox 2263 1565 2478 1613; x_wconf 84' lang='lat' dir='ltr'><strong>nostros</strong></span> <span class='ocrx_word' id='word_1_505' title='bbox 2502 1553 2570 1608; x_wconf 88' lang='lat' dir='ltr'><strong>ab</strong></span> <span class='ocrx_word' id='word_1_506' title='bbox 2593 1559 2788 1607; x_wconf 88' lang='lat' dir='ltr'><strong>octavo</strong></span> <span class='ocrx_word' id='word_1_507' title='bbox 2803 1541 3073 1601; x_wconf 81' lang='lat' dir='ltr'><strong>Kalendas</strong></span> <span class='ocrx_word' id='word_1_508' title='bbox 3094 1537 3241 1604; x_wconf 81' lang='lat' dir='ltr'><strong>Julii,</strong></span> <span class='ocrx_word' id='word_1_509' title='bbox 3261 1550 3388 1592; x_wconf 86' lang='lat' dir='ltr'><strong>cum</strong></span> <span class='ocrx_word' id='word_1_510' title='bbox 3414 1531 3595 1587; x_wconf 84' lang='lat' dir='ltr'><strong>noctis</strong></span> 
     </span>
    </p>
   </div>
   <div class='ocr_carea' id='block_1_78' title="bbox 2005 1621 3595 1722">
    <p class='ocr_par' dir='ltr' id='par_1_78' title="bbox 2005 1621 3595 1722">
     <span class='ocr_line' id='line_1_78' title="bbox 2005 1621 3595 1722; baseline -0.023 -14"><span class='ocrx_word' id='word_1_511' title='bbox 2005 1657 2292 1722; x_wconf 84' lang='lat' dir='ltr'><strong>augmento</strong></span> <span class='ocrx_word' id='word_1_512' title='bbox 2308 1645 2510 1703; x_wconf 84' lang='lat' dir='ltr'><strong>sensim</strong></span> <span class='ocrx_word' id='word_1_513' title='bbox 2536 1641 2722 1711; x_wconf 89' lang='lat' dir='ltr'><strong>incipit</strong></span> <span class='ocrx_word' id='word_1_514' title='bbox 2744 1649 2992 1694; x_wconf 88' lang='lat' dir='ltr'><strong>crescere</strong></span> <span class='ocrx_word' id='word_1_515' title='bbox 3018 1644 3228 1694; x_wconf 84' lang='lat' dir='ltr'><strong>cursus,</strong></span> <span class='ocrx_word' id='word_1_516' title='bbox 3252 1643 3284 1681; x_wconf 84' lang='lat' dir='ltr'><strong>a</strong></span> <span class='ocrx_word' id='word_1_517' title='bbox 3307 1621 3595 1681; x_wconf 82' lang='lat' dir='ltr'><strong>duodecim</strong></span> 
     </span>
    </p>
   </div>
   <div class='ocr_carea' id='block_1_79' title="bbox 2007 1710 3597 1800">
    <p class='ocr_par' dir='ltr' id='par_1_79' title="bbox 2007 1710 3597 1800">
     <span class='ocr_line' id='line_1_79' title="bbox 2007 1710 3597 1800; baseline -0.024 0"><span class='ocrx_word' id='word_1_518' title='bbox 2007 1741 2187 1800; x_wconf 89' lang='lat' dir='ltr'><strong>choris</strong></span> <span class='ocrx_word' id='word_1_519' title='bbox 2224 1735 2527 1796; x_wconf 85' lang='lat' dir='ltr'><strong>brevissimi</strong></span> <span class='ocrx_word' id='word_1_520' title='bbox 2557 1732 2721 1795; x_wconf 89' lang='lat' dir='ltr'><strong>modi,</strong></span> <span class='ocrx_word' id='word_1_521' title='bbox 2758 1731 2810 1784; x_wconf 90' lang='lat' dir='ltr'><strong>in</strong></span> <span class='ocrx_word' id='word_1_522' title='bbox 2857 1734 3019 1781; x_wconf 89' lang='lat' dir='ltr'><strong>nocte</strong></span> <span class='ocrx_word' id='word_1_523' title='bbox 3048 1719 3256 1778; x_wconf 81' lang='lat' dir='ltr'><strong>sabbati</strong></span> <span class='ocrx_word' id='word_1_524' title='bbox 3286 1717 3401 1771; x_wconf 89' lang='lat' dir='ltr'><strong>sive</strong></span> <span class='ocrx_word' id='word_1_525' title='bbox 3419 1710 3597 1768; x_wconf 85' lang='lat' dir='ltr'><strong>Domi-</strong></span> 
     </span>
    </p>
   </div>
   <div class='ocr_carea' id='block_1_80' title="bbox 2011 1803 3590 1902">
    <p class='ocr_par' dir='ltr' id='par_1_80' title="bbox 2011 1803 3590 1902">
     <span class='ocr_line' id='line_1_80' title="bbox 2011 1803 3590 1902; baseline -0.022 -12"><span class='ocrx_word' id='word_1_526' title='bbox 2011 1834 2165 1899; x_wconf 82' lang='lat' dir='ltr'><strong>nicae,</strong></span> <span class='ocrx_word' id='word_1_527' title='bbox 2198 1845 2367 1902; x_wconf 87' lang='lat' dir='ltr'><strong>usque</strong></span> <span class='ocrx_word' id='word_1_528' title='bbox 2395 1827 2464 1882; x_wconf 89' lang='lat' dir='ltr'><strong>ad</strong></span> <span class='ocrx_word' id='word_1_529' title='bbox 2491 1826 2697 1881; x_wconf 81' lang='lat' dir='ltr'><strong>initium</strong></span> <span class='ocrx_word' id='word_1_530' title='bbox 2728 1819 2940 1880; x_wconf 88' lang='lat' dir='ltr'><strong>hiemis.</strong></span> <span class='ocrx_word' id='word_1_531' title='bbox 2987 1814 3040 1870; x_wconf 90' lang='lat' dir='ltr'><strong>id</strong></span> <span class='ocrx_word' id='word_1_532' title='bbox 3070 1822 3152 1868; x_wconf 91' lang='lat' dir='ltr'><strong>est</strong></span> <span class='ocrx_word' id='word_1_533' title='bbox 3181 1805 3450 1864; x_wconf 80' lang='lat' dir='ltr'><strong>Kalendas</strong></span> <span class='ocrx_word' id='word_1_534' title='bbox 3479 1803 3590 1856; x_wconf 83' lang='lat' dir='ltr'><strong>No-</strong></span> 
     </span>
    </p>
   </div>
   <div class='ocr_carea' id='block_1_81' title="bbox 2009 1895 3594 1992">
    <p class='ocr_par' dir='ltr' id='par_1_81' title="bbox 2009 1895 3594 1992">
     <span class='ocr_line' id='line_1_81' title="bbox 2009 1895 3594 1992; baseline -0.023 -10"><span class='ocrx_word' id='word_1_535' title='bbox 2009 1895 2363 1989; x_wconf 25' lang='lat' dir='ltr'><strong>vembrisiin</strong></span> <span class='ocrx_word' id='word_1_536' title='bbox 2391 1918 2600 1992; x_wconf 12' lang='lat' dir='ltr'><strong>quibus.</strong></span> <span class='ocrx_word' id='word_1_537' title='bbox 2623 1913 2810 1983; x_wconf 85' lang='lat' dir='ltr'><strong>viginti</strong></span> <span class='ocrx_word' id='word_1_538' title='bbox 2851 1908 3090 1979; x_wconf 84' lang='lat' dir='ltr'><strong>quinque</strong></span> <span class='ocrx_word' id='word_1_539' title='bbox 3118 1908 3318 1959; x_wconf 83' lang='lat' dir='ltr'><strong>canunt</strong></span> <span class='ocrx_word' id='word_1_540' title='bbox 3343 1895 3594 1964; x_wconf 71' lang='lat' dir='ltr'><strong>antipha-</strong></span> 
     </span>
    </p>
   </div>
   <div class='ocr_carea' id='block_1_82' title="bbox 2013 1993 3602 2087">
    <p class='ocr_par' dir='ltr' id='par_1_82' title="bbox 2013 1993 3602 2087">
     <span class='ocr_line' id='line_1_82' title="bbox 2013 1993 3602 2087; baseline -0.025 -12"><span class='ocrx_word' id='word_1_541' title='bbox 2013 2033 2113 2073; x_wconf 88' lang='lat' dir='ltr'><strong>nas</strong></span> <span class='ocrx_word' id='word_1_542' title='bbox 2155 2016 2486 2087; x_wconf 86' lang='lat' dir='ltr'><strong>psalmorum</strong></span> <span class='ocrx_word' id='word_1_543' title='bbox 2525 2005 2766 2077; x_wconf 77' lang='lat' dir='ltr'><strong>ejusdem</strong></span> <span class='ocrx_word' id='word_1_544' title='bbox 2808 1997 3057 2062; x_wconf 89' lang='lat' dir='ltr'><strong>numeri;</strong></span> <span class='ocrx_word' id='word_1_545' title='bbox 3103 1993 3195 2062; x_wconf 87' lang='lat' dir='ltr'><strong>qui</strong></span> <span class='ocrx_word' id='word_1_546' title='bbox 3243 2001 3456 2056; x_wconf 82' lang='lat' dir='ltr'><strong>semper</strong></span> <span class='ocrx_word' id='word_1_547' title='bbox 3486 1993 3602 2037; x_wconf 89' lang='lat' dir='ltr'><strong>tres</strong></span> 
     </span>
    </p>
   </div>
   <div class='ocr_carea' id='block_1_83' title="bbox 2015 2170 3608 2260">
    <p class='ocr_par' dir='ltr' id='par_1_83' title="bbox 2015 2170 3608 2260">
     <span class='ocr_line' id='line_1_83' title="bbox 2015 2170 3608 2260; baseline -0.026 -3"><span class='ocrx_word' id='word_1_548' title='bbox 2015 2203 2157 2258; x_wconf 88' lang='lat' dir='ltr'><strong>inter</strong></span> <span class='ocrx_word' id='word_1_549' title='bbox 2207 2195 2340 2251; x_wconf 81' lang='lat' dir='ltr'><strong>duas</strong></span> <span class='ocrx_word' id='word_1_550' title='bbox 2391 2205 2554 2260; x_wconf 83' lang='lat' dir='ltr'><strong>supra</strong></span> <span class='ocrx_word' id='word_1_551' title='bbox 2605 2185 2782 2241; x_wconf 85' lang='lat' dir='ltr'><strong>dictas</strong></span> <span class='ocrx_word' id='word_1_552' title='bbox 2820 2187 3007 2235; x_wconf 84' lang='lat' dir='ltr'><strong>noctes</strong></span> <span class='ocrx_word' id='word_1_553' title='bbox 3054 2184 3335 2228; x_wconf 89' lang='lat' dir='ltr'><strong>numerum</strong></span> <span class='ocrx_word' id='word_1_554' title='bbox 3387 2170 3608 2221; x_wconf 82' lang='lat' dir='ltr'><strong>cantent</strong></span> 
     </span>
    </p>
   </div>
   <div class='ocr_carea' id='block_1_84' title="bbox 2016 2257 3608 2350">
    <p class='ocr_par' dir='ltr' id='par_1_84' title="bbox 2016 2257 3608 2350">
     <span class='ocr_line' id='line_1_84' title="bbox 2016 2257 3608 2350; baseline -0.028 0"><span class='ocrx_word' id='word_1_555' title='bbox 2016 2289 2305 2350; x_wconf 89' lang='lat' dir='ltr'><strong>duodecim</strong></span> <span class='ocrx_word' id='word_1_556' title='bbox 2353 2257 2557 2347; x_wconf 81' lang='lat' dir='ltr'><strong>choris,</strong></span> <span class='ocrx_word' id='word_1_557' title='bbox 2603 2285 2826 2334; x_wconf 72' lang='lat' dir='ltr'><strong>cteteras</strong></span> <span class='ocrx_word' id='word_1_558' title='bbox 2858 2274 3222 2338; x_wconf 87' lang='lat' dir='ltr'><strong>temperantes</strong></span> <span class='ocrx_word' id='word_1_559' title='bbox 3271 2267 3384 2315; x_wconf 87' lang='lat' dir='ltr'><strong>tota</strong></span> <span class='ocrx_word' id='word_1_560' title='bbox 3429 2257 3608 2311; x_wconf 85' lang='lat' dir='ltr'><strong>hieme</strong></span> 
     </span>
    </p>
   </div>
   <div class='ocr_carea' id='block_1_85' title="bbox 2020 2345 3638 2446">
    <p class='ocr_par' dir='ltr' id='par_1_85' title="bbox 2020 2345 3638 2446">
     <span class='ocr_line' id='line_1_85' title="bbox 2020 2345 3638 2446; baseline -0.027 -7"><span class='ocrx_word' id='word_1_561' title='bbox 2020 2391 2235 2444; x_wconf 88' lang='lat' dir='ltr'><strong>noctes;</strong></span> <span class='ocrx_word' id='word_1_562' title='bbox 2269 2392 2377 2446; x_wconf 86' lang='lat' dir='ltr'><strong>qua</strong></span> <span class='ocrx_word' id='word_1_563' title='bbox 2415 2373 2563 2427; x_wconf 89' lang='lat' dir='ltr'><strong>linita</strong></span> <span class='ocrx_word' id='word_1_564' title='bbox 2607 2383 2702 2440; x_wconf 91' lang='lat' dir='ltr'><strong>per</strong></span> <span class='ocrx_word' id='word_1_565' title='bbox 2732 2379 2825 2419; x_wconf 91' lang='lat' dir='ltr'><strong>ver</strong></span> <span class='ocrx_word' id='word_1_566' title='bbox 2851 2361 3050 2417; x_wconf 89' lang='lat' dir='ltr'><strong>sensim</strong></span> <span class='ocrx_word' id='word_1_567' title='bbox 3080 2371 3175 2426; x_wconf 89' lang='lat' dir='ltr'><strong>per</strong></span> <span class='ocrx_word' id='word_1_568' title='bbox 3202 2349 3440 2420; x_wconf 88' lang='lat' dir='ltr'><strong>singulas</strong></span> <span class='ocrx_word' id='word_1_569' title='bbox 3468 2345 3638 2400; x_wconf 85' lang='lat' dir='ltr'><strong>heb-.</strong></span> 
     </span>
    </p>
   </div>
   <div class='ocr_carea' id='block_1_86' title="bbox 2022 2438 3607 2532">
    <p class='ocr_par' dir='ltr' id='par_1_86' title="bbox 2022 2438 3607 2532">
     <span class='ocr_line' id='line_1_86' title="bbox 2022 2438 3607 2532; baseline -0.025 -3"><span class='ocrx_word' id='word_1_570' title='bbox 2022 2438 2300 2530; x_wconf 44' lang='lat' dir='ltr'><strong>domadas-</strong></span> <span class='ocrx_word' id='word_1_571' title='bbox 2315 2467 2452 2523; x_wconf 87' lang='lat' dir='ltr'><strong>terni</strong></span> <span class='ocrx_word' id='word_1_572' title='bbox 2480 2438 2694 2532; x_wconf 84' lang='lat' dir='ltr'><strong>semper</strong></span> <span class='ocrx_word' id='word_1_573' title='bbox 2715 2453 2982 2512; x_wconf 81' lang='lat' dir='ltr'><strong>decedunt</strong></span> <span class='ocrx_word' id='word_1_574' title='bbox 3007 2446 3212 2521; x_wconf 82' lang='lat' dir='ltr'><strong>psalmi,</strong></span> <span class='ocrx_word' id='word_1_575' title='bbox 3239 2454 3296 2498; x_wconf 92' lang='lat' dir='ltr'><strong>ut</strong></span> <span class='ocrx_word' id='word_1_576' title='bbox 3323 2438 3607 2496; x_wconf 77' lang='lat' dir='ltr'><strong>duodecim</strong></span> 
     </span>
    </p>
   </div>
   <div class='ocr_carea' id='block_1_87' title="bbox 2022 2527 3610 2632">
    <p class='ocr_par' dir='ltr' id='par_1_87' title="bbox 2022 2527 3610 2632">
     <span class='ocr_line' id='line_1_87' title="bbox 2022 2527 3610 2632; baseline -0.026 -11"><span class='ocrx_word' id='word_1_577' title='bbox 2022 2566 2077 2620; x_wconf 91' lang='lat' dir='ltr'><strong>in</strong></span> <span class='ocrx_word' id='word_1_578' title='bbox 2109 2560 2332 2632; x_wconf 83' lang='lat' dir='ltr'><strong>singulis</strong></span> <span class='ocrx_word' id='word_1_579' title='bbox 2355 2555 2602 2613; x_wconf 88' lang='lat' dir='ltr'><strong>noctibus</strong></span> <span class='ocrx_word' id='word_1_580' title='bbox 2631 2558 2837 2606; x_wconf 89' lang='lat' dir='ltr'><strong>tantum</strong></span> <span class='ocrx_word' id='word_1_581' title='bbox 2863 2543 3168 2614; x_wconf 70' lang='lat' dir='ltr'><strong>antiphonte</strong></span> <span class='ocrx_word' id='word_1_582' title='bbox 3197 2539 3532 2596; x_wconf 90' lang='lat' dir='ltr'><strong>remaneant,</strong></span> <span class='ocrx_word' id='word_1_583' title='bbox 3558 2527 3610 2581; x_wconf 89' lang='lat' dir='ltr'><strong>id</strong></span> 
     </span>
    </p>
   </div>
   <div class='ocr_carea' id='block_1_88' title="bbox 2023 2626 3611 2726">
    <p class='ocr_par' dir='ltr' id='par_1_88' title="bbox 2023 2626 3611 2726">
     <span class='ocr_line' id='line_1_88' title="bbox 2023 2626 3611 2726; baseline -0.025 -11"><span class='ocrx_word' id='word_1_584' title='bbox 2023 2665 2124 2720; x_wconf 85' lang='lat' dir='ltr'><strong>est,</strong></span> <span class='ocrx_word' id='word_1_585' title='bbox 2151 2626 2452 2726; x_wconf 75' lang='lat' dir='ltr'><strong>quotidiani</strong></span> <span class='ocrx_word' id='word_1_586' title='bbox 2479 2641 2726 2701; x_wconf 86' lang='lat' dir='ltr'><strong>hiemalis</strong></span> <span class='ocrx_word' id='word_1_587' title='bbox 2754 2637 3008 2708; x_wconf 91' lang='lat' dir='ltr'><strong>tringinta</strong></span> <span class='ocrx_word' id='word_1_588' title='bbox 3039 2647 3132 2688; x_wconf 86' lang='lat' dir='ltr'><strong>sex</strong></span> <span class='ocrx_word' id='word_1_589' title='bbox 3167 2626 3357 2700; x_wconf 88' lang='lat' dir='ltr'><strong>psalmi</strong></span> <span class='ocrx_word' id='word_1_590' title='bbox 3387 2638 3611 2685; x_wconf 85' lang='lat' dir='ltr'><strong>cursus;</strong></span> 
     </span>
    </p>
   </div>
   <div class='ocr_carea' id='block_1_89' title="bbox 2024 2725 3615 2819">
    <p class='ocr_par' dir='ltr' id='par_1_89' title="bbox 2024 2725 3615 2819">
     <span class='ocr_line' id='line_1_89' title="bbox 2024 2725 3615 2819; baseline -0.024 -14"><span class='ocrx_word' id='word_1_591' title='bbox 2024 2725 2212 2819; x_wconf 85' lang='lat' dir='ltr'><strong>viginti</strong></span> <span class='ocrx_word' id='word_1_592' title='bbox 2253 2751 2486 2816; x_wconf 89' lang='lat' dir='ltr'><strong>quatuor</strong></span> <span class='ocrx_word' id='word_1_593' title='bbox 2539 2745 2718 2792; x_wconf 91' lang='lat' dir='ltr'><strong>autem</strong></span> <span class='ocrx_word' id='word_1_594' title='bbox 2748 2748 2846 2804; x_wconf 90' lang='lat' dir='ltr'><strong>per</strong></span> <span class='ocrx_word' id='word_1_595' title='bbox 2890 2739 3060 2785; x_wconf 91' lang='lat' dir='ltr'><strong>totum</strong></span> <span class='ocrx_word' id='word_1_596' title='bbox 3097 2741 3194 2782; x_wconf 88' lang='lat' dir='ltr'><strong>ver</strong></span> <span class='ocrx_word' id='word_1_597' title='bbox 3245 2729 3301 2778; x_wconf 89' lang='lat' dir='ltr'><strong>et</strong></span> <span class='ocrx_word' id='word_1_598' title='bbox 3349 2725 3615 2780; x_wconf 68' lang='lat' dir='ltr'><strong>tesmtem,</strong></span> 
     </span>
    </p>
   </div>
   <div class='ocr_carea' id='block_1_90' title="bbox 2027 2812 3617 2908">
    <p class='ocr_par' dir='ltr' id='par_1_90' title="bbox 2027 2812 3617 2908">
     <span class='ocr_line' id='line_1_90' title="bbox 2027 2812 3617 2908; baseline -0.023 -12"><span class='ocrx_word' id='word_1_599' title='bbox 2027 2849 2086 2896; x_wconf 89' lang='lat' dir='ltr'><strong>et</strong></span> <span class='ocrx_word' id='word_1_600' title='bbox 2124 2851 2292 2908; x_wconf 89' lang='lat' dir='ltr'><strong>usque</strong></span> <span class='ocrx_word' id='word_1_601' title='bbox 2321 2836 2389 2889; x_wconf 88' lang='lat' dir='ltr'><strong>ad</strong></span> <span class='ocrx_word' id='word_1_602' title='bbox 2418 2826 2731 2886; x_wconf 86' lang='lat' dir='ltr'><strong>autumnale</strong></span> <span class='ocrx_word' id='word_1_603' title='bbox 2759 2817 3162 2892; x_wconf 63' lang='lat' dir='ltr'><strong>aequinoctium,</strong></span> <span class='ocrx_word' id='word_1_604' title='bbox 3207 2812 3258 2868; x_wconf 91' lang='lat' dir='ltr'><strong>id</strong></span> <span class='ocrx_word' id='word_1_605' title='bbox 3300 2821 3383 2867; x_wconf 90' lang='lat' dir='ltr'><strong>est</strong></span> <span class='ocrx_word' id='word_1_606' title='bbox 3423 2819 3617 2863; x_wconf 87' lang='lat' dir='ltr'><strong>octavo</strong></span> 
     </span>
    </p>
   </div>
   <div class='ocr_carea' id='block_1_91' title="bbox 2028 2903 3613 2986">
    <p class='ocr_par' dir='ltr' id='par_1_91' title="bbox 2028 2903 3613 2986">
     <span class='ocr_line' id='line_1_91' title="bbox 2028 2903 3613 2986; baseline -0.026 1"><span class='ocrx_word' id='word_1_607' title='bbox 2028 2903 2297 2986; x_wconf 77' lang='lat' dir='ltr'><strong>Kalendas</strong></span> <span class='ocrx_word' id='word_1_608' title='bbox 2337 2919 2607 2980; x_wconf 87' lang='lat' dir='ltr'><strong>Octobris,</strong></span> <span class='ocrx_word' id='word_1_609' title='bbox 2635 2915 2691 2969; x_wconf 88' lang='lat' dir='ltr'><strong>in</strong></span> <span class='ocrx_word' id='word_1_610' title='bbox 2739 2926 2850 2984; x_wconf 88' lang='lat' dir='ltr'><strong>quo</strong></span> <span class='ocrx_word' id='word_1_611' title='bbox 2878 2903 3173 2964; x_wconf 88' lang='lat' dir='ltr'><strong>similitudo</strong></span> <span class='ocrx_word' id='word_1_612' title='bbox 3211 2913 3480 2972; x_wconf 80' lang='lat' dir='ltr'><strong>synaxeos</strong></span> <span class='ocrx_word' id='word_1_613' title='bbox 3507 2905 3613 2960; x_wconf 82' lang='lat' dir='ltr'><strong>est,</strong></span> 
     </span>
    </p>
   </div>
   <div class='ocr_carea' id='block_1_92' title="bbox 2031 2985 3619 3080">
    <p class='ocr_par' dir='ltr' id='par_1_92' title="bbox 2031 2985 3619 3080">
     <span class='ocr_line' id='line_1_92' title="bbox 2031 2985 3619 3080; baseline -0.025 -3"><span class='ocrx_word' id='word_1_614' title='bbox 2031 3023 2172 3078; x_wconf 88' lang='lat' dir='ltr'><strong>sicut</strong></span> <span class='ocrx_word' id='word_1_615' title='bbox 2217 3019 2270 3073; x_wconf 91' lang='lat' dir='ltr'><strong>in</strong></span> <span class='ocrx_word' id='word_1_616' title='bbox 2301 3012 2504 3071; x_wconf 86' lang='lat' dir='ltr'><strong>vernali</strong></span> <span class='ocrx_word' id='word_1_617' title='bbox 2541 3003 2885 3080; x_wconf 68' lang='lat' dir='ltr'><strong>aequinoctio,</strong></span> <span class='ocrx_word' id='word_1_618' title='bbox 2927 2997 2983 3055; x_wconf 88' lang='lat' dir='ltr'><strong>id</strong></span> <span class='ocrx_word' id='word_1_619' title='bbox 3012 3003 3095 3054; x_wconf 87' lang='lat' dir='ltr'><strong>est</strong></span> <span class='ocrx_word' id='word_1_620' title='bbox 3125 3003 3320 3050; x_wconf 85' lang='lat' dir='ltr'><strong>octavo</strong></span> <span class='ocrx_word' id='word_1_621' title='bbox 3347 2985 3619 3044; x_wconf 78' lang='lat' dir='ltr'><strong>Kalendas</strong></span> 
     </span>
    </p>
   </div>
   <div class='ocr_carea' id='block_1_93' title="bbox 2034 3077 3618 3184">
    <p class='ocr_par' dir='ltr' id='par_1_93' title="bbox 2034 3077 3618 3184">
     <span class='ocr_line' id='line_1_93' title="bbox 2034 3077 3618 3184; baseline -0.022 -17"><span class='ocrx_word' id='word_1_622' title='bbox 2034 3109 2250 3184; x_wconf 83' lang='lat' dir='ltr'><strong>Aprilis,</strong></span> <span class='ocrx_word' id='word_1_623' title='bbox 2273 3107 2402 3161; x_wconf 91' lang='lat' dir='ltr'><strong>dum</strong></span> <span class='ocrx_word' id='word_1_624' title='bbox 2429 3117 2526 3174; x_wconf 90' lang='lat' dir='ltr'><strong>per</strong></span> <span class='ocrx_word' id='word_1_625' title='bbox 2547 3077 3019 3167; x_wconf 71' lang='lat' dir='ltr'><strong>reciprocas&#39;vices</strong></span> <span class='ocrx_word' id='word_1_626' title='bbox 3039 3084 3298 3158; x_wconf 85' lang='lat' dir='ltr'><strong>paulatim</strong></span> <span class='ocrx_word' id='word_1_627' title='bbox 3321 3089 3376 3135; x_wconf 89' lang='lat' dir='ltr'><strong>et</strong></span> <span class='ocrx_word' id='word_1_628' title='bbox 3403 3077 3618 3140; x_wconf 85' lang='lat' dir='ltr'><strong>crescit,</strong></span> 
     </span>
    </p>
   </div>
   <div class='ocr_carea' id='block_1_94' title="bbox 2037 3166 3624 3260">
    <p class='ocr_par' dir='ltr' id='par_1_94' title="bbox 2037 3166 3624 3260">
     <span class='ocr_line' id='line_1_94' title="bbox 2037 3166 3624 3260; baseline -0.024 -4"><span class='ocrx_word' id='word_1_629' title='bbox 2037 3166 2401 3256; x_wconf 47' lang='lat' dir='ltr'><strong>et&#39;decrescit.</strong></span> <span class='ocrx_word' id='word_1_630' title='bbox 2433 3166 2618 3260; x_wconf 41' lang='lat' dir='ltr'><strong>&#39;lgitur</strong></span> <span class='ocrx_word' id='word_1_631' title='bbox 2645 3166 2800 3255; x_wconf 85' lang='lat' dir='ltr'><strong>juxta</strong></span> <span class='ocrx_word' id='word_1_632' title='bbox 2827 3182 2969 3236; x_wconf 86' lang='lat' dir='ltr'><strong>vires</strong></span> <span class='ocrx_word' id='word_1_633' title='bbox 3013 3169 3402 3232; x_wconf 84' lang='lat' dir='ltr'><strong>consideranda</strong></span> <span class='ocrx_word' id='word_1_634' title='bbox 3443 3166 3624 3235; x_wconf 75' lang='lat' dir='ltr'><strong>vigilia</strong></span> 
     </span>
    </p>
   </div>
   <div class='ocr_carea' id='block_1_95' title="bbox 2037 3259 3628 3359">
    <p class='ocr_par' dir='ltr' id='par_1_95' title="bbox 2037 3259 3628 3359">
     <span class='ocr_line' id='line_1_95' title="bbox 2037 3259 3628 3359; baseline -0.026 -9"><span class='ocrx_word' id='word_1_635' title='bbox 2037 3304 2140 3359; x_wconf 89' lang='lat' dir='ltr'><strong>est,</strong></span> <span class='ocrx_word' id='word_1_636' title='bbox 2172 3289 2404 3345; x_wconf 76' lang='lat' dir='ltr'><strong>maxime</strong></span> <span class='ocrx_word' id='word_1_637' title='bbox 2433 3259 2551 3339; x_wconf 77' lang='lat' dir='ltr'><strong>cum</strong></span> <span class='ocrx_word' id='word_1_638' title='bbox 2583 3280 2652 3335; x_wconf 90' lang='lat' dir='ltr'><strong>ab</strong></span> <span class='ocrx_word' id='word_1_639' title='bbox 2681 3283 2904 3332; x_wconf 79' lang='lat' dir='ltr'><strong>auctore</strong></span> <span class='ocrx_word' id='word_1_640' title='bbox 2932 3268 3122 3326; x_wconf 84' lang='lat' dir='ltr'><strong>salutis</strong></span> <span class='ocrx_word' id='word_1_641' title='bbox 3157 3274 3350 3320; x_wconf 66' lang='lat' dir='ltr'><strong>nostra:</strong></span> <span class='ocrx_word' id='word_1_642' title='bbox 3373 3259 3628 3329; x_wconf 84' lang='lat' dir='ltr'><strong>jubeutur</strong></span> 
     </span>
    </p>
   </div>
   <div class='ocr_carea' id='block_1_96' title="bbox 2036 3350 3632 3456">
    <p class='ocr_par' dir='ltr' id='par_1_96' title="bbox 2036 3350 3632 3456">
     <span class='ocr_line' id='line_1_96' title="bbox 2036 3350 3632 3456; baseline -0.024 -16"><span class='ocrx_word' id='word_1_643' title='bbox 2036 3385 2280 3456; x_wconf 83' lang='lat' dir='ltr'><strong>vigilare,</strong></span> <span class='ocrx_word' id='word_1_644' title='bbox 2307 3389 2361 3450; x_wconf 76' lang='lat' dir='ltr'><strong>et</strong></span> <span class='ocrx_word' id='word_1_645' title='bbox 2390 3389 2547 3432; x_wconf 87' lang='lat' dir='ltr'><strong>orare</strong></span> <span class='ocrx_word' id='word_1_646' title='bbox 2590 3369 2738 3427; x_wconf 89' lang='lat' dir='ltr'><strong>omni</strong></span> <span class='ocrx_word' id='word_1_647' title='bbox 2786 3375 3029 3434; x_wconf 84' lang='lat' dir='ltr'><strong>tempore</strong></span> <span class='ocrx_word' id='word_1_648' title='bbox 3075 3356 3225 3430; x_wconf 84' lang='lat' dir='ltr'><strong>(Luc.</strong></span> <span class='ocrx_word' id='word_1_649' title='bbox 3251 3369 3365 3417; x_wconf 78' lang='lat' dir='ltr'><strong>xxi,</strong></span> <span class='ocrx_word' id='word_1_650' title='bbox 3415 3350 3632 3418; x_wconf 78' lang='lat' dir='ltr'><strong>36);et</strong></span> 
     </span>
    </p>
   </div>
   <div class='ocr_carea' id='block_1_97' title="bbox 2039 3441 3626 3544">
    <p class='ocr_par' dir='ltr' id='par_1_97' title="bbox 2039 3441 3626 3544">
     <span class='ocr_line' id='line_1_97' title="bbox 2039 3441 3626 3544; baseline -0.026 -11"><span class='ocrx_word' id='word_1_651' title='bbox 2039 3441 2237 3532; x_wconf 51' lang='lat' dir='ltr'><strong>Paulus</strong></span> <span class='ocrx_word' id='word_1_652' title='bbox 2266 3441 2534 3544; x_wconf 30' lang='lat' dir='ltr'><strong>&#39;(I‘Thess.</strong></span> <span class='ocrx_word' id='word_1_653' title='bbox 2559 3481 2614 3519; x_wconf 90' lang='lat' dir='ltr'><strong>v.</strong></span> <span class='ocrx_word' id='word_1_654' title='bbox 2645 3461 2734 3532; x_wconf 76' lang='grc' dir='ltr'><strong>Π)</strong></span> <span class='ocrx_word' id='word_1_655' title='bbox 2780 3453 3027 3529; x_wconf 62' lang='grc' dir='ltr'><strong>ιιι-κείμὴ</strong></span> <span class='ocrx_word' id='word_1_656' title='bbox 3059 3450 3177 3506; x_wconf 68' lang='lat' dir='ltr'><strong>sine</strong></span> <span class='ocrx_word' id='word_1_657' title='bbox 3224 3441 3626 3501; x_wconf 83' lang='lat' dir='ltr'><strong>intermissione</strong></span> 
     </span>
    </p>
   </div>
   <div class='ocr_carea' id='block_1_98' title="bbox 2041 3532 3636 3628">
    <p class='ocr_par' dir='ltr' id='par_1_98' title="bbox 2041 3532 3636 3628">
     <span class='ocr_line' id='line_1_98' title="bbox 2041 3532 3636 3628; baseline -0.026 -3"><span class='ocrx_word' id='word_1_658' title='bbox 2041 3583 2218 3626; x_wconf 89' lang='lat' dir='ltr'><strong>orare.</strong></span> <span class='ocrx_word' id='word_1_659' title='bbox 2251 3563 2356 3619; x_wconf 88' lang='lat' dir='ltr'><strong>Sed</strong></span> <span class='ocrx_word' id='word_1_660' title='bbox 2383 3560 2509 3628; x_wconf 89' lang='lat' dir='ltr'><strong>quia</strong></span> <span class='ocrx_word' id='word_1_661' title='bbox 2556 3554 2866 3611; x_wconf 85' lang='lat' dir='ltr'><strong>orationum</strong></span> <span class='ocrx_word' id='word_1_662' title='bbox 2909 3543 3294 3603; x_wconf 81' lang='lat' dir='ltr'><strong>canonicarum</strong></span> <span class='ocrx_word' id='word_1_663' title='bbox 3325 3532 3636 3590; x_wconf 76' lang='lat' dir='ltr'><strong>noscendus</strong></span> 
     </span>
    </p>
   </div>
   <div class='ocr_carea' id='block_1_99' title="bbox 2043 3625 3630 3720">
    <p class='ocr_par' dir='ltr' id='par_1_99' title="bbox 2043 3625 3630 3720">
     <span class='ocr_line' id='line_1_99' title="bbox 2043 3625 3630 3720; baseline -0.027 -3"><span class='ocrx_word' id='word_1_664' title='bbox 2043 3669 2126 3716; x_wconf 85' lang='lat' dir='ltr'><strong>est</strong></span> <span class='ocrx_word' id='word_1_665' title='bbox 2151 3655 2364 3720; x_wconf 88' lang='lat' dir='ltr'><strong>modus,</strong></span> <span class='ocrx_word' id='word_1_666' title='bbox 2389 3654 2442 3707; x_wconf 84' lang='lat' dir='ltr'><strong>in</strong></span> <span class='ocrx_word' id='word_1_667' title='bbox 2465 3664 2572 3720; x_wconf 85' lang='lat' dir='ltr'><strong>quo</strong></span> <span class='ocrx_word' id='word_1_668' title='bbox 2601 3657 2792 3702; x_wconf 84' lang='lat' dir='ltr'><strong>omnes</strong></span> <span class='ocrx_word' id='word_1_669' title='bbox 2819 3635 2991 3695; x_wconf 81' lang='lat' dir='ltr'><strong>simul’</strong></span> <span class='ocrx_word' id='word_1_670' title='bbox 3004 3639 3227 3690; x_wconf 79' lang='lat' dir='ltr'><strong>orantes</strong></span> <span class='ocrx_word' id='word_1_671' title='bbox 3245 3625 3397 3682; x_wconf 83' lang='lat' dir='ltr'><strong>horis</strong></span> <span class='ocrx_word' id='word_1_672' title='bbox 3426 3635 3630 3678; x_wconf 68' lang='lat' dir='ltr'><strong>conve~</strong></span> 
     </span>
    </p>
   </div>
   <div class='ocr_carea' id='block_1_100' title="bbox 2044 3714 3636 3809">
    <p class='ocr_par' dir='ltr' id='par_1_100' title="bbox 2044 3714 3636 3809">
     <span class='ocr_line' id='line_1_100' title="bbox 2044 3714 3636 3809; baseline -0.029 -2"><span class='ocrx_word' id='word_1_673' title='bbox 2044 3753 2196 3807; x_wconf 90' lang='lat' dir='ltr'><strong>niant</strong></span> <span class='ocrx_word' id='word_1_674' title='bbox 2244 3714 2812 3809; x_wconf 42' lang='lat' dir='ltr'><strong>statutis-quibusque</strong></span> <span class='ocrx_word' id='word_1_675' title='bbox 2863 3723 3122 3782; x_wconf 87' lang='lat' dir='ltr'><strong>absolutis</strong></span> <span class='ocrx_word' id='word_1_676' title='bbox 3154 3714 3522 3784; x_wconf 85' lang='lat' dir='ltr'><strong>unusquisque</strong></span> <span class='ocrx_word' id='word_1_677' title='bbox 3578 3723 3636 3763; x_wconf 81' lang='lat' dir='ltr'><strong>tn</strong></span> 
     </span>
    </p>
   </div>
   <div class='ocr_carea' id='block_1_101' title="bbox 2047 3800 3635 3896">
    <p class='ocr_par' dir='ltr' id='par_1_101' title="bbox 2047 3800 3635 3896">
     <span class='ocr_line' id='line_1_101' title="bbox 2047 3800 3635 3896; baseline -0.026 1"><span class='ocrx_word' id='word_1_678' title='bbox 2047 3837 2297 3896; x_wconf 86' lang='lat' dir='ltr'><strong>cubiculo</strong></span> <span class='ocrx_word' id='word_1_679' title='bbox 2335 3848 2435 3890; x_wconf 89' lang='lat' dir='ltr'><strong>suo</strong></span> <span class='ocrx_word' id='word_1_680' title='bbox 2482 3800 2641 3886; x_wconf 74' lang='lat' dir='ltr'><strong>orare</strong></span> <span class='ocrx_word' id='word_1_681' title='bbox 2664 3800 2861 3886; x_wconf 86' lang='lat' dir='ltr'><strong>debet;</strong></span> <span class='ocrx_word' id='word_1_682' title='bbox 2902 3831 3002 3888; x_wconf 87' lang='lat' dir='ltr'><strong>per</strong></span> <span class='ocrx_word' id='word_1_683' title='bbox 3026 3813 3244 3870; x_wconf 83' lang='lat' dir='ltr'><strong>diurnas</strong></span> <span class='ocrx_word' id='word_1_684' title='bbox 3273 3806 3412 3862; x_wconf 80' lang='lat' dir='ltr'><strong>terni</strong></span> <span class='ocrx_word' id='word_1_685' title='bbox 3442 3800 3635 3873; x_wconf 82' lang='lat' dir='ltr'><strong>psalmi</strong></span> 
     </span>
    </p>
   </div>
   <div class='ocr_carea' id='block_1_102' title="bbox 2048 3899 3644 3999">
    <p class='ocr_par' dir='ltr' id='par_1_102' title="bbox 2048 3899 3644 3999">
     <span class='ocr_line' id='line_1_102' title="bbox 2048 3899 3644 3999; baseline -0.028 -10"><span class='ocrx_word' id='word_1_686' title='bbox 2048 3933 2231 3996; x_wconf 88' lang='lat' dir='ltr'><strong>horas,</strong></span> <span class='ocrx_word' id='word_1_687' title='bbox 2259 3941 2362 3999; x_wconf 89' lang='lat' dir='ltr'><strong>pro</strong></span> <span class='ocrx_word' id='word_1_688' title='bbox 2392 3935 2620 3992; x_wconf 88' lang='lat' dir='ltr'><strong>operum</strong></span> <span class='ocrx_word' id='word_1_689' title='bbox 2657 3908 3090 3982; x_wconf 76' lang='lat' dir='ltr'><strong>interpositione,</strong></span> <span class='ocrx_word' id='word_1_690' title='bbox 3124 3899 3309 3958; x_wconf 84' lang='lat' dir='ltr'><strong>statuti</strong></span> <span class='ocrx_word' id='word_1_691' title='bbox 3334 3904 3458 3953; x_wconf 84' lang='lat' dir='ltr'><strong>sunt</strong></span> <span class='ocrx_word' id='word_1_692' title='bbox 3495 3910 3524 3947; x_wconf 90' lang='lat' dir='ltr'><strong>a</strong></span> <span class='ocrx_word' id='word_1_693' title='bbox 3553 3908 3644 3948; x_wconf 88' lang='lat' dir='ltr'><strong>se-</strong></span> 
     </span>
    </p>
   </div>
   <div class='ocr_carea' id='block_1_103' title="bbox 2053 3986 3642 4078">
    <p class='ocr_par' dir='ltr' id='par_1_103' title="bbox 2053 3986 3642 4078">
     <span class='ocr_line' id='line_1_103' title="bbox 2053 3986 3642 4078; baseline -0.026 0"><span class='ocrx_word' id='word_1_694' title='bbox 2053 4020 2294 4078; x_wconf 86' lang='lat' dir='ltr'><strong>nioribus</strong></span> <span class='ocrx_word' id='word_1_695' title='bbox 2319 4012 2544 4078; x_wconf 82' lang='lat' dir='ltr'><strong>nostris,</strong></span> <span class='ocrx_word' id='word_1_696' title='bbox 2569 4022 2695 4064; x_wconf 91' lang='lat' dir='ltr'><strong>cum</strong></span> <span class='ocrx_word' id='word_1_697' title='bbox 2723 3999 3117 4059; x_wconf 86' lang='lat' dir='ltr'><strong>versiculorum</strong></span> <span class='ocrx_word' id='word_1_698' title='bbox 3148 3997 3438 4060; x_wconf 83' lang='lat' dir='ltr'><strong>augmento</strong></span> <span class='ocrx_word' id='word_1_699' title='bbox 3472 3986 3642 4040; x_wconf 76' lang='lat' dir='ltr'><strong>inter-</strong></span> 
     </span>
    </p>
   </div>
   <div class='ocr_carea' id='block_1_104' title="bbox 2053 4077 3643 4172">
    <p class='ocr_par' dir='ltr' id='par_1_104' title="bbox 2053 4077 3643 4172">
     <span class='ocr_line' id='line_1_104' title="bbox 2053 4077 3643 4172; baseline -0.025 -5"><span class='ocrx_word' id='word_1_700' title='bbox 2053 4107 2406 4172; x_wconf 87' lang='lat' dir='ltr'><strong>venientium,</strong></span> <span class='ocrx_word' id='word_1_701' title='bbox 2428 4117 2527 4172; x_wconf 89' lang='lat' dir='ltr'><strong>pro</strong></span> <span class='ocrx_word' id='word_1_702' title='bbox 2555 4095 2793 4169; x_wconf 86' lang='lat' dir='ltr'><strong>peccatis</strong></span> <span class='ocrx_word' id='word_1_703' title='bbox 2822 4091 3051 4163; x_wconf 91' lang='lat' dir='ltr'><strong>primum</strong></span> <span class='ocrx_word' id='word_1_704' title='bbox 3070 4083 3286 4146; x_wconf 91' lang='lat' dir='ltr'><strong>nostris,</strong></span> <span class='ocrx_word' id='word_1_705' title='bbox 3319 4077 3514 4134; x_wconf 89' lang='lat' dir='ltr'><strong>deinde</strong></span> <span class='ocrx_word' id='word_1_706' title='bbox 3543 4091 3643 4146; x_wconf 86' lang='lat' dir='ltr'><strong>pro</strong></span> 
     </span>
    </p>
   </div>
   <div class='ocr_carea' id='block_1_105' title="bbox 2055 4167 3647 4266">
    <p class='ocr_par' dir='ltr' id='par_1_105' title="bbox 2055 4167 3647 4266">
     <span class='ocr_line' id='line_1_105' title="bbox 2055 4167 3647 4266; baseline -0.024 -11"><span class='ocrx_word' id='word_1_707' title='bbox 2055 4198 2202 4256; x_wconf 90' lang='lat' dir='ltr'><strong>omni</strong></span> <span class='ocrx_word' id='word_1_708' title='bbox 2231 4167 2447 4266; x_wconf 73' lang='lat' dir='ltr'><strong>populo</strong></span> <span class='ocrx_word' id='word_1_709' title='bbox 2463 4167 2792 4250; x_wconf 71' lang='lat' dir='ltr'><strong>Christiano;</strong></span> <span class='ocrx_word' id='word_1_710' title='bbox 2822 4178 3017 4236; x_wconf 81' lang='lat' dir='ltr'><strong>deinle</strong></span> <span class='ocrx_word' id='word_1_711' title='bbox 3051 4191 3153 4245; x_wconf 89' lang='lat' dir='ltr'><strong>pro</strong></span> <span class='ocrx_word' id='word_1_712' title='bbox 3191 4167 3562 4230; x_wconf 82' lang='lat' dir='ltr'><strong>sacerdotibus</strong></span> <span class='ocrx_word' id='word_1_713' title='bbox 3588 4172 3647 4217; x_wconf 88' lang='lat' dir='ltr'><strong>et</strong></span> 
     </span>
    </p>
   </div>
   <div class='ocr_carea' id='block_1_106' title="bbox 2057 4262 3650 4362">
    <p class='ocr_par' dir='ltr' id='par_1_106' title="bbox 2057 4262 3650 4362">
     <span class='ocr_line' id='line_1_106' title="bbox 2057 4262 3650 4362; baseline -0.024 -14"><span class='ocrx_word' id='word_1_714' title='bbox 2057 4262 2276 4362; x_wconf 65' lang='lat' dir='ltr'><strong>reliquis</strong></span> <span class='ocrx_word' id='word_1_715' title='bbox 2307 4262 2421 4343; x_wconf 84' lang='lat' dir='ltr'><strong>Deo</strong></span> <span class='ocrx_word' id='word_1_716' title='bbox 2453 4279 2786 4338; x_wconf 85' lang='lat' dir='ltr'><strong>consecratis</strong></span> <span class='ocrx_word' id='word_1_717' title='bbox 2833 4289 2999 4333; x_wconf 65' lang='lat' dir='ltr'><strong>sacrae</strong></span> <span class='ocrx_word' id='word_1_718' title='bbox 3035 4268 3204 4340; x_wconf 87' lang='lat' dir='ltr'><strong>plebis</strong></span> <span class='ocrx_word' id='word_1_719' title='bbox 3245 4262 3516 4334; x_wconf 81' lang='lat' dir='ltr'><strong>gradibus,</strong></span> <span class='ocrx_word' id='word_1_720' title='bbox 3548 4273 3650 4328; x_wconf 82' lang='lat' dir='ltr'><strong>po-</strong></span> 
     </span>
    </p>
   </div>
   <div class='ocr_carea' id='block_1_107' title="bbox 2059 4363 3654 4452">
    <p class='ocr_par' dir='ltr' id='par_1_107' title="bbox 2059 4363 3654 4452">
     <span class='ocr_line' id='line_1_107' title="bbox 2059 4363 3654 4452; baseline -0.026 -9"><span class='ocrx_word' id='word_1_721' title='bbox 2059 4398 2261 4443; x_wconf 85' lang='lat' dir='ltr'><strong>stremo</strong></span> <span class='ocrx_word' id='word_1_722' title='bbox 2315 4395 2414 4452; x_wconf 86' lang='lat' dir='ltr'><strong>pro</strong></span> <span class='ocrx_word' id='word_1_723' title='bbox 2465 4376 2838 4443; x_wconf 82' lang='lat' dir='ltr'><strong>eleemosynas</strong></span> <span class='ocrx_word' id='word_1_724' title='bbox 2886 4363 3248 4424; x_wconf 85' lang='lat' dir='ltr'><strong>facientibus;</strong></span> <span class='ocrx_word' id='word_1_725' title='bbox 3305 4364 3493 4426; x_wconf 86' lang='lat' dir='ltr'><strong>postea</strong></span> <span class='ocrx_word' id='word_1_726' title='bbox 3548 4363 3654 4418; x_wconf 88' lang='lat' dir='ltr'><strong>pro</strong></span> 
     </span>
    </p>
   </div>
   <div class='ocr_carea' id='block_1_108' title="bbox 2061 4443 3655 4548">
    <p class='ocr_par' dir='ltr' id='par_1_108' title="bbox 2061 4443 3655 4548">
     <span class='ocr_line' id='line_1_108' title="bbox 2061 4443 3655 4548; baseline -0.024 -16"><span class='ocrx_word' id='word_1_727' title='bbox 2061 4493 2197 4548; x_wconf 87' lang='lat' dir='ltr'><strong>pace</strong></span> <span class='ocrx_word' id='word_1_728' title='bbox 2232 4487 2440 4542; x_wconf 80' lang='lat' dir='ltr'><strong>regum,</strong></span> <span class='ocrx_word' id='word_1_729' title='bbox 2493 4466 2780 4521; x_wconf 86' lang='lat' dir='ltr'><strong>novissime</strong></span> <span class='ocrx_word' id='word_1_730' title='bbox 2809 4475 2908 4531; x_wconf 91' lang='lat' dir='ltr'><strong>pro</strong></span> <span class='ocrx_word' id='word_1_731' title='bbox 2937 4454 3210 4518; x_wconf 87' lang='lat' dir='ltr'><strong>inimicis;</strong></span> <span class='ocrx_word' id='word_1_732' title='bbox 3242 4465 3310 4504; x_wconf 89' lang='lat' dir='ltr'><strong>ne</strong></span> <span class='ocrx_word' id='word_1_733' title='bbox 3366 4445 3472 4502; x_wconf 86' lang='lat' dir='ltr'><strong>illis</strong></span> <span class='ocrx_word' id='word_1_734' title='bbox 3507 4443 3655 4498; x_wconf 81' lang='lat' dir='ltr'><strong>Deus</strong></span> 
     </span>
    </p>
   </div>
   <div class='ocr_carea' id='block_1_109' title="bbox 2068 4533 3656 4631">
    <p class='ocr_par' dir='ltr' id='par_1_109' title="bbox 2068 4533 3656 4631">
     <span class='ocr_line' id='line_1_109' title="bbox 2068 4533 3656 4631; baseline -0.025 -6"><span class='ocrx_word' id='word_1_735' title='bbox 2068 4533 2271 4627; x_wconf 70' lang='lat' dir='ltr'><strong>statuat</strong></span> <span class='ocrx_word' id='word_1_736' title='bbox 2320 4565 2375 4618; x_wconf 87' lang='lat' dir='ltr'><strong>in</strong></span> <span class='ocrx_word' id='word_1_737' title='bbox 2431 4567 2730 4631; x_wconf 87' lang='lat' dir='ltr'><strong>peccatum,</strong></span> <span class='ocrx_word' id='word_1_738' title='bbox 2779 4550 2923 4622; x_wconf 86' lang='lat' dir='ltr'><strong>quod</strong></span> <span class='ocrx_word' id='word_1_739' title='bbox 2959 4551 3353 4618; x_wconf 84' lang='lat' dir='ltr'><strong>persequuntur</strong></span> <span class='ocrx_word' id='word_1_740' title='bbox 3381 4544 3440 4593; x_wconf 84' lang='lat' dir='ltr'><strong>et</strong></span> <span class='ocrx_word' id='word_1_741' title='bbox 3483 4533 3656 4589; x_wconf 84' lang='lat' dir='ltr'><strong>detra-</strong></span> 
     </span>
    </p>
   </div>
   <div class='ocr_carea' id='block_1_110' title="bbox 2070 4623 3657 4722">
    <p class='ocr_par' dir='ltr' id='par_1_110' title="bbox 2070 4623 3657 4722">
     <span class='ocr_line' id='line_1_110' title="bbox 2070 4623 3657 4722; baseline -0.026 -4"><span class='ocrx_word' id='word_1_742' title='bbox 2070 4623 2206 4718; x_wconf 79' lang='lat' dir='ltr'><strong>hunt</strong></span> <span class='ocrx_word' id='word_1_743' title='bbox 2228 4655 2400 4718; x_wconf 74' lang='lat' dir='ltr'><strong>nobis,</strong></span> <span class='ocrx_word' id='word_1_744' title='bbox 2431 4623 2556 4722; x_wconf 73' lang='lat' dir='ltr'><strong>quia</strong></span> <span class='ocrx_word' id='word_1_745' title='bbox 2595 4646 2841 4702; x_wconf 86' lang='lat' dir='ltr'><strong>nesciunt</strong></span> <span class='ocrx_word' id='word_1_746' title='bbox 2865 4639 2992 4709; x_wconf 89' lang='lat' dir='ltr'><strong>quid</strong></span> <span class='ocrx_word' id='word_1_747' title='bbox 3021 4636 3223 4691; x_wconf 83' lang='lat' dir='ltr'><strong>faciunt</strong></span> <span class='ocrx_word' id='word_1_748' title='bbox 3249 4631 3386 4702; x_wconf 79' lang='lat' dir='ltr'><strong>(Act.</strong></span> <span class='ocrx_word' id='word_1_749' title='bbox 3419 4642 3510 4690; x_wconf 84' lang='lat' dir='ltr'><strong>vn,</strong></span> <span class='ocrx_word' id='word_1_750' title='bbox 3536 4623 3657 4692; x_wconf 86' lang='lat'><strong>59).</strong></span> 
     </span>
    </p>
   </div>
   <div class='ocr_carea' id='block_1_111' title="bbox 2073 4715 3660 4809">
    <p class='ocr_par' dir='ltr' id='par_1_111' title="bbox 2073 4715 3660 4809">
     <span class='ocr_line' id='line_1_111' title="bbox 2073 4715 3660 4809; baseline -0.028 0"><span class='ocrx_word' id='word_1_751' title='bbox 2073 4751 2154 4809; x_wconf 78' lang='lat' dir='ltr'><strong>Ad</strong></span> <span class='ocrx_word' id='word_1_752' title='bbox 2207 4746 2419 4803; x_wconf 85' lang='lat' dir='ltr'><strong>initium</strong></span> <span class='ocrx_word' id='word_1_753' title='bbox 2465 4755 2591 4794; x_wconf 86' lang='lat' dir='ltr'><strong>vero</strong></span> <span class='ocrx_word' id='word_1_754' title='bbox 2634 4735 2810 4792; x_wconf 85' lang='lat' dir='ltr'><strong>noctis</strong></span> <span class='ocrx_word' id='word_1_755' title='bbox 2853 4728 3140 4785; x_wconf 88' lang='lat' dir='ltr'><strong>duodecim</strong></span> <span class='ocrx_word' id='word_1_756' title='bbox 3179 4721 3386 4793; x_wconf 85' lang='lat' dir='ltr'><strong>psalmi,</strong></span> <span class='ocrx_word' id='word_1_757' title='bbox 3426 4715 3492 4770; x_wconf 85' lang='lat' dir='ltr'><strong>ad</strong></span> <span class='ocrx_word' id='word_1_758' title='bbox 3540 4728 3660 4767; x_wconf 85' lang='lat' dir='ltr'><strong>me-</strong></span> 
     </span>
    </p>
   </div>
   <div class='ocr_carea' id='block_1_112' title="bbox 2074 4801 3664 4909">
    <p class='ocr_par' dir='ltr' id='par_1_112' title="bbox 2074 4801 3664 4909">
     <span class='ocr_line' id='line_1_112' title="bbox 2074 4801 3664 4909; baseline -0.028 -9"><span class='ocrx_word' id='word_1_759' title='bbox 2074 4801 2328 4909; x_wconf 81' lang='lat' dir='ltr'><strong>diumque</strong></span> <span class='ocrx_word' id='word_1_760' title='bbox 2357 4834 2530 4890; x_wconf 88' lang='lat' dir='ltr'><strong>noctis</strong></span> <span class='ocrx_word' id='word_1_761' title='bbox 2584 4826 2866 4885; x_wconf 81' lang='lat' dir='ltr'><strong>duodecim</strong></span> <span class='ocrx_word' id='word_1_762' title='bbox 2907 4819 3155 4877; x_wconf 88' lang='lat' dir='ltr'><strong>similiter</strong></span> <span class='ocrx_word' id='word_1_763' title='bbox 3203 4811 3543 4882; x_wconf 84' lang='lat' dir='ltr'><strong>psalluntur;</strong></span> <span class='ocrx_word' id='word_1_764' title='bbox 3592 4801 3664 4856; x_wconf 74' lang='lat' dir='ltr'><strong>ad</strong></span> 
     </span>
    </p>
   </div>
   <div class='ocr_carea' id='block_1_113' title="bbox 2077 4905 3664 4991">
    <p class='ocr_par' dir='ltr' id='par_1_113' title="bbox 2077 4905 3664 4991">
     <span class='ocr_line' id='line_1_113' title="bbox 2077 4905 3664 4991; baseline -0.028 -1"><span class='ocrx_word' id='word_1_765' title='bbox 2077 4905 2399 4991; x_wconf 71' lang='lat' dir='ltr'><strong>matutinum</strong></span> <span class='ocrx_word' id='word_1_766' title='bbox 2445 4939 2575 4980; x_wconf 86' lang='lat' dir='ltr'><strong>vero</strong></span> <span class='ocrx_word' id='word_1_767' title='bbox 2605 4922 2686 4977; x_wconf 89' lang='lat' dir='ltr'><strong>bis</strong></span> <span class='ocrx_word' id='word_1_768' title='bbox 2715 4917 2860 4980; x_wconf 89' lang='lat' dir='ltr'><strong>deni,</strong></span> <span class='ocrx_word' id='word_1_769' title='bbox 2899 4914 3092 4983; x_wconf 85' lang='lat' dir='ltr'><strong>bisque</strong></span> <span class='ocrx_word' id='word_1_770' title='bbox 3133 4905 3245 4962; x_wconf 87' lang='lat' dir='ltr'><strong>bini</strong></span> <span class='ocrx_word' id='word_1_771' title='bbox 3287 4916 3384 4972; x_wconf 90' lang='lat' dir='ltr'><strong>per</strong></span> <span class='ocrx_word' id='word_1_772' title='bbox 3413 4908 3664 4964; x_wconf 81' lang='lat' dir='ltr'><strong>tempora</strong></span> 
     </span>
    </p>
   </div>
   <div class='ocr_carea' id='block_1_114' title="bbox 2077 4983 3663 5087">
    <p class='ocr_par' dir='ltr' id='par_1_114' title="bbox 2077 4983 3663 5087">
     <span class='ocr_line' id='line_1_114' title="bbox 2077 4983 3663 5087; baseline -0.029 -6"><span class='ocrx_word' id='word_1_773' title='bbox 2077 5024 2342 5087; x_wconf 88' lang='lat' dir='ltr'><strong>brevium,</strong></span> <span class='ocrx_word' id='word_1_774' title='bbox 2379 5027 2442 5074; x_wconf 88' lang='lat' dir='ltr'><strong>ut</strong></span> <span class='ocrx_word' id='word_1_775' title='bbox 2491 5015 2691 5069; x_wconf 83' lang='lat' dir='ltr'><strong>dictum</strong></span> <span class='ocrx_word' id='word_1_776' title='bbox 2739 5016 2842 5068; x_wconf 67' lang='lat' dir='ltr'><strong>est.</strong></span> <span class='ocrx_word' id='word_1_777' title='bbox 2889 5001 3148 5062; x_wconf 88' lang='lat' dir='ltr'><strong>noctium,</strong></span> <span class='ocrx_word' id='word_1_778' title='bbox 3204 4999 3330 5051; x_wconf 87' lang='lat' dir='ltr'><strong>sunt</strong></span> <span class='ocrx_word' id='word_1_779' title='bbox 3377 4983 3663 5059; x_wconf 89' lang='lat' dir='ltr'><strong>dispositi;</strong></span> 
     </span>
    </p>
   </div>
   <div class='ocr_carea' id='block_1_115' title="bbox 2075 5079 3664 5190">
    <p class='ocr_par' dir='ltr' id='par_1_115' title="bbox 2075 5079 3664 5190">
     <span class='ocr_line' id='line_1_115' title="bbox 2075 5079 3664 5190; baseline -0.028 -19"><span class='ocrx_word' id='word_1_780' title='bbox 2075 5079 2340 5190; x_wconf 71' lang='lat' dir='ltr'><strong>pluribus,</strong></span> <span class='ocrx_word' id='word_1_781' title='bbox 2367 5109 2480 5178; x_wconf 87' lang='lat' dir='ltr'><strong>jam</strong></span> <span class='ocrx_word' id='word_1_782' title='bbox 2525 5113 2585 5160; x_wconf 94' lang='lat' dir='ltr'><strong>ut</strong></span> <span class='ocrx_word' id='word_1_783' title='bbox 2628 5101 2760 5166; x_wconf 83' lang='lat' dir='ltr'><strong>dixi,</strong></span> <span class='ocrx_word' id='word_1_784' title='bbox 2810 5108 3026 5164; x_wconf 83' lang='lat' dir='ltr'><strong>semper</strong></span> <span class='ocrx_word' id='word_1_785' title='bbox 3074 5085 3218 5143; x_wconf 81' lang='lat' dir='ltr'><strong>nocti</strong></span> <span class='ocrx_word' id='word_1_786' title='bbox 3259 5079 3546 5137; x_wconf 69' lang='lat' dir='ltr'><strong>dominica)</strong></span> <span class='ocrx_word' id='word_1_787' title='bbox 3593 5089 3664 5128; x_wconf 87' lang='lat' dir='ltr'><strong>ac</strong></span> 
     </span>
    </p>
   </div>
   <div class='ocr_carea' id='block_1_116' title="bbox 2077 5175 3668 5268">
    <p class='ocr_par' dir='ltr' id='par_1_116' title="bbox 2077 5175 3668 5268">
     <span class='ocr_line' id='line_1_116' title="bbox 2077 5175 3668 5268; baseline -0.03 -4"><span class='ocrx_word' id='word_1_788' title='bbox 2077 5175 2288 5266; x_wconf 72' lang='lat' dir='ltr'><strong>sabbati</strong></span> <span class='ocrx_word' id='word_1_789' title='bbox 2327 5175 2529 5268; x_wconf 68' lang='lat' dir='ltr'><strong>vigilia</strong></span> <span class='ocrx_word' id='word_1_790' title='bbox 2560 5191 2853 5264; x_wconf 86' lang='lat' dir='ltr'><strong>deputatis,</strong></span> <span class='ocrx_word' id='word_1_791' title='bbox 2884 5187 2936 5241; x_wconf 84' lang='lat' dir='ltr'><strong>in</strong></span> <span class='ocrx_word' id='word_1_792' title='bbox 2981 5182 3176 5253; x_wconf 82' lang='lat' dir='ltr'><strong>quibus</strong></span> <span class='ocrx_word' id='word_1_793' title='bbox 3202 5175 3305 5231; x_wconf 80' lang='lat' dir='ltr'><strong>sub</strong></span> <span class='ocrx_word' id='word_1_794' title='bbox 3349 5185 3458 5226; x_wconf 85' lang='lat' dir='ltr'><strong>uno</strong></span> <span class='ocrx_word' id='word_1_795' title='bbox 3505 5179 3668 5220; x_wconf 80' lang='lat' dir='ltr'><strong>cursu</strong></span> 
     </span>
    </p>
   </div>
   <div class='ocr_carea' id='block_1_117' title="bbox 2081 5259 3670 5375">
    <p class='ocr_par' dir='ltr' id='par_1_117' title="bbox 2081 5259 3670 5375">
     <span class='ocr_line' id='line_1_117' title="bbox 2081 5259 3670 5375; baseline -0.034 -12"><span class='ocrx_word' id='word_1_796' title='bbox 2081 5302 2417 5375; x_wconf 81' lang='lat' dir='ltr'><strong>septuaginta</strong></span> <span class='ocrx_word' id='word_1_797' title='bbox 2439 5292 2678 5363; x_wconf 84' lang='lat' dir='ltr'><strong>quinque</strong></span> <span class='ocrx_word' id='word_1_798' title='bbox 2697 5279 3007 5350; x_wconf 86' lang='lat' dir='ltr'><strong>singillatim</strong></span> <span class='ocrx_word' id='word_1_799' title='bbox 3035 5279 3343 5329; x_wconf 73' lang='lat' dir='ltr'><strong>captantur.</strong></span> <span class='ocrx_word' id='word_1_800' title='bbox 3364 5261 3492 5316; x_wconf 72' lang='lat' dir='ltr'><strong>limc</strong></span> <span class='ocrx_word' id='word_1_801' title='bbox 3513 5259 3670 5326; x_wconf 79' lang='lat' dir='ltr'><strong>juxta</strong></span> 
     </span>
     <span class='ocr_line' id='line_1_118' title="bbox 2994 5347 3644 5375; baseline -0.026 17"><span class='ocrx_word' id='word_1_802' title='bbox 2994 5369 3005 5375; x_wconf 86' lang='grc'><strong><em>“</em></strong></span> <span class='ocrx_word' id='word_1_803' title='bbox 3121 5363 3152 5375; x_wconf 82' lang='lat'><em>&quot;</em></span> <span class='ocrx_word' id='word_1_804' title='bbox 3211 5361 3223 5375; x_wconf 85' lang='grc'><strong>¹</strong></span> <span class='ocrx_word' id='word_1_805' title='bbox 3321 5372 3397 5375; x_wconf 47' lang='grc' dir='ltr'><strong>μ-ν-</strong></span> <span class='ocrx_word' id='word_1_806' title='bbox 3453 5359 3506 5375; x_wconf 71' lang='grc' dir='ltr'><strong>-.ι</strong></span> <span class='ocrx_word' id='word_1_807' title='bbox 3539 5347 3644 5375; x_wconf 69' lang='grc' dir='ltr'><strong>,εἷ-ἰ</strong></span> 
     </span>
    </p>
   </div>
   <div class='ocr_carea' id='block_1_118' title="bbox 2085 5347 3669 5456">
    <p class='ocr_par' dir='ltr' id='par_1_118' title="bbox 2085 5347 3669 5456">
     <span class='ocr_line' id='line_1_119' title="bbox 2085 5347 2808 5375; baseline -0.037 2"><span class='ocrx_word' id='word_1_808' title='bbox 2085 5347 2417 5375; x_wconf 51' lang='grc' dir='ltr'><strong>υνν-ἠ-υ--πη</strong></span> <span class='ocrx_word' id='word_1_809' title='bbox 2450 5347 2472 5363; x_wconf 47' lang='grc' dir='ltr'><strong>ίι</strong></span> <span class='ocrx_word' id='word_1_810' title='bbox 2589 5347 2604 5358; x_wconf 76' lang='grc' dir='ltr'>ι</span> <span class='ocrx_word' id='word_1_811' title='bbox 2789 5347 2808 5350; x_wconf 81' lang='lat'>_</span> 
     </span>
     <span class='ocr_line' id='line_1_120' title="bbox 2085 5347 3669 5456; baseline -0.038 0"><span class='ocrx_word' id='word_1_812' title='bbox 2085 5406 2421 5456; x_wconf 87' lang='lat' dir='ltr'><strong>communem</strong></span> <span class='ocrx_word' id='word_1_813' title='bbox 2470 5386 2614 5441; x_wconf 88' lang='lat' dir='ltr'><strong>dicta</strong></span> <span class='ocrx_word' id='word_1_814' title='bbox 2649 5385 2775 5434; x_wconf 83' lang='lat' dir='ltr'><strong>sunt</strong></span> <span class='ocrx_word' id='word_1_815' title='bbox 2820 5369 3088 5443; x_wconf 73' lang='lat' dir='ltr'><strong>synaxim.</strong></span> <span class='ocrx_word' id='word_1_816' title='bbox 3121 5361 3226 5417; x_wconf 86' lang='lat' dir='ltr'><strong>Sed</strong></span> <span class='ocrx_word' id='word_1_817' title='bbox 3274 5372 3425 5418; x_wconf 88' lang='lat' dir='ltr'><strong>vera,</strong></span> <span class='ocrx_word' id='word_1_818' title='bbox 3453 5359 3511 5406; x_wconf 89' lang='lat' dir='ltr'><strong>ut</strong></span> <span class='ocrx_word' id='word_1_819' title='bbox 3537 5347 3669 5409; x_wconf 77' lang='lat' dir='ltr'><strong>dixi,</strong></span> 
     </span>
    </p>
   </div>
   <div class='ocr_carea' id='block_1_119' title="bbox 2089 5438 3676 5545">
    <p class='ocr_par' dir='ltr' id='par_1_119' title="bbox 2089 5438 3676 5545">
     <span class='ocr_line' id='line_1_121' title="bbox 2089 5438 3676 5545; baseline -0.035 0"><span class='ocrx_word' id='word_1_820' title='bbox 2089 5486 2277 5545; x_wconf 90' lang='lat' dir='ltr'><strong>orandi</strong></span> <span class='ocrx_word' id='word_1_821' title='bbox 2324 5478 2562 5538; x_wconf 87' lang='lat' dir='ltr'><strong>traditio,</strong></span> <span class='ocrx_word' id='word_1_822' title='bbox 2589 5480 2647 5525; x_wconf 91' lang='lat' dir='ltr'><strong>ut</strong></span> <span class='ocrx_word' id='word_1_823' title='bbox 2675 5438 3000 5537; x_wconf 78' lang='lat' dir='ltr'><strong>possibilitas</strong></span> <span class='ocrx_word' id='word_1_824' title='bbox 3030 5455 3097 5509; x_wconf 89' lang='lat' dir='ltr'><strong>ad</strong></span> <span class='ocrx_word' id='word_1_825' title='bbox 3127 5454 3234 5507; x_wconf 77' lang='lat' dir='ltr'><strong>hoc</strong></span> <span class='ocrx_word' id='word_1_826' title='bbox 3269 5441 3518 5502; x_wconf 86' lang='lat' dir='ltr'><strong>destinati</strong></span> <span class='ocrx_word' id='word_1_827' title='bbox 3556 5438 3676 5493; x_wconf 87' lang='lat' dir='ltr'><strong>sino</strong></span> 
     </span>
    </p>
   </div>
   <div class='ocr_carea' id='block_1_120' title="bbox 2094 5526 3678 5638">
    <p class='ocr_par' dir='ltr' id='par_1_120' title="bbox 2094 5526 3678 5638">
     <span class='ocr_line' id='line_1_122' title="bbox 2094 5526 3678 5638; baseline -0.038 -3"><span class='ocrx_word' id='word_1_828' title='bbox 2094 5576 2305 5636; x_wconf 83' lang='lat' dir='ltr'><strong>fastidio</strong></span> <span class='ocrx_word' id='word_1_829' title='bbox 2331 5570 2440 5626; x_wconf 86' lang='lat' dir='ltr'><strong>voti</strong></span> <span class='ocrx_word' id='word_1_830' title='bbox 2470 5526 2779 5638; x_wconf 66' lang='lat' dir='ltr'><strong>praevaleat,</strong></span> <span class='ocrx_word' id='word_1_831' title='bbox 2801 5553 2914 5608; x_wconf 69' lang='lat' dir='ltr'><strong>sive</strong></span> <span class='ocrx_word' id='word_1_832' title='bbox 2940 5562 3037 5604; x_wconf 87' lang='lat' dir='ltr'><strong>sua</strong></span> <span class='ocrx_word' id='word_1_833' title='bbox 3061 5539 3326 5614; x_wconf 81' lang='lat' dir='ltr'><strong>perfectio</strong></span> <span class='ocrx_word' id='word_1_834' title='bbox 3355 5526 3678 5604; x_wconf 77' lang='lat' dir='ltr'><strong>possibilita-</strong></span> 
     </span>
    </p>
   </div>
   <div class='ocr_carea' id='block_1_121' title="bbox 2098 5617 3672 5739">
    <p class='ocr_par' dir='ltr' id='par_1_121' title="bbox 2098 5617 3672 5739">
     <span class='ocr_line' id='line_1_123' title="bbox 2098 5617 2775 5638; baseline -0.041 -2"><span class='ocrx_word' id='word_1_835' title='bbox 2098 5617 2303 5636; x_wconf 68' lang='lat' dir='ltr'><strong>...s......,</strong></span> <span class='ocrx_word' id='word_1_836' title='bbox 2340 5617 2440 5626; x_wconf 62' lang='grc' dir='ltr'><strong>η--</strong></span> <span class='ocrx_word' id='word_1_837' title='bbox 2471 5617 2547 5638; x_wconf 45' lang='grc' dir='ltr'><strong>τη</strong></span> <span class='ocrx_word' id='word_1_838' title='bbox 2766 5617 2775 5621; x_wconf 87' lang='lat'>_</span> 
     </span>
     <span class='ocr_line' id='line_1_124' title="bbox 2098 5617 3672 5739; baseline -0.036 -12"><span class='ocrx_word' id='word_1_839' title='bbox 2098 5670 2166 5726; x_wconf 85' lang='lat' dir='ltr'><strong>tis</strong></span> <span class='ocrx_word' id='word_1_840' title='bbox 2185 5665 2479 5739; x_wconf 88' lang='lat' dir='ltr'><strong>permittat,</strong></span> <span class='ocrx_word' id='word_1_841' title='bbox 2505 5655 2589 5711; x_wconf 83' lang='lat' dir='ltr'><strong>vel</strong></span> <span class='ocrx_word' id='word_1_842' title='bbox 2615 5648 2886 5720; x_wconf 87' lang='lat' dir='ltr'><strong>capacitas</strong></span> <span class='ocrx_word' id='word_1_843' title='bbox 2911 5637 3110 5696; x_wconf 86' lang='lat' dir='ltr'><strong>mentis</strong></span> <span class='ocrx_word' id='word_1_844' title='bbox 3133 5634 3272 5689; x_wconf 87' lang='lat' dir='ltr'><strong>illius</strong></span> <span class='ocrx_word' id='word_1_845' title='bbox 3298 5641 3423 5684; x_wconf 90' lang='lat' dir='ltr'><strong>cum</strong></span> <span class='ocrx_word' id='word_1_846' title='bbox 3445 5617 3672 5678; x_wconf 84' lang='lat' dir='ltr'><strong>necessi-</strong></span> 
     </span>
     <span class='ocr_line' id='line_1_125' title="bbox 2879 5709 3672 5739; baseline -0.034 27"><span class='ocrx_word' id='word_1_847' title='bbox 2879 5734 2891 5739; x_wconf 85' lang='grc'><strong><em>“</em></strong></span> <span class='ocrx_word' id='word_1_848' title='bbox 2985 5731 2996 5739; x_wconf 79' lang='grc'><strong><em>⁵</em></strong></span> <span class='ocrx_word' id='word_1_849' title='bbox 3223 5723 3337 5739; x_wconf 80' lang='lat'><strong>&quot;-——</strong></span> <span class='ocrx_word' id='word_1_850' title='bbox 3374 5714 3538 5739; x_wconf 70' lang='lat' dir='ltr'><strong>—---h</strong></span> <span class='ocrx_word' id='word_1_851' title='bbox 3587 5709 3672 5739; x_wconf 67' lang='lat' dir='ltr'><strong>-A-</strong></span> 
     </span>
    </p>
   </div>
   <div class='ocr_carea' id='block_1_122' title="bbox 2100 5709 3680 5817">
    <p class='ocr_par' dir='ltr' id='par_1_122' title="bbox 2100 5709 3680 5817">
     <span class='ocr_line' id='line_1_126' title="bbox 2100 5709 3680 5817; baseline -0.035 0"><span class='ocrx_word' id='word_1_852' title='bbox 2100 5709 2269 5817; x_wconf 60' lang='lat' dir='ltr'><strong>tattlim</strong></span> <span class='ocrx_word' id='word_1_853' title='bbox 2317 5744 2771 5810; x_wconf 78' lang='lat' dir='ltr'><strong>consideratione,</strong></span> <span class='ocrx_word' id='word_1_854' title='bbox 2811 5734 2896 5790; x_wconf 86' lang='lat' dir='ltr'><strong>vel</strong></span> <span class='ocrx_word' id='word_1_855' title='bbox 2947 5731 3072 5785; x_wconf 65' lang='lat' dir='ltr'><strong>vitae</strong></span> <span class='ocrx_word' id='word_1_856' title='bbox 3112 5723 3342 5794; x_wconf 86' lang='lat' dir='ltr'><strong>qualitas</strong></span> <span class='ocrx_word' id='word_1_857' title='bbox 3374 5714 3545 5787; x_wconf 85' lang='lat' dir='ltr'><strong>possit</strong></span> <span class='ocrx_word' id='word_1_858' title='bbox 3587 5709 3680 5763; x_wconf 82' lang='lat' dir='ltr'><strong>ad-</strong></span> 
     </span>
    </p>
   </div>
   <div class='ocr_carea' id='block_1_123' title="bbox 2103 5799 3681 5916">
    <p class='ocr_par' dir='ltr' id='par_1_123' title="bbox 2103 5799 3681 5916">
     <span class='ocr_line' id='line_1_127' title="bbox 2103 5799 3681 5916; baseline -0.034 -5"><span class='ocrx_word' id='word_1_859' title='bbox 2103 5853 2346 5914; x_wconf 85' lang='lat' dir='ltr'><strong>mittere;</strong></span> <span class='ocrx_word' id='word_1_860' title='bbox 2388 5851 2442 5898; x_wconf 91' lang='lat' dir='ltr'><strong>et</strong></span> <span class='ocrx_word' id='word_1_861' title='bbox 2467 5845 2728 5916; x_wconf 80' lang='lat' dir='ltr'><strong>quantum</strong></span> <span class='ocrx_word' id='word_1_862' title='bbox 2769 5820 3189 5893; x_wconf 83' lang='lat' dir='ltr'><strong>uniuscujusque</strong></span> <span class='ocrx_word' id='word_1_863' title='bbox 3221 5812 3398 5870; x_wconf 82' lang='lat' dir='ltr'><strong>fervor</strong></span> <span class='ocrx_word' id='word_1_864' title='bbox 3421 5799 3681 5875; x_wconf 79' lang='lat' dir='ltr'><strong>exegerit.</strong></span> 
     </span>
    </p>
   </div>
  </div>
