3978 6182
348 271 453 329 ΞΒ

1586 274 1856 330 REGULA
1899 272 2353 334 C(ENOBIAUS.

3492 303 3592 359 ’ΞΗ

332 391 391 445 -εἱ
438 390 575 445 liber
602 402 665 442 ac
711 388 860 442 solus
906 388 991 453 sit,
1023 395 1125 441 aut
1144 385 1457 445 eruditionis
1493 386 1609 456 ejus
1646 386 1916 456 quantitas
1952 391 1990 443 Α
2022 402 2138 455 qnze
2164 391 2388 458 creavit,
2418 393 2553 446 mala
2588 411 2713 451 vero
2734 399 2973 455 diabolus
3014 410 3460 474 superseminavit
3489 415 3587 469 do-

350 477 717 548 postulaverit,
749 486 843 531 aut
868 485 1040 531 status
1065 476 1252 541 otium,
1279 486 1370 529 aut
1400 476 1710 545 magnitudo
1736 476 1914 540 studii,

348 580 436 623 aut
459 584 683 638 operum
712 568 960 637 qualitas,
1002 576 1092 621 aut
1114 575 1332 621 aetatum
1358 566 1640 621 diversitas
1669 567 1919 636 permise-

353 660 457 723 rit;
489 660 563 712 ita
590 659 735 713 varie
764 659 890 711 licet
919 657 1073 711 unius
1102 658 1177 710 rei
1210 657 1466 726 perfectio
1495 656 1808 712 mstimanda
1835 667 1919 712 est

266 800 287 821 χ
344 750 468 817 quia
502 764 626 804 cum
667 748 851 802 labore
879 747 1208 802 adorationis
1236 749 1461 817 partitur
1489 766 1502 800 :
1545 758 1599 803 et
1626 750 1766 816 ideo,
1796 750 1919 803 licet

347 840 624 907 longitudo
653 838 827 893 standi
857 847 948 894 aut
977 840 1223 894 cantandi
1254 840 1322 893 sit
1352 842 1514 904 varia,
1550 840 1704 895 unius
1739 849 1915 894 tamen

346 927 690 998 perfectionis
718 930 821 983 erit
844 929 1118 999 aequalitas
1144 930 1329 984 orandi
1354 931 1407 983 in
1430 930 1609 993 corde,
1633 944 1695 985 ac
1724 930 1916 984 mentis

344 1034 462 1073 cum
493 1019 605 1072 Deo
626 1019 768 1088 jugis
810 1020 1052 1073 intentio.
1086 1018 1222 1073 Sunt
1257 1029 1436 1073 autem
1483 1019 1697 1087 quidam
1728 1021 1916 1074 catho-

344 1110 431 1164 lici
457 1110 654 1177 quibus
700 1110 838 1164 idem
866 1118 949 1165 est.
977 1110 1266 1165 canonicus
1296 1109 1652 1164 duodenarius
1683 1110 1914 1179 psalmo-

340 1217 460 1256 rum
513 1218 789 1265 numerus,
842 1202 957 1257 sive
1015 1217 1110 1270 per
1165 1203 1374 1268 breves,
1421 1204 1534 1256 sive
1581 1218 1676 1272 per
1730 1202 1913 1270 longas

339 1301 555 1356 noctes;
586 1293 681 1349 sed
717 1308 812 1361 per
837 1301 1125 1362 quaternas
1166 1293 1217 1346 in
1264 1301 1421 1347 not-te
1469 1294 1612 1348 vices
1655 1293 1794 1348 hunc
1823 1308 1912 1347 ea-

339 1396 537 1434 nonem
585 1381 835 1448 reddunt,
883 1380 948 1434 ad
997 1381 1203 1434 initium
1250 1382 1444 1448 noctis,
1478 1381 1541 1433 ad
1574 1381 1911 1448 mediumque

334 1472 476 1540 ejus,
529 1472 793 1541 pullorum
824 1486 1037 1541 quoque
1065 1483 1275 1540 cantus,
1307 1488 1369 1525 ac
1408 1474 1745 1525 matutinum.
1778 1471 1908 1525 Cur-

333 1578 425 1617 sus
465 1564 575 1629 hic,
630 1571 688 1617 ut
739 1565 790 1617 in
839 1564 1015 1618 hieme
1063 1579 1258 1633 parvus
1310 1564 1426 1618 aliis
1456 1564 1683 1629 videtur,
1738 1563 1807 1616 ita
1855 1564 1908 1617 in

330 1663 521 1708 aestate
549 1655 681 1708 satis
711 1669 973 1709 onerosus
1002 1663 1053 1709 et
1077 1655 1289 1723 gravius
1316 1655 1601 1721 invenitur,
1632 1655 1756 1708 dum
1788 1670 1906 1708 cre-

2025 478 2137 534 losa
2166 481 2475 548 calliditate,
2521 500 2583 539 ac
2630 487 2848 542 subdola
2880 494 3185 552 ambitionis
3232 498 3415 555 intutae
3461 519 3588 558 sua—

2022 570 2192 623 sione.
2221 570 2348 636 Quae
2376 581 2497 626 sunt
2519 574 2677 642 igitur
2715 577 2851 631 bona
2875 580 2999 635 illa?
3021 584 3223 640 scilicet
3244 602 3362 659 quae
3384 590 3589 662 integra

2020 668 2143 713 sunt
2173 676 2236 714 ac
2263 661 2591 733 incorruyta,
2619 666 2751 720 sicut
2786 680 2981 733 creata,
3012 686 3449 739 permanserunt:
3475 661 3593 750 quae

2020 752 2166 806 solus
2219 757 2421 808 creavit
2452 755 2588 811 Deus
2612 800 2624 822 ,
2658 768 2704 810 ct
2727 763 3227 831 pi'reparavit,juxta
3275 768 3591 836 Apostolum

2021 846 2231 917 (Ep/tes.
2258 848 2438 919 11,10),
2472 860 2524 902 ut
2562 853 2612 905 in
2636 853 2740 905 illis
2768 856 3109 910 ambulemus:
3132 873 3250 926 qum
3281 871 3403 915 sunt
3428 879 3591 933 Opera

2018 935 2179 1002 bona,
2211 938 2262 989 in
2293 938 2470 1007 quibus
2502 941 2551 993 in
2591 941 2790 996 Christo
2827 942 2950 996 Jesu
2998 948 3159 1000 creati
3208 966 3409 1016 sumus;
3436 953 3592 1007 boui-

2020 1033 2100 1077 tas
2120 1028 2344 1093 scilicet,
2380 1028 2684 1097 integritas,
2721 1032 2911 1101 pietas,
2937 1033 3166 1104 justitia,
3188 1039 3405 1108 veritas,
3433 1043 3592 1097 mise-

2016 1116 2266 1181 ricordia,
2301 1118 2552 1185 charitas,
2600 1136 2701 1190 pax
2755 1124 3023 1189 salutaris,
3079 1126 3261 1181 laetitia
3315 1131 3585 1199 spiritalis,

2017 1222 2137 1260 cum
2166 1210 2384 1278 Spiritus
2424 1211 2615 1267 fructu.
2650 1213 2773 1269 ihec
2804 1218 2979 1270 omnia
3013 1233 3131 1272 cmn
3174 1218 3432 1275 fructibus
3482 1226 3591 1279 suis

2015 1297 2152 1352 bona
2182 1309 2335 1353 sunt:
2370 1302 2450 1356 his
2474 1317 2599 1357 vero
2629 1307 2893 1359 contraria
2918 1308 3052 1361 mala
3076 1318 3218 1375 sunt,
3243 1312 3450 1366 scilicet
3479 1330 3587 1367 Ina-

2014 1386 2146 1453 litia,
2192 1391 2516 1459 corruptela,
2562 1393 2833 1462 impietas,
2882 1395 3165 1463 injustitia,
3219 1400 3589 1471 mendacium,

2020 1481 2263 1547 avaritia,
2291 1484 2492 1548 odium,
2519 1483 2804 1551 discordia,
2832 1486 3155 1553 amaritudo,
3180 1502 3298 1542 cum
3331 1488 3587 1546 fructibus

2011 1587 2195 1625 eorum
2221 1575 2598 1645 multiplicibus
2626 1577 2714 1643 qui
2736 1576 2801 1630 ab
2830 1577 2904 1631 eis
2934 1588 3242 1633 nascuntur.
3276 1579 3588 1635 Innumera-

2012 1661 2135 1714 bilia
2169 1663 2311 1717 enim
2362 1673 2487 1719 sunt
2525 1680 2642 1734 qua)
2674 1665 2741 1719 de
2780 1669 3016 1737 utrisque
3063 1670 3366 1736 contrariis,
3415 1671 3467 1726 id
3506 1681 3586 1727 est

329 1743 444 1797 bris
476 1744 527 1797 in
552 1744 723 1799 noctis
744 1743 1005 1798 brevitate
1028 1743 1472 1812 expeditionibu=,
1493 1760 1598 1797 non
1625 1751 1731 1797 tam
1761 1744 1899 1797 lassi-

2021 1755 2172 1808 bonis
2198 1764 2251 1809 et
2280 1756 2451 1821 malis,
2481 1766 2848 1826 procreantur.
2876 1758 3024 1823 Quod
3057 1769 3234 1814 autem
3292 1762 3527 1816 declinat
3556 1780 3585 1816 a

331 1832 570 1886 tudinem
598 1832 725 1887 facit
752 1848 910 1903 quam
948 1832 1328 1900 fatigationem.
1361 1834 1618 1888 Noctibus
1661 1850 1789 1890 vero
1819 1850 1904 1889 re-

329 1921 715 1977 verentissimis
761 1922 1053 1977 Dorninica:
1083 1923 1291 1977 scilicet
1317 1923 1398 1979 vel
1428 1924 1656 1992 sabbati,
1687 1926 1752 1979 ad
1797 1942 1911 1980 ma-

334 2012 567 2066 tutinum
602 2021 680 2066 ter
709 2012 851 2067 idem
879 2013 1109 2067 volvitur
1135 2028 1413 2081 numerus,
1443 2014 1496 2068 id
1534 2025 1614 2070 est
1652 2025 1734 2069 ter
1758 2016 1909 2072 denis

324 2110 385 2156 et
413 2118 506 2156 sex
539 2102 775 2171 psalmis.
807 2101 1046 2169 Quorum
1087 2102 1363 2172 pluralitas
1400 2104 1468 2158 ad
1508 2112 1750 2158 sanetam
1780 2120 1909 2160 con-

325 2193 685 2247 versationem
718 2192 862 2247 hunc
891 2207 1169 2246 numerum
1212 2194 1528 2247 canonicum
1558 2194 1739 2249 multis
1767 2195 1905 2250 dulci

323 2281 519 2335 indixit
555 2280 845 2346 suavitate,
876 2289 1130 2350 tanquam
1171 2290 1227 2334 et
1256 2282 1513 2350 reliquam
1545 2282 1899 2352 disciplinam,

319 2372 427 2427 sub
448 2388 674 2441 quorum
705 2372 955 2425 nimirum
985 2372 1165 2439 regula
1190 2371 1363 2425 nullus
1393 2372 1662 2427 invenitur
1690 2373 1860 2429 lassus
1886 2393 1898 2427 :

318 2474 381 2520 et
402 2481 523 2519 cum
561 2472 705 2518 tanta
731 2464 1011 2534 pluralitas
1038 2478 1224 2517 eorum
1250 2463 1337 2528 sit,
1370 2464 1443 2517 ita
1470 2472 1528 2518 ut
1553 2463 1696 2519 mille
1740 2465 1902 2519 abba-

320 2564 407 2609 tes
428 2556 527 2610 sub
556 2571 663 2609 uno
691 2553 1108 2609 archimandrita
1144 2568 1263 2608 esse
1302 2552 1623 2621 referantur,
1654 2555 1799 2608 nulla
1830 2554 1900 2609 ibi

318 2660 351 2698 a
377 2646 685 2700 conditione
710 2646 942 2701 em’nobii
966 2647 1104 2701 inter
1123 2647 1258 2702 duos
1285 2647 1577 2702 monachos
1597 2647 1710 2701 rixa
1740 2646 1902 2702 fuisse

318 2736 493 2790 fertur
520 2738 631 2793 visa
666 2754 680 2791 :
706 2738 849 2806 quod
880 2737 994 2792 sine
1024 2737 1117 2792 Dei
1150 2737 1220 2792 ibi
1254 2737 1607 2805 habitatione,
1629 2736 1896 2792 dicentis:

323 2828 439 2898 Ego
464 2828 517 2882 in
556 2831 630 2883 eis
667 2828 925 2893 habitabo,
968 2840 1015 2883 et
1068 2831 1201 2883 inter
1234 2829 1348 2883 illos
1378 2828 1649 2885 ambulabo
1680 2846 1696 2882 :
1728 2839 1777 2882 et
1813 2845 1899 2883 ero

318 2921 530 2975 illorum
560 2920 710 2984 Deus.
745 2932 792 2975 et
826 2922 924 2990 ipsi
953 2931 1103 2974 erunt
1141 2921 1265 2973 milii
1304 2922 1523 2991 populus
1552 2919 1638 2985 (11
1669 2919 1789 2975 Cor.
1823 2936 1897 2985 vr,

320 3010 392 3062 16
420 3028 433 3074 ;
470 3009 590 3064 Lev.
635 3026 778 3077 xxvi,
814 3010 923 3083 12),
957 3026 1074 3065 esse
1098 3010 1397 3080 non'posse
1425 3008 1763 3064 manifestum
1795 3020 1893 3064 est.

2012 1846 2252 1900 bonitate
2274 1844 2483 1901 condita
2517 1856 2569 1902 et
2601 1847 2904 1915 integritate
2925 1892 2937 1912 ,
2988 1850 3089 1903 hoc
3121 1851 3346 1918 primum
3388 1853 3584 1905 malum

2013 1944 2117 1999 est,
2154 1945 2312 1990 utest
2358 1936 2605 2002 superbia
2632 1937 2844 1991 malitiae
2871 1939 3089 2008 prima};
3134 1955 3220 1993 ent
3270 1953 3455 1994 contra
3505 1948 3585 1995 est

2014 2026 2111 2092 pia:
2148 2025 2402 2079 bonitatis
2448 2026 2661 2079 humilis
2692 2027 3044 2093 existimatio,
3078 2044 3231 2082 suum
3273 2028 3583 2084 Creatorem

2009 2118 2350 2183 agnoscentis
2401 2123 2455 2169 et
2500 2114 2878 2184 gloriﬁcantis;
2933 2116 3075 2186 quod
3126 2126 3209 2171 est
3253 2118 3584 2171 rationabilis

2007 2222 2267 2268 creatura:
2296 2215 2523 2283 primum
2556 2216 2774 2270 bonum.
2805 2215 2892 2270 Sic
2919 2224 2973 2270 et
3001 2227 3189 2313 cratera
3225 2231 3319 2286 per
3344 2215 3582 2283 duplices

2006 2303 2202 2358 sensim
2229 2314 2408 2374 partes
2436 2308 2487 2360 in
2517 2308 2798 2361 immanem
2824 2303 3105 2361 nominum
3128 2306 3316 2361 silvam
3339 2320 3579 2361 crevere.

2005 2395 2131 2460 Qum
2160 2411 2279 2450 cum
2309 2396 2381 2449 ita
2408 2397 2531 2462 sint,
2566 2398 2793 2452 tenenda
2831 2405 2956 2452 sunt
2991 2397 3200 2451 fortiter
3252 2397 3391 2450 bona
3418 2436 3432 2460 ,
3485 2396 3578 2450 Dei

2004 2486 2326 2543 habentibus
2348 2488 2604 2544 auxilium
2630 2528 2645 2554 ,
2673 2489 2813 2557 quod
2837 2503 3049 2557 semper
3087 2487 3344 2542 orandum
3375 2495 3455 2542 est
3482 2502 3577 2556 per

2004 2592 2260 2648 prospera
2282 2588 2336 2633 et
2358 2579 2614 2645 adversa;
2648 2596 2713 2635 ne
2742 2588 2834 2634 aut
2861 2579 3179 2633 extollamur
3228 2578 3277 2631 in
3309 2594 3407 2648 pro
3438 2577 3581 2647 peris

2008 2669 2060 2722 in
2093 2670 2404 2735 vanitatem,
2439 2678 2527 2725 aut
2560 2671 2873 2740 dejiciamur
2903 2671 2954 2725 in
2988 2670 3224 2724 adversis
3255 2670 3306 2723 in
3337 2670 3581 2738 despera-

2005 2759 2225 2814 tionem.
2261 2759 2384 2815 Ideo
2406 2761 2787 2815 continendum
2852 2762 2918 2815 ab
2966 2770 3194 2829 utroque
3224 2761 3482 2831 periculo,
3526 2758 3578 2813 id

2002 2858 2102 2917 est,
2133 2852 2200 2905 ab
2224 2852 2367 2905 omni
2399 2852 2676 2905 nimietate
2709 2867 2802 2921 per
2833 2852 3240 2921 temperantiam
3270 2851 3575 2918 gloriosam,

2003 2948 2056 2993 et
2097 2955 2275 2995 veram
2322 2941 2727 3008 discretionem,
2776 2958 2894 3010 qua:
2935 2941 3247 2995 Christiana:
3294 2942 3577 2995 hmnilitali

2002 3031 2256 3093 adlucret,
2286 3040 2339 3085 et
2366 3033 2504 3084 viam
2538 3032 2876 3100 perfectionis
2910 3032 3049 3088 veris
3095 3031 3292 3085 Christi
3322 3031 3577 3085 militibus

316 3098 514 3153 Merito
564 3100 743 3169 itaque
781 3108 1085 3164 creverunt,
1141 3106 1197 3154 et
1232 3098 1488 3167 quotidie,
1532 3097 1641 3152 Deo
1680 3099 1896 3167 gratias,

2010 3138 2073 3176 ac
2101 3122 2271 3177 Deum
2327 3123 2634 3177 timentibus
2664 3124 2854 3193 aperit.
2911 3122 3325 3177 Discernendum
3372 3121 3577 3176 scilicet

315 3198 596 3257 crescunt,
640 3191 689 3243 in
738 3204 965 3259 quorum
1013 3189 1189 3244 medio
1224 3189 1364 3245 Debs
1409 3190 1641 3254 habitat;
1674 3204 1899 3257 quorum

314 3280 526 3335 merith
556 3294 859 3335 mereamur
884 3280 1079 3335 salvari
1107 3295 1137 3333 a
1164 3280 1445 3335 Salvatore
1476 3289 1679 3335 nostro.
1705 3281 1896 3337 Amen.

872 3392 1153 3448 CAPUT
1193 3392 1365 3447 Vill.

904 3484 981 3538 De
1006 3485 1331 3539 discretione.

387 3574 651 3631 Discretio
697 3576 974 3631 monachis
1035 3592 1197 3645 quam
1237 3576 1305 3632 sit
1343 3577 1646 3632 necessaria
1701 3578 1897 3633 multo-

307 3679 436 3719 rum
459 3680 614 3719 error
641 3666 892 3729 ostendit;
918 3674 972 3720 et
992 3666 1289 3735 aliquorum
1308 3664 1474 3723 ruina:
1487 3667 1856 3722 demonstrant
1880 3686 1892 3721 :

311 3755 411 3824 qui
463 3756 580 3809 sine
607 3755 930 3810 discretione
960 3756 1293 3825 incipientes,
1327 3765 1383 3810 et
1408 3757 1611 3826 absque
1654 3757 1896 3813 modera-

311 3846 453 3899 trice
484 3845 708 3900 scientia
738 3846 1011 3914 degentes,
1044 3847 1207 3900 vitam
1241 3844 1393 3901 ﬁnire
1423 3847 1741 3903 laudabilem
1788 3864 1897 3902 non

310 3944 626 4004 potuerunt.
661 3934 794 4001 Quia
825 3937 960 3990 sient
982 3936 1099 3991 sine
1128 3936 1210 3989 via
1242 3937 1586 3992 tendentibus
1601 3953 1754 3992 error
1768 3953 1897 3993 eve-

309 4029 416 4094 nit,
448 4029 520 4081 ita
550 4029 663 4081 sine
693 4028 1327 4083 discretionevivmtibus
1347 4043 1598 4082 excessus
1617 4029 1667 4081 in
1681 4045 1895 4099 promp-

309 4128 369 4171 tu
399 4127 503 4179 est,
526 4119 615 4187 qui
648 4133 860 4187 semper
901 4118 1193 4172 virtutibus
1222 4119 1271 4171 in
1305 4118 1481 4172 melio
1527 4119 1666 4172 inter
1696 4130 1892 4172 utram~

306 4222 420 4277 que
449 4207 780 4261 nimietatem
832 4207 1023 4276 positis
1071 4208 1373 4261 contrarius
1430 4215 1531 4261 est.
1580 4207 1741 4277 Cujus
1796 4208 1894 4261 im-

310 4302 495 4371 paetio
523 4302 742 4370 periculi
774 4316 861 4355 res
889 4309 992 4367 est,
1017 4300 1141 4355 dum
1169 4300 1319 4369 juxta
1344 4301 1588 4354 semitam
1613 4301 1895 4356 discretio-

310 4396 395 4448 nis
417 4394 673 4448 directam
703 4394 898 4447 inimiei
928 4392 1208 4462 pravitatis
1252 4391 1571 4446 oﬂendicula
1619 4407 1683 4446 ac
1712 4392 1892 4445 diver-

2004 3227 2218 3281 semper
2247 3222 2327 3266 est
2375 3212 2428 3266 in
2470 3211 2641 3266 dubiis
2670 3221 2817 3266 recte
2839 3253 2852 3277 ,
2901 3226 2963 3264 ac
2992 3212 3132 3265 inter
3158 3212 3297 3265 bena
3328 3221 3381 3264 et
3437 3211 3576 3264 mala

2000 3302 2198 3371 ubique
2220 3301 2563 3356 dividendum
2583 3302 2746 3372 juste,
2798 3302 2911 3356 sive
2956 3303 3093 3356 inter
3155 3310 3383 3369 utraque
3428 3299 3573 3366 foris,

1998 3392 2110 3446 sive
2143 3392 2280 3447 intus
2312 3393 2450 3445 inter
2493 3407 2690 3461 corpus
2720 3402 2774 3447 et
2799 3392 3053 3456 animam,
3099 3393 3213 3447 sive
3242 3391 3380 3446 inter
3409 3407 3571 3461 opera

1998 3490 2053 3534 et
2081 3497 2276 3546 mores,
2308 3482 2421 3535 sive
2469 3484 2609 3537 inter
2654 3498 2835 3538 curam
2886 3493 2941 3538 et
2984 3500 3013 3554 q
3040 3485 3235 3549 lietem,
3269 3484 3381 3539 sive
3438 3482 3575 3538 inter

1997 3572 2207 3642 publica
2233 3583 2286 3626 et
2306 3583 2533 3628 secreta.
2567 3573 2703 3627 Mala
2734 3574 2914 3645 itaque
2948 3576 3183 3629 cavenda
3228 3584 3352 3630 sunt
3390 3568 3578 3629 simili-

1998 3670 2098 3725 ter,
2132 3662 2403 3732 superbia,
2431 3662 2649 3727 invidia,
2684 3663 3061 3728 mendacium,
3100 3664 3429 3733 corruptela,
3472 3665 3573 3718 im-

1997 3751 2184 3818 pietas,
2220 3750 2359 3805 mala
2390 3766 2620 3814 morum,
2671 3752 3043 3820 transgressio,
3096 3751 3238 3819 gula,
3270 3752 3570 3818 fornicatio,

1997 3841 2282 3911 cupiditas,
2310 3842 2407 3908 ira,
2435 3842 2667 3906 tristitia,
2702 3841 3040 3905 instabilitas,
3063 3856 3200 3895 vana
3241 3842 3432 3909 gloria,
3462 3842 3569 3896 ela-

1997 3935 2092 4000 tio,
2122 3934 2400 3990 detractio.
2428 3934 2573 3989 Bona
2594 3950 2809 4004 quoque
2829 3935 3083 3989 virtutum
3122 3937 3376 3991 sectanda
3406 3946 3529 3992 sunt
3558 3956 3570 3991 :

1996 4025 2290 4091 humilitas,
2308 4026 2622 4093 benignitas,
2644 4026 2865 4093 puritas,
2884 4026 3208 4093 obedientia,
3229 4028 3573 4094 abstinentia,

1995 4118 2214 4171 castitas
2239 4158 2253 4185 ,
2302 4117 2518 4185 largitas
2539 4158 2553 4180 ,
2587 4118 2866 4186 patientia,
2897 4118 3103 4187 laetitia,
3133 4120 3416 4185 stabilitas,
3459 4119 3567 4173 fer-

1995 4223 2115 4276 vor,
2139 4208 2443 4277 impigritia,
2468 4209 2762 4278 vigilantia,
2797 4212 3169 4277 taciturnitas;
3201 4226 3319 4279 quae
3343 4225 3437 4280 per
3456 4210 3566 4265 for-

1998 4300 2276 4355 titudinem
2307 4300 2670 4363 suilerentem,
2728 4311 2783 4355 et
2838 4304 3245 4372 temperantiam
3273 4303 3570 4358 moderan—

1997 4401 2123 4457 tem,
2147 4395 2297 4464 quasi
2328 4395 2380 4449 in
2401 4395 2635 4464 quadam
2670 4398 3046 4465 ponderatrice
3067 4397 3406 4454 discretionis
3453 4409 3572 4456 sta-

306 4500 495 4540 sorum
525 4499 769 4538 errorum
806 4484 1057 4539 scandala
1083 4493 1306 4553 ponunt.
1348 4484 1592 4540 Uraudus
1628 4492 1708 4539 est
1736 4485 1893 4551 igitur
1921 4487 1977 4549 D
2003 4493 2111 4539 tera
2137 4485 2419 4540 statuenda
2445 4486 2496 4538 in
2523 4493 2645 4540 actu
2676 4495 2801 4540 sunt
2822 4486 2999 4556 operis
3028 4488 3246 4553 assueti,
3280 4504 3377 4558 pro
3409 4498 3569 4560 captu

310 4577 476 4641 Deus,
502 4577 593 4644 qui
626 4576 805 4630 lumen
837 4590 976 4653 verte
1003 4575 1341 4631 discretionis
1377 4576 1633 4645 largiatur
1668 4576 1733 4630 ad
1774 4578 1893 4631 illu-

306 4668 663 4721 minationem
718 4666 877 4735 hujus
920 4668 1043 4720 vita:
1070 4709 1086 4735 ,
1134 4668 1371 4723 tenebris
1412 4668 1589 4723 steculi
1646 4670 1892 4737 utrinque

306 4758 709 4813 obscurissimis
732 4758 1101 4823 circumdate;
1132 4774 1243 4828 quo
1265 4760 1347 4814 sui
1380 4761 1444 4813 ad
1472 4775 1530 4814 se
1566 4760 1679 4816 sine
1708 4776 1893 4816 errore

304 4849 421 4904 veri
452 4848 767 4902 adoratores
788 4849 994 4917 possint
1012 4850 1109 4904 has
1131 4851 1361 4904 evadere
1384 4851 1651 4906 tenebras.
1683 4852 1891 4907 Discre-

306 4942 384 4995 tio
416 4940 578 5009 igitur
603 4955 633 4992 a
653 4940 1009 4994 diseernendo
1034 4956 1230 4995 nomen
1258 4941 1486 5009 accepit,
1516 4957 1582 4995 eo
1612 4943 1886 5011 quodipsa

305 5032 358 5084 in
394 5031 548 5084 nobis
576 5030 831 5083 discernit
862 5031 1001 5084 inter
1027 5031 1166 5084 bona
1194 5039 1249 5085 et
1299 5030 1437 5084 mala
1463 5069 1478 5093 ,
1535 5031 1673 5086 inter
1713 5033 1884 5088 media

301 5136 524 5191 quoque
553 5136 616 5174 ac
642 5120 899 5190 perfecta.
929 5120 1107 5175 Divisa
1152 5136 1385 5191 namque
1414 5131 1540 5175 sunt
1591 5124 1657 5177 ab
1708 5123 1881 5186 initio,

302 5212 446 5265 sicut
475 5211 561 5264 lux
594 5220 649 5265 et
678 5210 931 5275 tenebrae,
957 5220 1202 5279 utraque,
1234 5211 1285 5265 id
1316 5218 1397 5265 est
1446 5211 1584 5265 bona
1627 5220 1681 5266 et
1711 5214 1848 5267 mala
1869 5252 1884 5277 ,

301 5309 590 5370 postquam
619 5302 758 5355 mala
790 5317 883 5369 per
905 5302 1173 5356 diabolum
1206 5303 1327 5356 boni
1356 5301 1741 5371 depravatione
1767 5318 1883 5358 esse

297 5399 611 5459 eruperunt;
643 5390 737 5443 sed
766 5406 862 5459 per
890 5389 1056 5445 Deum
1080 5390 1469 5444 illuminantem
1485 5392 1648 5462 prius,
1682 5408 1744 5448 ac
1765 5409 1887 5461 pos-

302 5494 392 5538 tea
448 5484 793 5539 dividentem.
825 5484 953 5539 Inde
1000 5486 1128 5539 Abel
1159 5488 1304 5554 prius
1344 5488 1481 5542 bona
1534 5489 1714 5558 elegit,
1750 5490 1881 5545 Cain

302 5589 437 5628 vero
463 5576 658 5645 impius
688 5586 710 5609 ι·
742 5577 881 5629 mala
905 5577 1111 5630 inci-lit.
1149 5577 1294 5631 Bona
1343 5579 1482 5633 Deus
1522 5581 1642 5636 fecit
1688 5593 1879 5637 cuncta

376 5717 402 5744 ⁸
434 5706 600 5762 Mala.
629 5707 932 5778 Legendum
962 5711 1193 5780 videtur,
1222 5713 1271 5765 iu
1303 5714 1459 5766 mala.

1996 4584 2219 4631 conatus
2250 4576 2416 4630 nostri
2446 4575 2760 4630 suflicientia
2798 4576 2995 4646 ubique
3025 4578 3402 4647 quazrentibus.
3435 4579 3567 4635 Nam

1993 4667 2077 4723 cui
2098 4665 2417 4722 sufficientia
2449 4683 2555 4721 non
2584 4665 2876 4735 sufﬁciunt,
2905 4669 3196 4723 excessisse
3232 4669 3572 4725 discretionis

1994 4757 2210 4813 modum
2243 4758 2370 4811 nulli
2400 4758 2617 4813 dubium
2642 4767 2756 4813 est:
2785 4770 2839 4813 et
2861 4758 3116 4828 quidquid
3152 4761 3320 4830 ipsum
3348 4761 3564 4815 modum

1991 4850 2301 4914 excesserit,
2333 4848 2515 4903 vitium
2553 4864 2670 4903 esse
2699 4850 3033 4903 manifestum
3065 4860 3166 4905 est.
3227 4851 3388 4920 Igitur
3432 4853 3571 4905 inter

1992 4956 2211 5009 parvum
2234 4947 2291 4994 et
2316 4940 2537 4993 nimium
2562 4940 2889 4994 rationabiiis
2913 4949 2994 4994 est
3015 4939 3065 4992 in
3088 4940 3265 4992 medio
3292 4956 3562 5002 mensura,

1991 5044 2249 5084 revocans
2303 5045 2519 5099 seraper
2571 5030 2638 5083 ab
2696 5031 2839 5084 omni
2872 5032 3124 5097 utrinque
3169 5028 3459 5096 superﬂuo,
3511 5032 3563 5083 in

1989 5120 2135 5174 omni
2165 5135 2223 5175 re
2254 5121 2448 5190 posita,
2474 5130 2679 5174 certum
2735 5120 2929 5189 ubique
2987 5120 3321 5174 necessitatis
3368 5135 3562 5189 procu‘

1990 5225 2134 5276 rans,
2159 5226 2224 5265 ac
2253 5211 2617 5266 irrationabile
2647 5212 2928 5280 superﬂuae
2952 5211 3241 5265 voluntatis
3267 5210 3561 5266 declinans.

1993 5304 2058 5359 Et
2086 5305 2200 5360 haec
2251 5320 2498 5358 mensura
2538 5318 2678 5357 verre
2707 5303 3071 5367 discretionis,
3125 5318 3313 5358 omnes
3351 5311 3565 5357 nostros

1995 5395 2229 5463 pondere
2255 5394 2516 5447 trutinans
2541 5393 2685 5462 justo
2715 5401 2885 5457 actus,
2943 5406 3279 5459 nequaquam
3333 5406 3431 5445 nos
3467 5391 3565 5444 de-

1994 5486 2140 5539 viare
2169 5485 2397 5552 abjusto
2426 5485 2729 5556 permittet;
2772 5497 2944 5550 neque
2980 5483 3023 5534 si
3064 5481 3204 5533 illam
3254 5479 3372 5536 vice
3415 5480 3564 5534 ducis

1991 5597 2087 5649 per
2133 5579 2390 5635 directum
2430 5593 2641 5649 semper
2667 5592 2949 5647 sequamur
2972 5588 3207 5628 errorem
3251 5575 3377 5644 pati.
3428 5573 3560 5630 Dum
