3978 6182
387 265 492 323 213

1609 263 1669 319 S.
1710 259 2101 317 COLUMBANI
2141 259 2427 313 ABBATIS

3539 255 3640 312 216

384 381 527 434 enim
567 379 634 432 de
679 373 900 444 utraque
945 379 1098 444 parte
1143 390 1356 445 semper
1405 381 1488 428 est.
1534 372 1956 439 continendum.
1991 377 2032 432 Α
2061 369 2294 422 studium
2332 384 2455 424 suas
2478 369 2683 438 aliquas
2717 369 2910 424 sectari
2942 379 3032 423 aut
3064 370 3271 425 nutrire
3300 371 3532 426 voluerit
3559 373 3643 427 in-

380 467 532 535 juxta
561 464 688 519 illud
716 464 945 518 dictum:
980 463 1245 519 Continete
1271 482 1356 520 vos
1387 483 1419 518 a
1441 466 1635 520 dextris
1664 476 1711 519 et
1734 467 1961 519 sinistris

385 555 562 616 (Deut.
595 553 766 620 v,52;
806 553 866 608 Ii
899 555 1020 610 Cor.
1077 573 1151 624 v1,
1194 556 1289 625 7):
1333 558 1385 612 in
1435 557 1696 612 directum
1746 572 1964 627 semper

384 660 480 712 per
504 645 883 699 discretionem
921 647 1242 701 tendendum
1271 657 1389 715 est;
1428 649 1481 703 id
1505 658 1610 716 est,
1639 665 1737 719 per
1783 650 1961 704 lumen

385 734 502 797 Dei,
530 735 832 790 dicentibus
859 740 1070 806 saepius,
1097 749 1256 807 atque
1279 738 1568 796 Psalmislae
1594 743 1815 796 victoris
1838 757 1959 796 ver—

378 829 603 883 siculum
643 823 985 886 cantantibus
1018 851 1030 884 :
1079 832 1212 888 Deus
1254 851 1412 898 meus,
1458 835 1693 889 illumina
1723 836 1959 891 tenebras

377 938 536 983 meas,
567 924 809 992 quoniam
837 925 889 975 in
913 933 959 977 te
982 925 1174 994 eripiar
1229 943 1260 976 a
1287 928 1566 980 tentatione
1606 926 1773 996 (Paul.
1828 943 1955 989 xvii,

375 1011 463 1076 29,
497 1011 609 1081 50).
643 1011 879 1068 Tentatio
906 1015 1041 1068 enim
1066 1017 1265 1069 estvita
1307 1016 1527 1070 hominis
1565 1033 1718 1086 super
1769 1027 1957 1071 terram

379 1103 499 1173 {Job
552 1120 644 1166 vit,
679 1103 753 1173 1).

987 1194 1216 1251 CAPUT
1243 1197 1335 1252 lX.

901 1283 979 1337 De
1014 1286 1428 1355 mortiﬁcatione.

447 1371 674 1429 Maxima
705 1387 829 1442 pars
856 1373 1052 1442 regulae
1073 1375 1459 1430 monachorum
1473 1378 1818 1433 mortificatio
1846 1387 1949 1445 est,

382 1463 569 1529 quibus
591 1461 838 1517 nimirum
869 1479 966 1532 per
991 1479 1198 1519 sacram
1229 1465 1560 1536 Scripturam
1610 1469 1948 1539 prmcipitur:

374 1552 502 1608 Sine
528 1553 742 1611 consilio
773 1554 901 1610 nillil
943 1556 1106 1626 facias
1139 1553 1326 1624 (Eccli.
1370 1567 1535 1624 xxxii,
1564 1558 1676 1629 24).
1737 1560 1876 1631 Ergo
1905 1562 1950 1617 si

375 1640 504 1696 nihil
535 1641 651 1697 sine
695 1643 918 1698 consilio
967 1642 1289 1712 faciendum,
1323 1656 1493 1701 totum
1523 1664 1617 1717 per
1666 1651 1947 1705 consilium

369 1737 453 1786 est
481 1730 936 1798 interrogandum.
969 1731 1095 1789 inde
1124 1736 1287 1790 etiam
1317 1753 1411 1807 per
1464 1737 1681 1808 Moysen
1713 1741 1954 1811 prtecipi-
1990 1739 2032 1796 Β

372 1828 460 1874 tur
508 1821 830 1896 :Interroga
877 1837 1074 1895 patrem
1129 1836 1289 1891 tuum,
1335 1836 1384 1882 et
1433 1832 1761 1884 annuntiabit
1816 1832 1945 1896 tibi,

371 1911 592 1980 majores
622 1921 753 1976 tuos,
786 1923 835 1968 et
861 1916 1032 1970 dicent
1065 1917 1156 1971 tibi
1187 1917 1363 1987 (Deut.
1395 1936 1563 1986 xxxii,
1592 1921 1668 1991 7).
1701 1923 1805 1977 Sed
1825 1924 1950 1979 licet

371 1999 517 2058 duris
538 2001 673 2060 dura
700 2004 944 2060 videatur
972 2007 1086 2062 haec
1106 2008 1408 2079 disciplina,
1435 2020 1494 2066 ut
1539 2013 1746 2068 scilicet
1785 2001 1948 2071 b'omo

372 2107 587 2160 semper
606 2094 673 2148 de
701 2110 795 2154 ore
823 2097 1053 2167 pendeat
1072 2098 1290 2155 alterius
1316 2118 1331 2168 ;
1354 2104 1565 2158 caeteris
1583 2113 1760 2159 tamen
1779 2105 1947 2160 Deum

372 2185 681 2241 timentibus
709 2187 876 2242 dulcis
902 2203 966 2244 ac
987 2203 1176 2245 secura
1207 2192 1527 2260 invenietur,
1558 2195 1600 2249 si
1626 2209 1691 2250 ex
1717 2196 1944 2264 integro,

371 2282 424 2328 et
454 2288 562 2327 non
592 2290 660 2328 ex
692 2283 844 2344 parte
872 2293 1220 2335 conservetur
1255 2299 1268 2336 :
1301 2283 1425 2350 quia
1471 2283 1603 2338 nihil
1633 2285 1839 2340 dulcius
1866 2293 1950 2341 est

372 2365 716 2421 conscientim
765 2368 1073 2435 securitate,
1098 2379 1153 2426 et
1203 2371 1336 2428 nihil
1374 2375 1619 2434 securius
1657 2382 1740 2430 est
1781 2376 1946 2430 animi

370 2456 707 2524 impunitate,
735 2474 897 2528 quam
945 2461 1123 2517 nullus
1146 2463 1245 2517 sibi
1277 2464 1378 2533 ipsi
1409 2480 1508 2537 per
1533 2480 1593 2520 se
1628 2475 1805 2534 potest
1837 2477 1948 2522 tra-

368 2544 514 2610 dere,
548 2547 670 2615 quia
695 2551 911 2621 proprie
938 2551 1163 2607 aliorum
1194 2561 1278 2610 est
1323 2556 1606 2611 examinis.
1634 2556 1750 2615 Hoc
1788 2575 1944 2613 nam-

370 2647 475 2704 que
497 2633 734 2692 defendit
764 2653 793 2691 a
827 2639 1018 2699 timore
1038 2641 1244 2710 iudicii,
1275 2645 1416 2712 quod
1441 2645 1552 2714 jam
1599 2648 1946 2704 exaniinave-

371 2723 442 2778 rit
463 2723 752 2792 juilicantis
774 2743 1022 2795 censura,
1045 2730 1128 2785 cui
1159 2732 1318 2786 alieni
1361 2735 1613 2803 ponderis
1654 2736 1946 2807 imponitur

374 2815 567 2883 moles,
619 2825 676 2872 et
715 2826 885 2873 totum
934 2821 1282 2890 portatquod
1314 2823 1567 2892 suscipit,
1625 2827 1942 2896 periculum.

371 2905 548 2980 Majas
576 2909 734 2976 enim,
765 2917 822 2963 ut
873 2910 1128 2980 scriptum
1159 2920 1278 2978 est,
1331 2915 1610 2984 periculum
1657 2915 1945 2988 judicantis

368 3013 518 3068 quam
547 2999 657 3070 ejus
686 2999 771 3072 qui
790 2999 1057 3074 judicatur
1085 3000 1241 3072 (Sap.
1283 3017 1360 3070 vt,
1407 3004 1470 3071 6,
1499 3005 1576 3076 7).
1625 3005 1943 3078 Quicunque

369 3085 551 3156 itaque
574 3101 790 3160 semper
809 3087 1240 3159 interrogaverit,
1263 3092 1305 3146 si
1336 3095 1645 3159 servaverit,
1672 3110 1940 3164 nunquam
1973 3108 2018 3171 ο

369 3177 593 3230 errabit.
624 3177 756 3248 Quia
783 3179 826 3231 si
867 3179 1088 3239 alterius
1119 3184 1379 3238 erraverit
1424 3199 1762 3254 responsum,
1811 3185 1943 3241 fides

370 3267 640 3322 credentis
679 3276 734 3322 et
763 3269 916 3324 labor
942 3271 1243 3329 obedientis
1284 3290 1391 3327 non
1422 3275 1712 3342 errabunt,
1767 3290 1941 3344 neque

368 3359 618 3424 mercede
647 3359 1029 3430 interrogantis
1073 3363 1351 3418 carebunt.
1381 3363 1512 3418 Nam
1540 3365 1584 3418 si
1613 3379 1712 3434 per
1735 3380 1794 3419 se
1839 3366 1940 3419 ali-

369 3449 497 3525 quid
524 3450 849 3518 discusserit,
880 3453 972 3523 qui
999 3453 1182 3508 debuit
1211 3455 1576 3525 interrogare,
1608 3458 1660 3511 in
1693 3458 1796 3514 hoc
1823 3458 1940 3527 ipso

366 3543 607 3612 arguitur
634 3558 865 3616 errasse,
895 3543 1038 3613 quod
1076 3543 1316 3614 judicare
1349 3549 1702 3617 praesumpsit,
1725 3548 1814 3617 qui
1860 3549 1940 3601 in-

367 3640 642 3700 terrogare
669 3631 852 3687 debuit
889 3649 902 3686 :
951 3640 1007 3688 et
1043 3633 1088 3688 si
1116 3643 1322 3689 rectum
1355 3633 1553 3702 fuerit,
1593 3652 1813 3705 pravum
1863 3637 1939 3690 illi

363 3722 718 3799 reputabitur,
747 3723 872 3778 dum
901 3739 1001 3795 per
1028 3725 1132 3780 hoc
1157 3741 1188 3780 a
1240 3734 1391 3782 recto
1437 3727 1758 3793 declinavit;
1811 3729 1936 3797 quia

359 3811 488 3871 nihil
513 3811 672 3866 audet
701 3827 798 3881 per
825 3828 885 3867 se
902 3813 1164 3882 judicare,
1196 3816 1352 3884 cujus
1365 3815 1600 3875 officium
1623 3827 1706 3871 est
1731 3827 1936 3872 tantum

358 3899 596 3957 obedire.
637 3900 770 3954 Cum
800 3902 961 3970 igtur
987 3903 1100 3957 hic
1121 3905 1192 3958 ita
1213 3905 1340 3969 sint,
1363 3908 1601 3961 cavenda
1627 3907 1822 3977 ubique
1853 3919 1936 3964 est

359 3991 634 4046 monachis
684 3991 914 4065 superba
940 3993 1182 4069 libertas,
1233 4011 1297 4050 ac
1349 4012 1473 4051 vera
1530 3998 1801 4054 humilitas
1829 4000 1937 4055 dis-

354 4078 552 4144 cenda;
583 4080 700 4136 sine
727 4084 1150 4138 murmuratione
1189 4092 1245 4138 et
1271 4085 1607 4140 btesitatione
1636 4087 1936 4142 obedienti-

354 4168 481 4226 bus:
513 4185 620 4238 quo
641 4169 794 4237 juxta
824 4170 1034 4226 Domini
1058 4174 1296 4238 verbum,
1315 4175 1499 4246 jugum
1535 4175 1728 4231 Christi
1760 4195 1931 4243 suave,

355 4269 403 4314 st
431 4276 556 4320 onus
577 4261 692 4330 ejus
721 4262 828 4320 leue
856 4261 1069 4335 (Matth.
1099 4280 1170 4329 xi,
1222 4265 1312 4325 30)
1361 4268 1635 4334 sentiant;
1692 4269 1933 4338 alioquin

353 4353 527 4406 donec
556 4350 753 4408 Christi
783 4353 1140 4409 humilitatem
1169 4355 1412 4424 discant,
1464 4358 1788 4411 suavitatem
1819 4359 1934 4428 jugi

2065 459 2360 524 tentiones,
2391 460 2646 514 continuo
2687 461 3122 530 interpositorum
3153 463 3510 531 occupatione
3549 468 3640 518 de‘

2065 560 2267 618 tentus,
2299 551 2543 608 turbatus
2566 559 2708 605 totus
2737 553 2909 621 sequi,
2933 567 3041 620 quo
3067 552 3238 621 jussio
3265 553 3430 620 duo-it,
3460 563 3643 622 gratus

2061 657 2276 710 semper
2313 657 2421 695 non
2472 642 2701 710 poterit;
2745 657 2922 711 neque
2981 651 3037 695 ut
3083 646 3344 712 competit
3372 644 3645 712 complere

2062 742 2262 804 potest,
2286 735 2376 802 qui
2405 733 2742 788 turbulentus
2771 742 2854 788 est
2890 742 2945 788 et
2971 735 3230 802 ingratus.
3271 734 3642 791 Mortificatio-

2063 824 2146 877 nis
2193 823 2352 892 igitur
2378 822 2571 892 triplex
2601 829 2684 878 est
2731 823 2902 887 ratio;
2934 839 3042 877 non
3084 826 3264 879 animo
3311 825 3641 893 discordare,

2061 930 2169 968 non
2221 915 2398 983 lingua
2451 913 2596 967 libita
2627 912 2790 982 loqui,
2830 929 2935 967 non
2959 915 3037 968 ire
3073 928 3342 984 quoquam
3375 916 3640 972 absolute.

2060 1004 2225 1060 Suum
2250 1021 2464 1075 semper
2492 1015 2574 1061 est
2592 1007 2769 1061 dicere
2791 1008 2904 1061 seni
2929 1048 2945 1072 ,
2986 1009 3233 1077 quamvis
3261 1009 3525 1063 Contraria
3549 1009 3640 1078 ju-

2058 1093 2237 1148 benti:
2272 1093 2394 1149 Non
2417 1096 2546 1148 sicut
2569 1113 2660 1166 ego
2683 1097 2814 1160 volo,
2831 1097 2923 1150 sed
2939 1097 3069 1149 sicut
3083 1106 3134 1149 tu
3159 1097 3228 1150 ris
3252 1096 3464 1166 (Matth.
3495 1114 3640 1159 sxw,

2059 1182 2183 1246 39):
2210 1184 2360 1252 juxta
2409 1187 2713 1254 exemplum
2745 1185 3074 1249 Salmtoris,
3098 1186 3190 1254 qui
3232 1187 3338 1240 ait:
3383 1185 3640 1242 Descendi

2056 1275 2122 1326 de
2147 1276 2293 1342 cutio,
2318 1292 2422 1329 non
2452 1285 2507 1329 ut
2534 1278 2726 1346 faciam
2747 1279 3059 1330 uoluntatem
3087 1294 3274 1343 meam,
3303 1277 3392 1332 sed
3413 1280 3643 1332 volunta-

2056 1372 2154 1418 tem
2177 1366 2287 1434 ejus
2307 1367 2392 1437 qui
2415 1367 2552 1420 misit
2580 1383 2678 1430 me,
2712 1365 2888 1420 Patris
2920 1365 3096 1436 (Joan.
3129 1383 3201 1431 vt,
3237 1366 3350 1437 58).

2127 1453 2333 1523 (Usque
2377 1455 2459 1508 hic
2503 1456 2840 1523 manuscripti
2880 1455 3078 1509 codices
3109 1463 3157 1508 ct
3186 1457 3450 1524 exemplar
3471 1457 3640 1509 sancti

2055 1545 2192 1601 Galli
2231 1565 2247 1600 :
2281 1547 2528 1605 Bobiensc
2555 1560 2725 1604 autem
2774 1551 2868 1605 hoc
2897 1550 3008 1605 loco
3048 1553 3245 1606 auctius
3279 1552 3479 1606 inclusa
3514 1551 3638 1605 sub-

2045 1637 2265 1708 jungit.)

2498 1731 2579 1786 De
2600 1734 2914 1805 perfectione
2933 1735 3190 1788 monachi.

2124 1817 2418 1875 Monachus
2442 1820 2495 1875 in
2519 1823 2848 1878 monasterio
2870 1825 3013 1878 vivat
3041 1824 3140 1878 sub
3169 1824 3326 1878 unius
3355 1823 3635 1894 disciplina

2053 1905 2246 1970 Patris,
2281 1912 2666 1980 consortioque
2697 1914 3005 1980 multorum,
3032 1925 3088 1969 ut
3110 1914 3176 1970 ab
3208 1914 3314 1970 alio
3342 1915 3514 1970 discat
3539 1916 3634 1971 bu-

2054 1997 2356 2061 militatem,
2381 1999 2448 2054 ab
2479 2000 2587 2055 alio
2619 2002 2961 2070 patientiam:
2997 2020 3131 2059 unus
3161 2020 3283 2060 eum
3331 2005 3632 2072 silentium,

2057 2089 2196 2142 alter
2223 2089 2418 2145 doceat
2446 2093 2910 2147 mansuetudinem
2938 2112 2950 2147 :
2979 2110 3084 2149 non
3106 2095 3264 2150 faciat
3286 2092 3427 2166 quod
3476 2098 3590 2151 vult
3619 2141 3633 2155 .

2047 2181 2297 2234 comedat
2333 2181 2475 2248 quod
2507 2181 2755 2250 jubelur;
2803 2183 2999 2238 habeat
3030 2194 3288 2254 quantum
3328 2188 3633 2255 acceperit;

2049 2267 2317 2336 operissui
2341 2284 2562 2338 pensum
2587 2270 2888 2339 persolvat;
2911 2271 3226 2340 subjiciatur
3241 2273 3324 2326 cui
3359 2289 3463 2327 non
3490 2275 3628 2340 vult;

2046 2357 2217 2412 lassus
2243 2359 2310 2412 al
2350 2368 2578 2414 stratum
2626 2361 2836 2426 veniat;
2880 2361 3268 2432 ambulansque
3329 2363 3584 2417 dormitet
3615 2406 3629 2428 ,

2047 2463 2147 2502 nec
2171 2449 2295 2502 dum
2326 2451 2544 2520 expleto
2566 2465 2758 2506 somno
2789 2465 3008 2521 surgere
3024 2453 3408 2522 compellatur;
3442 2452 3631 2524 passus

2047 2539 2313 2607 injuriam,
2367 2548 2573 2610 taceat;
2630 2543 2970 2611 prmpositum
3002 2545 3310 2598 monasterii
3353 2543 3538 2598 timeat
3571 2555 3631 2598 ut

2047 2627 2343 2694 dominum,
2368 2630 2553 2698 diligat
2581 2641 2635 2684 ut
2665 2640 2975 2699 parentem:
3008 2631 3193 2686 credat
3220 2633 3318 2686 sibi
3360 2632 3464 2687 hoc
3507 2648 3633 2688 esse

2046 2718 2281 2774 salutare
2309 2719 2565 2791 quidquid
2595 2721 2684 2776 ille
2716 2722 3051 2792 praeceperit,
3105 2738 3204 2778 nec
3248 2723 3316 2778 de
3362 2723 3628 2794 majorum

2045 2810 2308 2865 sententia
2325 2811 2550 2883 judicet,
2579 2811 2729 2882 cujus
2754 2811 2988 2868 officium
3023 2821 3124 2880 est,
3175 2812 3392 2868 obedire
3420 2822 3489 2868 et-
3525 2815 3630 2870 im-

2045 2903 2194 2972 plere
2243 2918 2361 2974 qua:
2400 2904 2544 2974 jusla
2575 2914 2699 2960 sunt
2722 2946 2737 2972 ,
2767 2905 2976 2961 dicente
3026 2904 3242 2977 Moyse:
3268 2905 3424 2972 Audi,
3454 2903 3629 2964 Israel

2047 2991 2226 3061 (Deut.
2256 3009 2328 3058 vt,
2360 2993 2436 3065 4),
2465 3002 2520 3050 et
2539 2995 2764 3066 reliqua.
3000 3042 3004 3045 _

2665 3074 2903 3143 'CAPUT
2933 3087 3000 3142 x.

2473 3175 2554 3230 De
2590 3176 2885 3231 diversitate
2911 3179 3202 3248 culparum.

2116 3265 2403 3321 Diversitas
2425 3267 2701 3335 culparum
2732 3268 3056 3324 diversitatis
3092 3270 3418 3340 paenitentia:
3459 3271 3632 3326 medi-

2043 3365 2292 3412 camento
2313 3358 2492 3410 sanari
2518 3358 2698 3412 debet.
2725 3358 2930 3429 itaque,
2946 3357 3154 3426 fratres,
3179 3360 3488 3430 bujusmodi
3513 3372 3627 3417 sta~

2045 3455 2214 3500 tutum
2235 3455 2319 3501 est
2355 3462 2386 3501 a
2413 3448 2612 3503 sanctis
2634 3447 2901 3517 Patribus,
2927 3460 2987 3505 ut
3015 3451 3206 3511 demus
3230 3453 3634 3509 confessionem

2043 3537 2111 3592 de
2141 3538 2408 3604 omnibus,
2434 3555 2542 3593 non
2569 3539 2742 3594 solum
2787 3542 3102 3611 capitalibus
3134 3543 3444 3600 criminibus
3465 3584 3479 3607 .
3527 3546 3629 3599 sed

2042 3629 2202 3683 etiam
2231 3629 2300 3684 de
2329 3629 2622 3699 majoribus
2653 3631 2986 3700 negligentiis
3020 3649 3034 3682 :
3082 3632 3208 3702 quia
3249 3635 3517 3689 confessio
3564 3645 3629 3689 et

2039 3718 2356 3787 pmnitentia
2403 3719 2470 3773 de
2499 3728 2673 3774 morte
2716 3720 2925 3775 liberat.
2976 3720 3118 3800 Ergo
3163 3738 3264 3777 nec
3319 3724 3427 3793 ipsa
3461 3740 3629 3793 parva

2039 3820 2072 3860 a
2129 3807 2469 3862 confessione
2504 3815 2632 3860 sunt
2679 3808 2993 3877 negligenda
3047 3817 3269 3878 peccata
3308 3829 3321 3864 :
3369 3813 3514 3881 quia,
3566 3822 3631 3866 ut

2038 3897 2294 3966 scriptum
2349 3906 2451 3962 est,
2499 3897 2599 3962 Qui
2646 3914 2808 3968 parva
2859 3898 3088 3969 negligit,
3148 3901 3399 3968 paulatim
3443 3901 3631 3970 de/iuit

2041 3982 2228 4052 (Eccli.
2261 3990 2373 4054 xxx)
2399 4002 2413 4038 :
2443 3993 2502 4038 ut
2545 3986 2701 4040 detur
2727 3984 2995 4041 confessio
3019 3994 3148 4042 'ante
3186 4003 3455 4055 mensam,
3486 3997 3620 4046 ante

2037 4073 2309 4129 introitum
2326 4074 2659 4141 lectulorum,
2687 4075 2768 4131 vel
2789 4077 3085 4144 cuicunque
3108 4077 3266 4133 fuerit
3292 4079 3447 4134 facile
3469 4080 3620 4154 dare.

2109 4167 2275 4236 Igitur
2301 4168 2388 4236 qui
2436 4183 2542 4222 non
2565 4168 2878 4224 custodierit
2899 4169 3326 4226 benedictionem
3358 4173 3426 4226 ad
3469 4189 3626 4227 men-

2036 4281 2175 4332 sam,
2211 4273 2264 4319 et
2287 4280 2392 4318 non
2421 4265 2775 4334 responderit,
2801 4266 2991 4332 Amen,
3058 4282 3149 4322 sex
3185 4268 3624 4336 percussionibus

2039 4355 2329 4410 emendare
2351 4356 2624 4409 statuitur.
2655 4356 2710 4410 Si
2735 4356 2947 4411 locutus
2985 4356 3146 4412 fuerit
3173 4359 3481 4423 comedens,
3507 4375 3619 4416 non

353 4439 471 4508 ejus
491 4449 546 4495 et
571 4443 751 4496 oneris
775 4443 913 4498 illius
933 4443 1205 4500 levitatem
1231 4462 1336 4501 non
1364 4449 1620 4502 sentient.
1649 4447 1932 4504 llumilitas
1967 4467 2010 4528 υ
2039 4446 2361 4501 necessitate
2390 4446 2610 4500 alterius
2640 4448 2850 4512 fratris,
2879 4462 2975 4503 sex
3004 4448 3457 4519 percussionibus.
3515 4452 3618 4516 Qui

353 4531 493 4590 enim
523 4532 720 4600 cordis,
754 4535 966 4604 requies
1010 4537 1201 4592 animae
1221 4547 1306 4592 est
1352 4539 1494 4594 vitiis
1551 4555 1615 4595 ac
1659 4540 1932 4596 laboribus

352 4622 604 4690 t‘atigatze,
633 4637 697 4677 ac
723 4628 935 4680 unicum
958 4625 1097 4680 illius
1123 4627 1191 4682 de
1222 4637 1302 4682 tot
1345 4630 1499 4684 malis
1555 4630 1886 4700 refrigerium
1914 4650 1926 4684 :

352 4722 408 4764 et
434 4721 692 4788 quantum
719 4714 787 4767 ad
812 4715 950 4770 hanc
985 4717 1469 4774 considerationem
1515 4729 1628 4774 tuta
1663 4720 1731 4775 de
1769 4724 1932 4776 tantis

350 4802 480 4863 foris
506 4804 652 4872 vagis
680 4819 744 4858 ac
779 4806 926 4860 vanis
953 4808 1273 4876 attrahatur,
1293 4821 1497 4866 tantum
1520 4813 1664 4868 intus
1691 4815 1938 4884 requies—

351 4895 425 4956 cit
449 4909 513 4948 ac
535 4891 908 4962 refrigeretur;
936 4897 1009 4952 ita
1037 4906 1097 4951 ut
1125 4900 1287 4955 etiam
1318 4916 1499 4955 amara
1549 4902 1625 4956 illi
1663 4903 1774 4976 sint
1819 4905 1934 4958 dul~

351 4986 454 5052 cia,
495 5001 560 5040 ac
587 4987 719 5053 dura
765 4995 818 5041 et
846 4989 1012 5043 ardua
1041 5001 1168 5046 ante
1213 4991 1426 5057 habita,
1451 4993 1611 5062 plana
1655 5009 1719 5048 ac
1759 4992 1932 5050 facilia

353 5093 470 5132 esse
494 5079 706 5140 sentiat.
742 5079 1078 5140 Mortificatio
1104 5099 1349 5154 quoque,
1395 5084 1640 5151 superbis
1691 5097 1758 5138 ac
1785 5083 1932 5138 duris

353 5168 721 5236 intolerabilis,
755 5171 826 5223 illi
857 5179 940 5225 est
961 5174 1282 5241 consolatio,
1309 5174 1397 5228 cui
1424 5173 1527 5227 hoc
1549 5173 1722 5228 solum
1753 5173 1930 5242 placet

353 5257 491 5325 quod
512 5258 710 5314 humile
765 5274 830 5314 ac
881 5272 1219 5317 mansuetum
1246 5271 1346 5316 est.
1398 5262 1687 5316 Sciendum
1745 5271 1926 5316 autem

353 5355 463 5411 est,
494 5348 638 5416 quod
690 5364 864 5418 neque
904 5350 1044 5404 hanc
1069 5351 1312 5420 martyrii
1357 5350 1698 5413 felicitatem,
1753 5365 1928 5417 neque

353 5445 495 5500 aliud
531 5447 656 5516 quid
683 5426 812 5503 utile
841 5449 1226 5517 superveniens
1266 5449 1464 5517 poterit
1492 5445 1727 5517 perfecte
1776 5463 1924 5501 com-

356 5535 501 5604 plere
525 5538 662 5605 quis,
693 5539 790 5594 nisi
815 5540 903 5610 qui
944 5541 995 5595 in
1029 5539 1130 5594 hoc
1153 5539 1387 5593 studium
1427 5538 1697 5605 singulare
1734 5553 1924 5607 posne.

357 5625 444 5694 rit,
467 5634 522 5687 ut
551 5641 656 5684 non
683 5629 982 5689 inveniatur
1012 5630 1323 5698 imparatus.
1375 5628 1431 5684 Si
1461 5629 1600 5684 enim
1627 5628 1782 5696 juxta
1824 5628 1924 5686 hoc

2038 4536 2234 4590 dixerit
2252 4551 2406 4612 sun.m
2429 4537 2703 4606 proprium
2733 4537 2954 4607 aliquid,
3005 4555 3100 4592 sex
3147 4539 3614 4609 percussionibus:

2039 4636 2093 4681 et
2113 4629 2202 4697 qui
2228 4644 2334 4681 non
2357 4629 2644 4695 signaverit
2675 4629 3125 4700 cochlearequod
3149 4631 3355 4698 lambit,
3385 4646 3482 4686 sex
3505 4646 3624 4700 per-

2038 4720 2392 4774 cussionibns.
2424 4719 2478 4774 Si
2503 4719 2714 4774 locutus
2743 4718 2903 4774 fuerit
2923 4721 2975 4775 in
3000 4721 3208 4789 plausu,
3236 4723 3286 4776 id
3308 4723 3626 4786 est,altiore
3659 4745 3666 4752 ι

2038 4826 2175 4864 sono
2203 4811 2381 4874 solito,
2415 4825 2508 4865 sex
2531 4811 2981 4880 percussionibus.
3012 4811 3069 4865 Si
3108 4828 3214 4866 non
3262 4813 3506 4881 signatur
3534 4813 3620 4868 lu-

2037 4917 2222 4966 cerna,
2249 4902 2351 4955 hoc
2369 4910 2471 4967 est,
2523 4917 2646 4957 cum
2694 4917 2923 4957 accensa
2948 4901 3107 4958 fuerit
3134 4919 3166 4958 a
3189 4903 3405 4973 juniore
3427 4905 3614 4973 fratre,

2037 5003 2090 5046 et
2117 5007 2223 5046 non
2249 4992 2567 5046 exhibeatur
2615 4991 2680 5045 ad
2704 4992 2974 5047 seniorem
3027 4993 3094 5047 ad
3122 4994 3459 5060 signandum,
3517 5011 3617 5052 sex

2037 5084 2489 5154 percussionibus.
2523 5083 2577 5137 Si
2611 5084 2826 5153 aliquod
2849 5100 2986 5154 opus
3038 5101 3234 5141 vanum
3279 5084 3486 5152 fecerit,
3515 5103 3622 5144 sex

2033 5173 2467 5243 percussionibus
2487 5173 2819 5229 emendetur.

2105 5261 2422 5332 Quicunque
2445 5262 2513 5316 de
2540 5261 2794 5318 fratribus
2828 5265 2920 5332 qui
2957 5264 3264 5320 sollicitudo
3291 5266 3621 5334 coquinandi

2033 5354 2119 5407 vel
2143 5353 2481 5409 ministrandi
2502 5355 2787 5408 commissa
2810 5364 2911 5422 est,
2943 5358 3259 5425 quantulum
3307 5359 3434 5427 quid
3473 5357 3576 5413 εσυ
3600 5391 3618 5400 -

2035 5444 2196 5509 derit,
2225 5444 2468 5498 oratione
2497 5443 2549 5496 in
2571 5443 2794 5498 ecclesia
2818 5453 2942 5514 post
2963 5446 3234 5515 expletum
3262 5463 3505 5512 cursum.
3538 5449 3620 5506 ita

2037 5543 2096 5587 ut
2124 5531 2316 5588 fratres
2345 5550 2444 5604 pro
2469 5549 2536 5588 eo
2563 5541 2742 5597 orent,
2767 5534 3045 5590 emendari
3074 5537 3347 5591 statuitur.
3390 5537 3490 5602 Qui
3513 5538 3624 5591 hu-

2040 5627 2386 5682 tniiiationem
2415 5627 2466 5679 in
2489 5625 2693 5699 synaxi,
2725 5625 2775 5680 id
2816 5635 2915 5691 est,
2951 5627 3000 5680 in
3027 5643 3184 5682 cursu
3207 5627 3402 5681 oblitus
3449 5625 3625 5687 fuerit
