3932 6184
325 302 435 356 sm

1584 302 1858 359 Rl'LfZULA
1902 304 2358 367 οαεΝοιιιΑιιδ.

3485 323 3587 378 218

323 425 467 493 (lucc
492 430 575 476 est
603 419 906 475 humiliatio
938 419 988 473 in
1016 417 1255 475 Ecclesia
1283 428 1405 490 post
1433 420 1592 475 linem
1621 421 1911 487 cnjuscun»
1942 429 1987 486 Α
2016 425 2272 481 sionibus.
2330 424 2612 486 Profcrens
2656 447 2957 491 sermonem
3001 437 3167 492 altum
3197 438 3312 494 sine
3338 455 3592 510 suppres-

322 529 433 579 que
462 512 678 583 psalmi)
707 511 954 564 similiter
979 512 1237 579 paeniteat
1274 529 1287 563 :
1313 512 1472 566 simili
1494 512 1653 567 modo
1681 515 1773 581 qui
1799 531 1915 583 per-

322 604 521 658 diderit
546 604 738 666 micas,
768 603 1016 657 oratione
1062 603 1116 656 in
1172 603 1397 657 ecclesia
1446 605 1779 659 emendetur.
1835 605 1911 658 ita

324 707 505 748 tamen
529 694 644 748 haec
673 708 834 762 parva
862 694 1175 763 pmnitentia
1204 694 1253 748 ei
1286 694 1548 749 indicetur
1571 733 1585 758 ,
1618 697 1661 751 si
1691 712 1909 765 parvum

322 786 452 854 quid
482 783 771 839 eﬂuderit:
821 784 864 839 si
913 784 1258 853 negligentia,
1310 793 1405 838 aut
1453 786 1761 853 oblivione,
1815 802 1908 841 seu

322 876 753 943 transgressione
775 874 1076 929 securitatis
1097 882 1205 928 tam
1229 876 1281 928 in
1310 875 1526 945 liquidis
1548 891 1708 944 quam
1732 878 1782 931 in
1804 878 1909 931 ari-

320 969 404 1021 dis
430 966 662 1037 amplius
688 966 851 1021 solito
878 960 1184 1036 perdiderit,
1216 966 1368 1035 longa
1399 967 1551 1021 venia
1576 967 1626 1021 in
1656 968 1906 1033 ecclesia,

320 1059 448 1111 dum
495 1057 782 1111 duodecim
829 1040 1064 1126 psalmos
1109 1056 1176 1109 ad
1240 1050 1612 1110 duodecimam
1664 1067 1905 1119 canunt,

321 1157 623 1217 prostratus
645 1150 848 1202 nullum
878 1148 1179 1202 membrum
1219 1163 1439 1202 movens
1478 1148 1755 1216 paeniteat.
1810 1147 1907 1202 Vel

317 1250 489 1304 certe,
546 1239 592 1294 si
643 1239 873 1295 multum
918 1247 1001 1293 est
1046 1238 1192 1308 quod
1230 1236 1447 1304 effudit,
1498 1238 1805 1306 quadranos
1840 1239 1906 1291 de

318 1330 547 1384 cervisia
578 1338 673 1383 aut
701 1343 983 1383 mensuras
1010 1328 1461 1397 qualiumcunque
1500 1343 1678 1381 rerum
1734 1329 1902 1380 inter-

314 1420 545 1475 cedente
566 1419 891 1489 negligentia
916 1417 1196 1474 ellundens
1218 1419 1467 1489 perdidit,
1499 1421 1799 1490 supputatis
1826 1428 1904 1474 tot

314 1513 509 1567 diebus
539 1512 633 1566 illo
659 1511 807 1581 quod
831 1513 884 1566 in
906 1493 1152 1581 sumplus
1198 1512 1445 1582 proprios
1490 1513 1614 1567 vita:
1658 1515 1904 1581 accipere

314 1613 700 1669 consueverat,
721 1603 821 1657 sibi
852 1617 969 1657 eam
993 1602 1289 1672 perdidisse
1316 1604 1474 1672 sciat,
1498 1613 1559 1658 ut
1604 1620 1703 1674 pro
1726 1606 1901 1658 cervi-

311 1694 394 1748 sin
425 1708 624 1763 aquam
654 1694 822 1748 bibat.
860 1690 1060 1748 Diffuso
1101 1708 1261 1761 supra
1295 1709 1567 1762 mensam,
1593 1694 1902 1749 decidente-

312 1800 421 1853 que
450 1794 606 1839 extra
635 1799 778 1852 eam,
806 1784 1016 1838 veniam
1045 1784 1098 1838 in
1125 1784 1387 1839 discubito
1415 1784 1681 1840 sufficere.

384 1876 487 1943 Qui
516 1875 801 1944 egrediens
848 1876 1065 1931 domum
1117 1876 1183 1930 ad
1232 1878 1531 1933 orationem
1578 1877 1900 1947 post-endam

311 1983 423 2022 non
450 1981 510 2020 se
539 1964 925 2031 bumiliaverit,
949 1971 1005 2018 et
1024 1972 1149 2034 post
1167 1975 1441 2032 acceptam
1471 1965 1902 2021 benedictionem

307 2072 422 2113 non
444 2069 505 2111 se
525 2053 839 2123 signaverit,
868 2068 1083 2107 crucem
1111 2068 1216 2107 non
1239 2052 1450 2118 adierit,
1473 2053 1751 2109 duodecim
1784 2070 1903 2123 per-

303 2145 652 2199 cussionibus
687 2158 844 2197 emen
866 2143 961 2196 lari
991 2142 1271 2196 statuitur.
1302 2142 1560 2197 Similiter
1582 2144 1669 2212 qui
1696 2145 1901 2198 oratio-

304 2251 434 2289 nem
457 2243 584 2288 ante
606 2249 761 2303 opus,
779 2241 872 2286 aut
902 2240 1021 2301 post
1042 2247 1176 2302 opus
1204 2232 1402 2287 oblitus
1423 2232 1605 2301 fuerit,
1622 2233 1902 2297 duodecim

303 2325 771 2396 percussionibus.
805 2323 874 2377 Et
902 2323 994 2392 qui
1025 2323 1320 2378 comederit
1344 2325 1461 2379 sine
1504 2323 1899 2390 benedictione,

304 2416 601 2472 duodecim
632 2415 1065 2486 percussionibus
1098 2432 1111 2469 :
1140 2422 1195 2469 et
1220 2415 1309 2485 qui
1343 2415 1652 2483 regrediens
1681 2414 1900 2470 domum

302 2508 614 2563 orationem
646 2514 836 2578 petens
864 2521 972 2561 non
1003 2522 1061 2562 se
1094 2506 1400 2561 curvaverit
1452 2506 1591 2560 intra
1644 2506 1858 2562 domum
1884 2549 1901 2574 ,

301 2598 595 2653 duodecim
628 2596 1066 2667 percussionibus
1088 2596 1427 2651 emendetur.
1458 2596 1559 2662 Qui
1606 2612 1733 2651 vero
1792 2597 1902 2651 fra-

312 2699 400 2742 ter
429 2688 547 2742 hsce
578 2688 757 2743 omnia
787 2686 1066 2742 confessus
1095 2685 1279 2754 fuerit,
1326 2695 1381 2741 et
1404 2695 1597 2741 ca'tera
1641 2702 1809 2755 usque
1834 2687 1901 2741 ad

303 2780 743 2849 suppositionem
772 2779 1260 2847 semipmnitentim,
1295 2779 1344 2833 id
1389 2787 1489 2847 est,
1521 2779 1694 2834 media
1724 2782 1900 2848 ρωπί-

304 2871 497 2936 tentia,
530 2871 673 2925 etde
702 2870 784 2924 bis
810 2870 1000 2925 similia
1026 2871 1097 2924 sit
1127 2879 1448 2940 temperare.

377 2966 595 3022 interim
645 2967 735 3036 qui
782 2967 965 3020 tussim
1008 2966 1061 3021 in
1114 2966 1339 3021 exordio
1370 2966 1559 3036 psalmi
1604 2982 1709 3020 non
1758 2967 1898 3021 bene

300 3059 526 3122 caverit,
559 3073 653 3113 sex
684 3056 1116 3127 percussionibus
1136 3058 1410 3112 emendari
1441 3057 1723 3111 statuitur:
1750 3057 1895 3110 simi-

300 3150 428 3204 liter
448 3148 539 3218 qui
563 3148 892 3218 percusserit
916 3146 1164 3202 dentibus
1191 3147 1418 3202 calicem
1444 3147 1700 3201 salutaris
1725 3188 1738 3210 ,
1794 3162 1889 3201 sex
1917 3184 1964 3242 ε

300 3238 761 3309 percussionibus.
790 3236 1044 3292 Ordinem
1079 3237 1321 3292 sacrificii
1351 3238 1443 3306 qui
1485 3253 1590 3291 non
1618 3237 1889 3292 custodie«

297 3333 371 3385 rit
398 3331 464 3383 ad
487 3328 849 3394 offerendum,
880 3345 973 3385 sex
1013 3329 1467 3399 percussionibus.
1504 3328 1767 3384 Sacerdos
1814 3328 1888 3382 of-

299 3422 479 3475 ferens
508 3420 599 3488 qui
633 3421 857 3489 ungulas
883 3436 989 3475 non
1019 3420 1350 3491 dempserit,
1403 3430 1459 3475 et
1502 3420 1762 3474 diaconus
1799 3418 1885 3472 cui

300 3513 467 3565 barba
501 3520 657 3566 tonsa
694 3526 801 3566 non
830 3510 1029 3566 fuerit:
1059 3511 1129 3565 de
1175 3519 1350 3566 rastro
1387 3511 1709 3566 sacriﬁcium
1756 3510 1889 3565 acci-

297 3604 535 3669 pientes,
570 3601 637 3656 ad
659 3601 884 3656 calicem
912 3600 1254 3667 accedentes,
1298 3616 1396 3656 sex
1424 3600 1883 3670 percussionibus.

296 3692 361 3749 Et
388 3695 481 3764 qui
522 3694 806 3749 subridens
833 3693 884 3748 in
915 3695 1121 3764 synaxi,
1155 3694 1207 3747 id
1236 3702 1320 3748 est
1348 3694 1398 3747 in
1429 3709 1587 3748 cursu
1608 3732 1622 3757 ,
1647 3707 1744 3747 sex
1766 3707 1888 3761 per-

293 3787 642 3842 cussionibus
674 3804 687 3839 :
725 3787 769 3840 si
819 3787 870 3841 in
900 3802 1091 3841 sonum
1136 3786 1274 3841 risus
1315 3787 1548 3855 eruperit
1582 3824 1597 3849 ,
1638 3785 1887 3853 supposi-

296 3881 475 3943 tione;
511 3879 614 3933 nisi
638 3878 978 3933 veniahiliter
1007 3878 1313 3945 contigerit.
1346 3878 1612 3932 Sacerdos
1632 3874 1887 3939 ofTerens,

295 3978 352 4023 et
384 3970 649 4024 diaconus
675 3968 994 4024 sacriﬁcium
1043 3969 1376 4031 custodiens,
1422 3982 1615 4022 cavere
1645 3982 1712 4020 ne
1740 3968 1888 4033 vagis

296 4060 469 4113 oculis
491 4059 749 4114 oberrent
782 4077 794 4112 :
826 4059 972 4128 quod
999 4060 1045 4115 si
1078 4059 1435 4129 neglexerint,
1462 4074 1557 4113 sex
1587 4055 1887 4128 percussio—

294 4150 453 4202 rnhus
479 4149 775 4203 emendari.

364 4240 470 4307 Qui
500 4240 699 4295 oblitus
750 4240 911 4295 fuerit
956 4240 1251 4305 chrisma],
1304 4255 1534 4311 pergens
1588 4245 1774 4314 procul
1815 4245 1887 4300 ad

294 4348 433 4400 opus
463 4331 683 4400 aliquod
711 4372 726 4395 ,
776 4332 955 4402 quinis
999 4332 1285 4401 quinquies
1330 4334 1787 4401 percussionibus.
1828 4337 1885 4392 Si

291 4437 455 4491 super
480 4432 677 4475 terram
710 4422 763 4475 in
794 4435 925 4491 agro
946 4421 1227 4485 dimiserit,
1285 4431 1341 4476 et
1392 4422 1654 4477 invenerit
1680 4428 1885 4495 statim,

295 4514 447 4568 denis
472 4514 760 4583 quinquies
800 4514 1238 4583 percussionibus
1264 4531 1277 4567 :
1308 4514 1352 4568 si
1380 4514 1433 4569 in
1464 4514 1608 4583 ligno
1647 4516 1775 4571 illud
1799 4518 1880 4573 le-

296 4608 521 4670 vaverit,
556 4615 639 4660 ter
671 4606 861 4673 denis,
918 4608 959 4661 si
1006 4608 1077 4661 ibi
1116 4619 1332 4663 maneat
1386 4618 1577 4672 nocte,
1629 4612 1880 4680 supposi-

294 4699 465 4752 tione.
495 4695 749 4766 Eulogias
784 4697 1090 4752 immundus
1115 4698 1407 4767 accipiens,
1455 4699 1737 4754 duodecim
1762 4718 1883 4770 per-

295 4788 671 4843 cussionibus:
705 4788 1027 4842 obliviscens
1074 4788 1403 4843 oblationem
1458 4789 1670 4855 facere,
1714 4808 1883 4860 usque

292 4880 419 4933 dum
472 4888 561 4933 eat
615 4879 687 4933 ad
740 4879 1101 4943 offerendum,
1155 4888 1371 4935 centum
1421 4884 1877 4949 percussionibus.

291 4965 527 5022 fabulas
556 4968 760 5023 otiosas
787 4968 1066 5038 proferens
1091 4969 1155 5022 ad
1184 4970 1437 5035 alienum,
1468 4972 1645 5025 statim
1684 4983 1881 5027 semet~

294 5060 469 5127 ipsum
500 5061 926 5129 reprehendens,
954 5060 1109 5113 venia
1137 5068 1344 5113 tantum
1373 5077 1385 5112 :
1413 5052 1455 5114 si
1481 5069 1659 5115 autem
1683 5076 1741 5115 se
1770 5079 1877 5117 non

291 5151 728 5219 reprehenderit,
756 5151 849 5207 sed
880 5150 1277 5216 tle-tractaverit,
1332 5151 1564 5221 qualiter
1591 5169 1682 5206 eas
1711 5169 1876 5209 excu-

288 5256 415 5294 sare
443 5241 664 5306 debeat,
694 5241 1067 5311 suppositione
1114 5241 1335 5307 silentii,
1366 5249 1461 5295 aut
1491 5243 1877 5311 quinquaginta

291 5333 755 5401 percussionibus.
788 5330 1200 5388 Excusationem
1229 5332 1505 5401 proferens
1524 5350 1644 5387 cum
1671 5334 1878 5403 simpli-

289 5426 486 5491 citate,
528 5426 748 5494 quando
802 5426 853 5478 in
910 5425 1089 5493 aliquo
1138 5425 1454 5491 discutitur,
1507 5432 1562 5477 et
1606 5441 1711 5479 non
1750 5425 1879 5479 dicit

293 5517 475 5569 statim
507 5516 720 5569 veniam
752 5522 941 5584 petens
966 5533 978 5566 :
1002 5514 1117 5567 Mea
1138 5515 1316 5584 culpa,
1339 5514 1564 5582 paenitet
1588 5529 1694 5579 me,
1717 5515 1875 5582 quin-

284 5610 546 5674 quaginta
575 5609 1029 5679 percussionibus.
1056 5608 1350 5663 Consilium
1380 5617 1568 5661 contra
1592 5608 1876 5661 consilium

288 5714 414 5751 cum
445 5698 793 5766 simplicitate
832 5714 1107 5768 promens,
1137 5698 1526 5767 quinquaginta
1566 5699 1873 5766 percussio-

284 5788 467 5846 nibus.
498 5790 599 5854 Qui
633 5788 801 5845 altare
826 5790 1190 5855 concusserit,
1242 5789 1622 5860 quinquaginta
1653 5804 1876 5860 percuso

2016 516 2187 581 sione,
2208 517 2306 572 nisi
2329 520 2415 573 ubi
2446 523 2736 579 necessitas
2766 524 2943 593 fuerit,
2966 530 3338 598 suppositione
3366 532 3585 599 silentii,

2012 616 2107 660 aut
2151 610 2531 679 quinquaginta
2587 615 3053 682 percussionibus:
3085 634 3347 676 excusans
3390 622 3457 676 ad
3488 638 3583 678 ve-

2011 698 2179 765 niam,
2207 701 2590 770 quinquaginta
2619 707 3069 773 percussionibus.

2081 787 2181 854 Qui
2212 790 2361 845 fratri
2405 792 2604 861 aliquid
2637 795 2891 850 iudicanti
2928 799 3302 867 responderit:
3335 800 3450 855 Non
3507 804 3581 857 ita

2009 884 2093 932 est
2140 888 2197 932 ut
2241 880 2404 948 dicis,
2478 892 2673 952 praeter
2723 886 2962 941 seniores
3008 887 3308 956 junioribus
3344 892 3584 948 dicentes

2009 968 2343 1038 simpliciter,
2380 974 2750 1041 suppositione
2787 975 3026 1042 silentii,
3080 988 3174 1032 aut
3199 980 3583 1049 quinquaginta

2008 1062 2458 1129 percussionibus.
2489 1064 2597 1119 Nisi
2630 1066 2733 1121 hoc
2773 1074 2978 1121 tantum
3008 1069 3130 1123 licet
3156 1071 3407 1137 coaequali
3434 1070 3582 1126 fratri

2008 1164 2125 1217 suo,
2157 1153 2203 1206 si
2224 1154 2468 1209 veracius
2492 1164 2575 1211 est
2598 1156 2794 1225 aliquid
2822 1173 2982 1227 quam
3019 1159 3109 1213 ille
3134 1160 3287 1228 dicit,
3314 1170 3371 1215 et
3397 1177 3585 1216 recor-

2006 1240 2166 1295 datur
2190 1262 2201 1295 :
2235 1243 2290 1298 Si
2319 1245 2456 1300 bene
2485 1247 2695 1313 recolis,
2736 1250 2903 1304 frater
2928 1266 2942 1303 :
2972 1260 3029 1305 et
3054 1251 3192 1305 alter
3230 1251 3334 1306 hoc
3362 1252 3584 1308 audiens

2006 1348 2114 1395 non
2136 1332 2365 1389 afﬁrmet
2400 1351 2702 1392 sermonem
2740 1353 2927 1401 suum,
2975 1341 3067 1395 sed
3096 1341 3368 1395 humiliter
3395 1342 3539 1396 dicat
3567 1361 3581 1397 :

2004 1423 2175 1493 Spero
2203 1427 2346 1494 quod
2394 1435 2451 1481 tu
2499 1429 2688 1483 melius
2718 1429 3045 1497 recorderis;
3096 1446 3197 1500 ego
3229 1447 3322 1500 per
3351 1432 3579 1488 oblivio-

2006 1531 2128 1570 nem
2156 1517 2206 1571 in
2235 1518 2399 1573 verbo
2423 1521 2628 1575 excessi
2655 1538 2670 1586 ;
2714 1522 2939 1589 paenitet
2967 1538 3054 1577 me
3089 1523 3231 1593 quod
3278 1524 3419 1579 male
3445 1525 3576 1579 dixi.

2005 1604 2146 1662 Ecce
2196 1610 2361 1662 verba
2404 1610 2630 1664 filiorum
2672 1610 2804 1664 Dei:
2859 1610 3010 1666 Nihil
3054 1629 3145 1682 per
3173 1613 3577 1676 contentionem,

2004 1706 2066 1752 ut
2094 1699 2169 1752 ait
2194 1699 2483 1769 prstolus
2506 1740 2521 1764 ,
2568 1718 2728 1771 neque
2754 1718 2845 1770 per
2871 1704 3079 1756 inanem
3104 1704 3346 1772 gloriam,
3368 1703 3459 1757 sed
3487 1721 3578 1773 per

1938 1820 1979 1877 Β
2006 1786 2347 1841 humilitatem
2375 1791 2609 1859 spiritus,
2658 1796 2790 1845 alter
2840 1796 3054 1846 alterum
3099 1794 3447 1848 existimantes
3485 1811 3574 1846 su-

2007 1879 2263 1945 periorem
2301 1879 2396 1932 sibi
2428 1878 2681 1950 (Philipp.
2712 1897 2749 1935 tt
2768 1923 2785 1949 ,
2814 1881 2892 1947 5).
2924 1880 3188 1936 Craterum
3217 1882 3308 1950 qui
3332 1897 3390 1937 se
3409 1897 3575 1936 excu-

2004 1968 2219 2033 saverit,
2253 1985 2357 2023 non
2383 1969 2518 2025 ﬁlius
2548 1971 2641 2026 Dei
2685 1972 2959 2040 Spiritalis,
3011 1972 3105 2028 sed
3152 1972 3319 2027 Adam
3350 1973 3580 2028 carnalis

1999 2057 2291 2126 judicetur.
2323 2060 2421 2127 Qui
2449 2062 2494 2115 si
2539 2079 2647 2117 non
2675 2065 2784 2118 cito
2812 2064 2879 2119 ad
2910 2073 3121 2133 portum
3151 2065 3357 2135 requiei
3398 2066 3575 2119 humi-

2003 2149 2168 2205 litatis
2198 2152 2478 2206 dominicac
2503 2153 2826 2222 confugerit,
2878 2155 3161 2209 nimiarum
3190 2156 3573 2210 contradictio-

2003 2255 2129 2294 num
2158 2242 2358 2297 aditum
2388 2244 2508 2299 aliis
2532 2246 2778 2314 aperiens
2803 2286 2820 2310 ,
2866 2245 2919 2301 in
2959 2246 3206 2315 superbia
3250 2247 3540 2316 persistens
3561 2286 3577 2310 ,

2001 2330 2068 2384 de
2082 2331 2326 2386 libertate
2346 2341 2543 2388 sanctzn
2556 2333 2807 2389 Ecclesia:
2827 2335 2881 2390 in
2904 2336 3094 2391 cellula
3115 2336 3185 2391 ob
3206 2337 3575 2404 paenitentiam

2002 2422 2263 2490 agendam
2289 2432 2604 2491 separetur;
2638 2440 2806 2493 usque
2841 2425 2965 2479 dum
3009 2427 3148 2481 bona
3176 2425 3293 2493 ejus
3330 2425 3577 2480 voluntas

2000 2526 2379 2583 cognoscatur.
2432 2524 2596 2586 atque
2633 2532 2731 2586 per
2777 2518 3135 2571 humilitatem
3163 2517 3340 2571 denuo
3376 2524 3575 2571 sancta:

2001 2606 2403 2672 congregationi
2446 2606 2730 2661 inseratur.
2770 2606 2870 2672 Qui
2921 2606 3126 2678 profert
3164 2621 3466 2663 sermonem
3491 2609 3574 2660 vel

2000 2693 2267 2748 modicum
2296 2695 2361 2747 ad
2392 2695 2895 2764 reprehendendum
2921 2712 3056 2765 opus
3081 2697 3318 2761 ostiarii,
3369 2704 3460 2750 aut
3488 2711 3570 2750 os-

2000 2783 2187 2837 tiarius
2231 2785 2275 2838 si
2315 2785 2477 2840 horas
2521 2787 2659 2840 bene
2688 2802 2794 2841 non
2822 2787 3174 2851 custodierit,
3205 2787 3573 2858 suppositione

1996 2874 2215 2941 silentii,
2241 2884 2334 2929 aut
2356 2876 2737 2947 quinquaginta
2759 2880 3215 2947 percussionibus.

2067 2967 2351 3023 Proferens
2376 2971 2770 3024 correctionem
2795 2978 2981 3024 contra
3013 2967 3437 3029 correctionem;
3468 2968 3571 3021 hoc

1994 3065 2096 3120 est,
2125 3058 2394 3126 castigans
2415 3059 2763 3126 castigantem
2790 3073 2869 3125 se,
2894 3058 3061 3112 tribus
3088 3057 3567 3127 suppositionibus.

1995 3146 2061 3200 Et
2081 3149 2170 3218 qui
2200 3149 2482 3203 abscondit
2502 3150 2716 3217 aliquod
2742 3149 2943 3219 crimen
2968 3148 3152 3203 videns
3179 3148 3231 3201 in
3262 3146 3425 3202 fratre
3449 3163 3571 3211 suo,

1997 3253 2165 3305 usque
2195 3240 2317 3291 dum
2346 3240 2649 3307 corrigatur
2677 3241 2747 3294 de
2778 3238 2887 3293 alio
2914 3238 3073 3303 vitio,
3122 3237 3207 3291 vel
3236 3236 3304 3292 de
3332 3237 3484 3305 ipso,
3515 3247 3571 3292 et

1994 3335 2121 3382 tunc
2143 3328 2347 3397 profert
2379 3329 2508 3383 illud
2536 3328 2793 3384 adversus
2821 3327 3039 3382 fratrem
3063 3366 3079 3392 ,
3130 3326 3298 3382 tribus
3326 3325 3572 3395 supposi-

1993 3418 2244 3474 tionibus.
2279 3419 2701 3489 Reprehendens
2729 3419 2957 3474 aliorum
2992 3417 3213 3471 fratrum
3243 3432 3436 3486 opera,
3477 3424 3568 3468 aut

1991 3508 2315 3575 detractans,
2343 3512 2508 3565 tribus
2524 3510 3000 3580 suppositionibus.
3027 3508 3128 3575 Qui
3149 3507 3382 3563 detrahit
3403 3507 3559 3560 alicui

1996 3600 2166 3667 fratri,
2186 3610 2276 3655 aut
2297 3602 2445 3656 audit
2468 3602 2862 3668 detrahentem,
2886 3615 2991 3654 non
3017 3598 3269 3652 continuo
3293 3597 3567 3663 corrigens

1990 3710 2133 3758 eum,
2170 3695 2337 3749 tribus
2364 3693 2839 3763 suppositionibus.
2869 3691 2969 3758 Qui
2998 3690 3228 3758 aliquam
3260 3688 3562 3742 contentio-

1990 3800 2112 3839 nem
2138 3800 2263 3840 cum
2297 3784 2506 3839 tristitia
2537 3784 2755 3853 promit,
2780 3782 2940 3837 simili
2969 3780 3132 3836 modo
3166 3780 3331 3833 tribus
3360 3793 3563 3847 suppo-

1989 3876 2275 3931 sitionibus
2306 3876 2582 3946 poeniteat.
2614 3874 2716 3942 Qui
2755 3874 2955 3944 aliquid
2992 3871 3391 3942 reprehendens
3428 3884 3567 3938 prae-

1988 3971 2165 4039 posito
2218 3987 2319 4027 suo
2366 3987 2475 4026 non
2533 3972 2647 4026 vult
2692 3970 2946 4035 indicari,
2996 3983 3166 4037 usque
3209 3966 3335 4021 dum
3386 3966 3565 4021 abbati

1988 4060 2206 4130 indicet,
2237 4063 2405 4118 tribus
2426 4063 2917 4133 suppositionibus;
2946 4060 3046 4115 nisi
3075 4061 3188 4114 lucc
3215 4058 3395 4112 omnia
3424 4072 3558 4112 con-

1986 4148 2217 4205 fessione
2244 4152 2542 4207 verecunda
2575 4152 2723 4206 fiant.
2754 4150 2811 4207 Si
2840 4150 2959 4220 quis
2985 4149 3150 4202 frater
3180 4147 3346 4203 tristis
3376 4147 3555 4208 fuerit,

1985 4238 2030 4293 si
2072 4238 2183 4293 fieri
2212 4249 2418 4310 potest,
2467 4242 2893 4296 consolationem
2922 4239 3150 4307 accipiat
3178 4256 3191 4290 :
3223 4238 3266 4291 si
3291 4237 3560 4291 sustinere

1985 4330 2149 4395 valet,
2172 4333 2468 4401 supprimat
2483 4332 2693 4386 interim
2706 4329 3116 4391 confessionem,
3135 4326 3555 4380 utverecundius

1984 4423 2124 4477 dicat
2141 4442 2154 4477 :
2172 4424 2387 4491 quando
2415 4424 2626 4478 tristitia
2642 4421 2952 4487 cessaverit,
2974 4426 3129 4473 orent
3146 4434 3242 4487 pro
3263 4432 3327 4472 eo
3342 4416 3553 4471 fratre=.

2056 4512 2110 4567 Si
2140 4514 2258 4580 quis
2288 4513 2432 4567 dicat
2457 4512 2521 4567 ad
2551 4510 3011 4579 consanguineum
3054 4523 3233 4575 suum,
3263 4507 3559 4562 sollicitans

1984 4618 2105 4657 eum
2138 4603 2189 4656 in
2218 4604 2323 4657 alio
2345 4604 2463 4657 loco
2486 4602 2815 4657 habitantem
2845 4620 2857 4655 :
2886 4600 3072 4655 Melius
3099 4608 3183 4655 est
3205 4609 3260 4655 ut
3286 4600 3561 4655 nobiscum

1980 4692 2188 4747 habites
2218 4701 2309 4746 aut
2354 4708 2476 4748 cum
2507 4692 2771 4760 aliquibus
2794 4730 2809 4754 ,
2860 4691 3029 4745 tribus
3079 4688 3555 4759 suppositionibus.

1980 4780 2045 4833 Et
2070 4782 2160 4850 qui
2187 4782 2456 4851 vituperat
2482 4781 2713 4848 aliquem
2736 4779 2953 4834 fratrem
2979 4778 3294 4847 obsequium
3320 4777 3558 4838 dantem,

1981 4873 2150 4927 tribus
2202 4873 2681 4943 suppositionibus.
2735 4872 2839 4939 Qui
2886 4870 3343 4936 consanguineum
3396 4866 3558 4919 docet

1980 4966 2213 5034 aliquam
2252 4965 2520 5019 dicentem
2549 4976 2718 5018 artem
2744 5004 2758 5028 ,
2809 4973 2901 5016 aut
2949 4961 3089 5015 aliud
3130 4959 3387 5029 quidlibet
3416 4972 3445 5009 a
3471 4971 3559 5009 se-

1985 5056 2224 5110 nioribus
2269 5056 2611 5127 impositum,
2664 5064 2723 5108 ut
2770 5053 2958 5108 melius
3006 5050 3289 5105 lectionem
3346 5046 3558 5111 discat,

1988 5145 2155 5199 tribus
2181 5145 2658 5215 suppositionibus.

2056 5237 2157 5303 Qui
2187 5238 2253 5292 ad
2285 5222 2626 5307 prz'epositum
2657 5234 2816 5290 audet
2844 5233 3061 5288 dicere:
3096 5229 3173 5283 Tu
3214 5245 3321 5284 non
3350 5227 3554 5297 judica-

1986 5328 2068 5382 bis
2096 5342 2541 5391 causamrmeam,
2572 5326 2664 5380 sed
2696 5334 2878 5379 noster
2903 5323 3087 5387 abbas,
3118 5329 3209 5375 aut
3238 5319 3418 5375 czcteri
3448 5317 3559 5371 fra-

1986 5428 2129 5484 tres;
2168 5419 2281 5475 sive
2316 5437 2328 5470 :
2363 5418 2441 5472 Ad
2467 5419 2715 5473 abbatem
2750 5418 2940 5470 ibimus
2969 5429 3177 5478 omnes,
3204 5411 3558 5480 quadraginta

1980 5508 2168 5563 diebus
2213 5508 2460 5576 castigari
2506 5514 2719 5576 oportet
2768 5506 2819 5559 iu
2872 5503 3183 5574 pmnitentia
3233 5502 3284 5554 in
3338 5516 3477 5570 pane
3504 5510 3559 5555 et

1980 5612 2159 5665 aqua:
2192 5598 2290 5652 nisi
2343 5598 2456 5668 ipse
2507 5598 2651 5652 dicat
2701 5602 2997 5666 prostratus
3045 5608 3227 5646 coram
3270 5592 3557 5647 fratribus:

1982 5687 2213 5745 Pmnitct
2240 5706 2345 5754 me,
2370 5691 2492 5759 quia
2518 5690 2654 5743 male
2676 5689 2803 5742 dixi.
2834 5687 3021 5740 Frater
3049 5685 3274 5754 quilibet
3299 5684 3351 5737 in
3376 5684 3556 5751 aliquo

1983 5797 2148 5856 opere
2174 5784 2441 5849 detentus,
2474 5782 2719 5851 quamtis
2746 5781 2998 5852 fatigatus
3027 5782 3094 5837 sit
3114 5822 3129 5851 ,
3175 5782 3247 5835 ita
3279 5789 3457 5835 tamen
3485 5776 3553 5830 ad
