3932 6184
278 290 380 346 εει

1545 298 1815 355 RECULA
1856 300 2307 363 COENOBIALIS.

3465 325 3574 379 9‘22

283 408 392 461 bus
420 415 670 503 tempere
699 405 1003 503 orationum
1056 408 1111 463 in
1141 406 1249 503 fine
1280 412 1519 465 omnium
1552 414 1879 481 psalmorum
1908 420 1959 475 Α
1988 424 2072 472 tus
2100 422 2379 488 orationis,
2422 424 2701 481 duodecim
2757 429 3007 499 psalmos.
3060 433 3116 488 Si
3147 435 3265 503 quis
3292 438 3474 492 venia;
3502 442 3570 495 χιιι

282 514 467 561 διδους)
497 500 553 551 in
601 499 879 562 oratione,
918 500 963 554 si
1018 516 1123 554 non
1166 500 1448 559 infirmitas
1492 506 1737 574 corporis
1785 507 1891 562 hoc

287 589 511 651 tecorit,
563 586 787 646 ﬂectere
831 606 987 660 aequo
1034 592 1216 647 animo
1270 594 1489 662 debent,
1540 598 1640 651 sub
1668 598 1891 654 silentio

284 682 537 735 dicentes
560 699 575 733 :
603 679 741 735 Deus
779 684 837 736 in
862 682 1183 753 adiutorium
1207 701 1376 739 meum
1394 687 1601 741 intende
1619 687 1882 755 ;Dontine,

287 770 361 823 nd
389 772 749 841 adiuuandum
774 790 856 827 me
876 775 1066 844 festina
1092 774 1262 845 (Paul.
1293 792 1436 841 thx,
1463 776 1540 847 2).
1570 779 1885 853 ρυειιινθνσ

287 863 519 916 siculum
551 873 836 934 postquam
867 875 951 919 ter
996 866 1048 919 in
1096 866 1344 924 oratione
1375 869 1535 923 tacite
1565 871 1886 927 decantave-

290 959 423 1023 rint,
441 957 725 1025 mquaiiter
748 973 781 1011 a
824 957 1055 1013 flexione
1084 960 1349 1014 orationis
1369 969 1611 1032 surgant,
1643 966 1887 1033 exceptis

290 1046 483 1101 diebus
520 1046 825 1109 dominicis,
876 1057 931 1101 et
984 1064 1016 1102 a
1069 1049 1156 1102 die
1213 1051 1389 1119 primo
1440 1054 1614 1107 sancti
1669 1051 1887 1108 Pascha:

290 1152 465 1205 usque
492 1137 557 1190 ad
588 1139 1084 1207 quinquagesimam
1106 1139 1247 1194 diem
1276 1159 1292 1193 :
1319 1142 1370 1195 in
1393 1143 1590 1211 quibus
1608 1143 1885 1200 moderate

289 1242 353 1281 se
398 1226 455 1280 in
486 1233 732 1296 tempore
786 1228 1095 1297 psalmodize
1126 1228 1473 1286 bumiliautes
1496 1272 1513 1299 ,
1567 1246 1740 1303 genua
1770 1248 1881 1289 non

290 1317 592 1381 ﬂeetentes,
621 1318 813 1373 sedulo
839 1317 1009 1373 Deum
1038 1327 1217 1374 orent.

359 1408 422 1463 Si
449 1408 571 1477 quis
619 1408 787 1464 frater
816 1408 1132 1465 iuobediens
1161 1411 1321 1466 fuerit
1345 1452 1361 1478 ,
1404 1412 1545 1467 duos
1571 1413 1688 1469 dies
1715 1431 1884 1470 unum

290 1499 647 1567 paximatium
676 1510 733 1554 et
777 1515 993 1569 aquam.
1035 1500 1093 1556 Si
1122 1503 1243 1571 quis
1266 1502 1412 1557 dicat
1438 1522 1451 1557 :
1486 1503 1603 1557 Non
1647 1505 1843 1560 faciam
1863 1548 1883 1577 ,

287 1590 430 1643 duos
451 1590 570 1645 dies
597 1606 761 1645 unum
787 1591 1140 1661 mximatium
1170 1603 1227 1648 et
1254 1611 1469 1663 aquam.
1502 1598 1558 1652 Si
1586 1598 1707 1666 quis
1734 1615 1884 1657 mur-

288 1688 492 1745 murat,
541 1680 679 1735 duos
730 1681 849 1735 dies
874 1698 1039 1735 unum
1084 1676 1435 1753 paximatium
1485 1695 1541 1740 et
1570 1704 1790 1759 aquam.
1822 1690 1881 1745 Si

1987 508 2306 565 sacrificium
2353 528 2474 567 cum
2530 525 2794 573 nocturno
2838 521 3051 589 cingulo
3105 525 3189 578 vel
3234 536 3389 581 veste
3425 529 3569 583 circa

1987 612 2130 661 eum,
2162 598 2444 656 duodecim
2472 606 2728 673 psalmos.

2058 689 2115 743 Si
2142 691 2262 760 quis
2300 701 2428 747 ante
2476 695 2663 749 horam
2711 712 2909 751 nonam
2934 709 3121 770 quarta
3153 713 3412 773 sextaque
3440 706 3569 759 feria

1986 781 2291 846 manducat,
2325 784 2425 838 nisi
2471 784 2712 840 infirmus
2734 828 2748 853 ,
2782 786 2920 843 duos
2964 791 3078 845 dies
3106 793 3155 846 in
3186 808 3325 862 pane
3351 806 3404 849 et
3428 811 3568 866 aqua

1986 870 2150 925 vivat.
2200 871 2257 926 Si
2286 874 2412 941 quis
2456 875 2655 931 dixerit
2706 879 3043 934 metulacium
3090 882 3368 949 nesciens,
3413 888 3569 953 quin-

1984 960 2239 1029 quaginta
2270 964 2494 1017 verbera
2526 983 2538 1016 :
2570 964 2615 1018 si
2655 966 2836 1021 sciens
2881 976 2938 1021 et
2988 969 3183 1032 audax,
3232 970 3282 1024 in
3333 988 3469 1040 pauc
3516 983 3571 1028 et

1984 1064 2145 1119 aqua.
2194 1050 2251 1106 Si
2294 1052 2589 1122 denegatur
2618 1056 2960 1111 mendacium
3013 1059 3149 1127 ejus,
3202 1070 3256 1113 et
3307 1061 3394 1116 ille
3443 1078 3572 1117 con-

1986 1140 2177 1206 tendit,
2220 1150 2426 1211 septem
2456 1143 2571 1199 dies
2617 1145 2669 1198 in
2718 1161 2859 1213 pane
2895 1156 2951 1201 et
2994 1163 3155 1218 aqua.
3207 1148 3263 1204 Si
3292 1151 3411 1219 quis
3458 1169 3572 1206 tnu-

1984 1232 2188 1286 nacltus
2228 1233 2509 1287 dormierit
2546 1234 2601 1288 iu
2648 1250 2756 1291 una
2798 1236 2962 1291 domo
3002 1254 3122 1292 cum
3154 1240 3379 1294 muliere
3404 1282 3417 1305 ,
3460 1250 3569 1296 tres

1984 1319 2098 1374 dies
2128 1321 2182 1373 in
2210 1336 2352 1390 pane
2392 1332 2449 1377 et
2476 1337 2615 1392 aqua
2646 1341 2661 1377 :
2703 1325 2749 1379 si
2799 1326 3023 1381 nescivit
3050 1327 3194 1395 quod
3224 1344 3332 1381 nun
3368 1328 3565 1393 debet,

1987 1425 2093 1464 uno
2123 1410 2229 1465 die.

2054 1500 2111 1554 Si
2141 1502 2264 1569 quis
2292 1517 2398 1556 non
2426 1503 2628 1558 claudit
2651 1504 2932 1560 ecclesiam
2951 1545 2965 1571 ,
2990 1504 3273 1561 duodecim
3306 1506 3564 1576 psalmos.

1983 1591 2041 1647 Si
2069 1594 2189 1661 quis
2213 1596 2411 1649 emittit
2461 1605 2658 1665 sputa,
2715 1608 2775 1651 et
2819 1599 3089 1666 contingit
3136 1598 3343 1663 altare,
3382 1598 3567 1665 viginti

1984 1693 2215 1753 quatuor
2244 1686 2482 1755 psalmos
2507 1704 2521 1740 :
2551 1688 2599 1742 si
2629 1688 2891 1757 parietem
2921 1688 3171 1755 attingit,
3222 1703 3339 1741 sex.
3370 1688 3570 1757 Siquis

287 1771 415 1840 quis
444 1770 655 1825 veniam
684 1786 791 1825 non
815 1773 969 1841 petit,
1000 1782 1093 1827 aut
1116 1773 1245 1829 dicit
1275 1777 1676 1834 excusationem
1699 1822 1713 1846 ,
1744 1779 1883 1834 duos
1916 1774 1958 1834 Β
1985 1774 2321 1830 obliViscilur
2347 1776 2648 1846 psallelldo.
2691 1793 2788 1833 seu
2820 1778 3079 1833 ιοϐῐίυηθε
3102 1817 3118 1843 ι
3165 1788 3398 1847 quatuor
3425 1778 3569 1848 Ρθιθι·

288 1860 407 1914 dies
432 1875 599 1914 unum
629 1861 979 1929 paximatimu
1009 1869 1065 1915 et
1091 1877 1306 1931 aquatn.
1332 1864 1390 1920 Si
1414 1867 1522 1921 duo
1547 1865 1739 1923 fratres
1757 1884 1882 1923 con-

291 1948 577 2003 tendentes
598 1949 798 2019 aliquid
829 1958 884 2004 et
914 1950 979 2004 ad
1011 1951 1246 2007 furorem
1279 1956 1579 2026 venientes,
1604 1958 1743 2015 duos
1767 1959 1883 2016 dies

292 2056 456 2094 unum
480 2040 840 2109 paximatium
869 2050 924 2097 et
950 2057 1164 2111 aquam.
1214 2043 1272 2100 Si
1319 2047 1515 2116 aliquis
1552 2051 1881 2105 contendens

292 2133 638 2188 mendacium
678 2142 735 2187 et
783 2134 1188 2191 distinctionem
1218 2138 1536 2207 conﬁrmat,
1587 2142 1722 2198 duos
1766 2143 1881 2199 dies

291 2241 459 2278 unum
508 2225 861 2295 paximatium
916 2235 973 2281 et
1018 2243 1232 2296 aquam.
1283 2229 1339 2284 Si
1387 2233 1507 2299 quis
1559 2233 1883 2289 contradicit

291 2318 468 2382 lratri,
501 2327 556 2371 et
587 2334 693 2373 non
724 2318 860 2387 petit
878 2319 928 2373 ei
960 2321 1205 2386 veniam,
1233 2321 1371 2377 duos
1397 2324 1513 2379 dies
1539 2341 1701 2379 unum
1726 2328 1880 2395 paxi-

293 2409 520 2463 matium
548 2417 605 2463 et
645 2423 861 2477 aquam.
911 2410 969 2465 Si
1010 2411 1128 2479 quis
1168 2413 1518 2481 contradicit,
1570 2417 1878 2472 mandatum

288 2512 386 2556 aut
416 2502 657 2571 regulam
693 2502 910 2571 frang’t,
962 2502 1102 2558 duos
1148 2504 1265 2559 dies
1314 2522 1478 2560 unum
1506 2509 1877 2576 paximatium.

289 2593 347 2648 Si
376 2594 499 2662 quis
526 2592 758 2662 injungit
792 2592 843 2646 ei
872 2608 1009 2662 Opus
1034 2634 1050 2657 ,
1100 2601 1156 2649 et
1200 2596 1535 2665 negligenter
1562 2598 1713 2660 facit,
1742 2599 1881 2654 duos

284 2689 409 2743 dies
439 2704 605 2743 unum
636 2690 1009 2759 paximatium.
1058 2690 1113 2745 Si
1139 2691 1261 2761 quis
1310 2691 1605 2748 detraxerit
1628 2694 1879 2751 abbatem

283 2797 484 2846 eumn,
530 2790 741 2851 septem
790 2782 907 2837 dies
938 2797 1098 2835 unum
1144 2782 1494 2852 puximatium
1526 2802 1538 2836 :
1572 2785 1614 2839 si
1658 2784 1878 2841 fratrem

283 2890 469 2938 suum,
500 2873 695 2941 viginti
724 2880 960 2942 quatuor
986 2872 1255 2944 psalmos;
1304 2874 1348 2929 si
1382 2874 1717 2943 surcularem,
1746 2877 1881 2933 duo.

282 2962 465 3016 decim
487 2961 745 3031 psalmos.

358 3055 416 3109 Si
447 3056 571 3125 quis
608 3055 945 3110 obliviscitur
971 3055 1174 3126 aliquid
1216 3056 1360 3113 foras
1385 3099 1401 3126 ,
1439 3074 1485 3112 st
1512 3060 1715 3121 minus,
1749 3059 1880 3116 duo-

1983 1881 2121 1920 mos.
2175 1866 2234 1921 Si
2277 1869 2398 1937 quis
2441 1868 2650 1924 tardius
2678 1870 2857 1924 veniat
2908 1870 2977 1923 ad
3018 1856 3317 1924 orationem
3342 1908 3359 1933 ,
3411 1870 3570 1938 quin-

1980 1960 2255 2028 quaginta,
2287 1962 2373 2015 Vcl
2404 1962 2570 2030 plagis
2601 1963 2988 2032 quinquaginta
3014 1980 3032 2017 :
3062 1961 3147 2016 vel
3174 1963 3389 2030 segnius
3413 1978 3569 2017 exse-

1980 2049 2161 2119 quitur
2187 2053 2330 2117 quod
2356 2050 2579 2119 jubetur
2606 2052 2675 2114 ei,
2708 2052 3117 2121 quinquaginta.
3148 2052 3205 2107 Si
3231 2060 3353 2122 post
3380 2068 3564 2121 pacem

1979 2144 2269 2208 sanaverit,
2298 2145 2705 2214 quinquaginta.
2749 2144 2805 2200 Si
2836 2145 3143 2201 contumaci
3185 2144 3521 2215 responderit
3546 2184 3560 2209 ,

1979 2234 2386 2303 quinquaginta.

2050 2325 2106 2380 Si
2133 2326 2314 2380 veniat
2338 2326 2519 2381 velato
2544 2341 2574 2381 c
2593 2326 2721 2395 tpite
2741 2326 2794 2380 in
2815 2326 2974 2381 domo
2992 2368 3009 2394 ,
3038 2326 3422 2397 quinquaginta
3453 2341 3570 2379 ver-

1980 2416 2128 2471 bera.
2179 2416 2236 2472 Si
2266 2432 2376 2472 non
2404 2419 2538 2487 petit
2565 2417 2866 2472 orationem
2896 2433 3019 2471 cum
3050 2418 3215 2471 intrat
3244 2418 3298 2471 iu
3326 2418 3565 2481 domum,

1979 2507 2386 2578 quinquaginta.
2428 2508 2486 2565 Si
2519 2508 2809 2565 manducat
2834 2508 2951 2563 sine
2977 2509 3257 2575 oratione,
3297 2508 3564 2577 quinqua-

1980 2597 2147 2665 ginta.
2176 2596 2234 2651 Si
2254 2597 2463 2653 locutus
2484 2606 2567 2653 est
2588 2598 2787 2667 aliquid
2810 2597 2861 2652 in
2885 2613 2980 2653 ore
3001 2614 3101 2652 suo
3116 2639 3131 2662 ,
3158 2597 3563 2666 quinquaginta.

1980 2688 2038 2744 Si
2064 2704 2257 2744 sonum
2288 2688 2472 2744 fecerit
2500 2690 2625 2743 dum
2669 2700 2872 2754 oratur,
2904 2687 3291 2757 quinquaginta
3318 2687 3561 2741 verbera.

1980 2777 2037 2831 Si
2066 2779 2185 2847 quis
2212 2777 2560 2842 iracundiam,
2590 2777 2674 2832 vel
2707 2778 2999 2841 tristitiam,
3030 2777 3111 2831 vel
3142 2776 3393 2830 invidiam
3422 2784 3568 2829 tenet

1980 2875 2171 2921 contra
2208 2866 2422 2921 fratrem
2461 2883 2659 2933 suum;
2700 2874 2762 2920 ut
2800 2876 3012 2935 tempus
3051 2866 3313 2928 tenuerit,
3348 2864 3424 2917 ita
3462 2878 3567 2919 ert.

1982 2958 2290 3029 pauitantia
2319 2957 2437 3025 ejus
2464 2958 2519 3011 in
2545 2973 2682 3026 pane
2710 2965 2767 3012 et
2787 2972 2927 3025 aqua
2960 2974 2976 3009 :
3011 2959 3059 3011 si
3097 2972 3228 3010 vero
3272 2955 3443 3025 prima
3475 2954 3563 3008 die

1981 3048 2256 3105 confisus
2282 3049 2467 3112 luerit,
2500 3048 2684 3117 viginti
2712 3057 2944 3119 quatuor
2964 3049 3227 3117 psalmos.

282 3148 462 3203 decim
494 3147 728 3216 psalmos
756 3165 770 3199 :
798 3148 846 3231 si
874 3147 1068 3216 majus,
1119 3149 1331 3216 triginta
1374 3150 1629 3218 psalmos.
1670 3150 1727 3205 Si
1753 3152 1874 3222 quis
1900 3139 1947 3199 C
2046 3140 2359 3211 Quicunque
2386 3141 2703 3196 sacrificium
2736 3140 3042 3211 perdiderit,
3072 3149 3125 3193 et
3157 3138 3327 3193 nescit
3351 3138 3443 3192 ubi
3468 3138 3561 3204 sit,

284 3238 603 3308 perdiderit,
636 3238 720 3292 vel
745 3238 1003 3293 deciderit
1027 3240 1248 3309 aliquid,
1297 3240 1436 3295 sicut
1464 3244 1691 3311 pretium
1714 3242 1829 3311 ejus
1852 3283 1867 3308 ,

284 3332 360 3383 ita
394 3329 710 3397 pmnitcntia
742 3327 877 3396 ejus.
928 3328 986 3383 Si
1032 3332 1153 3398 quis
1206 3330 1337 3386 facit
1370 3333 1697 3402 colloquium
1748 3349 1869 3390 cum

277 3422 531 3476 mulari
560 3421 678 3476 sine
701 3421 877 3490 jussu,
912 3422 1095 3490 viginti
1124 3431 1357 3492 quatuor
1385 3425 1639 3493 psalmos.
1667 3427 1722 3481 Si
1752 3429 1871 3497 quis

277 3514 507 3581 quando
532 3515 989 3569 consummaverit
1026 3528 1163 3583 opus
1214 3530 1389 3581 suum,
1439 3523 1495 3569 et
1556 3516 1699 3570 aliud
1759 3533 1869 3573 non

276 3605 531 3677 requirit,
574 3613 631 3658 et
682 3603 882 3674 aliquid
946 3604 1063 3659 sine
1116 3603 1358 3673 jussione
1409 3604 1617 3672 fecerit,
1680 3606 1869 3675 viginti

274 3705 519 3767 quatuor
548 3694 782 3764 psalmos
808 3700 1010 3749 cantet.

352 3788 411 3843 Si
437 3786 595 3842 fuerit
614 3784 806 3855 aliquis
826 3784 1095 3854 bilinguis,
1113 3794 1165 3839 et
1186 3786 1473 3840 conturbet
1493 3785 1706 3855 fratres,
1732 3788 1867 3844 duos

272 3882 396 3936 dies
450 3895 609 3935 unum
662 3877 1038 3947 paximatium.
1089 3877 1148 3932 Si
1204 3878 1323 3947 quis
1370 3877 1781 3934 manducaverlt
1812 3881 1865 3935 in

272 3973 447 4027 domo
471 3972 645 4025 aliena
692 3970 810 4024 sine
835 3968 1013 4039 jussu,
1041 3976 1099 4022 et
1128 3969 1337 4024 venerit
1372 3969 1554 4024 domui
1585 3986 1715 4034 sum,
1758 3986 1866 4026 uno

270 4065 367 4118 die
426 4062 798 4132 paximatium.
864 4060 921 4115 Si
973 4060 1094 4129 quis
1149 4060 1482 4115 enarraverit
1535 4061 1864 4131 prmteritum

275 4162 579 4221 peccatum,
609 4168 716 4206 uno
745 4151 831 4205 die
857 4151 1228 4220 paximatium.
1272 4150 1367 4204 Vel
1390 4150 1480 4220 qui
1509 4151 1864 4207 ambulaverit

273 4246 331 4299 in
377 4247 593 4311 saeculo,
650 4253 706 4301 et
747 4246 877 4301 dicit
920 4246 989 4300 de
1030 4245 1213 4300 steculi
1260 4254 1506 4316 peccato.
1559 4261 1667 4299 uno
1694 4246 1783 4300 die
1810 4246 1864 4301 in

222 4364 225 4369 ν
269 4352 419 4407 pane
442 4346 497 4393 et
523 4352 680 4408 aqua.
712 4337 778 4391 Et
809 4337 1017 4407 tepidus
1045 4336 1137 4406 qui
1185 4335 1413 4390 audierit
1441 4337 1672 4405 aliquem
1716 4353 1863 4391 mur-

276 4438 584 4485 murantem
628 4438 686 4484 et
731 4429 1102 4485 detrahentem
1128 4470 1143 4494 ,
1187 4437 1280 4482 aut
1330 4429 1614 4483 facientem
1654 4429 1858 4498 aliquid

1975 3248 2118 3285 anno
2146 3233 2423 3301 poeniteat.
2476 3232 2579 3298 Qui
2608 3231 2983 3300 negligentiam
3014 3230 3201 3285 fecerit
3239 3244 3368 3298 erga
3394 3230 3561 3284 sacri-

1973 3323 2178 3387 ficium,
2211 3330 2270 3376 ut
2295 3322 2544 3386 siccetur,
2572 3331 2627 3375 et
2650 3336 2683 3375 a
2709 3320 2978 3375 vermibus
3004 3327 3382 3382 comminatur,
3407 3318 3479 3370 ita
3505 3328 3565 3371 ut

1972 3412 2041 3467 ad
2079 3413 2301 3467 nihilum
2343 3411 2655 3477 devenerit,
2698 3410 2916 3464 dimidio
2954 3426 3098 3463 almo
3137 3409 3411 3478 poeniteat.
3460 3407 3563 3473 Qui

1972 3504 2350 3573 negligentiam
2380 3516 2507 3571 erga
2534 3503 2859 3558 sacriliciu'n
2891 3501 3207 3566 incurrerit,
3239 3509 3299 3553 ut
3322 3499 3561 3552 invenia-

1973 3604 2060 3649 tur
2086 3596 2281 3650 vertnis
2310 3595 2364 3647 in
2393 3609 2489 3660 eo,
2517 3604 2571 3648 et
2600 3602 2774 3647 tamen
2804 3593 3016 3661 plenum
3047 3592 3157 3656 sit;
3190 3592 3311 3658 igne
3338 3590 3559 3645 combu—

1970 3684 2227 3755 ratjuxta
2259 3685 2451 3749 altare,
2480 3694 2537 3738 et
2560 3684 2855 3738 abscondat
2881 3685 3118 3736 cinerem
3147 3681 3265 3748 ejus
3290 3681 3427 3732 intra
3458 3682 3559 3733 sub

1968 3777 2158 3840 altare,
2191 3784 2245 3829 et
2274 3777 2387 3845 ipse
2416 3776 2674 3844 mniteat
2706 3773 3059 3843 quadraginta
3087 3771 3297 3825 diebus.
3340 3770 3441 3836 Qui
3472 3785 3562 3823 nc-

1966 3869 2117 3938 gligit
2136 3868 2477 3929 sacrificium,
2504 3876 2560 3921 ct
2584 3867 2921 3921 immutatqu
2955 3863 3136 3927 fuerit,
3166 3871 3219 3916 et
3245 3861 3399 3931 panis
3420 3860 3555 3913 antiq-

1966 3961 2096 4016 scrit
2117 3975 2396 4030 saporem;
2428 3960 2473 4013 si
2496 3961 2657 4013 rubra
2678 3959 2879 4022 colore,
2920 3957 3105 4025 viginti
3132 3956 3245 4009 dies
3267 3954 3555 4024 pteuiteat;

1966 4052 2012 4107 si
2052 4052 2433 4124 hyacinthino,
2462 4050 2765 4121 quindecim
2811 4048 2926 4102 dies
2967 4048 3247 4117 poeniteat.
3291 4043 3346 4098 Si
3377 4053 3557 4097 autem

1966 4159 2075 4198 non
2119 4144 2458 4197 immutatum
2499 4141 2660 4195 fuerit
2697 4140 2910 4202 colore,
2956 4139 3052 4193 sed
3090 4137 3551 4204 conglutinatum,

1964 4243 2173 4305 septem
2212 4235 2331 4289 dies
2364 4234 2645 4305 paeniteat.
2689 4231 2793 4297 Qui
2833 4238 3016 4283 autem
3057 4227 3304 4280 merserit
3345 4223 3553 4279 sacrill.

1965 4327 2127 4390 cium,
2151 4325 2410 4379 continuo
2436 4324 2582 4377 bibet
2608 4337 2826 4390 aquam.
2860 4318 2960 4385 Qui
2992 4319 3043 4371 in
3071 4315 3325 4370 cbrismal
3353 4314 3552 4368 fuderit

1965 4416 2286 4472 sacriﬁcium
2314 4414 2580 4469 comedat.
2619 4413 2676 4466 Si
2702 4414 2771 4465 de
2797 4410 3008 4481 cymba,
3031 4408 3116 4461 vel
3144 4409 3213 4461 de
3240 4416 3426 4476 ponte,
3451 4422 3548 4462 seu

270 4530 462 4575 contra
491 4519 754 4589 regulam,
785 4527 835 4573 et
859 4519 1133 4575 consensit
1153 4534 1184 4573 a
1207 4516 1545 4575 confessione
1570 4559 1586 4599 ,
1633 4533 1741 4572 uno
1771 4517 1859 4574 die

1978 4511 2030 4565 te
2053 4511 2201 4577 ligno
2217 4508 2501 4572 ceciderit,
2537 4516 2594 4560 et
2615 4520 2723 4558 non
2746 4518 2843 4573 per
2862 4501 3271 4570 negligentiam,
3292 4496 3401 4554 sed
3422 4514 3554 4554 casu

269 4609 642 4683 paxiluatium.

336 4703 396 4759 Si
419 4703 540 4772 quis
568 4702 792 4757 suscitat
823 4701 1057 4757 furorem
1106 4699 1256 4755 fratri
1282 4715 1400 4762 suo.
1430 4708 1485 4755 et
1512 4699 1771 4754 satisfacit
1804 4701 1854 4755 ei

268 4803 489 4865 postea,
510 4803 566 4849 et
593 4794 708 4863 ipse
739 4810 844 4849 non
875 4793 1101 4848 remittit
1128 4794 1175 4847 ei
1202 4833 1216 4858 ,
1266 4791 1361 4847 sed
1388 4793 1609 4845 dimittit
1641 4807 1740 4845 suo
1768 4808 1853 4846 sc-

266 4887 429 4951 niori,
468 4885 656 4954 viginti
682 4894 917 4954 quatuor
942 4884 1199 4954 psalmos,
1249 4892 1305 4938 et
1348 4882 1444 4936 illo
1485 4883 1573 4936 die
1620 4883 1671 4936 in
1714 4897 1851 4952 pane

263 4987 321 5031 et
348 4992 507 5046 aqua.
536 4976 593 5031 Si
631 4974 762 5045 quid
789 4974 1016 5030 voluerit
1044 4974 1238 5043 aliquis
1263 5015 1276 5039 ,
1327 4981 1383 5028 et
1422 4972 1673 5042 prohibet
1699 4987 1849 5027 (eco-

262 5086 480 5134 nomus,
511 5078 569 5125 et
590 5069 745 5137 jubet
783 5068 968 5133 abbas,
998 5069 1238 5138 quinque
1282 5066 1420 5122 dies.
1470 5066 1528 5122 Si
1575 5065 1697 5135 quis
1743 5080 1851 5119 non

261 5164 475 5219 venerit
501 5162 568 5217 ad
595 5162 897 5217 orationem
938 5176 1100 5229 supra
1127 5174 1367 5215 mensam
1399 5166 1453 5212 et
1494 5165 1616 5228 post
1645 5158 1845 5221 cibum,

261 5254 545 5309 duodecim
592 5251 831 5323 psalmos
884 5258 1085 5306 cantet.
1130 5249 1184 5304 Si
1233 5249 1354 5320 quis"
1396 5249 1676 5303 dormierit
1724 5264 1847 5303 cum

257 5354 471 5413 uratttr,
518 5344 565 5399 si
616 5344 887 5412 frequens,
941 5343 1226 5399 duodecim
1273 5342 1507 5413 psalmos
1556 5351 1769 5407 cantet;
1801 5346 1847 5399 si

260 5451 370 5490 non
402 5434 675 5506 frequens,
707 5450 803 5489 sex
832 5434 1086 5504 psalmos.
1109 5432 1166 5488 Si
1190 5434 1310 5500 quis
1332 5448 1439 5486 non
1464 5432 1622 5498 dicit,
1652 5432 1845 5496 Amen,

260 5528 475 5595 triginta
507 5526 753 5581 verbera.
794 5526 850 5581 Si
884 5535 1248 5594 transgressus
1284 5524 1441 5579 fuerit
1470 5523 1681 5584 horam,
1714 5523 1850 5577 duo-

260 5620 435 5675 decim
457 5621 729 5691 psalmos;
768 5620 814 5675 si
841 5620 1110 5675 canticum
1136 5619 1417 5688 graduum,
1452 5617 1550 5671 nisi
1582 5615 1846 5671 matutina

260 5714 457 5787 sistas,
480 5714 763 5775 duodecim
792 5713 1047 5786 psalmos.
1081 5711 1146 5768 Et
1169 5712 1259 5786 qui
1292 5726 1397 5766 non
1429 5709 1660 5765 audierit
1689 5708 1843 5785 soni-

1958 4599 2160 4667 aliquo,
2189 4614 2300 4652 uno
2328 4596 2414 4651 die
2444 4593 2719 4664 paeniteat.

2027 4690 2129 4756 Qui
2165 4690 2268 4744 scit
2311 4686 2528 4742 fratrem
2556 4700 2710 4741 suum
2740 4699 2968 4755 peccare
2996 4691 3274 4755 peccatum
3307 4681 3374 4736 ad
3404 4697 3552 4735 πνοι-η

1956 4793 2085 4846 tem,
2111 4791 2293 4837 etnon
2315 4780 2494 4848 arguit
2513 4795 2669 4845 eum,
2695 4778 2833 4847 legis
2861 4777 3134 4844 Evangelii
3161 4775 3338 4847 (Joan.
3367 4790 3423 4835 v,
3459 4773 3550 4839 tu)

1957 4883 2319 4940 transgressor
2348 4879 2580 4934 notetur,
2607 4869 2779 4924 donec
2809 4877 2996 4936 arguat
3019 4882 3140 4921 eum
3166 4865 3315 4933 cujus
3344 4864 3543 4919 malum

1959 4966 2193 5030 reticuit,
2225 4972 2280 5019 et
2310 4963 2538 5018 fateatur
2567 4960 2834 5017 sacerdoti
2860 4978 2875 5025 ;
2908 4968 2966 5013 ut
2995 4958 3230 5029 quandiu
3262 4955 3544 5010 conscien-

1960 5060 2033 5115 tia
2064 5059 2205 5114 mala
2234 5057 2472 5123 reticuit,
2502 5053 2687 5109 tandiu
2716 5052 2769 5108 in
2796 5052 3086 5107 alllictioue
3114 5049 3394 5117 poeniteat.
3443 5042 3545 5109 Qui

1958 5166 2182 5222 parvum
2224 5157 2503 5218 peccatum
2545 5145 2790 5213 reticuit,
2834 5143 2990 5201 simili
3023 5139 3390 5209 correptione,
3436 5152 3545 5189 non

1956 5243 2143 5299 eadem
2194 5240 2485 5294 alﬂictione
2527 5237 2803 5307 paeniteat,
2837 5235 2930 5288 sed
2962 5232 3129 5303 plagis
3168 5229 3409 5299 triginta,
3450 5235 3545 5280 aut

1953 5335 2255 5406 quindecim
2286 5331 2520 5401 psalmos
2545 5344 2647 5383 can
2664 5336 2722 5381 tt.
2754 5325 2809 5381 Si
2835 5326 2902 5380 de
2928 5324 3132 5391 reliquo
3158 5332 3417 5390 spernens
3445 5317 3545 5370 mi-

1959 5429 2101 5480 nima
2124 5422 2440 5491 neglexerit,
2466 5420 2518 5471 in
2542 5433 2679 5486 pane
2699 5425 2750 5470 et
2773 5430 2909 5483 aqua
2928 5412 3213 5483 paniteat,
3236 5414 3295 5461 ut
3317 5421 3544 5475 peccztns

1951 5519 2100 5589 juxta
2122 5514 2433 5571 mandatum
2457 5509 2664 5565 Domini
2691 5507 2902 5579 (Matth.
2920 5519 3066 5570 xvnt,
3094 5500 3177 5568 15)
3200 5497 3539 5567 corripiatur.

1956 5612 2057 5678 Qui
2079 5625 2209 5665 vero
2235 5606 2409 5676 arguit
2430 5618 2536 5658 non
2564 5601 2771 5662 leniter,
2808 5605 3040 5658 ηυιιιιυτ,
3075 5595 3246 5647 ἀμηνκο
3272 5599 3421 5662 petat
3450 5606 3543 5645 ve-

1956 5705 2098 5760 niam
2133 5718 2161 5756 a
2195 5700 2357 5755 fratre
2386 5702 2667 5765 correpto,
2700 5700 2753 5747 ct
2784 5688 2953 5760 plagis
2984 5686 3226 5758 triginta,
3262 5694 3351 5739 aut
3382 5684 3539 5755 quin-
