3978 6182
344 332 453 388 233

1583 332 1640 386 S.
1681 325 2078 385 COLUMBANI
2118 328 2404 386 ABBATIS

3523 330 3632 388 εει

345 447 520 500 decim
559 445 838 517 psalmos.’
871 445 972 511 Qui
1005 454 1285 516 peccatum
1317 445 1621 517 pudendum
1651 444 1808 499 alicui
1838 459 1935 497 ex-
1965 447 2018 502 Α
2043 449 2244 497 statuta
2271 445 2490 513 segnius
2519 445 2677 501 fuerit
2703 457 3016 513 exsecutus,
3046 447 3436 517 suppositione.
3462 446 3518 501 Si
3543 446 3632 501 di-

341 536 600 608 ,probrat,
628 535 935 604 priusquam
978 537 1118 591 inter
1143 553 1202 592 se
1227 546 1282 592 et
1311 538 1484 607 ipsum
1514 535 1690 591 solum
1720 543 1942 602 arguat,

346 630 488 683 sicut
521 628 776 684 Dominus
801 629 931 682 dicit
953 627 1172 697 (Matth.
1200 629 1352 699 xvtn)
1373 669 1388 693 ,
1419 629 1744 698 corripiatur
1772 626 1947 680 donec

350 717 681 787 exprobrata
721 718 1037 788 satisfaciat,
1067 728 1125 774 et
1155 719 1323 775 tribus
1343 718 1533 774 diebus
1558 731 1700 788 pane
1723 723 1781 771 et
1807 729 1944 783 aqua

349 811 632 881 paeniteat.

425 902 525 969 Qui
559 903 946 972 transgreditur
982 904 1222 973 regulam
1245 903 1504 972 jussionis
1533 902 1617 957 vel
1653 900 1947 969 disciplinas

352 991 640 1058 generalis,
670 1002 888 1047 maneat
913 995 1170 1064 expulsus
1190 995 1306 1050 sine
1327 995 1469 1058 cibo,
1500 1003 1560 1046 ut
1581 995 1630 1046 in
1655 991 1944 1048 crastinum

355 1080 670 1149 recipiatur.
720 1081 822 1147 Qui
852 1082 1000 1138 solus
1027 1098 1149 1137 cum
1176 1083 1292 1139 sola
1323 1083 1520 1138 femina
1558 1083 1675 1136 sine
1704 1081 1949 1150 personis

356 1171 518 1226 certis
537 1171 872 1227 familiariter
894 1173 1148 1243 loquitur,
1171 1183 1388 1229 maneat
1416 1173 1531 1228 sine
1551 1172 1693 1234 cibo,
1719 1171 1801 1225 vel
1822 1171 1952 1225 duo-

356 1263 456 1318 lms
485 1261 676 1318 diebus
701 1262 754 1316 in
785 1279 925 1333 pane
952 1273 1007 1319 et
1037 1280 1202 1333 aqua,
1229 1265 1314 1320 vel
1340 1265 1586 1320 ducentis
1616 1263 1805 1332 plagis.
1844 1261 1948 1328 Qui

357 1351 632 1419 praesumit
661 1350 839 1406 facere
863 1353 1191 1407 ambasciam
1210 1398 1224 1421 ,
1254 1369 1360 1409 non
1390 1345 1736 1423 permittente
1763 1366 1829 1406 eo
1855 1352 1948 1421 qui

358 1447 573 1508 praeest,
603 1439 772 1494 libera
794 1449 850 1496 et
869 1440 1129 1496 effrenata
1155 1444 1502 1513 processione
1523 1443 1730 1510 absque
1760 1455 1949 1495 neces-

359 1532 546 1598 sitate,
576 1533 962 1602 quinquaginta
995 1534 1162 1604 plagis
1192 1535 1520 1590 inhibeatur.
1560 1531 1753 1604 Operis
1783 1547 1948 1602 pecu-

361 1622 508 1678 liaris
537 1624 884 1693 prtesumptio
911 1634 1130 1680 centum
1163 1626 1332 1695 plagis
1360 1642 1374 1678 :
1417 1626 1689 1695 possessio
1727 1623 1952 1693 alicujus

360 1712 461 1778 rei,
489 1727 650 1780 quam
672 1729 780 1768 non
802 1715 1096 1770 necessitas
1117 1715 1440 1784 generaliter
1459 1715 1713 1769 fratribus
1732 1729 1954 1770 conces-

2047 531 2208 586 missa
2254 535 2441 603 synaxi
2492 551 2599 588 non
2641 536 2901 591 continuo
2947 536 3015 590 ad
3060 537 3250 591 cellam
3304 537 3632 600 recurrerit,

2043 625 2435 694 suppositione.
2467 623 2522 679 Si
2551 641 2672 680 cum
2703 626 2882 695 aliquo
2911 627 2978 681 ad
3009 627 3275 682 modicum
3303 625 3632 689 substiterit,

2044 716 2429 784 suppositione.
2461 715 2519 770 Si
2548 716 2613 770 ad
2639 717 2906 772 modicum
2937 719 3196 788 temporis
3223 717 3428 787 uspiam
3457 730 3640 772 seats-

2045 807 2206 874 serit,
2244 806 2632 875 suppositione.
2666 807 2721 861 Si
2747 822 2871 861 cum
2901 808 3011 862 ullo
3037 809 3130 877 qui
3157 807 3307 863 cellae
3332 821 3442 861 sua:
3466 807 3638 861 colla-

2047 895 2246 950 bitator
2286 911 2393 950 non
2425 905 2526 960 est,
2558 896 2887 952 confabulari
2925 899 3456 966 quantulumcunque
3497 911 3636 965 pne-

2047 984 2359 1053 sumpserit,
2389 985 2776 1053 suppositione.
2807 985 2863 1041 Si
2892 987 3110 1042 alterius
3137 987 3368 1042 tenuerit
3395 1001 3632 1047 manum,

2046 1077 2433 1146 suppositione.
2462 1076 2517 1132 Si
2546 1078 2782 1132 oraverit
2807 1092 2928 1133 cum
2959 1076 3050 1132 illo
3076 1077 3168 1147 qui
3195 1084 3275 1132 est
3297 1076 3364 1130 ab
3392 1075 3642 1130 oratione

2047 1183 2336 1238 suspensus
2353 1210 2368 1235 ,
2399 1170 2787 1240 suppositione.

2119 1262 2176 1315 Si
2206 1269 2486 1330 parentum
2515 1262 2822 1330 quempiam
2853 1261 2937 1315 vel
2965 1260 3264 1316 amicorum
3291 1259 3633 1316 saecularium

2052 1352 2262 1417 viderit,
2295 1352 2376 1406 vel
2402 1352 2700 1407 collocutus
2725 1352 2885 1408 fuerit
2909 1352 2956 1406 ei
2985 1351 3103 1406 sine
3119 1350 3399 1420 jussione;
3431 1351 3474 1406 si
3497 1351 3640 1420 epis-

2050 1444 2216 1499 tolam
2255 1445 2621 1514 cujuscunque
2657 1444 2992 1513 susceperit,
3013 1443 3056 1496 si
3088 1443 3323 1497 tribuere
3352 1457 3643 1511 praesump-

2051 1536 2183 1593 serit
2221 1535 2339 1590 sine
2385 1550 2486 1588 suo
2529 1534 2744 1598 abbate,
2792 1533 3180 1603 suppositione.
3234 1531 3290 1586 Si
3337 1530 3642 1600 impedierit

2053 1626 2285 1694 aliquem
2314 1640 2343 1678 a
2372 1624 2662 1679 necessarii
2705 1624 2828 1678 facti
2858 1623 3194 1692 expletioue,
3247 1621 3640 1691 suppositione.

2055 1714 2109 1769 Si
2138 1731 2232 1786 per
2261 1714 2512 1797 ardorem
2541 1709 2748 1769 mentis‘
2761 1714 3056 1782 legitimum
3084 1711 3362 1780 religionis
3391 1725 3644 1765 excesse-

360 1802 449 1867 sit,
477 1803 767 1860 amissione
795 1804 1055 1873 ejusdem,
1087 1814 1142 1859 et
1168 1814 1382 1862 centum
1415 1805 1584 1874 plagis
1613 1816 1949 1860 coercentur.
1986 1807 2028 1866 Β
2057 1807 2127 1861 rit
2157 1806 2372 1861 modum
2391 1847 2406 1872 ,
2450 1806 2842 1875 suppositione.
2892 1804 2947 1858 Si
2987 1804 3151 1858 alium
3179 1801 3474 1858 ferventem
3505 1818 3535 1855 a
3566 1802 3641 1856 le—

360 1889 734 1947 Necessarium
775 1909 906 1949 vero
947 1909 1011 1950 ac
1049 1895 1253 1950 licitum
1293 1896 1494 1964 aliquid
1549 1895 1750 1959 facere,
1799 1893 1950 1962 dare,

362 1987 612 2058 accipere
637 1989 755 2044 sine
789 1989 1062 2058 jussione,
1107 1990 1392 2043 duodecim
1423 1990 1628 2060 plagis:
1675 1988 1775 2043 nisi
1816 1988 1957 2044 ratio

363 2077 540 2148 aliqua
570 2077 843 2145 defendat,
875 2089 933 2134 ut
959 2081 1184 2150 supplex
1207 2081 1502 2134 satisfactio
1533 2082 1791 2141 remittat.

435 2169 536 2236 Qui
565 2169 858 2226 comedens
895 2171 1160 2242 loquitur,
1205 2187 1303 2227 sex
1333 2171 1528 2242 plagis.
1574 2170 1638 2223 Et
1669 2171 1824 2240 cujus
1852 2185 1959 2224 vox

366 2261 632 2331 obstrepit
652 2262 720 2317 de
743 2278 926 2318 mensa
947 2263 1014 2317 ad
1040 2279 1305 2331 mensam,
1334 2279 1429 2318 sex
1459 2263 1650 2333 plagis.
1694 2262 1752 2318 Si
1772 2263 1841 2318 de
1862 2263 1961 2317 do-

368 2366 457 2405 mo
487 2350 651 2420 foras,
682 2353 766 2408 vel
789 2354 857 2408 de
885 2352 1016 2409 foris
1042 2355 1097 2408 in
1125 2353 1345 2409 domum
1373 2355 1642 2421 sonuerit,
1675 2353 1959 2408 duodecim

372 2440 562 2509 plagis.
596 2440 787 2510 Egredi
813 2444 1129 2514 veLingredi
1151 2445 1204 2500 in
1227 2445 1444 2500 domum
1459 2485 1476 2511 ,
1507 2454 1601 2499 aut
1619 2460 1758 2514 opus
1785 2426 1976 2498 facere.

368 2534 487 2587 sine
527 2535 772 2590 oratione
810 2545 867 2592 et
903 2537 1060 2606 signo
1097 2537 1299 2603 crucis,
1344 2537 1624 2594 duodecim
1663 2535 1850 2607 plagis.
1902 2534 1960 2590 Si

372 2624 528 2682 aliter
553 2623 735 2692 fuerit,
761 2627 998 2697 quinque
1027 2627 1216 2698 plagis.
1248 2627 1423 2682 Meum
1453 2628 1536 2682 vel
1569 2636 1717 2681 tuum
1740 2627 1959 2693 dixisse,

372 2729 468 2768 sex
510 2714 700 2784 plagis.
734 2715 967 2771 Verbum
1007 2725 1195 2772 contra
1239 2718 1463 2772 verbum
1497 2717 1812 2787 simpliciter
1842 2717 1959 2772 dic-

371 2811 506 2866 tum,
538 2818 632 2858 sex
663 2806 1100 2873 percussionibus
1127 2824 1142 2860 :
1174 2806 1220 2860 si
1251 2821 1314 2860 ex
1344 2806 1711 2874 contentione,
1741 2815 1960 2862 centum

372 2890 541 2960 plagis
571 2892 654 2946 vel
682 2895 1052 2963 suppositione
1077 2894 1295 2950 silentii.
1340 2894 1397 2949 Si
1425 2894 1670 2949 ordinem
1700 2894 1961 2964 psallendi

375 2999 482 3037 nou
510 2987 836 3054 servaverit,
877 3001 974 3042 sex
1003 2989 1460 3058 percussionibus.
1503 2987 1558 3041 Si
1587 2996 1794 3043 statuto
1825 2998 1960 3042 tem-

375 3091 508 3145 pore
548 3077 924 3133 taciturnitatis
960 3079 1104 3149 loqui
1146 3079 1544 3151 praesumpserit
1579 3079 1697 3135 sine
1724 3080 1961 3136 necessi-

376 3175 507 3231 tate.
537 3168 722 3224 decem
750 3177 806 3224 et
833 3178 1039 3240 septem
1071 3172 1261 3242 plagis.

443 3257 502 3312 Si
549 3260 670 3327 quis
706 3259 775 3314 de
822 3261 1158 3330 supellectile
1198 3265 1508 3319 monasterii
1547 3280 1643 3334 per
1680 3273 1962 3334 contemp-

377 3357 488 3401 tum
519 3351 786 3416 amiserit,
833 3351 919 3406 vel
949 3351 1288 3421 dissipaverit
1314 3355 1441 3425 quid
1461 3397 1476 3422 ,
1524 3357 1742 3426 proprio
1769 3357 1968 3411 sudore

377 3449 434 3492 et
471 3439 652 3509 operis
693 3440 995 3509 adjectione
1033 3443 1302 3510 restituat,
1336 3445 1419 3500 vel
1459 3461 1556 3515 pro
1589 3447 1966 3514 :estimatione,

379 3530 600 3586 arbitrio
629 3530 956 3599 sacerdotis,
999 3535 1367 3604 suppositione
1397 3537 1686 3605 paeniteat,
1729 3547 1824 3592 aut
1862 3554 1968 3594 uno

379 3621 466 3675 die
494 3620 545 3674 in
574 3636 714 3691 pane
735 3630 791 3676 et
818 3636 977 3692 aqua.
1010 3622 1066 3678 Si
1097 3640 1202 3680 non
1233 3635 1568 3696 contemptu,
1597 3630 1691 3682 scd
1721 3644 1848 3684 casu
1878 3629 1971 3684 ali-

381 3725 489 3780 quo
530 3710 770 3766 amiserit
807 3719 901 3766 aut
944 3711 1196 3781 fregerit,
1246 3730 1354 3769 non
1391 3715 1549 3770 aliter
1588 3717 1970 3786 negligentiam

378 3817 530 3855 suam
558 3817 719 3871 quam
746 3803 957 3872 publica
985 3803 1154 3859 diluat
1184 3807 1496 3874 pcenitentia
1524 3825 1538 3872 ;
1566 3809 1772 3862 cunctis
1801 3809 1853 3862 in
1883 3825 1971 3880 sy-

379 3892 504 3946 naxi
529 3892 781 3947 fratribus
803 3895 1140 3963 congregatis
1163 3897 1344 3952 tandiu
1372 3907 1672 3966 prostratus
1693 3899 1746 3953 in
1772 3907 1972 3956 terram

381 3982 595 4038 veniam
639 3983 954 4053 postulabit,
1001 3985 1175 4041 donec
1218 3989 1524 4042 orationum
1569 4000 1974 4046 consummetur

381 4073 734 4138 solemnitas;
769 4074 1149 4145 impetraturos
1175 4092 1320 4142 eam,
1350 4094 1472 4132 eum
1500 4079 1681 4148 jussus
1701 4079 1862 4135 fuerit
1886 4081 1974 4137 ab-

383 4163 522 4218 batis
541 4163 742 4232 judicio
763 4164 831 4219 de
849 4165 968 4220 solo
991 4180 1228 4234 surgere.
1274 4167 1475 4222 Eodem
1500 4169 1659 4224 modo
1682 4170 1975 4228 satisfaciat

381 4255 620 4324 quisquis
657 4254 724 4309 ad
762 4257 1064 4312 orationem
1107 4259 1187 4313 vel
1223 4274 1360 4330 opus
1396 4260 1615 4330 aliquod
1654 4264 1972 4335 accersitus,

384 4343 594 4399 tardius
622 4346 940 4402 occurrerit.

453 4433 514 4488 Si
541 4435 832 4491 decantans
861 4437 1126 4506 psalmum
1159 4439 1508 4508 titubaverit;
1531 4443 1578 4498 si
1606 4443 1877 4514 superfluo
1903 4445 1977 4500 sit

2059 1900 2246 1969 gitimo
2283 1899 2426 1954 facto
2462 1899 2697 1954 ret’uere
2731 1898 2990 1968 temporis
3025 1896 3108 1951 sui
3148 1896 3318 1966 gratia
3359 1909 3646 1972 prazsumpo

2059 1995 2209 2057 ser't,
2237 1992 2625 2062 suppositione.

2131 2083 2248 2138 iluc
2274 2098 2445 2154 usque
2473 2091 2528 2135 et
2555 2083 2606 2136 in
2637 2081 2900 2136 similibus
2928 2079 3230 2136 commissis
3257 2077 3502 2148 procedit
3530 2078 3618 2130 ani

2061 2175 2360 2229 madversio
2386 2173 2659 2243 spiritalis,
2684 2183 2742 2226 ut
2763 2171 3061 2242 increpatio
3089 2185 3208 2240 quae
3237 2168 3296 2222 lit
3326 2184 3354 2222 a
3383 2168 3642 2238 pluribus,

2061 2268 2304 2338 peccanti
2334 2266 2578 2336 proficiat
2607 2265 2674 2318 ad
2700 2265 2927 2318 salutem
2947 2305 2960 2331 ,
3017 2271 3072 2318 et
3101 2262 3170 2316 de
3209 2269 3407 2316 caetero
3435 2261 3648 2315 cautior

2061 2369 2118 2413 et
2143 2358 2446 2426 diligentior
2470 2355 2848 2411 emendatione
2876 2369 3087 2409 morum
3121 2353 3230 2408 Deo
3261 2351 3496 2422 pr0pitio
3536 2351 3646 2406 sal-

2061 2457 2216 2503 vatus
2244 2449 2459 2504 existat.

2133 2537 2234 2605 Qui
2280 2546 2459 2592 autem
2500 2539 2670 2592 rixam
2701 2537 3064 2599 commiserit,
3089 2546 3294 2605 septem
3323 2533 3513 2588 diebus
3536 2547 3651 2602 pm-

2061 2627 2250 2682 niteat.
2302 2628 2404 2694 Qui
2439 2644 2569 2684 vero
2592 2643 2748 2683 suum
2799 2627 3143 2696 przepositum
3188 2623 3528 2694 despexerit,
3557 2629 3652 2675 aut

2065 2719 2304 2790 regulam
2350 2719 2828 2790 blaspliemaverit,
2861 2717 3004 2772 foras
3050 2715 3393 2787 repellendus
3421 2723 3522 2776 est,
3548 2715 3648 2770 nisi

2066 2810 2182 2879 ipse
2208 2809 2353 2865 dicat
2379 2828 2392 2862 :
2428 2807 2662 2864 Pmnitet
2691 2825 2779 2862 me
2809 2809 2949 2878 quod
2977 2807 3107 2861 dixi.
3161 2805 3218 2860 Si
3249 2814 3427 2860 autem
3456 2821 3515 2859 se
3543 2820 3652 2860 non

2065 2901 2456 2965 lmmiliaverit,
2487 2899 2838 2969 quadraginta
2867 2897 3059 2952 diebus
3089 2897 3373 2967 pmuiteat,
3404 2895 3525 2966 quia
3556 2912 3651 2950 su-

2065 2993 2264 3064 perbia:
2295 2991 2482 3046 morbo
2511 2991 2802 3045 detinetur.
2835 2989 3105 3043 Verbosus
3129 2988 3490 3066 taciturnitate
3511 2986 3655 3040 dam-

2067 3083 2276 3138 nandus
2302 3090 2404 3146 est,
2430 3081 2698 3149 inquietus
2728 3079 3151 3141 mansuetudine,
3184 3077 3403 3146 gulosus
3427 3076 3654 3146 jejunio,

1992 3171 2038 3233 C
2070 3175 2438 3232 somnolentus
2461 3172 2662 3242 vigilia,
2690 3172 2954 3240 superbus
2979 3184 3226 3233 carcere,
3254 3168 3541 3222 destitutor
3564 3183 3654 3221 re-

2070 3269 2337 3339 pulsione.
2380 3264 2754 3333 Unusquisque
2771 3263 2920 3332 juxta
2946 3262 3090 3331 quod
3112 3268 3346 3316 meretur
3366 3260 3658 3329 comqualia

2070 3358 2284 3422 sentiat,
2316 3364 2376 3410 ut
2400 3355 2574 3424 justus
2596 3352 2740 3423 juste
2766 3353 2928 3408 vivat.
2981 3353 3173 3406 Amen.

2141 3445 2198 3499 lu
2241 3445 2387 3498 omni
2425 3443 2547 3498 loco
2585 3450 2639 3497 et
2675 3456 2841 3511 opere
2877 3441 3075 3496 silentii
3119 3441 3305 3510 regula
3336 3455 3663 3510 magnopere

2072 3535 2331 3593 custodiri
2367 3542 2652 3599 censetur;
2679 3541 2738 3587 ut
2774 3533 2950 3598 omni,
2991 3541 3250 3602 quantum
3289 3533 3660 3595 valueritbu-

2072 3642 2230 3683 mana
2254 3624 2529 3694 fragilitas,
2552 3639 2673 3693 qua:
2698 3638 2868 3694 prona
2889 3622 2956 3677 ad
2979 3623 3130 3690 vitia,
3161 3622 3298 3678 unde
3327 3622 3664 3692 praecipitare

2071 3719 2237 3783 solet,
2261 3717 2579 3772 mundemur
2609 3715 2765 3781 vitio,
2787 3713 3302 3784 aedificationemque
3331 3715 3508 3784 potius
3537 3731 3665 3784 pro-

2075 3810 2360 3875 ximorum,
2391 3824 2492 3878 pro
2518 3808 2712 3876 quibus
2738 3806 2989 3861 Salvator
3019 3815 3205 3862 noster
3230 3804 3390 3861 Jesus
3417 3814 3663 3860 sanctum

2073 3902 2262 3960 effudit
2300 3903 2645 3972 sanguinem,
2684 3915 2847 3971 quam
2876 3899 3313 3955 dilacerationem
3358 3899 3663 3953 absentium

2075 3996 2128 4051 in
2153 4002 2372 4065 pectore
2393 4001 2745 4063 conceptam,
2794 3999 2851 4045 et
2892 3991 3066 4046 otiosa
3109 3990 3308 4060 passim
3352 3991 3550 4055 verba,
3596 3989 3666 4044 de

2075 4087 2268 4157 quibus
2299 4083 2448 4152 justo
2472 4097 2658 4138 sumus
2687 4081 2950 4135 rationem
3000 4078 3311 4134 retributori
3369 4077 3663 4145 reddituri,

2075 4192 2172 4234 ore
2200 4188 2530 4245 premamus.

2147 4265 2275 4320 Haec
2301 4278 2552 4334 superum
2592 4260 2898 4318 volentibus
2936 4274 3161 4330 carpere
3189 4259 3292 4314 iter
3320 4259 3546 4314 tendens
3574 4259 3664 4314 alti

2076 4359 2144 4414 ad
2187 4357 2400 4426 fastigia
2441 4368 2680 4417 summa,
2711 4351 3010 4420 relictaque
3048 4352 3215 4405 bumo
3256 4365 3378 4405 cum
3425 4349 3665 4418 flagitiis,

2078 4451 2219 4507 ultro
2240 4445 2601 4502 ambientibus
2629 4443 2719 4498 uni
2741 4442 3018 4497 adhzerere
3045 4440 3156 4496 Deo
3178 4441 3318 4496 hanc
3345 4440 3398 4495 in
3421 4439 3666 4495 tellurem

381 4523 550 4580 durus
571 4542 590 4588 ;
615 4525 660 4580 si
687 4530 1056 4585 contumacius
1085 4532 1453 4602 responderit,
1482 4537 1874 4605 suppositione.
1914 4536 1972 4592 Si
2005 4557 2050 4615 ο
2076 4543 2260 4604 misso,
2283 4537 2605 4600 statuimus;
2633 4533 2721 4602 qui
2750 4531 3075 4588 immortalia
3103 4531 3352 4585 nimirum
3379 4538 3504 4585 sunt
3534 4543 3670 4598 prte-

383 4615 734 4685 negligentius
743 4619 998 4688 obsequia
1013 4621 1084 4690 inj
1091 4633 1246 4679 uncta
1261 4625 1974 4696 impleverit,suppositione.

383 4703 441 4760 Si
459 4707 539 4760 vel
559 4706 748 4762 leviter
760 4725 1031 4765 murmura
1039 4714 1190 4778 verit,
1205 4716 1594 4785 suppositione.
1612 4717 1670 4772 Si
1686 4719 1972 4774 lectionem

384 4799 537 4868 operi
557 4799 942 4859 obedientizeve
963 4803 1275 4875 praeferens,
1298 4810 1686 4879 suppositione.
1719 4809 1776 4867 Si
1797 4811 1972 4867 officia

396 4964 1528 4992 M—

2084 4636 2189 4690 mia
2232 4630 2540 4700 accepturi,
2572 4641 2696 4684 cum
2733 4625 2929 4695 gaudio
2967 4639 3179 4680 summo
3206 4637 3477 4693 nunquam
3515 4621 3669 4677 deci-

2077 4728 2240 4784 dente
2268 4737 2462 4780 avum.

1529 4965 3666 4999 ________________________._______...

1116 5087 1786 5234 SANGTI
1859 5101 2932 5222 COLUMBANI

1617 5271 1889 5323 ABBATIS
1924 5274 2002 5325 ET
2037 5270 2462 5324 CONFESSOBIS

387 5397 544 5499 DE
618 5391 1742 5504 PCENITENTIARUM
1817 5305 2454 5502 MEblSURA
2533 5384 3164 5496 TAXANDA
3241 5387 3667 5490 LIBER.

457 5681 498 5737 1.
539 5681 856 5738 Poenitentia
884 5696 1012 5737 vera
1041 5688 1125 5737 est
1143 5721 1158 5737 .
1190 5679 1498 5751 pmnitenda
1526 5695 1633 5735 non
1661 5679 1968 5742 admittere,

386 5773 481 5832 sed
508 5771 736 5831 admissa
764 5770 979 5829 deflere.
1029 5772 1134 5829 Sed
1163 5772 1287 5843 quia
1315 5771 1455 5830 banc
1483 5769 1772 5830 multorum
1803 5767 1966 5842 fragi-

2084 5679 2232 5744 litas,
2266 5687 2325 5733 ut
2354 5693 2460 5732 non
2484 5676 2657 5731 dicam
2689 5675 2925 5729 omnium
2944 5714 2958 5741 ,
2989 5672 3219 5744 rumpit,
3251 5685 3518 5728 mensura:
3546 5687 3674 5728 nos.

2081 5769 2261 5826 cendo:
2305 5779 2426 5827 sunt
2471 5766 2798 5840 pmuitentia:
2825 5784 2840 5834 ;
2885 5782 3111 5836 quarum
3141 5768 3219 5822 sic
3250 5765 3383 5822 ordo
3412 5781 3442 5821 a
3471 5766 3696 5824 sanctis-
