3932 6184
253 270 367 326 2'35

1052 269 1141 323 DE
1182 268 1778 325 POENITENTIARUM
1820 264 2152 321 MENSURA
2187 252 2513 327 TAXANDA
2557 272 2778 331 LIBER.

3442 289 3547 341 29.6

250 382 486 437 traditur
530 382 806 447 Patribus,
841 393 897 436 ut
936 383 1089 451 juxta
1120 383 1541 451 magnitudinem
1577 384 1862 453 culparum
1895 388 1940 442 A
1970 379 2209 443 morbos.
2237 382 2439 453 cltlpaS,
2481 385 2730 454 dolores,
2760 390 3132 457 (egritudines,
3174 395 3548 469 iiiﬁi-mizaies,

251 474 424 528 etiam
456 474 735 540 longitudo
760 481 1027 527 st.:tuatur
1056 474 1516 542 ptenitentiarum.

1958 483 2150 525 sanare
2198 470 2413 527 debent.
2464 473 2569 529 Sed
2615 478 2740 545 quia
2785 480 2897 536 lucc
2946 497 3239 552 paucorum
3285 499 3439 553 sunt,
3482 494 3550 546 ad

326 562 389 617 Π.
434 562 490 618 Si
521 568 642 633 quis
672 564 832 633 igilur
875 578 972 632 per
998 564 1380 632 cogitationem
1422 556 1756 634 peccaverit,
1803 566 1855 620 id
1956 575 2085 629 pura
2118 562 2322 618 scilicet
2350 576 2543 621 cuncta
2574 583 2923 641 cognoscere,
2960 591 3148 632 curare
3177 578 3244 633 ad
3282 580 3550 651 integrum

248 660 359 717 est,
403 652 742 722 concupierit
788 653 1058 705 hominem
1106 653 1384 719 occidere,
1438 665 1533 709 aut
1577 655 1851 720 fornicari,

249 752 348 796 aut
397 741 595 808 furari,
646 751 740 796 aut
788 742 923 797 clam
974 744 1281 809 comedere,
1312 753 1367 799 et
1416 745 1716 809 inebriari;
1766 745 1851 798 vel

245 844 402 888 certe
446 834 676 902 aliquem
708 842 1015 905 perculere,
1046 836 1158 889 sive
1187 834 1459 891 discedere
1479 877 1494 904 ,
1527 837 1607 891 vel
1638 837 1739 890 alia
1771 836 1851 890 his

247 924 434 979 facere
480 924 709 990 similia,
740 933 794 978 et
826 934 1044 992 paratus
1072 927 1140 979 ad
1182 927 1294 981 hinc
1337 930 1500 983 corde
1529 930 1847 997 complenda

250 1015 453 1070 fuerit:
496 1016 697 1084 majora
738 1014 962 1068 dimidio
1011 1032 1200 1080 anno;
1242 1018 1445 1071 minora
1495 1019 1844 1088 quadraginta

241 1103 458 1171 diebus,
492 1106 545 1159 in
574 1122 713 1174 pane
741 1116 797 1161 et
825 1123 962 1176 aqua
1000 1110 1277 1177 pmiitcat.

322 1195 412 1250 III.
454 1198 511 1251 Si
555 1198 678 1267 quis
724 1210 903 1253 autem
956 1201 1190 1269 peet-atis
1243 1202 1655 1269 pncvalentibus
1705 1201 1844 1258 facto

246 1292 597 1359 peccaverit;
627 1292 671 1346 si
703 1293 1077 1360 homicidium,
1111 1304 1204 1348 aut
1230 1297 1607 1351 sodomiticum
1656 1296 1846 1351 fecerit

245 1391 568 1449 peccatum,
616 1382 802 1437 decem
846 1385 1000 1440 annis
1047 1386 1351 1455 paeniteat:
1402 1389 1447 1441 si
1497 1389 1844 1442 fornicaverit

240 1472 417 1526 semel
459 1474 892 1537 tantum,trihus
930 1475 1084 1530 annis
1123 1478 1414 1539 monachus
1455 1479 1753 1547 preniteat;
1798 1480 1843 1534 si

239 1564 472 1632 san-ius,
503 1575 710 1634 septem
739 1568 909 1621 annis.
954 1567 1008 1621 Si
1038 1568 1344 1624 discesserit
1370 1578 1425 1624 et
1452 1580 1575 1625 vota
1604 1569 1840 1639 fregerit,

237 1657 287 1710 si
328 1657 441 1710 cito
484 1660 749 1726 paruitens
778 1660 1024 1727 redierit,
1077 1661 1252 1716 tribus
1298 1662 1719 1732 quadragesimis
1751 1683 1765 1720 ;
1796 1665 1841 1721 si

239 1760 424 1804 autem
454 1762 576 1819 post
606 1767 796 1817 annos,
828 1753 996 1807 tribus
1023 1755 1178 1807 annis
1204 1754 1481 1823 paeniteat.

313 1839 403 1893 IV.
442 1842 500 1894 Si
530 1842 648 1909 quis
688 1842 893 1897 furatus
930 1842 1109 1911 fuerit,
1140 1859 1280 1898 anno
1311 1846 1587 1914 poeniteat.

311 1930 380 1986 γ.
420 1933 477 1986 Si
507 1935 627 2002 quis
674 1937 999 2003 percusserit
1028 1953 1123 2005 per
1167 1939 1337 1993 rixam
1381 1939 1600 1995 fratrem
1644 1958 1834 2007 suum,

239 2034 298 2079 et
324 2027 642 2094 sanguinein
674 2025 886 2091 fuderit,
922 2029 1092 2084 tribus
1120 2030 1277 2084 annis
1304 2032 1584 2100 poeniteat.

320 2123 406 2177 VI.
448 2122 504 2176 Si
535 2122 658 2192 quis
686 2130 867 2176 autem
910 2123 1254 2178 inebriaverit
1281 2139 1373 2192 se,
1421 2135 1477 2181 et
1505 2129 1835 2196 evomuerit,

234 2225 331 2269 aut
357 2224 633 2269 saturatus
672 2214 861 2279 nimis,
888 2214 1207 2269 sacrificium
1241 2232 1335 2285 per
1370 2217 1475 2271 hoc
1503 2220 1835 2284 evomuerit,

233 2306 594 2377 quadraginta
623 2304 810 2359 diebus
840 2305 1099 2374 poeniteat
1133 2322 1145 2357 :
1186 2307 1231 2361 si
1261 2322 1391 2361 vero
1420 2322 1517 2378 per
1557 2307 1839 2363 infirmita-

234 2412 346 2455 tem
377 2401 697 2456 sacrilicium
728 2415 945 2455 vomere
973 2409 1220 2468 cogatur,
1266 2410 1470 2471 septem
1499 2402 1687 2458 diebus
1716 2419 1834 2472 pte-

231 2494 429 2547 niteat.
486 2490 540 2545 Si
590 2488 761 2561 ipsum
806 2489 1123 2545 sacrificium
1169 2493 1289 2562 quis
1329 2493 1649 2562 perdiderit,
1692 2510 1835 2552 anno

228 2585 515 2655 pmniteat.

307 2675 421 2730 VII.
463 2673 519 2731 Si
557 2676 678 2744 quis
708 2676 944 2745 seipsum
986 2676 1441 2746 coinquinaverit,
1482 2693 1625 2734 anno
1654 2684 1831 2751 pomi-

234 2776 370 2831 :eat,
402 2767 446 2820 si
473 2766 655 2834 junior
683 2766 771 2821 sit.

304 2857 539 2912 V’Ill.'Si
567 2860 687 2926 quis
719 2858 905 2913 falsum
936 2859 1297 2915 testimonium
1330 2861 1642 2918 testificatus
1671 2863 1831 2920 fuerit

225 2950 439 3013 sciens,
479 2951 689 3005 duobus
713 2952 867 3005 annis
898 2952 1157 3021 pmniteat
1197 2968 1320 3007 cum
1358 2953 1498 3010 illius
1527 2955 1604 3009 rei
1645 2957 1827 3024 perdi-

229 3042 403 3107 tione,
436 3041 516 3095 vel
546 3042 1022 3110 redintegratione.

303 3131 432 3185 Il;ec
478 3132 546 3186 dc
595 3132 772 3187 causis
817 3133 1157 3188 casualibus:
1188 3142 1443 3191 ueterum
1491 3136 1560 3192 de
1607 3138 1826 3195 minutis
1854 3135 1897 3196 C

224 3239 444 3277 morum
474 3222 893 3279 inconditorum.

299 3313 393 3369 IX.
438 3315 537 3382 Qui
587 3316 715 3371 facit
762 3332 858 3386 per
885 3333 943 3372 se
972 3318 1170 3387 aliquid
1206 3320 1327 3375 sine
1364 3321 1822 3392 interrogatione;

222 3411 313 3462 vel
342 3409 434 3477 qui
464 3408 789 3465 contradicit
816 3418 871 3464 et
898 3409 1025 3465 dicit
1053 3429 1066 3465 :
1102 3410 1224 3466 Non
1254 3414 1413 3483 facio,
1442 3416 1526 3469 vel
1554 3417 1646 3485 qui
1674 3433 1823 3471 mur-

223 3507 449 3561 murat;
498 3500 542 3554 si
584 3501 786 3569 grande
825 3502 924 3569 sit,
968 3503 1135 3557 tribus
1176 3508 1735 3575 superpositionibus;
1776 3512 1822 3565 si

226 3607 487 3659 parvum,
531 3608 637 3647 uno
686 3608 827 3649 anno
874 3595 1173 3664 pmniteat;
1208 3599 1426 3652 verbum
1460 3616 1586 3655 vero
1634 3614 1820 3658 contra

217 3684 454 3738 verbum
494 3684 812 3753 simpliciter
857 3697 1196 3757 promptum,
1231 3691 1615 3761 quinquaginta
1654 3695 1822 3765 plagis

216 3782 639 3847 vindicandum;
670 3784 755 3838 vel
783 3785 826 3838 si
847 3799 916 3839 ex
945 3785 1241 3842 intentione
1269 3788 1485 3853 silentii,
1513 3792 1823 3861 superposi~

219 3872 376 3925 tione
403 3888 418 3935 ;
452 3887 573 3925 nam
603 3872 648 3926 si
676 3873 810 3939 rixa,
839 3874 1136 3943 septimana
1169 3878 1446 3945 pmniteat.

298 3962 363 4017 X.
407 3964 509 4029 Qui
536 3974 716 4020 autem
754 3967 1013 4033 detrahit,
1061 3980 1154 4024 aut
1189 3972 1417 4026 libenter
1445 3974 1596 4029 audit
1636 3974 1818 4031 detra-

217 4055 474 4120 hentem,
505 4058 674 4113 tribus
710 4061 1229 4129 supcrpositionibus
1262 4064 1521 4136 poeniteat
1543 4083 1557 4119 :
1583 4067 1628 4121 si
1657 4067 1724 4123 de
1752 4083 1819 4123 eo

215 4146 314 4214 qui
345 4155 570 4214 prteest,
601 4149 900 4217 septimana
930 4152 1206 4219 poeniteat.

300 4235 389 4288 XI.
432 4238 531 4303 Qui
574 4248 752 4294 autem
790 4256 888 4311 per
920 4244 1229 4311 superbiam
1272 4260 1427 4301 suum
1470 4250 1813 4319 prmpositum

212 4327 549 4396 despexerit,
578 4338 672 4382 aut
698 4330 936 4397 regulam
967 4332 1438 4402 blasphemaverit,
1472 4337 1615 4394 foras
1641 4343 1817 4409 repel-

216 4419 414 4472 lendus
442 4427 556 4483 est,
595 4419 694 4473 nisi
732 4420 1011 4476 confestim
1056 4424 1250 4479 dixerit
1280 4446 1294 4481 :
1327 4426 1545 4483 Paenitet
1575 4448 1655 4485 me
1677 4434 1816 4503 quod

217 4511 352 4563 dixi.
386 4509 441 4563 Si
466 4518 646 4564 autem
670 4526 729 4566 se
755 4528 860 4567 non
889 4515 1025 4569 bene
1052 4515 1430 4585 humiliaverit,
1460 4497 1811 4590 quadraginta
1840 4497 1892 4558 θ

214 4601 408 4654 diebus
433 4602 713 4669 pmniteat,
749 4606 872 4674 quia
895 4609 1161 4675 superbiae
1189 4611 1376 4666 morbo
1403 4612 1694 4669 detinetur.

292 4687 404 4743 XII.
450 4689 723 4749 Verbosus
749 4711 877 4751 vero
925 4700 1289 4757 taciturnitate
1336 4704 1670 4763 damnandus
1697 4718 1810 4777 est,

215 4783 494 4851 inquietus
524 4786 961 4852 mansuetudine,
990 4791 1210 4857 gulosus
1233 4791 1469 4861 jejunio,
1501 4800 1812 4856 somnolen-

212 4880 301 4927 tus
333 4876 545 4943 vigilia,
578 4877 844 4946 superbus
871 4894 1117 4945 carcere,
1147 4882 1436 4941 destitutor
1462 4890 1809 4958 repulsione:

211 4968 584 5036 unusquisque
597 4969 749 5036 juxta
774 4972 914 5034 quod
936 4985 1191 5044 meretur,
1218 4993 1325 5047 quo
1346 4983 1571 5051 mqualia
1594 4988 1811 5055 sentiat,

209 5068 272 5111 ut
296 5060 475 5125 justus
498 5060 646 5129 juste
670 5064 836 5117 vivat.

284 5148 576 5206 Diversitas
625 5156 903 5224 culparum
952 5160 1314 5217 diversitatem
1371 5164 1496 5221 Iacit
1541 5170 1809 5237 poeniten-

208 5242 439 5308 tiarum;
463 5260 582 5298 nam
599 5253 652 5299 et
665 5261 947 5316 corporum
972 5253 1160 5308 medici
1175 5255 1399 5312 diversis
1421 5260 1807 5321 medicamenta

207 5335 500 5401 generibus
518 5348 850 5407 componunt
864 5358 877 5395 :
893 5326 1049 5397 alite‘r
1068 5345 1208 5399 enim
1229 5347 1467 5417 vulnera,
1490 5352 1645 5408 aliter
1666 5370 1805 5409 mor-

209 5424 341 5489 bos,
372 5425 527 5481 aliter
556 5436 822 5495 tumores,
856 5434 1011 5488 aliter
1040 5435 1256 5503 livores,
1285 5441 1441 5495 aliter
1470 5444 1802 5514 putredines,

208 5516 369 5570 aliter
393 5519 680 5589 caligines,
721 5522 877 5577 aliter
906 5525 1302 5585 confractiones
1321 5573 1336 5596 ,
1368 5533 1526 5588 aliter
1556 5537 1804 5594 combus-

211 5610 389 5664 tiones
432 5621 645 5667 curant.
710 5614 783 5668 Ita
834 5617 996 5685 igitur
1038 5620 1200 5675 etiam
1256 5625 1562 5693 spirituales
1610 5630 1801 5687 medici

206 5698 437 5756 diversis
482 5705 819 5760 curationum
872 5710 1155 5775 generibus
1208 5714 1507 5772 animarum
1548 5719 1796 5794 vulnera,

1954 652 2142 708 salutis
2168 664 2387 717 stawm,
2420 657 2615 713 debilia
2646 676 2902 717 revocare
2931 681 2945 730 ;
2977 666 3058 720 vel
3090 683 3256 736 pauca
3279 670 3432 739 juxta
3463 691 3551 729 se-

1955 744 2163 799 niorum
2209 747 2552 815 traditiones,
2586 761 2639 805 et
2662 752 2815 820 juxta
2849 765 3084 812 nostram
3114 776 3177 815 ex
3210 774 3362 832 parte
3390 766 3549 821 intel-

1954 832 2224 902 ligentiam
2255 837 2369 907 (Ea:
2395 850 2541 908 parte
2569 859 2786 914 namque
2808 846 3193 917 prop/tetamus,
3234 863 3282 906 et
3309 871 3373 908 ea:
3398 869 3544 925 parte

1953 926 2306 991 cognoscimus
2331 927 2382 996 (Ι
2414 928 2532 981 Cor.
2567 946 2676 996 xm,
2705 932 2769 1001 9)
2801 934 2977 1004 aliqua
3036 952 3415 1008 proponamus.
3470 946 3545 1001 De

1950 1015 2267 1082 eupitalibus
2311 1017 2538 1085 primum
2580 1022 2891 1077 criminibus
2918 1040 3036 1093 qua;-
3066 1028 3227 1082 etiam
3272 1031 3402 1101 legis
3432 1035 3547 1088 ani-

1949 1103 2323 1160 madversione
2354 1107 2680 1175 plectuntur,
2711 1114 3062 1169 sanciendum
3092 1126 3196 1171 est.
3372 1157 3394 1181 .

2023 1191 2160 1247 XIII.
2216 1195 2272 1249 Si
2301 1196 2420 1264 quis
2445 1198 2673 1256 cle‘ric‘us
2701 1202 3049 1260 homicidium
3078 1206 3295 1275 fecerit,
3327 1218 3384 1266 et
3412 1227 3544 1282 pro-

1948 1285 2149 1341 ximum
2175 1302 2330 1342 suum
2358 1292 2636 1360 occiderit,
2681 1295 2868 1352 decem
2898 1301 3053 1355 annis
3076 1304 3226 1357 exsul
3260 1305 3541 1373 poeniteat.

1946 1374 2075 1428 Post
2104 1377 2204 1431 hos
2232 1380 2522 1449 recipiatur
2550 1383 2599 1437 in
2626 1387 2875 1453 patriam,
2918 1390 2963 1444 si
2992 1390 3132 1446 bene
3160 1396 3333 1461 egerit
3362 1396 3541 1465 ι)ωηί-

1947 1466 2169 1519 tentiam
2210 1468 2261 1520 in
2304 1485 2441 1537 pane
2479 1483 2533 1526 et
2574 1489 2744 1542 aqua,
2804 1479 3111 1535 testimonio
3162 1486 3543 1554 comprobatus

1947 1556 2182 1625 episcopi
2230 1560 2311 1612 vel
2356 1564 2671 1631 sacerdotis,
2723 1583 2844 1622 eum
2895 1586 3003 1640 quo
3043 1574 3313 1643 paenituit,
3360 1588 3413 1631 et
3456 1578 3541 1632 cui

1946 1647 2265 1702 conunissus
2305 1648 2431 1716 fuit,
2464 1661 2525 1707 ut
2550 1655 2844 1711 satisfaciat
2881 1662 3191 1728 parentibus
3216 1663 3333 1733 ejus
3376 1681 3537 1735 quem

1871 1766 1921 1826 Β
1946 1736 2174 1826 occidit,
2202 1738 2373 1792 vicem
2414 1742 2505 1795 lilii
2543 1744 2792 1809 reddens,
2832 1755 2888 1801 et
2926 1748 3113 1805 dicens
3143 1769 3156 1805 :
3188 1752 3538 1825 Quaecunque

1945 1824 2125 1887 vultis,
2155 1825 2345 1881 faciam
2372 1831 2542 1885 vobis.
2573 1830 2628 1887 Si
2655 1844 2833 1890 autem
2862 1852 2968 1892 non
2997 1839 3316 1897 satisfecerit
3345 1824 3538 1913 paren-

1944 1913 2083 1968 tibus
2106 1916 2275 1981 illius,
2302 1934 2570 1989 nunquam
2602 1923 2890 1993 recipiatur
2911 1927 2961 1981 in
2987 1930 3233 1997 patriam,
3259 1933 3355 1987 sed
3386 1949 3539 1991 more

1941 2005 2070 2058 Cain
2102 2023 2266 2078 vagus
2295 2020 2349 2064 et
2377 2012 2630 2081 profugus
2657 2016 2727 2070 sit
2755 2032 2918 2087 super
2946 2027 3167 2078 terram.

2014 2096 2148 2151 XIV.
2190 2100 2245 2154 Si
2287 2103 2407 2169 quis
2454 2106 2605 2158 ruina
2653 2108 2884 2162 maxima
2931 2110 3222 2179 ceciderit,
3266 2122 3321 2169 et
3367 2113 3534 2170 filium

1938 2188 2205 2257 genuerit,
2245 2198 2453 2259 septem
2483 2194 2637 2248 annis
2667 2201 3011 2265 peregrinus,
3053 2201 3105 2254 in
3137 2217 3276 2270 pane
3298 2211 3358 2259 et
3392 2220 3534 2273 aqua

1938 2279 2196 2348 pmniteat
2227 2297 2242 2335 :
2275 2290 2404 2339 tunc
2452 2285 2681 2354 primum
2726 2291 3021 2346 sacerdotis
3055 2292 3257 2361 judicio
3280 2294 3535 2365 jungatur

1946 2367 2161 2423 altario.

2008 2458 2124 2513 XV.
2167 2460 2223 2515 Si
2270 2463 2392 2531 quis
2436 2473 2616 2520 autem
2663 2463 3008 2525 fornicaverit
3054 2472 3193 2528 situt
3240 2473 3532 2532 Sodomita:

1938 2545 2209 2615 fecerunt,
2251 2552 2439 2607 decem
2482 2555 2635 2610 annis
2680 2558 2982 2626 pmniteat;
3014 2562 3181 2618 tribus
3221 2580 3343 2619 cum
3392 2581 3531 2635 pane

1935 2646 1992 2693 et
2037 2655 2215 2709 aqua;
2246 2651 2452 2712 septem
2492 2660 2623 2701 vero
2672 2648 2793 2702 aliis
2837 2651 3104 2705 abstineat
3149 2668 3209 2708 se
3245 2670 3276 2708 a
3304 2656 3428 2711 vino
3475 2665 3529 2711 et

1934 2746 2136 2796 carne;
2171 2743 2225 2787 et
2250 2752 2356 2789 non
2391 2746 2607 2791 maneat
2636 2754 2757 2792 cum
2789 2740 2896 2795 alio
2927 2742 2978 2796 in
3007 2752 3287 2800 mternmn.

2005 2822 2141 2877 XVI.
2184 2827 2238 2879 Si
2270 2830 2392 2895 quis
2426 2842 2552 2883 vero
2583 2828 2932 2886 furnicaverit
2971 2835 3187 2903 quidem
3238 2853 3358 2890 cum
3406 2854 3527 2892 mu-

1932 2913 2173 2981 lierjbus,
2215 2921 2308 2970 sed
2358 2934 2462 2971 non
2514 2918 2676 2974 lilium
2706 2925 3063 2989 generaverit,
3097 2937 3151 2979 et
3179 2926 3231 2979 in
3278 2931 3524 2982 nottiam

1930 3003 2204 3058 hominum
2235 3022 2342 3060 non
2374 3009 2616 3073 venerit;
2665 3012 2709 3065 si
2739 3013 3001 3079 clericus,
3031 3015 3199 3070 tribus
3229 3020 3384 3073 annis
3417 3037 3429 3071 :
3476 3019 3523 3073 si

1930 3096 2227 3150 monachus
2260 3098 2342 3151 vel
2368 3099 2659 3177 diaconus,
2693 3103 2929 3172 quinque
2958 3107 3115 3161 annis
3138 3124 3154 3173 ;
3176 3108 3220 3162 si
3248 3112 3520 3177 sacerdos,

1929 3196 2135 3256 scptem
2161 3205 2176 3253 ;
2205 3190 2247 3242 si
2279 3190 2567 3260 episcopus
2596 3195 2877 3249 duodecim
2903 3199 3080 3252 annis.

1998 3274 2157 3329 XVII.
2187 3277 2241 3331 Si
2273 3279 2393 3348 quis
2420 3281 2796 3352 perjuraverit,
2823 3295 3027 3356 septem
3051 3289 3205 3345 annis
3226 3293 3515 3362 paeniteat,

1926 3374 1981 3420 et
2013 3381 2285 3435 nunquam
2314 3368 2461 3436 juret
2483 3380 2689 3440 postea.

2000 3455 2185 3510 XVIII.
2219 3458 2277 3512 Si
2330 3460 2449 3529 quis
2492 3460 2762 3518 maleficio
2808 3480 2911 3521 suo
2940 3467 3171 3536 aliquem
3204 3472 3518 3540 perdiderit,

1927 3542 2097 3597 tribus
2124 3545 2278 3597 annis
2309 3547 2566 3613 pmniteat
2595 3562 2719 3602 cum
2751 3565 2890 3619 pane
2918 3560 2974 3605 et
3001 3568 3139 3622 aqua
3182 3570 3277 3624 per
3306 3572 3510 3613 mensu-

1925 3648 2060 3698 ram,
2097 3643 2155 3688 et
2178 3636 2348 3690 tribus
2379 3637 2499 3689 aliis
2529 3638 2684 3694 annis
2713 3640 2981 3707 abstineat
3008 3658 3068 3697 se
3094 3659 3125 3697 a
3154 3646 3280 3700 vino
3309 3655 3365 3701 et
3400 3664 3520 3703 car-

1924 3722 2079 3778 nibus
2100 3766 2113 3786 ,
2146 3733 2201 3778 et
2245 3734 2374 3779 tunc
2420 3726 2632 3780 demum
2665 3727 2716 3781 in
2747 3731 2977 3799 septimo
3006 3747 3149 3788 anno
3180 3736 3437 3805 recipitur
3460 3738 3515 3793 in

1922 3813 2379 3868 communionrm.
2412 3813 2467 3868 Si
2514 3825 2695 3871 autem
2736 3834 2835 3887 pro
2878 3835 3066 3876 amore
3093 3825 3216 3892 quis
3242 3826 3517 3910 maleﬁcus

1920 3904 2011 3969 sit,
2064 3914 2119 3959 et
2148 3906 2417 3962 nemiuem
2476 3908 2789 3978 perdiderit,
2837 3927 3037 3968 annum
3089 3917 3358 3986 integrum
3378 3904 3513 3977 cum

1925 4009 2068 4065 pane
2112 4007 2167 4052 et
2204 4013 2367 4067 aqua,
2419 4001 2648 4057 clericus
2702 4003 2792 4058 ille
2836 4005 3113 4075 pmniteat,
3154 4008 3324 4065 laicus
3359 4012 3515 4066 dimi-

1922 4085 2091 4154 dium,
2128 4088 2387 4145 diaconus
2415 4091 2573 4158 duos,
2618 4094 2874 4151 sacerdos
2908 4106 3039 4166 tres,
3071 4101 3305 4157 maxime
3342 4104 3387 4157 si
3419 4120 3515 4173 per

1920 4176 2025 4232 hoc
2057 4179 2293 4235 mulieris
2332 4191 2543 4250 partum
2573 4185 2856 4253 quisquam
2886 4188 3198 4258 deceperit:
3251 4192 3373 4247 ideo
3416 4210 3511 4249 sex

1918 4266 2360 4335 quadragesimas
2407 4274 2777 4342 unusquisque
2819 4276 3039 4345 insuper
3067 4287 3281 4348 augeat,
3323 4296 3390 4336 ne
3414 4282 3513 4338 ho-

1919 4358 2122 4412 micidii
2154 4376 2278 4415 reus
2306 4362 2397 4415 sit.

1989 4448 2130 4502 XIX.
2156 4449 2211 4504 Si
2237 4452 2357 4521 quis
2378 4452 2607 4508 clericus
2632 4453 2829 4509 furtum
2853 4456 3061 4524 fecerit,
3094 4459 3145 4514 id
3163 4471 3266 4526 est,
3288 4461 3506 4532 bovem,

1919 4548 2014 4593 aut
2038 4556 2234 4609 equum
2260 4582 2276 4607 ,
2321 4552 2413 4596 aut
2454 4559 2629 4609 ovem,
2662 4556 2755 4599 aut
2794 4548 3014 4616 aliquod
3046 4552 3243 4607 animal
3276 4558 3510 4624 proximi

1919 4633 2000 4687 sui
2031 4631 2239 4687 furatus
2267 4634 2445 4697 fuerit,
2471 4638 2513 4690 si
2546 4639 2735 4705 semel,
2768 4648 2861 4697 aut
2891 4642 2972 4695 bis
2997 4644 3140 4711 fecit,
3174 4646 3358 4701 reddat
3384 4664 3511 4720 pro-

1922 4723 2068 4777 ximo
2096 4737 2197 4777 suo
2228 4724 2479 4793 primum,
2527 4736 2581 4781 et
2630 4743 2776 4784 anno
2804 4731 3011 4798 integro
3043 4735 3092 4787 in
3122 4750 3261 4804 pane
3288 4746 3345 4791 et
3369 4754 3508 4809 aqua

1922 4813 2181 4880 prnniteat
2207 4830 2221 4865 :
2253 4813 2295 4868 si
2320 4814 2424 4869 hoc
2451 4820 2752 4883 consuevit,
2775 4828 2829 4874 et
2858 4823 3083 4879 reddere
3112 4841 3218 4881 non
3248 4831 3507 4900 potuerit,

1926 4908 2095 4961 tribus
2123 4907 2275 4962 annis
2301 4910 2562 4977 pmniteat
2590 4926 2711 4966 cum
2742 4928 2880 4981 pane
2908 4926 2962 4969 et
2991 4931 3147 4984 aqua.

1988 4995 2110 5049 XX.
2142 4995 2197 5051 Si
2226 4997 2344 5065 quis
2370 5008 2548 5053 autem
2589 5000 2837 5070 clericus,
2868 5015 2960 5057 aut
2988 5004 3264 5072 diaconus,
3297 5008 3377 5061 vel
3410 5011 3508 5063 all-

1851 5074 1858 5080 ’
1917 5086 2071 5155 cujus
2098 5088 2312 5155 gradus,
2344 5089 2435 5156 qui
2469 5090 2633 5144 laicus
2670 5091 2770 5145 fuit
2802 5096 2853 5146 in
2884 5096 3084 5150 sacculo
3129 5113 3250 5151 cum
3300 5097 3421 5153 ﬁliis
3451 5108 3506 5153 et

1918 5177 2147 5245 filiabus,
2181 5187 2301 5247 post
2329 5184 2740 5236 conversionem
2790 5199 2961 5251 suam,
2998 5187 3192 5241 iterum
3222 5203 3372 5241 suam
3404 5205 3501 5243 co—

1913 5268 2159 5335 gnoverit
2210 5268 2513 5323 clientelam
2575 5269 2779 5345 [Forte,
2812 5260 3166 5349 clientulam],
3223 5288 3278 5334 et
3335 5280 3499 5335 fIIium

1912 5358 2107 5412 iterum
2136 5359 2202 5414 de
2231 5375 2293 5415 ea
2321 5362 2583 5431 genuerit,
2609 5366 2745 5419 sciat
2766 5381 2825 5421 se
2848 5368 3167 5424 adulterium
3196 5380 3501 5441 perpetras-

1912 5463 1990 5513 se,
2023 5458 2077 5503 et
2131 5465 2236 5503 non
2288 5451 2463 5507 minus
2511 5468 2762 5523 peccasse
2808 5474 2969 5527 quam
3015 5460 3058 5514 si
3102 5461 3170 5515 ab
3212 5462 3497 5528 juventute

1911 5557 2004 5596 sua
2058 5543 2286 5599 clericus
2334 5543 2519 5601 fuisset
2572 5557 2626 5603 et
2671 5565 2791 5603 cum
2840 5552 3014 5620 puella
3054 5554 3231 5608 aliena
3274 5570 3498 5624 peceas-

1910 5642 2046 5697 set;
2100 5636 2225 5704 quia
2266 5644 2389 5705 post
2435 5647 2617 5692 votum
2690 5656 2843 5694 suum
2893 5644 3156 5710 peccavit,
3209 5654 3493 5716 postquam

1910 5740 1968 5782 se
1998 5725 2221 5784 Domino
2244 5733 2602 5799 consecravit,
2627 5743 2683 5788 et
2706 5744 2887 5789 votum
2917 5752 3073 5792 suum
3095 5738 3303 5796 irritum
3333 5740 3492 5810 fecit;
