3978 6182
397 245 499 300 227

1623 240 1680 296 5.
1721 240 2111 297 COLUMBANI
2155 240 2440 297 AItBATlS

3565 248 3670 303 9.98

397 357 597 412 idcirco
631 355 879 411 similiter
923 359 1134 422 septem
1163 350 1317 406 anni;
1365 351 1418 405 in
1449 365 1588 421 pane
1613 358 1668 405 et
1695 365 1832 421 aqua
1860 366 1974 422 pte-

2088 351 2153 405 de
2168 350 2340 406 media
2361 364 2593 422 namque
2615 349 2925 422 pmnitentia
2948 350 3151 424 [Forte,
3175 352 3413 410 dimidiat
3437 371 3670 428 namque

397 448 588 502 niteat.
1501 497 1510 510 η

465 538 605 594 XXI.
636 538 691 592 Si
718 537 842 608 quis
869 535 1097 592 clericus
1140 550 1240 606 per
1268 536 1440 590 rixam
1484 536 1790 606 proximum
1821 551 1981 591 suum

393 629 738 700 percusserit,
788 636 846 683 et
873 627 1186 696 sanguinem
1227 625 1444 691 fuderit,
1477 642 1676 682 annum
1709 628 1978 698 integrum

397 717 656 787 pmniteat
680 735 690 768 :
717 715 763 772 si
793 716 981 781 laicus,
1011 716 1362 787 quadraginta
1393 717 1603 772 diebus.

460 811 622 867 XXII.
656 812 711 867 Si
742 812 862 883 quis
899 828 1000 882 per
1053 812 1291 881 seipsutn
1340 811 1705 880 fornicaverit,
1733 821 1828 868 aut
1861 828 1982 868 cum

384 906 651 972 iumento,
684 905 898 960 duobus
930 905 1086 960 annis
1116 905 1392 974 prnuiteat,
1418 904 1462 958 si
1494 904 1718 973 gradum
1749 921 1857 960 non
1886 905 1983 960 ha-

389 993 518 1048 bet:
550 994 798 1048 siautem
823 993 1048 1062 gradum
1073 1001 1166 1047 aut
1195 1001 1402 1059 votum,
1432 993 1602 1048 tribus
1623 993 1777 1049 annis
1806 995 1981 1064 paeni-

399 1093 532 1148 teat,
560 1085 608 1140 si
638 1092 768 1139 actas
797 1099 903 1138 non
931 1083 1190 1139 defendit.

461 1174 643 1229 XXIII.
675 1174 732 1230 Si
758 1175 880 1244 quis
903 1175 1239 1244 concupiscit
1257 1174 1559 1240 mulierem,
1589 1178 1772 1231 etnon
1801 1184 1984 1246 potest

399 1269 599 1333 facere,
631 1267 681 1322 id
724 1276 831 1333 est,
892 1283 998 1322 non
1025 1266 1252 1336 suscipit
1297 1282 1420 1322 eum
1460 1267 1674 1330 mulier,
1705 1268 1980 1322 dimidium

389 1360 514 1415 anni
538 1360 592 1414 in
635 1373 772 1428 pane
807 1367 863 1413 et
885 1373 1024 1428 aqua
1054 1359 1332 1428 paeniteat,
1378 1365 1434 1412 et
1471 1367 1588 1412 toto
1628 1373 1689 1413 se
1717 1360 1984 1414 abstineat

388 1465 531 1505 anno
589 1464 620 1503 a
679 1450 804 1504 vino
841 1456 898 1504 et
943 1449 1242 1513 carnibus,
1301 1456 1358 1503 et
1403 1448 1786 1505 communione
1847 1449 1985 1504 alta-

394 1555 487 1594 [ιε.

458 1626 647 1684 XXIV.
676 1627 736 1684 Si
779 1628 902 1698 quis
929 1626 1250 1685 sacrificium
1281 1626 1599 1697 perdiderit,
1625 1642 1772 1683 anno
1801 1630 1980 1699 poeni-

2084 441 2501 514 pmnitentiam].

2155 531 2342 588 XXXI.
2376 532 2568 603 Siquis
2594 533 2761 589 laicus
2788 533 2986 588 furtum
3011 534 3216 596 fecerit,
3243 536 3291 590 id
3321 545 3426 605 est,
3454 537 3669 604 bovem,

2084 636 2180 681 aut
2213 641 2434 696 equum,
2471 635 2566 681 aut
2603 642 2783 690 ovem,
2834 636 2930 681 aut
2959 627 3181 697 aliquod
3211 629 3408 683 animal
3436 631 3671 700 proximi

2083 717 2165 773 sui
2197 717 2404 771 furatus
2434 717 2592 772 fuerit
2617 736 2630 770 :
2661 718 2707 774 si
2729 718 2921 785 semel,
2951 729 3044 772 aut
3071 719 3152 774 bis
3178 717 3318 784 fecit,
3349 719 3538 774 reddat
3558 721 3673 792 pri-

2083 826 2228 864 mum
2255 811 2501 879 proximo
2524 824 2622 864 suo
2651 810 2904 863 damnum
2927 809 3069 878 quod
3099 809 3246 873 fecit,
3268 819 3323 864 et
3349 810 3518 866 tribus
3545 827 3676 882 qua-

2084 903 2398 972 dragesimis
2424 903 2477 956 in
2504 916 2642 972 pane
2669 910 2724 955 et
2751 917 2888 971 aqua
2927 901 3205 972 pteniteat.
3237 900 3293 955 Si
3319 909 3497 957 autem
3527 917 3675 974 saepe

2084 991 2283 1047 furtum
2332 993 2512 1048 facere
2560 993 2860 1059 consuevit,
2908 999 2965 1046 et
3009 991 3235 1047 reddere
3263 1008 3371 1047 non
3411 995 3674 1063 potuerit,

2084 1100 2227 1140 anno
2269 1093 2324 1140 et
2347 1084 2516 1138 tribus
2543 1083 2966 1154 quadragesiinis
3014 1083 3293 1152 pmniteat,
3324 1091 3379 1139 et
3417 1083 3674 1154 deinceps

2084 1191 2420 1246 nequaquam
2447 1174 2625 1230 facere
2653 1175 2970 1245 promittat;
3003 1183 3060 1228 et
3095 1174 3173 1229 sic
3212 1174 3268 1228 in
3298 1172 3500 1230 Pascha
3532 1176 3674 1229 alte-

2083 1268 2196 1320 rius
2224 1265 2349 1320 anni
2380 1267 2760 1333 communicet,
2789 1264 2840 1318 id
2866 1271 2968 1330 est,
3017 1273 3138 1334 post
3160 1264 3296 1318 duos
3324 1279 3494 1320 annos
3521 1265 3670 1337 (data

2085 1365 2265 1412 tamen
2295 1367 2422 1412 ante
2441 1357 2767 1427 pauperibus
2788 1355 2856 1410 de
2882 1371 2984 1411 suo
3013 1356 3196 1411 labore
3223 1355 3584 1428 eleemusyna,
3616 1366 3675 1412 ct

2084 1448 2348 1502 sacerdoti
2373 1447 2742 1518 pwnitentiam
2761 1447 3024 1518 judicanti
3044 1447 3225 1518 epula)
3249 1455 3304 1503 et
3326 1449 3396 1504 ita
3411 1451 3641 1504 abremit.
3658 1481 3672 1491 -

2086 1549 2231 1594 tatur
2260 1539 2336 1594 illi
2363 1541 2517 1595 make
2539 1541 2942 1597 consuetudinis
2967 1541 3146 1612 culpa.

2160 1647 2372 1704 XXXII.
2412 1649 2471 1706 Si
2500 1651 2621 1721 quis
2647 1651 2811 1706 laicus
2837 1652 3190 1721 perjuraverit
3215 1669 3230 1720 ;
3257 1653 3303 1708 si
3331 1666 3427 1723 per
3462 1651 3668 1723 cupidi-

389 1725 534 1772 trat:
582 1719 626 1773 si
654 1733 752 1789 per
780 1719 1094 1773 ebrietatem
1141 1725 1236 1772 aut
1282 1718 1636 1772 voracitatcm
1666 1718 1794 1773 illud
1842 1736 1974 1775 evo-

2088 1747 2249 1793 tatem
2279 1739 2384 1795 hoc
2413 1718 2623 1809 fecerit,
2671 1750 2813 1797 totas
2838 1718 2942 1796 res
2966 1757 3094 1798 suas
3144 1718 3362 1812 vendat,
3410 1752 3468 1799 et
3508 1718 3674 1799 donet

390 1809 608 1874 muerit,
640 1818 696 1864 et
725 1809 1061 1878 negligenter
1082 1807 1211 1862 illud
1235 1807 1518 1873 dimiserit,
1543 1808 1714 1863 tribus
1743 1810 1979 1881 quadra-

389 1901 607 1968 gesimis
631 1901 684 1954 in
716 1915 854 1970 pane
891 1909 949 1954 et
975 1914 1112 1970 aqua
1140 1898 1434 1969 paniteat:
1465 1898 1510 1954 si
1537 1912 1666 1953 vero
1692 1914 1789 1970 per
1830 1900 1980 1956 infir-

396 1993 659 2056 mitatem,
688 1999 897 2061 septem
919 1990 1111 2044 diebus
1138 1989 1421 2060 paeniteat.

461 2082 568 2137 Sed
595 2082 708 2136 haec
731 2081 796 2135 de
825 2080 1034 2135 clericis
1051 2087 1111 2135 et
1137 2079 1416 2135 monachis
1440 2079 1649 2134 mixtim
1677 2078 1821 2136 dicta
1849 2080 1978 2136 sint.

392 2169 659 2225 Cmterum
698 2169 769 2225 de
805 2169 977 2224 laicis.

463 2258 622 2314 XXV.
657 2259 973 2329 Quicunque
999 2257 1192 2314 fecerit
1218 2258 1585 2325 homicidium,
1618 2259 1670 2314 id
1701 2269 1803 2325 est,
1851 2275 1981 2331 pro-

389 2351 593 2405 ximum
617 2367 771 2406 suum
799 2350 1075 2414 occiderit,
1102 2348 1274 2404 tribus
1295 2348 1449 2404 annis
1471 2349 1692 2405 inermis
1718 2349 1894 2417 exsul,
1924 2350 1982 2405 in

389 2457 530 2512 pane
556 2452 614 2499 et
638 2458 774 2512 aqua
805 2443 1081 2514 pmnitrat,
1108 2451 1168 2497 et
1194 2449 1319 2512 post
1341 2451 1450 2496 tres
1473 2455 1648 2497 annos
1677 2449 1982 2497 revertatur

389 2534 442 2587 in
486 2549 608 2600 sua,
637 2535 870 2589 reddens
896 2533 1068 2589 vicem
1099 2531 1414 2602 parantibus
1450 2531 1636 2598 occisi,
1679 2531 1899 2602 pietatis
1921 2539 1982 2587 et

386 2625 548 2680 (δπὶάὶ
574 2641 590 2690 ;
621 2635 676 2680 et
702 2625 781 2680 sic
809 2631 930 2695 post
975 2622 1400 2680 satisfactionem
1440 2623 1643 2693 judicio
1670 2626 1976 2682 sacerdotis

383 2715 643 2785 jungatur
657 2716 873 2769 altario.

460 2805 647 2860 XXVI.
679 2805 735 2860 Si
773 2805 894 2875 quis
919 2805 1089 2860 laicus
1115 2806 1184 2861 de
1224 2805 1448 2861 alterius
1477 2820 1646 2861 uxore
1688 2803 1854 2860 lilium
1883 2819 1977 2873 ge-

389 2897 589 2964 nuerit,
623 2896 674 2951 Id
705 2903 807 2961 est,
858 2895 1180 2950 adulterium
1209 2897 1565 2963 commiserit,
1599 2907 1717 2952 toro
1743 2898 1975 2966 proximi

388 2986 608 3049 violato,
639 2986 809 3040 tribus
851 2985 1007 3041 annis
1055 2986 1337 3056 paeniteat,
1391 2986 1666 3041 abstinens
1697 3001 1758 3042 se
1785 3002 1816 3041 a
1843 2988 1978 3045 cibis

385 3075 891 3141 succulentioribus,
936 3083 992 3130 et
1019 3091 1050 3130 a
1079 3077 1297 3146 propria
1342 3091 1517 3131 uxore
1543 3117 1559 3142 ,
1589 3075 1726 3132 dans
1753 3076 1973 3148 insuper

382 3168 611 3236 pretium
641 3168 909 3237 pudicitia:
935 3169 1130 3222 marito
1152 3168 1337 3222 uxoris
1357 3167 1608 3235 violatae;
1637 3175 1694 3224 et
1712 3169 1790 3224 sic
1811 3169 1972 3240 culpa

329 3251 332 3254 ’
385 3259 526 3312 illius
547 3272 644 3326 per
667 3257 1006 3312 sacerdotem
1032 3258 1392 3334 abstergatur.

455 3347 664 3402 XXVII.
697 3347 754 3403 Si
781 3347 900 3416 quis
927 3363 1056 3402 vero
1087 3348 1256 3404 laicus
1277 3347 1625 3404 fornicaverit
1651 3349 1974 3407 sodomitico

386 3439 511 3506 ritu,
545 3439 598 3495 id
625 3446 731 3506 est,
763 3455 888 3494 cum
917 3439 1181 3506 masculo,
1214 3439 1359 3495 coitu
1387 3439 1620 3497 femineo
1643 3443 1972 3512 peccaverit,

384 3539 590 3600 septem
638 3530 792 3585 annis
821 3529 1119 3600 pmniteat:
1161 3531 1334 3586 tribus
1365 3531 1551 3600 primis
1579 3546 1704 3588 cum
1750 3546 1890 3602 pane
1917 3539 1976 3587 et

383 3639 521 3692 aqua
549 3633 607 3679 et
649 3624 763 3679 sale
791 3633 848 3679 et
895 3622 1154 3678 fructibus
1182 3623 1324 3678 horti
1357 3623 1516 3680 siccis
1541 3641 1555 3678 :
1587 3631 1822 3693 quatuor
1848 3625 1974 3679 reli-

381 3717 504 3785 quis
532 3716 799 3772 abstineat
820 3730 881 3770 se
906 3730 935 3769 a
965 3716 1092 3770 vino
1120 3722 1176 3770 et
1204 3715 1479 3780 carnibus,
1503 3723 1559 3771 et
1579 3715 1654 3770 ita
1675 3715 1974 3770 dimittatur

381 3806 454 3862 illi
481 3821 575 3862 sua
603 3806 794 3875 culpa;
825 3816 881 3860 et
907 3806 1162 3861 sacerdos
1183 3813 1303 3861 oret
1332 3821 1429 3875 pro
1452 3805 1567 3872 illo,
1592 3816 1648 3860 et
1672 3805 1751 3862 sic
1776 3805 1971 3877 junga-

343 3875 348 3898 ’
383 3906 475 3950 tur
500 3897 714 3950 altario.

454 3987 690 4043 XXVIII.
722 3987 778 4042 Si
806 3988 928 4056 quis
972 3994 1151 4041 autem
1183 3984 1528 4042 fornicaverit
1555 3985 1623 4041 de
1668 3985 1820 4040 laicis
1847 4001 1972 4041 cum

383 4078 697 4133 mulieribus
716 4093 746 4130 a
773 4076 1021 4146 conjugio
1046 4076 1246 4141 liberis,
1273 4076 1325 4130 id
1349 4084 1451 4140 est,
1475 4075 1670 4143 viduis,
1703 4075 1786 4130 vel
1817 4077 1973 4145 puel-

383 4172 478 4225 lis:
509 4169 553 4224 si
592 4185 712 4224 cum
742 4168 926 4233 vidua,
959 4182 1068 4221 uno
1099 4181 1277 4221 anno:
1310 4166 1356 4220 si
1377 4182 1500 4222 cum
1532 4166 1732 4236 puella,
1761 4166 1972 4221 duobus

382 4263 536 4316 annis
557 4259 788 4333 (reddito
815 4269 994 4312 tamen
1026 4257 1410 4328 hutniliationis
1437 4255 1553 4325 ejus
1574 4256 1748 4323 pretio
1776 4270 1973 4324 paren-

387 4353 528 4405 tibus
556 4351 694 4419 ejus)
728 4349 1006 4419 ptettiteat.
1061 4347 1116 4401 Si
1147 4357 1326 4401 autem
1355 4361 1582 4401 uxorem
1623 4362 1732 4400 non
1763 4346 1968 4411 habuit,

382 4443 478 4498 sed
507 4443 659 4511 virgo
689 4442 875 4509 virgini
903 4440 1222 4508 coniunctus
1257 4446 1341 4494 est
1366 4456 1378 4490 :
1411 4439 1456 4493 si
1485 4437 1675 4493 volunt
1717 4445 1972 4506 parentes

381 4531 523 4600 ejus,
574 4533 684 4601 ipsa
714 4532 782 4585 sit
829 4547 968 4585 uxor
995 4530 1152 4599 ejus;
1205 4531 1276 4584 ita
1308 4538 1508 4594 tamen,
1557 4537 1618 4583 ut
1662 4543 1806 4584 anno
1844 4537 1972 4584 ante

381 4625 684 4694 paniteant
713 4623 870 4678 ambo
896 4641 910 4687 ;
938 4631 994 4676 et
1019 4623 1090 4676 ita
1120 4623 1226 4677 sint
1244 4622 1577 4691 conjugales.

453 4712 641 4769 XXIX.
671 4712 726 4768 Si
753 4712 876 4783 quis
917 4719 1100 4766 autem
1129 4711 1293 4767 laicus
1317 4728 1438 4767 cum
1462 4712 1708 4780 jumento
1737 4711 1971 4767 fornica-

2083 1828 2430 1898 pauperibus,
2465 1837 2524 1884 et
2545 1839 2899 1886 convertatur
2921 1846 2990 1886 ex
3038 1831 3247 1900 integro
3271 1833 3337 1887 ad
3363 1831 3667 1897 Dominum,

2083 1928 2139 1975 et
2159 1919 2414 1975 tundatur
2431 1921 2579 1976 omni
2599 1921 2818 1976 dimisso
2839 1921 3056 1988 smculo,
3081 1931 3136 1978 et
3156 1937 3324 1993 usque
3347 1925 3413 1978 ad
3441 1933 3670 1980 mortem

2083 2011 2283 2066 serviat
2309 2011 2417 2067 Deo
2445 2011 2497 2066 in
2528 2014 2877 2069 monasterio.
2905 2013 2960 2069 Si
2992 2024 3170 2070 autem
3194 2030 3301 2070 non
3340 2031 3438 2086 per
3457 2016 3670 2086 cupidi-

2087 2112 2272 2173 tatem,
2291 2106 2388 2160 sed
2413 2107 2600 2162 mortis
2625 2108 2818 2163 timore
2835 2107 2940 2164 hoc
2967 2107 3114 2174 fecit,
3148 2109 3317 2164 tribus
3341 2111 3495 2166 anuis
3524 2113 3668 2166 iner-

2083 2195 2186 2249 mis
2199 2195 2349 2250 exsul
2377 2196 2638 2265 pceniteat
2657 2197 2706 2250 in
2739 2213 2877 2267 pane
2901 2208 2956 2252 et
2981 2215 3118 2268 aqua
3143 2217 3158 2266 ;
3181 2212 3238 2255 et
3263 2201 3472 2257 duobus
3494 2203 3672 2258 adhuc

2083 2286 2351 2342 abstineat
2379 2303 2438 2345 se
2457 2303 2485 2341 a
2512 2289 2639 2344 vino
2661 2297 2720 2344 et
2746 2289 3028 2345 carnibus:
3057 2299 3114 2345 et
3133 2290 3206 2346 ita
3230 2292 3462 2347 animam
3492 2309 3593 2364 pro
3613 2310 3671 2348 se

2082 2377 2330 2444 reddens,
2378 2379 2433 2433 id
2460 2386 2564 2442 est,
2615 2395 2830 2436 servum
2884 2389 2978 2436 aut
3003 2381 3254 2437 ancillam
3303 2383 3371 2438 de
3396 2384 3672 2438 servitutis

2078 2469 2208 2540 jugo
2251 2471 2557 2537 absolvens,
2608 2479 2664 2526 et
2710 2472 3080 2544 eleemosynas
3123 2472 3319 2529 multas
3347 2473 3550 2529 faciens
3575 2490 3671 2545 per

2083 2561 2220 2617 duos
2247 2576 2421 2616 annos
2465 2562 2541 2630 (in
2574 2563 2770 2632 quibus
2819 2562 2894 2616 illi
2939 2563 3086 2618 licito
3116 2563 3192 2618 uti
3236 2562 3395 2619 facile
3425 2564 3558 2619 cibis
3586 2574 3668 2620 est

2083 2653 2312 2720 cunctis,
2341 2663 2569 2727 excepta
2595 2654 2781 2728 carne)
2810 2663 2934 2726 post
2977 2655 3264 2726 septimum
3311 2656 3670 2712 communicet

2083 2755 2302 2797 annum.

2156 2832 2390 2890 XXXIII.
2407 2833 2466 2891 St
2486 2836 2607 2907 quis
2625 2835 2883 2892 laicorum
2903 2851 3001 2906 per
3016 2835 3328 2892 scandalum
3349 2836 3664 2906 sanguinem

2079 2925 2298 2993 fuderit,
2327 2937 2420 2983 aut
2446 2930 2750 3000 proximum
2766 2945 2920 2984 suum
2949 2930 3332 2998 vnlneraverit,
3364 2940 3458 2986 aut
3475 2930 3675 2986 debili-

2083 3019 2304 3085 taverit,
2345 3030 2602 3089 quantum
2643 3022 2846 3089 nocuit,
2873 3023 3081 3075 tantum
3124 3022 3352 3077 reddere
3398 3030 3669 3092 cogatur:

1997 3123 2042 3188 ς
2078 3111 2124 3167 si
2178 3119 2359 3166 autem
2404 3129 2512 3168 non
2575 3113 2741 3169 habet
2797 3111 2943 3166 unde
2994 3113 3187 3178 solvat,
3232 3128 3396 3183 opera
3437 3115 3673 3184 proximi

2081 3201 2161 3257 sui
2213 3203 2440 3273 primum
2495 3214 2641 3273 agat,
2698 3203 2935 3273 quandiu
2988 3204 3077 3258 ille
3116 3204 3360 3260 infirmus
3408 3214 3492 3261 est
3553 3196 3673 3263 me:

2077 3292 2362 3363 dicumque
2381 3304 2607 3365 quierat,
2638 3304 2695 3351 et
2719 3304 2841 3366 post
2864 3296 3149 3351 sanitatem
3177 3297 3295 3365 ejus
3311 3297 3673 3367 quadraginta

2077 3401 2193 3459 dics
2221 3404 2273 3458 in
2300 3419 2440 3476 pauc
2466 3415 2522 3461 et
2546 3420 2682 3475 aqua
2707 3407 2990 3476 pmniteat.

2147 3520 2389 3577 XXXIV.
2426 3521 2483 3578 Si
2511 3524 2632 3592 quis
2671 3523 2838 3578 laicus
2878 3524 3224 3580 inebriavrrit
3265 3538 3342 3590 se,
3373 3531 3468 3578 ant
3494 3538 3673 3594 usque

2076 3613 2143 3667 ad
2171 3615 2430 3668 vomitum
2462 3615 2867 3670 manducaverit
2893 3624 2986 3685 aut
3031 3616 3248 3681 biberit,
3276 3617 3577 3687 septimana
3611 3617 3668 3671 in

2074 3718 2214 3773 pane
2236 3717 2290 3760 et
2319 3721 2456 3777 aqua
2486 3703 2765 3777 paeniteat.

2146 3795 2359 3852 XXXV.
2383 3797 2442 3852 Si
2469 3798 2590 3866 quis
2617 3797 2786 3852 laicus
2824 3797 3129 3862 adulterare
3151 3798 3405 3867 voluerit,
3429 3806 3524 3853 aut
3547 3799 3669 3854 for-

2075 3889 2261 3944 nicare
2282 3904 2403 3943 cum
2438 3903 2655 3955 sponsa,
2685 3896 2743 3944 et
2762 3889 3096 3959 concupierit
3121 3889 3402 3946 mulierem
3429 3891 3668 3960 proximi

2074 3980 2178 4044 sui,
2209 3990 2262 4034 ct
2303 3996 2409 4036 non
2450 3979 2658 4046 fecerit,
2691 3981 2743 4035 id
2771 3991 2876 4049 est,
2903 3997 3011 4037 non
3034 3983 3293 4052 potuerit,
3315 3983 3442 4052 quia
3469 3985 3672 4040 mulier

2075 4083 2198 4123 eum
2243 4085 2349 4124 non
2376 4071 2632 4140 suscepit,
2679 4080 2859 4125 tamen
2904 4071 2994 4127 ille
3021 4081 3238 4142 paratus
3268 4071 3368 4128 fuit
3396 4074 3464 4130 ad
3494 4073 3670 4130 forni-

2074 4160 2303 4214 candum
2330 4177 2342 4211 :
2368 4158 2689 4215 confiteatur
2725 4162 2937 4231 culpam
2973 4177 3124 4217 suam
3169 4165 3458 4231 sacerdoti,
3499 4175 3556 4221 et
3585 4167 3665 4221 ita

2074 4248 2424 4318 quadraginta
2453 4249 2644 4304 diebus
2669 4249 2722 4303 in
2754 4265 2893 4320 pane
2919 4259 2975 4305 et
3004 4267 3142 4321 aqua
3173 4253 3452 4323 pmoiteat.

2083 4361 2086 4365 -
2146 4337 2379 4393 XXXVI.
2430 4339 2486 4394 Si
2524 4340 2645 4408 quis
2673 4348 2852 4396 autem
2900 4341 3070 4398 laicus
3104 4344 3528 4409 manducaverit,
3566 4355 3671 4401 aut

2077 4431 2274 4486 biberit
2293 4432 2446 4501 juxta
2475 4431 2629 4496 fana;
2669 4433 2714 4487 si
2748 4449 2844 4502 per
2883 4433 3242 4501 ignorantiam
3283 4434 3489 4501 fecerit,
3533 4451 3666 4506 pro-

2074 4526 2258 4579 mittat
2283 4527 2537 4596 deinceps
2567 4526 2710 4596 qnod
2739 4542 3009 4597 nunquam
3057 4528 3294 4596 reiteret,
3334 4536 3390 4584 et
3425 4530 3672 4598 quadra-

2075 4618 2222 4684 ginta
2250 4616 2440 4673 diebus
2467 4620 2518 4673 in
2549 4634 2688 4689 pane
2717 4628 2772 4676 et
2799 4636 2939 4691 aqua
2965 4623 3227 4692 pmniteat
3252 4639 3265 4675 :
3312 4623 3357 4677 si
3397 4638 3527 4678 vero
3560 4639 3669 4694 per

2074 4716 2442 4778 contemptum
2481 4709 2586 4765 hoc
2615 4711 2824 4779 fecerit,
2870 4712 2922 4766 id
2951 4720 3055 4778 est,
3085 4723 3370 4783 postquam
3400 4715 3670 4770 sacerdos

380 4806 540 4872 verit,
588 4821 729 4860 anno
777 4806 1054 4874 poeniteat,
1095 4805 1140 4858 si
1169 4820 1395 4860 uxorem
1424 4805 1657 4869 habuit:
1704 4807 1749 4860 si
1789 4815 1971 4861 autem
2058 4798 2152 4880 ,pilli
2189 4801 2500 4866 pmdicavit
2523 4801 2670 4871 quod
2699 4803 3037 4872 sacrilegium
3069 4805 3173 4860 hoc
3201 4813 3338 4871 erat,
3371 4815 3426 4860 et
3465 4815 3669 4875 postea

380 4913 490 4953 non
520 4897 726 4959 habuit,
757 4895 979 4950 dimidio
1011 4910 1152 4950 anno
1177 4911 1191 4947 :
1217 4897 1295 4950 sic
1316 4903 1369 4949 et
1394 4895 1484 4966 qui
1509 4911 1734 4951 uxorem
1768 4896 1970 4952 habens
2073 4905 2275 4946 mensa:
2303 4892 2691 4949 diemoniorum
2720 4895 3232 4961 communicaverit;
3277 4898 3323 4952 si
3365 4897 3502 4967 gula.-
3532 4906 3660 4953 tan-

380 4988 614 5058 propriis
643 4987 897 5042 membris
920 5001 978 5041 se
1006 4988 1182 5057 ipsum
1209 4987 1509 5054 violaverit,
1541 4989 1823 5057 paeniteat.
2071 4989 2188 5036 tum
2217 4982 2348 5037 vitio
2378 4981 2482 5038 hoc
2503 4981 2692 5038 fecerit
2710 4992 2804 5037 aut
2829 4984 3128 5054 repetierit,
3160 4985 3330 5041 tribus
3357 4987 3653 5056 quadrage-

2073 5073 2224 5128 simis
2250 5073 2303 5126 in
2344 5088 2483 5143 pane
2525 5081 2582 5129 et
2621 5087 2758 5143 aqua
2785 5075 3092 5144 paeniteat:
3129 5077 3175 5130 si
3205 5092 3336 5132 vero
3367 5093 3465 5147 pro
3503 5080 3665 5134 cultu

2072 5167 2397 5231 daemonum,
2431 5177 2526 5222 aut
2577 5167 2784 5223 honore
2830 5168 3242 5225 simulacrorum
3290 5170 3395 5226 hoc
3441 5172 3664 5240 fecerit,

2070 5260 2241 5315 tribus
2269 5261 2424 5314 annis
2450 5260 2725 5330 poeniteat.

449 5099 616 5156 XXX.
675 5101 731 5157 Si
781 5103 902 5171 quis
931 5101 1097 5157 laicus
1126 5101 1383 5156 infantem
1412 5117 1568 5156 suum
1617 5103 1965 5172 oppresserit,

377 5194 465 5248 vel
496 5195 708 5262 mulier,
735 5209 878 5248 anno
911 5193 1120 5264 integro
1149 5194 1201 5247 in
1234 5209 1370 5264 pane
1400 5203 1455 5248 et
1481 5209 1617 5263 aqua
1647 5195 1963 5264 pmnitcant,

377 5295 434 5340 et
457 5285 662 5342 duobus
709 5286 827 5339 aliis
856 5286 1158 5340 abstineant
1181 5299 1241 5340 se
1266 5299 1295 5338 a
1325 5284 1451 5337 vino
1478 5292 1533 5337 et
1577 5284 1829 5338 carnibus
1854 5302 1866 5336 :
1909 5293 1964 5339 et

379 5378 450 5431 ita
507 5379 735 5448 primum
784 5377 976 5432 altario
1005 5377 1298 5432 sacerdotis
1335 5374 1537 5444 judicio
1563 5374 1875 5442 jungantur,
1907 5385 1963 5430 et

377 5485 532 5523 suum
588 5480 764 5526 torum
829 5479 959 5525 tunc
1012 5469 1157 5525 licito
1213 5468 1436 5521 maritus
1489 5467 1579 5522 ille
1642 5476 1959 5535 cognoscat.

377 5563 660 5618 Sciendum
693 5575 776 5620 est
804 5567 945 5619 enim
979 5563 1151 5630 laicis,
1191 5561 1335 5630 quod
1366 5570 1609 5630 tempore
1637 5561 1966 5630 poenitentia:

378 5657 482 5710 iliis
513 5658 716 5712 traditae
744 5674 771 5710 a
802 5656 1187 5719 sacerdotibus,
1218 5670 1324 5709 non
1365 5654 1467 5709 illis
1495 5654 1654 5710 liceat
1700 5669 1824 5709 suas
1867 5671 1964 5709 co-

377 5761 632 5817 gnoscere
661 5763 873 5816 uxores,
905 5749 1005 5806 nisi
1059 5757 1180 5822 post
1209 5748 1572 5822 pauitentiam
1602 5756 1925 5806 transactam
1951 5767 1964 5819 ;

2139 5373 2398 5429 XXXVII.
2432 5374 2488 5429 Si
2516 5375 2633 5443 quis
2667 5375 2836 5429 laicus
2867 5387 2964 5443 per
2993 5373 3348 5441 ignorantiam
3384 5390 3505 5429 cum
3543 5373 3668 5430 Bo-

2067 5467 2297 5524 nosiacis
2326 5474 2418 5520 aut
2455 5467 2664 5521 caneris
2702 5466 2969 5521 ltzcreticis
3009 5466 3514 5530 communicaverit,
3542 5475 3670 5522 stet

2067 5562 2208 5618 inter
2236 5547 2651 5616 catechumenos
2673 5601 2688 5624 ,
2722 5558 2771 5613 id
2795 5567 2897 5624 est,
2924 5559 2990 5613 ab
3021 5559 3139 5614 aliis
3187 5568 3466 5630 separatus
3493 5557 3669 5614 Chri-

2067 5655 2254 5712 stianis
2281 5653 2630 5724 quadraginta
2660 5651 2864 5719 diebus,
2891 5663 2947 5732 et
2974 5653 3178 5708 duabus
3200 5653 3319 5706 aliis
3341 5651 3663 5721 quadrage-

2069 5750 2220 5806 simts
2249 5748 2302 5802 in
2330 5754 2574 5802 extremo
2607 5744 3033 5802 Christianorum
3060 5747 3268 5810 ordine,
3302 5744 3350 5799 id
3375 5753 3481 5812 est,
3501 5744 3669 5800 inter
