3932 6184
316 272 426 326 εὲθ

1254 270 1792 331 INSTRUCTIONES
1829 269 2065 323 VARle
2100 273 2252 326 SIV'E
2290 276 2663 336 SEMIONES.

3480 298 3587 350 9.30

317 386 663 453 pmoitentes,
697 385 898 438 insana:
941 386 1334 439 communionis
1373 385 1582 465 culpam
1619 384 1788 437 diluat
1814 400 1824 435 :
1856 381 1899 435 si
1930 386 1979 441 Α
2009 398 2114 437 non
2146 385 2305 440 lavet.
2334 387 2441 443 Soli
2469 401 2646 446 autem
2686 398 2950 451 monacho
2978 410 3187 457 secrete
3212 407 3404 461 stando
3429 411 3591 478 pedes

312 482 449 531 Vero
473 490 574 545 per
620 483 987 544 contemptum
1020 477 1119 530 hoe
1150 476 1352 537 fecerit,
1389 476 1438 529 id
1482 488 1585 541 est,
1624 481 1907 547 po~tquam

315 566 692 621 denuntiatum
724 566 796 619 illi
828 565 1000 620 fuerat
1047 582 1075 619 a
1106 568 1408 635 sacerdote,
1440 583 1503 621 ac
1559 568 1905 637 prohibitum,

320 672 385 708 ne.
415 672 474 711 se
503 658 889 711 communione
933 658 1162 713 sinistra:
1191 660 1360 728 partis
1405 660 1720 725 ma:ularet,
1768 674 1910 715 anno

316 747 532 815 integro
563 748 842 815 rmniteat,
875 757 929 803 et
962 751 1133 804 tribus
1159 750 1600 820 quadragesimis,
1626 764 1679 807 et
1704 753 1910 809 duobus

316 835 436 889 aliis
467 835 619 889 annis
644 836 910 891 abstineat
933 852 991 891 se
1020 854 1048 891 a
1076 839 1202 893 vino
1225 850 1277 894 et
1307 844 1555 897 carnibus
1579 861 1593 905 ;
1619 852 1671 897 et
1693 844 1763 898 ita
1789 854 1909 914 post

317 941 507 978 manus
533 926 935 995 imposilionem
978 929 1229 985 ealholici
1263 932 1526 1002 episcopi,
1556 933 1746 988 altario
1781 936 1909 1003 jun-

316 1025 493 1083 gatur.

390 1105 671 1161 Postremo
720 1106 789 1162 de
829 1108 1047 1164 minutis
1087 1111 1475 1168 monachorum
1507 1114 1769 1184 agendum
1824 1125 1907 1170 est

314 1198 700 1250 sanetinnibus.

385 1286 676 1343 XXXVIII.
717 1289 772 1344 Si
806 1293 925 1361 quis
971 1295 1167 1349 vallum
1199 1305 1442 1366 apertum
1473 1298 1525 1354 in
1556 1310 1715 1356 nocte
1743 1302 1902 1357 dimi-

311 1380 467 1441 serit,
501 1382 930 1449 superpositione
962 1386 1251 1453 pmuitcat:
1281 1388 1325 1442 si
1350 1404 1477 1443 vero
1504 1390 1553 1442 in
1585 1393 1693 1459 die,
1720 1394 1901 1462 viginti

311 1480 551 1536 quatuor
578 1472 1032 1538 percussionibus,
1063 1476 1105 1530 si
1135 1492 1241 1530 non
1264 1479 1381 1534 aliis
1402 1484 1901 1549 supervenientibus

311 1570 562 1625 apertum
594 1560 889 1615 dimiserit:
914 1565 957 1617 si
986 1566 1106 1633 quis
1132 1567 1273 1622 hunc
1297 1569 1469 1636 ipsum
1492 1573 1736 1629 absolute
1765 1590 1901 1644 pne-

309 1648 557 1710 cesserit,
590 1654 1021 1719 superpositione
1046 1660 1324 1725 imnitcat.

391 1738 625 1794 XXXIX.
675 1741 730 1796 Si
762 1744 881 1811 quis
924 1744 1227 1813 jumentum
1279 1759 1467 1820 petens
1488 1755 1634 1809 solus
1663 1755 1905 1811 absolute
1942 1747 1982 1805 Β

311 1828 461 1900 μιν.
524 1830 735 1901 absque
776 1834 912 1906 luto]
951 1838 1226 1905 Iavaverit,
1263 1846 1693 1913 superpositiOne
1736 1849 1904 1917 pumi-

307 1935 423 1977 teat
450 1943 462 1977 :
490 1927 533 1979 si
561 1928 682 1996 quis
713 1945 842 1983 vero
873 1932 1214 1991 lavanslicito
1232 1953 1413 1992 coram
1430 1939 1680 1996 fratribus
1707 1945 1902 2000 stando

309 2015 415 2068 huc
446 2017 654 2082 fecerit,
686 2019 729 2072 si
761 2035 868 2073 non
897 2027 1219 2081 necessitate
1247 2028 1342 2082 luti
1368 2028 1563 2099 largius
1586 2033 1901 2104 abstergen-

302 2106 383 2165 (μ,
414 2106 599 2173 viginti
627 2119 862 2176 quatuor
887 2112 1056 2181 plagis
1082 2119 1417 2173 emendetur.

384 2194 494 2248 XL.
529 2197 585 2251 Si
614 2199 733 2267 quis
754 2217 883 2256 vero
913 2206 1074 2257 etiam
1096 2208 1332 2263 sedendo
1362 2212 1412 2266 in
1434 2212 1679 2281 jumcnto
1700 2229 1894 2285 genua,

302 2297 402 2340 aut
432 2289 652 2344 brachia
683 2292 1109 2365 discooperuerit
1140 2300 1340 2370 absque
1367 2308 1796 2364 necessitateluti
1824 2312 1897 2365 Ia-

302 2383 493 2449 vandi,
523 2399 616 2437 sex
650 2384 839 2443 diebus
871 2405 977 2443 non
1026 2392 1207 2459 lavet;
1239 2395 1290 2448 id
1329 2406 1429 2461 est,
1471 2414 1640 2468 usque
1668 2403 1732 2455 ad
1766 2404 1894 2458 alte-

301 2489 424 2526 ram
468 2473 611 2530 diem
640 2476 965 2534 dominicam
1018 2482 1334 2540 inhoncstus
1381 2488 1469 2543 ille
1500 2491 1706 2545 lavntor
1736 2494 1900 2562 pedes

335 2644 1680 2676 .______._______—____

2018 478 2199 533 lavare
2228 480 2380 535 licet:
2411 484 2609 537 seniori
2646 500 2793 548 vero.
2831 490 2989 543 etiam
3021 494 3253 563 publice,
3299 500 3393 552 sed
3419 501 3591 557 altero

2012 569 2174 640 pedes
2202 586 2330 625 suos
2357 571 2569 626 Iavante
2599 574 2722 644 licet
2748 586 2865 631 stan
2887 579 2939 634 lo
2970 581 3160 639 lavari.

2082 658 2211 713 XLI.
2248 662 2383 716 Ante
2414 664 2851 733 prmdicationem
2882 685 3008 724 vero
3044 674 3131 728 de
3174 675 3439 734 dominica
3469 684 3587 747 toti,

2010 753 2248 821 exceptis
2275 755 2438 808 certis
2469 757 2899 821 necessitatibus,
2932 762 3087 816 simul
3118 763 3225 817 sint
3260 770 3589 839 conglobati,

2011 857 2069 900 ut
2096 848 2271 901 nullus
2310 844 2448 902 desit
2478 864 2701 903 numero
2745 863 3072 922 praeceptum
3114 858 3458 927 audientium,
3491 880 3588 917 ex—

2009 948 2166 1007 cepto
2192 955 2326 994 eoeo
2356 956 2419 993 ac
2446 942 2688 1009 portorio
2712 984 2726 1005 ,
2758 944 2849 1014 qui
2877 955 2930 997 et
2979 945 3098 1014 ip~i,
3129 947 3173 1000 si
3206 951 3430 1016 possint,
3462 960 3591 1010 sats

2010 1040 2191 1096 agant,
2245 1040 2301 1084 ut
2354 1031 2531 1086 adsint
2584 1033 2798 1101 quando
2850 1037 3142 1092 tonitruum
3198 1037 3471 1110 Evangelii
3497 1060 3593 1098 au-

2009 1119 2172 1173 ditur.

1994 1297 2017 1317 ο
2078 1228 2232 1285 XLII.
2267 1230 2645 1288 Confe<siones
2674 1244 2853 1289 autem
2904 1236 3018 1301 dari
3068 1237 3376 1306 diligentius
3404 1243 3592 1311 βπερὶ-

2008 1322 2171 1390 pitur,
2206 1324 2437 1377 maxime
2466 1324 2533 1378 de
2584 1327 3036 1383 commotionibus
3064 1330 3250 1395 animi,
3304 1343 3589 1401 antequam

2006 1411 2072 1464 ad
2105 1410 2319 1467 Missam
2348 1422 2521 1477 eatur,
2555 1428 2620 1467 ne
2650 1412 2788 1469 forte
2820 1416 2937 1485 quis
2976 1419 3196 1471 accedat
3236 1419 3481 1489 indignus
3525 1425 3589 1477 ad

2006 1503 2197 1569 altare,
2248 1504 2299 1557 id
2330 1513 2431 1566 est,
2465 1506 2506 1558 si
2537 1521 2632 1559 cor
2664 1506 2919 1559 mundum
2953 1524 3057 1561 non
3089 1510 3372 1564 habuerit:
3403 1513 3591 1569 melius

2006 1602 2091 1649 est
2121 1595 2261 1649 enim
2310 1602 2625 1663 exspectare
2672 1595 2846 1651 donec
2895 1612 2988 1652 cor
3034 1613 3224 1653 sanum
3277 1599 3437 1655 fuerit
3466 1643 3483 1670 ,
3536 1615 3593 1657 et

2009 1688 2239 1742 alienum
2264 1702 2292 1741 a
2334 1689 2587 1743 seandalo
2618 1704 2681 1744 ac
2709 1690 2904 1744 invidia
2936 1690 3110 1754 fuerit,
3142 1708 3301 1761 quam
3332 1697 3591 1751 accedere

2010 1778 2267 1832 audacter
2295 1777 2359 1831 ad
2382 1777 2638 1846 judicium
2663 1780 2939 1835 tribunalis
2965 1798 2977 1832 :
3004 1782 3234 1835 tribunal
3262 1784 3403 1838 enim
3431 1784 3590 1839 Chri—

2011 1869 2099 1931 sti,
2134 1870 2302 1922 altare
2328 1886 2340 1920 :
2373 1877 2427 1922 et
2456 1884 2654 1937 corpus
2683 1884 2836 1923 suum
2865 1870 2989 1923 inibi
3017 1886 3138 1925 cum
3168 1874 3425 1940 sanguine
3448 1873 3592 1942 judi-

2008 1966 2096 2012 cat
2122 1958 2365 2026 indignus
2391 1957 2728 2012 accedentes.
2762 1958 2928 2013 Sicuti
2958 1975 3086 2030 ergo
3116 1976 3143 2013 a
3175 1964 3410 2032 peccatis
3440 1964 3587 2033 capi-

2011 2049 2204 2104 talibus
2258 2057 2312 2101 et
2362 2048 2668 2103 carnalibus
2732 2065 2896 2104 cavcn
2919 2051 3023 2104 lum
3092 2060 3219 2117 est,
3298 2060 3585 2123 antequam

2006 2138 2510 2193 communicandum
2551 2139 2622 2192 sit
2649 2156 2662 2203 ;
2705 2139 2776 2193 ita
2805 2142 2965 2195 etiam
3016 2142 3083 2195 ab
3114 2143 3485 2198 incertioribus
3515 2146 3590 2197 vi-

2004 2229 2090 2282 tiis
2120 2238 2173 2282 et
2204 2229 2404 2282 morbis
2435 2229 2733 2295 languentis
2763 2232 2953 2284 anima:
2984 2233 3354 2287 abstinendum
3385 2242 3486 2297 est.
3518 2250 3583 2289 ac

2001 2312 2421 2387 abstergendum‘
2472 2327 2597 2373 ante
2656 2336 2794 2375 verm
2850 2324 2996 2391 pacis
3048 2325 3477 2394 conjunctionem
3530 2336 3586 2382 et

2000 2416 2149 2462 teter.
2174 2424 2219 2462 ξε
2249 2409 2435 2462 salutis
2463 2410 2852 2479 ctmpaginem.

1047 2724 1722 2941 sumen
1797 2786 2879 2900 COLUBANI

1527 2979 1797 3030 ABBATIS
1832 2978 1912 3030 ΕΤ
1946 2975 2361 3028 CONFESSORIS

764 3093 961 3236 IN
980 3094 2365 3247 STRUCTIONES
2470 3098 3139 3243 VARI/E

1650 3318 1667 3331 “
1740 3338 1940 3382 VULGO
1984 3338 2189 3380 mera;

1588 3461 2324 3568 SERMONES-

666 3689 682 3705 '
768 3714 1179 3771 INSTRUCTIO
1218 3715 1450 3771 ruma.

781 3806 859 3862 De
891 3807 996 3861 Deo
1030 3808 1145 3863 Uno
1168 3819 1218 3863 et
1248 3809 1429 3863 Trino.

376 3902 420 3956 I.
460 3900 835 3957 Instructionis
883 3902 1038 3957 valde
1088 3904 1404 3958 necessariae
1449 3916 1633 3957 curam
1681 3913 1893 3969 gerens,

301 3998 539 4069 primum
570 4006 697 4049 ante
742 3996 943 4062 omnia,
991 3996 1137 4064 quod
1184 3997 1431 4051 omnibus
1478 3996 1618 4051 seire
1663 3996 1894 4065 primum

300 4094 407 4147 est,
452 4083 631 4137 dicere
661 4084 895 4137 breviter
924 4084 1047 4138 licet
1072 4102 1087 4149 ;
1116 4085 1295 4153 cupio,
1326 4093 1386 4138 ut
1410 4085 1553 4153 quod
1593 4093 1677 4138 est
1704 4084 1895 4138 funda-

303 4185 546 4230 mentum
574 4174 762 4228 saluiis
782 4175 1042 4239 omnium,
1073 4176 1225 4229 nobis
1250 4176 1469 4245 crepido
1497 4174 1761 4230 sermonis
1784 4176 1854 4227 sit
1879 4191 1892 4235 ;

300 4276 359 4319 et
391 4265 516 4319 inde
559 4271 744 4318 nostra
793 4264 1038 4319 doctrina
1069 4263 1312 4319 ordiatur
1359 4264 1501 4320 unde
1546 4279 1707 4318 omne
1749 4265 1895 4333 quod

302 4364 390 4410 est
412 4356 605 4419 oritur,
637 4364 693 4409 et
720 4354 862 4423 quod
893 4369 1000 4409 non
1027 4354 1127 4409 fuit
1151 4355 1392 4409 initiatur
1418 4373 1431 4419 ;
1462 4355 1767 4425 ostiumque
1798 4371 1892 4409 no—

303 4449 389 4503 bis
410 4448 676 4502 sermonis
697 4448 874 4502 cordis
898 4448 1187 4503 credulitas
1206 4449 1434 4516 aperiat,
1454 4463 1573 4517 qua:
1594 4449 1645 4502 in
1667 4448 1894 4501 salutem

302 4535 664 4599 confessionis
706 4534 944 4588 omnium
989 4532 1412 4589 Christianorum
1478 4543 1627 4589 recte
1670 4534 1895 4589 creden-

305 4629 441 4681 tium
482 4642 577 4680 ora
627 4626 856 4694 aperuit.
913 4624 988 4679 De
1016 4625 1173 4680 initio
1202 4639 1333 4695 ergo
1398 4627 1643 4680 humana:
1680 4625 1888 4689 salutis,

302 4723 523 4777 Christo
552 4722 861 4791 adjuvante,
908 4730 1059 4776 recte
1087 4728 1269 4775 nostra
1299 4719 1439 4774 dicta
1468 4724 1686 4773 sumant
1730 4731 1894 4772 exor-

303 4816 475 4869 dium.

377 4905 578 4960 Credat
608 4906 789 4973 itaque
814 4904 1041 4975 primum
1070 4904 1246 4959 omnis
1284 4904 1372 4972 qni
1407 4901 1518 4957 vult
1544 4902 1723 4957 salvus
1751 4916 1890 4965 esse,

305 4997 363 5052 in
394 4998 627 5067 primum
658 5006 713 5050 et
743 4997 793 5049 in
818 4996 1163 5050 novissiumm
1196 4994 1362 5049 Deum
1395 5010 1557 5048 unum
1587 5010 1651 5050 ac
1673 4995 1892 5069 tuinum,

1927 3716 1972 3777 (ἶ
2005 3732 2281 3803 perfectio.
2309 3733 2461 3799 Quod
2494 3748 2628 3788 unus
2651 3744 2736 3789 est
2767 3734 2907 3790 Deus
2933 3735 3181 3803 Trinitas,
3214 3737 3358 3794 Deus
3387 3740 3501 3810 ipse
3529 3743 3583 3797 in

2002 3829 2121 3896 lege
2162 3826 2231 3881 de
2273 3841 2332 3881 se
2373 3834 2602 3882 testatur
2641 3827 2862 3883 dicens:
2897 3830 3050 3894 Audi,
3078 3828 3282 3896 Israel;
3332 3830 3585 3887 Dominus

2009 3918 2142 3972 Deus
2165 3928 2279 3970 tuus
2298 3935 2428 3972 unus
2451 3929 2526 3971 est
2555 3917 2729 3989 (Deut.
2764 3936 2836 3986 vl,
2868 3919 2945 3989 4).
2970 3918 3122 3986 Quod
3142 3928 3321 3976 autem
3339 3938 3476 3977 unus
3498 3926 3588 3978 ille

2003 4007 2142 4060 Deus
2171 4005 2406 4061 Trinitas
2446 4014 2555 4073 est,
2582 4007 2830 4061 Salvator
2858 4008 2910 4061 in
2956 4006 3246 4077 Evangelia
3271 4010 3473 4076 docuit,
3503 4013 3586 4066 di-

1999 4097 2171 4153 cendo
2194 4114 2207 4149 :
2250 4095 2449 4151 Euntes
2477 4114 2611 4152 mnu:
2631 4099 2809 4152 docete
2839 4115 3013 4153 omnes
3036 4111 3231 4171 gentes,
3258 4103 3579 4169 baptizantes

1997 4205 2083 4242 eos
2111 4189 2164 4240 in
2181 4184 2386 4242 nomine
2411 4187 2607 4255 Patris,
2628 4198 2677 4241 et
2698 4188 2845 4256 Filii,
2866 4199 2915 4242 et
2940 4189 3165 4260 Spiritus
3184 4194 3351 4245 sancti
3368 4192 3587 4261 (Matth.

2002 4290 2186 4328 xxun.
2238 4274 2347 4343 19).
2404 4274 2499 4329 llis
2545 4275 2755 4330 duobus
2801 4276 3119 4331 testimoniis
3147 4277 3372 4331 duarum
3403 4277 3583 4345 legum

2000 4365 2153 4433 quasi
2184 4365 2495 4432 quibusdam
2523 4364 2703 4419 fulcris
2730 4364 3044 4418 ﬁrmissimis
3082 4364 3214 4419 ﬁdes
3242 4366 3578 4421 credentium

2002 4453 2208 4507 lirmata
2238 4462 2338 4508 est.
2384 4452 2482 4507 Ubi
2513 4455 2679 4509 habes
2702 4454 2754 4507 in
2781 4455 3007 4509 veritate
3045 4454 3359 4511 Trinitatem
3388 4458 3443 4512 in
3469 4462 3582 4513 uni.

2003 4550 2135 4604 tate.
2166 4551 2221 4597 et
2247 4551 2504 4597 unitatem
2535 4544 2587 4595 in
2635 4543 2912 4598 Trinitate.
2943 4542 3048 4599 Pro
3078 4547 3152 4599 rei
3186 4548 3346 4614 igitur
3372 4551 3580 4619 magni-

2002 4631 2187 4684 tudine
2210 4630 2444 4684 breviter
2464 4630 2610 4698 quod
2638 4632 2908 4687 credimus
2935 4632 3187 4701 diximus,
3217 4644 3272 4691 et
3302 4638 3433 4693 lides
3459 4654 3581 4692 cor-

2000 4722 2082 4777 dis
2112 4724 2221 4778 oris
2251 4723 2505 4793 produxit
2530 4723 2919 4779 confessionem
2946 4743 2958 4786 ;
2985 4734 3041 4780 et
3071 4727 3175 4781 hoc
3205 4727 3425 4782 Iirmiter
3451 4744 3581 4783 conc

2000 4822 2081 4868 tre
2110 4828 2299 4868 omnes
2349 4814 2579 4868 haereses
2610 4814 2898 4869 tenendum
2927 4823 3031 4881 est,
3076 4815 3220 4883 quod
3276 4816 3416 4871 Deus
3444 4833 3584 4871 unus

1999 4905 2161 4959 dividi
2194 4905 2275 4959 vel
2304 4906 2543 4974 separari
2570 4921 2677 4960 non
2696 4914 2902 4976 potest,
2933 4908 3058 4973 quia
3099 4908 3245 4976 quod
3285 4908 3383 4961 fuit
3414 4917 3577 4967 tutus,

1998 5006 2211 5066 semper
2240 4998 2337 5051 fuit
2383 5007 2440 5052 ut
2468 5006 2569 5053 est.
2602 4999 2789 5053 Οεεεει
2836 5012 2967 5065 ergo
3011 5014 3279 5053 venenosa
3307 5007 3363 5052 et
3392 4998 3583 5051 insana

311 5103 473 5141 unum
513 5086 881 5147 Subsisteutia,
904 5086 1097 5142 trinum
1141 5086 1473 5149 substantia;
1517 5101 1679 5138 unum
1703 5095 1893 5154 poten-
1926 5111 1969 5168 υ
2000 5090 2235 5143 omnium
2262 5090 2633 5145 hmreticorum
2662 5091 2901 5155 vesania,
2934 5094 3149 5159 quando
3176 5090 3291 5157 ipso
3314 5087 3423 5141 Deo
3442 5096 3585 5140 teste

307 5179 407 5239 tia,
435 5179 631 5230 trinum
662 5192 892 5246 persona
925 5194 939 5242 ;
971 5194 1133 5231 unum
1165 5186 1374 5238 natura,
1412 5178 1607 5230 trinum
1640 5176 1890 5239 nomine;

311 5287 472 5323 unum
516 5271 755 5332 numine,
788 5271 878 5337 qui
933 5279 1014 5325 est
1068 5269 1227 5324 Pater
1254 5277 1311 5323 ct
1358 5268 1523 5323 Filius
1572 5279 1628 5322 et
1662 5268 1894 5338 Spiritus

305 5370 545 5423 sanctus,
579 5360 720 5415 Dens
748 5378 901 5425 ultus,
936 5371 1078 5416 tots
1109 5362 1403 5425 invisibilis,
1439 5362 1895 5430 incomprehensi-

310 5455 450 5519 bilis,
480 5452 780 5515 inell'abilis,
815 5454 866 5507 in
899 5469 1009 5523 quo
1038 5464 1120 5508 est
1148 5470 1362 5523 semper
1402 5470 1539 5519 esse,
1575 5455 1697 5523 quia
1734 5464 1891 5509 teter-

307 5559 411 5599 nus
448 5556 531 5598 est
568 5545 707 5599 Deus
734 5544 981 5608 Trinitas,
1016 5547 1102 5600 cui
1151 5547 1357 5599 initium
1403 5562 1509 5600 non
1540 5561 1770 5614 quaeras,
1799 5547 1889 5615 qui

314 5634 472 5688 linem
500 5650 606 5687 non
630 5635 750 5687 habe
771 5644 810 5692 t.
837 5646 889 5689 et
910 5637 1000 5706 qui
1029 5652 1241 5706 semper
1269 5637 1363 5689 luit
1391 5638 1533 5703 quod
1563 5645 1645 5690 est
1675 5645 1729 5689 et
1757 5639 1889 5699 erit;

312 5726 437 5792 quia
488 5724 543 5777 in
584 5724 694 5779 Deo
727 5726 936 5780 iteratio
978 5744 1081 5781 non
1132 5736 1234 5797 est,
1260 5729 1351 5783 sed
1384 5744 1595 5799 semper
1622 5728 1894 5785 Trinitatis

1999 5180 2242 5235 audimus
2286 5190 2341 5234 et
2384 5180 2686 5234 credimus:
2720 5180 2876 5244 Audi,
2910 5179 3115 5244 Israel;
3158 5177 3409 5232 Dominus
3441 5176 3582 5229 Deus

2001 5282 2113 5325 tuus
2142 5287 2271 5324 unus
2298 5280 2418 5325 est:
2458 5270 2582 5338 quia
2627 5271 2718 5337 qui
2752 5285 2887 5323 unus
2931 5281 3033 5334 est,
3080 5269 3184 5323 hoc
3226 5281 3440 5335 semper
3480 5264 3576 5319 fuit

1997 5364 2140 5432 quod
2195 5372 2305 5424 est;
2336 5364 2430 5417 sed
2462 5372 2520 5415 ut
2546 5362 2686 5416 scias
2733 5371 2985 5431 quantus.
3036 5361 3312 5430 pluraliter
3356 5357 3492 5411 dixit
3526 5358 3584 5410 in

1998 5456 2179 5509 mundi
2221 5454 2559 5509 conditione:
2594 5453 2875 5507 Faciamus
2903 5455 3155 5506 hominem
3185 5452 3256 5503 ad
3298 5451 3577 5519 imaginem

1995 5556 2045 5599 et
2070 5546 2459 5599 similitudinem
2502 5556 2731 5598 nostram
2755 5543 2972 5615 (Gen..t,
3018 5542 3128 5609 26).
3162 5539 3237 5596 Νε
3265 5555 3393 5594 vero
3424 5556 3575 5593 ειη-αθ

1998 5640 2052 5692 in
2076 5641 2579 5705 uumero,Christus
2610 5640 2699 5693 tibi
2731 5638 2929 5691 indicat
2955 5637 3186 5699 Patrem,
3213 5644 3264 5690 et
3287 5633 3497 5692 Filium.
3522 5642 3578 5684 et

1998 5732 2255 5802 Spiritum
2284 5742 2551 5796 sanctum,
2581 5735 2633 5784 in
2661 5730 2811 5798 cujus
2834 5729 2949 5794 Dei,
2979 5730 3133 5799 quasi
3166 5733 3319 5785 unius
3353 5728 3446 5782 Dei
3478 5744 3581 5778 no-
