3978 6182
351 288 445 341 251

1573 273 1630 330 s.
1669 269 2052 330 COLUMle
2091 253 2378 325 inanis

3495 263 3600 319 9.32

343 402 505 462 mine,
533 412 692 452 omne
720 395 1006 449 humanum
1034 405 1200 459 genus
1241 386 1616 458 baptizandum
1643 396 1743 442 est.
1768 387 1903 453 Quid
1934 394 1982 444 Α
2010 391 2161 437 tanto
2187 383 2306 452 plus
2332 381 2590 448 intelligat
2617 381 2818 435 minora
2841 393 2900 434 se
2925 379 3062 434 scire
3089 392 3249 448 posse
3273 377 3342 432 de
3369 382 3604 433 auctoris

343 491 494 559 plura
514 488 579 542 de
600 484 872 539 Trinitatis
891 480 1300 535 coaeternitate?
1328 477 1480 543 Quod
1514 476 1656 530 Unus
1685 485 1783 543 est,
1804 474 1912 529 suf-

345 581 583 633 ﬁcienter
608 589 705 628 nos
727 574 904 626 docet.
955 570 1032 625 De
1059 571 1287 624 veritate
1331 577 1509 622 autem
1556 581 1910 635 personarum

345 668 532 730 Patris,
563 673 618 720 et
641 663 782 728 Filii,
829 673 885 718 et
911 661 1141 729 Spiritus
1165 660 1354 724 sancti,
1396 658 1668 713 distinctio
1692 655 1906 721 Christi,

342 758 594 829 praecepti
613 757 947 820 auctoritate,
973 753 1306 809 abundanter
1330 749 1582 805 instruxit
1609 747 1910 802 audientes.

345 853 419 903 Ex
451 849 551 912 his,
584 849 820 918 inquam,
853 845 1170 900 testimoniis
1212 841 1385 896 omnis
1424 846 1666 893 errorum
1693 836 1909 892 exclusa

342 939 663 1008 perversitas
690 946 773 992 est
798 953 812 1001 ;
870 935 1062 1005 quibus
1093 931 1436 997 nominando,
1465 929 1700 983 Trinitas
1751 935 1912 996 atque

340 1031 515 1085 unitas
543 1029 846 1086 attestando
874 1026 1222 1097 approbatur.

409 1121 474 1175 ll.
514 1121 646 1175 Cum
675 1120 751 1174 rei
782 1119 940 1186 igitur
966 1115 1274 1184 magnitudo
1302 1127 1401 1168 nos
1440 1112 1507 1167 de
1535 1111 1638 1176 his,
1666 1109 1817 1179 quasi
1846 1109 1915 1164 de

340 1213 694 1269 ineﬁabilibus
722 1211 950 1280 amplius
977 1208 1123 1278 loqui
1151 1206 1414 1277 prohibet,
1445 1205 1592 1258 ﬁrma
1624 1201 1726 1259 ﬁde
1754 1217 1913 1272 supra

2013 472 2420 542 profunditate;
2471 480 2526 524 et
2577 470 2712 525 sicut
2757 469 2938 536 debet,
2988 477 3043 523 et
3092 469 3266 532 decet,
3317 468 3491 522 minus
3537 469 3607 520 de,

2011 571 2256 616 creatore
2284 576 2441 631 quam
2469 561 2535 614 de
2564 567 2808 614 creatura
2842 566 3074 613 tractare
3120 566 3409 627 praisumat
3439 574 3454 611 :
3480 558 3604 626 quia

2011 651 2068 705 in
2099 650 2393 719 majoribus
2423 650 2649 704 idoneus
2677 663 2796 704 esse
2825 663 2929 702 non
2958 655 3158 718 potest,
3199 649 3289 715 qui
3319 648 3466 716 prius
3505 650 3606 701 mi-

2011 757 2145 796 nora
2176 757 2283 795 non
2315 740 2690 807 investigavit;
2719 747 2774 793 et
2799 738 2885 792 cui
2917 739 2968 791 in
2997 738 3293 792 minoribus
3337 752 3442 790 non
3488 753 3602 792 cre-

2011 832 2178 896 ditur,
2229 833 2279 885 in
2328 830 2617 899 majoribus
2645 827 2916 898 quomodo
2964 827 3287 882 credendum
3334 827 3454 880 est?
3501 827 3605 892 Qui

2011 921 2175 982 enim,
2223 934 2376 988 rogo,
2407 928 2616 972 terrena
2647 917 2876 985 ignorat,
2907 915 3146 970 cmlestia
3177 931 3273 968 cur
3298 916 3608 969 scrutatur?

2011 1009 2121 1064 0h!
2155 1010 2248 1078 qui
2281 1026 2414 1063 vana
2445 1010 2732 1077 loquuntur
2758 1025 2862 1062 non
2890 1007 3250 1078 intelligentes,
3275 1008 3426 1076 juxta
3457 1008 3609 1077 Apo-

2013 1101 2234 1164 stoium,
2281 1117 2439 1169 neque
2478 1115 2591 1170 quae
2619 1099 2912 1171 loquuntur,
2962 1115 3122 1170 neque
3151 1100 3216 1152 de
3243 1099 3422 1168 quibus
3450 1100 3610 1168 afﬁr-

2015 1199 2158 1243 mant
2187 1189 2237 1258 (1
2275 1189 2405 1242 Tim.
2438 1204 2477 1252 ι,
2510 1189 2582 1257 7).
2611 1188 2780 1254 Quam
2809 1189 2960 1242 multi
2988 1190 3153 1254 enim,
3179 1190 3372 1257 quinus
3398 1199 3481 1244 est
3508 1206 3610 1256 vm,

339 1305 478 1358 diem
536 1279 935 1358 οοηεετνειηυε,
989 1299 1123 1364 Quia
1178 1297 1260 1351 cui
1312 1297 1423 1350 ιιωο
1471 1309 1640 1363 pauca
1691 1294 1757 1348 de
1806 1293 1960 1347 Deoo
2021 1281 2192 1349 fragili
2235 1281 2357 1334 licet
2394 1295 2588 1350 penna,
2639 1281 2689 1334 in
2732 1281 2896 1334 altum
2935 1279 3119 1334 volare
3163 1280 3417 1345 nitentes,
3456 1289 3514 1334 et
3555 1282 3607 1333 iu

339 1390 599 1451 Trinitate
628 1404 732 1444 non
763 1386 1049 1451 sufﬁciunt,
1073 1386 1224 1456 plura
1251 1385 1400 1452 juxta
1423 1382 1751 1451 Scripturam
1809 1398 1916 1436 non

338 1481 648 1547 proderunt.
694 1478 770 1532 De
805 1492 871 1532 eo
915 1477 1056 1531 enim
1093 1483 1298 1530 tantum
1325 1473 1464 1543 quod
1491 1488 1626 1526 ultus
1655 1473 1706 1526 in
1736 1470 1913 1526 Trini-

339 1579 466 1633 tate,
512 1577 567 1624 et
609 1567 880 1622 Trinus-in
913 1567 1112 1620 unitate
1139 1574 1242 1631 est,
1275 1565 1524 1619 diximus.
1573 1563 1647 1616 De
1684 1564 1914 1618 essentia

337 1676 464 1714 vero
491 1660 608 1728 ejus
636 1659 754 1727 quis
780 1657 958 1712 dicere
985 1657 1220 1726 poterit?
1250 1654 1532 1720 Quomodo
1564 1653 1756 1722 Lbiqlle
1787 1666 1923 1720 pra:-

2019 1375 2214 1426 cmlum
2261 1386 2323 1425 os
2364 1386 2516 1424 suum
2564 1378 2822 1439 ponentes
2862 1378 3141 1434 creaturae,
3175 1370 3257 1424 vel
3288 1385 3382 1438 per
3412 1381 3608 1439 partes,

2023 1467 2081 1512 ut
2111 1475 2214 1514 non
2243 1459 2415 1514 dicam
2446 1472 2656 1525 omnes,
2696 1460 2906 1512 ratione
2935 1469 3059 1512 ante
3087 1473 3191 1512 non
3215 1461 3443 1514 collecta
3488 1459 3612 1531 [Co-

2023 1551 2144 1612 dex,
2176 1549 2437 1615 mendose,
2467 1545 2609 1604 edim
2631 1547 2779 1619 coli],
2811 1549 3037 1618 primum
3067 1549 3132 1603 de
3160 1564 3366 1602 summa
3396 1551 3613 1620 profan-

2023 1643 2193 1697 ditate
2221 1641 2495 1696 immundo
2537 1642 2700 1696 corde
2739 1650 2793 1695 et
2823 1643 3031 1711 impuro
3069 1657 3164 1696 ore
3192 1642 3385 1698 docere
3411 1659 3614 1712 ιιι-ωηι-

336 1765 480 1813 εεηε,
529 1758 583 1803 ei
633 1747 904 1802 invisibilis
950 1755 1051 1807 est,
1103 1745 1187 1799 vel
1235 1741 1680 1814 quemadmodum
1725 1741 1917 1796 coelum
1952 1740 2197 1803 Bmunt,
2247 1747 2352 1785 non
2407 1732 2761 1800 intelligentes
2791 1732 3068 1800 quodnon
3101 1732 3316 1796 verbis,
3364 1733 3457 1787 sed
3509 1733 3612 1787 ﬁde

335 1849 391 1895 et
417 1849 634 1906 terram,
661 1847 716 1893 et
738 1853 951 1894 omnem
985 1843 1285 1892 creaturam
1316 1836 1541 1904 repleat,
1567 1833 1720 1902 juxta
1749 1833 1874 1886 illud
1902 1849 1917 1885 :

335 1928 526 1983 Nonne
567 1929 746 1982 caelum
791 1937 839 1980 et
884 1936 1072 1980 terram
1113 1943 1204 1997 ego
1249 1924 1469 1992 impleo?
1519 1924 1644 1978 dicit
1671 1922 1924 1977 Dominus

338 2015 471 2084 (Jer.
519 2032 666 2081 χχιιι,
709 2014 819 2085 24).
875 2013 940 2067 Et
976 2014 1102 2068 alibi
1137 2031 1148 2066 :
1181 2013 1407 2082 Spiritus
1459 2012 1582 2076 Dei,
1627 2012 1918 2066 secnndum

333 2107 647 2176 prOphetam
670 2145 684 2170 ,
722 2098 928 2175 replevit
965 2102 1138 2158 orbem
1180 2114 1430 2156 terrarum
1473 2102 1626 2172 (Sap.
1669 2117 1707 2168 ι,
1747 2102 1824 2171 7).
1859 2101 1924 2156 Et

335 2197 528 2256 iterum
560 2213 572 2247 :
598 2195 786 2249 Caelum
817 2195 942 2248 mihi
968 2195 1113 2248 sedes
1141 2204 1234 2258 est,
1288 2204 1422 2246 terra
1451 2201 1620 2247 autem
1648 2192 1924 2246 scabellum

331 2287 518 2355 pedum
551 2303 773 2340 meorum
804 2285 935 2355 (Isa.
969 2301 1111 2349 vat,
1149 2286 1219 2353 i).
1254 2283 1393 2338 Deus
1423 2297 1551 2350 ergo
1581 2283 1780 2350 ubique
1819 2290 1923 2348 est,

335 2377 622 2431 immensus
651 2386 816 2441 totus,
849 2385 903 2430 et
933 2376 1127 2444 ubique
1155 2374 1430 2444 proximus
1466 2373 1619 2442 juxta
1661 2387 1814 2425 suum
1857 2369 1926 2424 de

333 2483 392 2523 se
419 2469 784 2524 testimonium
812 2487 824 2522 :
854 2469 961 2539 Ego
990 2485 1122 2532 sum,
1155 2466 1356 2535 inquit,
1415 2462 1552 2518 Deus
1597 2464 1921 2534 proximam,

334 2568 381 2611 et
406 2575 507 2612 non
538 2557 675 2612 Deus
703 2557 766 2612 de
791 2559 943 2627 longe
971 2557 1104 2629 (Jer.
1136 2573 1284 2620 χχιιι,
1315 2554 1426 2627 25).
1462 2555 1577 2609 Non
1607 2568 1735 2622 ergo
1765 2555 1923 2622 longe

334 2664 364 2701 a
396 2649 549 2703 nobis
578 2658 881 2703 manentem
915 2664 1049 2716 (10:13!
1067 2650 1203 2702 imus
1247 2648 1435 2710 Deum,
1463 2661 1624 2714 quem
1657 2647 1795 2699 intra
1825 2659 1924 2699 nos

331 2755 544 2794 sumere
575 2740 860 2805 habemus;
896 2740 947 2794 in
979 2740 1135 2794 nobis
1163 2741 1305 2794 enim
1335 2739 1540 2793 habitat
1566 2733 1716 2807 quasi
1745 2737 1925 2791 anima

333 2827 396 2884 in
438 2846 686 2900 corpore,
717 2832 758 2886 si
789 2841 964 2886 tamen
993 2848 1092 2887 nos
1121 2833 1363 2886 membra
1393 2848 1522 2886 sana
1555 2847 1734 2887 sumus
1782 2829 1918 2900 ejus,

332 2920 376 2973 si
405 2920 598 2974 mortui
629 2936 734 2974 non
762 2936 945 2975 sumus
975 2921 1227 2990 peccatis,
1282 2921 1327 2974 si
1376 2922 1600 2990 putrida:
1631 2919 1923 2975 voluntatis

333 3011 676 3079 corruptione
706 3011 966 3066 immunes
993 3027 1214 3066 sumus:
1247 3021 1372 3067 tunc
1400 3027 1528 3066 vere
1575 3011 1666 3066 ille
1713 3013 1923 3066 habitat

2028 1823 2167 1877 Deus
2196 1822 2428 1877 Trinitas
2471 1823 2798 1892 agnoscitur,
2829 1821 2919 1890 qui
2949 1821 3128 1875 cordis
3158 1822 3337 1876 mundi
3367 1824 3452 1898 pia
3483 1823 3609 1889 ﬁde,

2025 1924 2082 1970 et
2137 1929 2243 1969 non
2299 1914 2525 1984 impuris
2577 1914 2896 1983 vaniloquiis
2951 1914 3279 1982 intelligitur.
3337 1913 3429 1970 Pie
3481 1931 3611 1985 ergo

2025 2005 2294 2061 credenda
2338 2014 2440 2071 est,
2486 2013 2542 2060 et
2583 2021 2690 2059 non
2741 2005 2901 2075 impie
2943 2005 3270 2059 discutienda
3312 2017 3390 2060 est
3423 2022 3610 2076 magna

2026 2095 2567 2166 Trinitaszquoddam
2591 2098 2730 2152 enim
2759 2097 3132 2167 insuperabile,
3164 2107 3219 2153 et
3245 2098 3612 2167 invesdgabile

2026 2187 2247 2257 pelagus
2267 2195 2352 2242 est
2371 2186 2510 2242 Deus
2540 2202 2673 2242 unus
2698 2187 2947 2243 Trinitas.
2981 2190 3160 2243 Altum
3189 2201 3399 2255 imum,
3426 2198 3481 2244 et
3507 2191 3610 2242 lata

2027 2288 2191 2346 terra,
2237 2287 2291 2334 et
2335 2279 2654 2348 protundum
2703 2295 2870 2347 mare,
2919 2281 3180 2350 longaque
3216 2281 3406 2336 saecula
3448 2280 3609 2352 (Job.

2027 2389 2140 2440 vm,
2169 2372 2224 2444 9)
2251 2390 2265 2427 :
2290 2374 2384 2429 sed
2411 2374 2569 2429 altior
2595 2381 2650 2428 et
2677 2373 2855 2440 latior,
2886 2389 2949 2429 ac
2978 2373 3289 2442 profundior
3313 2413 3330 2441 ,
3379 2374 3611 2442 longior-

2026 2478 2133 2533 que
2179 2474 2262 2520 est
2306 2466 2531 2520 scientia
2560 2465 2684 2534 quia
2715 2465 2862 2537 [qua]
2905 2476 3149 2520 naturam
3178 2473 3480 2521 ascematus
3508 2475 3612 2528 est,

2035 2557 2118 2627 ]ui
2147 2570 2264 2609 eam
2296 2571 2363 2610 ex
2392 2555 2559 2610 nihilo
2581 2555 2807 2610 creavit.

2095 2645 2182 2700 IV.
2223 2645 2482 2713 Intellige,
2521 2645 2565 2700 si
2608 2645 2689 2699 vis
2731 2645 2870 2700 scire
2905 2642 3236 2711 Creatorem,
3267 2651 3609 2700 creaturam:

2024 2737 2070 2792 si
2097 2753 2195 2792 nec
2222 2737 2388 2801 illam,
2417 2747 2533 2792 tace
2561 2738 2628 2793 de
2664 2735 2957 2803 Creatore;
2986 2724 3085 2791 sed
3111 2737 3270 2792 crede
3293 2737 3344 2790 in
3388 2736 3617 2790 Creato-

2024 2843 2138 2882 rem
2177 2845 2190 2880 :
2229 2827 2418 2882 melior
2466 2835 2548 2883 est
2594 2827 2757 2892 enim,
2809 2833 2865 2881 et
2913 2826 3028 2895 ilus
3072 2826 3171 2882 scit
3219 2827 3389 2896 pietas
3432 2833 3616 2880 tacens

2023 2933 2181 2985 quam
2229 2917 2387 2984 impia
2437 2917 2927 2986 loquacitaszsatis
2971 2917 3113 2970 enim
3144 2916 3382 2986 ineptum
3429 2925 3514 2971 est
3555 2929 3613 2970 et

2027 3008 2246 3077 impium
2290 3009 2358 3061 de
2407 3005 2510 3060 ﬁde
2550 3007 2777 3061 transire
2826 3009 2891 3059 ad
2935 3006 3214 3061 tractantis
3255 3006 3608 3071 invisibilem,

333 3102 385 3154 in
414 3103 588 3167 nobis,
627 3103 717 3171 qui
762 3103 896 3156 dixit
925 3122 936 3154 :
962 3104 1032 3157 Et
1077 3102 1316 3157 habitabo
1341 3104 1395 3156 in
1423 3104 1520 3165 eis,
1550 3113 1600 3156 et
1626 3106 1760 3157 inter
1799 3104 1917 3158 illos
1946 3099 1990 3161 C
2023 3098 2465 3163 inaestimabilem,
2489 3097 2956 3168 inconspicabilem
2991 3097 3269 3152 Dominum
3299 3112 3467 3152 vacua
3492 3113 3614 3152 ver-

332 3192 601 3246 ambulabo
651 3193 735 3266 (II
765 3193 880 3247 Cor.
912 3210 987 3260 vt,
1017 3193 1113 3258 i6;
1147 3193 1266 3248 Leo.
1299 3210 1442 3255 xxvi,
1475 3192 1586 3263 12).
1632 3193 1687 3247 Si
1735 3201 1915 3247 autem

331 3281 475 3347 digni
523 3295 706 3334 sumus
734 3289 794 3333 ut
821 3282 913 3334 ille
942 3281 996 3334 in
1044 3281 1198 3334 nobis
1225 3282 1313 3346 sit,
1360 3290 1487 3334 tunc
1516 3281 1566 3334 in
1596 3281 1824 3334 veritate
1849 3280 1915 3335 ab

335 3371 428 3424 illo
461 3369 807 3435 viviﬁcamur,
842 3372 991 3440 quasi
1042 3363 1164 3423 viva
1211 3371 1336 3438 ejus
1378 3370 1658 3424 membra:
1693 3367 1758 3421 In
1805 3371 1918 3439 ipso

333 3463 490 3526 enim,
521 3470 580 3515 ut
606 3462 680 3515 ait
707 3463 1014 3532 Apostolus,
1065 3463 1294 3527 vivimus,
1335 3473 1384 3517 et
1423 3478 1698 3526 moremur,
1742 3471 1792 3516 et
1830 3479 1918 3515 su-

331 3569 442 3606 mus
475 3553 610 3621 (Act.
640 3569 766 3620 xvn,
797 3553 910 3623 ‘28),
937 3552 1085 3619 Quis,
1118 3553 1356 3622 inquam,
1376 3553 1528 3623 juxta
1557 3552 1694 3608 hanc
1731 3551 1919 3607 ineffa-

331 3643 491 3698 bilem
529 3652 584 3698 et
626 3646 1213 3716 incomprehensibilem
1254 3643 1538 3701 essentiam
1583 3646 1699 3714 ejus
1722 3647 1919 3700 altissi-

330 3749 471 3788 mam
523 3734 543 3807 j
566 3734 763 3800 Forte,
813 3734 1171 3808 altissimum]
1219 3738 1598 3806 investigabit?
1643 3735 1774 3803 Quis
1820 3737 1914 3792 Dei

329 3824 591 3891 profunda
621 3827 1076 3894 perscrutabitur?
1101 3825 1230 3892 Quis
1253 3836 1512 3882 teternum
1553 3829 1916 3884 universitatis

331 3914 644 3983 principium
697 3925 928 3971 tractare
973 3917 1226 3971 audebit?
1275 3916 1406 3983 Quis
1454 3917 1717 3972 inﬁnitum
1747 3919 1914 3974 Deum

329 4003 508 4057 omnia
552 4003 861 4074 implentem
909 4014 967 4061 et
1007 4008 1188 4061 omnia
1231 4009 1682 4076 circumdantem,
1732 4011 1914 4066 omnia

329 4104 702 4164 penetrantem
731 4108 788 4152 et
815 4099 993 4153 omnia
1015 4100 1385 4168 excedentem,
1410 4103 1587 4157 omnia
1613 4104 1913 4174 capientem

327 4192 384 4238 ει
427 4187 607 4240 omnia
635 4185 994 4257 eﬁ'ugientem,
1019 4191 1160 4245 scire
1185 4191 1535 4260 gloriabitur?
1566 4191 1726 4258 Quem
1765 4212 1914 4252 nemo

329 4278 454 4331 vidit
478 4295 702 4351 unquam
751 4280 814 4352 (Ι
859 4281 990 4335 Tim.
1022 4298 1094 4351 vr,
1139 4283 1259 4355 16),
1303 4291 1362 4338 ιιι
1387 4293 1490 4340 est.
1519 4285 1706 4342 Nullus
1734 4289 1914 4358 itaque

329 4380 615 4435 pmumat
643 4386 882 4439 quaerere
911 4373 1299 4443 investigabilia
1331 4376 1446 4443 Dei,
1473 4377 1601 4446 quid
1624 4377 1741 4441 fuit,
1770 4393 1909 4448 quo-

2017 3189 2106 3244 ba.
2137 3190 2256 3243 Alta
2283 3190 2422 3244 enim
2451 3189 2800 3260 profunditas,
2834 3197 2891 3242 ut
2917 3191 3172 3259 scriptum
3201 3183 3304 3257 est,
3333 3190 3446 3258 quis
3474 3189 3614 3242 inve-

2019 3287 2124 3339 niet
2144 3302 2258 3340 eam
2283 3283 2479 3354 (Eccle.
2505 3301 2598 3347 vn,
2625 3282 2750 3354 25);
2777 3288 2900 3353 quia
2924 3284 3063 3338 sicut
3088 3285 3247 3339 maris
3275 3284 3613 3354 profunditas

2017 3376 2085 3429 ab
2115 3373 2360 3429 humanis
2406 3383 2490 3428 est
2529 3375 2733 3428 visibus
2778 3374 3089 3437 invisibilis,
3124 3374 3195 3428 ita
3225 3374 3501 3430 Trinitatis
3531 3375 3613 3428 di-

2016 3466 2211 3520 vinitas
2238 3466 2304 3518 ab
2333 3465 2580 3519 humanis
2607 3465 2852 3519 similiter
2883 3465 3124 3519 sensibus
3154 3465 3614 3536 incomprehensi-

2016 3554 2136 3609 bilis
2181 3555 2629 3625 deprehenditur;
2675 3566 2732 3610 et
2777 3557 2898 3610 ideo
2939 3556 2981 3609 si
3013 3555 3152 3624 quis,
3186 3556 3422 3624 inquam,
3471 3557 3612 3612 scire

2016 3646 2248 3701 voluerit
2289 3645 2417 3715 quid
2461 3645 2684 3700 credere
2727 3644 2990 3709 debuerit,
3038 3661 3145 3698 non
3191 3653 3340 3714 putet
3385 3661 3445 3700 se
3493 3646 3613 3715 plus

2015 3749 2176 3804 posse
2223 3734 2518 3802 intelligere
2564 3733 2832 3804 loquendo
2881 3749 3040 3803 quam
3087 3734 3404 3789 credendo:
3441 3738 3611 3803 magis

2015 3827 2160 3882 enim
2208 3825 2366 3895 longe
2415 3825 2642 3894 refugiet
2688 3825 2906 3895 quaesiti
2960 3824 3258 3879 divinitatis
3300 3826 3562 3894 sapientia
3592 3868 3608 3891 ,

2015 3932 2177 3986 quam
2223 3926 2360 3972 erat.
2412 3915 2604 3983 Quaere
2651 3930 2780 3984 ergo
2826 3915 3104 3970 scientiam
3155 3931 3448 3980 summam,
3499 3933 3607 3971 non

2015 4013 2299 4067 verborum
2343 4011 2726 4081 disputatione,
2773 4009 2868 4064 sed
2915 4023 3122 4063 morum
3171 4009 3433 4064 bonorum
3485 4025 3606 4080 per-

2015 4103 2281 4170 fectione;
2328 4119 2434 4157 nun
2467 4104 2664 4172 lingua,
2693 4102 2785 4158 sed
2817 4102 2940 4171 ﬁde,
2968 4102 3036 4157 de
3062 4106 3243 4158 cordis
3269 4097 3612 4173 simplicitate

2015 4194 2287 4265 procedit,
2340 4209 2445 4248 non
2486 4208 2616 4262 quas,
2647 4195 2715 4248 de
2759 4192 3046 4262 impietatis
3081 4194 3254 4249 docta:
3294 4195 3607 4262 conjectura

2014 4289 2299 4355 colligitur.
2351 4287 2405 4342 Si
2454 4301 2584 4355 ergo
2633 4287 3043 4341 tractationibus
3070 4287 3344 4356 quaesieris
3371 4286 3611 4340 ineﬁabi-

2015 4378 2139 4444 lem,
2193 4381 2393 4450 longius
2439 4381 2638 4434 recedet
2673 4383 2717 4433 ῒι
2764 4389 2813 4432 te
2863 4379 3068 4450 (Ibid.,
3113 4377 3205 4448 ει)
3251 4380 3419 4447 magis
3446 4393 3607 4448 Quam

330 4459 492 4514 modo
533 4461 648 4527 fuit,
694 4479 800 4533 quo
843 4464 960 4519 fuit.
1011 4464 1134 4521 Hmc
1160 4476 1286 4522 sunt
1314 4467 1618 4534 ineﬂ'abilia,
1646 4471 1907 4526 inscruta-
1939 4472 1985 4530 Ι)
2011 4473 2233 4527 eratzsi
2281 4471 2402 4535 ﬁde,
2447 4472 2638 4538 stabit,
2689 4471 2776 4525 ubi
2819 4471 2999 4539 deget,
3047 4472 3100 4524 in
3144 4471 3306 4539 portis
3353 4470 3611 4539 sapientia

329 4549 478 4618 bilia,
509 4552 892 4622 investigabilia
922 4575 936 4610 :
965 4558 1278 4627 simpliciter
1305 4568 1508 4614 tantum
1527 4578 1540 4625 ;
1560 4568 1754 4617 tamen
1799 4561 1913 4616 for-

330 4640 474 4704 titer,
505 4646 662 4698 crede
687 4646 831 4713 quod
859 4647 939 4702 sic
965 4658 1047 4704 est
1075 4649 1238 4716 Deus,
1287 4659 1342 4706 et
1369 4652 1448 4707 sic
1474 4653 1596 4719 erit,
1636 4655 1913 4724 quomodo

328 4731 449 4802 fuit,
481 4735 604 4802 quia
634 4736 1048 4794 inconvertibilis
1078 4741 1216 4797 Deus
1242 4752 1345 4798 est.

399 4820 487 4878 Ill.
525 4824 656 4890 Quis
684 4836 765 4881 est
793 4843 920 4897 ergo
953 4831 1128 4888 Deus?
1178 4832 1352 4900 Pater,
1390 4833 1576 4904 Filius,
1607 4845 1661 4892 et
1685 4837 1913 4908 Spiritus

327 4927 584 4981 sanctus,
633 4933 770 4972 unus
820 4919 960 4976 Deus
1003 4930 1104 4977 est.
1153 4923 1394 4994 Amplius
1437 4943 1541 4982 non
1571 4931 1812 4997 requiras
1839 4930 1908 4986 de

331 5004 476 5074 Deo;
515 5009 639 5076 quia
670 5010 972 5068 volentibus
1006 5013 1169 5068 altam
1198 5017 1338 5071 scire
1362 5019 1787 5087 profunditatem
1819 5037 1906 5076 re-

329 5112 445 5151 rum
471 5097 538 5152 de
568 5098 700 5168 Dco,
729 5110 856 5157 ante
881 5114 1068 5159 natura
1098 5109 1482 5164 consideranda
1501 5119 1601 5166 est.
1629 5111 1904 5168 Trinitatis

328 5187 468 5242 enim
501 5190 720 5246 scientia
751 5194 1096 5261 profunditati
1125 5201 1287 5254 maris
1316 5201 1506 5255 merito
1535 5213 1896 5272 comparatur,

325 5273 474 5342 juxta
502 5277 628 5332 illud
657 5280 920 5352 Sapientis
945 5305 957 5339 :
981 5287 1050 5341 Et
1078 5291 1184 5344 alta
1211 5293 1556 5362 profunditas,
1605 5297 1717 5365 quis
1761 5298 1895 5350 inve-

330 5369 435 5421 niet
461 5387 574 5423 eam
601 5371 796 5443 (Eccle.
828 5391 918 5439 vn,
949 5377 1076 5447 25)?
1113 5379 1170 5434 Si
1211 5383 1328 5449 quis
1356 5395 1484 5451 ergo
1512 5384 1652 5437 scire
1677 5387 1908 5439 voluerit

331 5457 799 5526 profundissimum
847 5466 1040 5522 divinae
1085 5472 1409 5538 cognitionis
1456 5473 1716 5541 pelagus,
1767 5475 1906 5530 istud

311 5550 538 5617 ,visibile
582 5564 726 5621 ante,
769 5559 812 5613 si
855 5561 1042 5628 possit,
1090 5563 1395 5631 pervideat;
1422 5575 1479 5621 et
1503 5576 1705 5636 quanto
1735 5569 1910 5623 minus

328 5654 655 5708 cognoscere
698 5663 756 5704 se
801 5654 1009 5708 noverit
1035 5654 1103 5709 de
1129 5655 1209 5710 his
1234 5671 1351 5726 qua:
1381 5657 1518 5712 intra
1548 5674 1694 5716 mare
1721 5661 1907 5727 latent,

2018 4562 2198 4633 (Prov.
2229 4577 2266 4626 ι,
2293 4561 2419 4626 2|);
2448 4570 2504 4615 et
2531 4563 2620 4615 ubi
2646 4569 2890 4617 versatur
2915 4561 2996 4614 vel
3025 4575 3090 4612 ex
3123 4567 3276 4627 parte
3301 4558 3565 4612 videbitur
3593 4577 3603 4609 :

2015 4655 2108 4710 sed
2155 4665 2281 4710 tunc
2326 4655 2376 4708 in
2423 4655 2648 4708 veritate
2695 4653 2856 4708 etiam
2905 4652 3242 4719 aliquatenus
3287 4651 3604 4719 attingitur,

2016 4745 2230 4814 quando
2249 4745 2526 4799 invisibilis
2549 4743 3158 4814 iucomprehensibiliter
3178 4743 3441 4797 creditur:
3466 4742 3611 4796 Deus

2016 4838 2160 4890 enim
2190 4835 2488 4890 credendus
2514 4843 2596 4889 est
2624 4834 2903 4888 invisibilis
2930 4844 2990 4887 ut
3015 4841 3119 4900 est,
3169 4834 3293 4888 licet
3336 4849 3403 4887 ex
3455 4843 3610 4902 parte

2015 4943 2044 4982 a
2092 4929 2292 4982 mundo
2318 4927 2481 4982 corde
2510 4927 2768 4980 videatur.
2800 4923 3159 4991 Quamobrem
3205 4925 3375 4995 ipsum
3410 4924 3611 4992 ubique

2005 5027 2327 5088 prassentem
2376 5017 2694 5071 invisibilem
2737 5015 2904 5070 Deum
2934 5025 3197 5078 nostrum,
3229 5014 3421 5069 fratres
3468 5015 3604 5069 cha-

2005 5107 2220 5169 rissimi,
2251 5108 2620 5175 deprecemur,
2653 5114 2713 5159 ut
2735 5105 2816 5158 vel
2850 5102 2968 5158 ﬁdei
2997 5103 3112 5173 ejus
3141 5105 3319 5168 timor,
3353 5103 3434 5158 vel
3473 5105 3606 5158 cha-

2001 5199 2150 5264 ritas,
2181 5215 2300 5270 quae
2345 5198 2516 5254 nescit
2561 5199 2774 5264 cadere,
2821 5197 2872 5250 in
2918 5197 3071 5251 nobis
3107 5206 3448 5266 perseveret;
3495 5202 3592 5266 qui

2009 5294 2167 5346 timor
2192 5294 2406 5362 junctus
2434 5293 2679 5347 charitati
2728 5292 2997 5361 sapientes
3025 5305 3124 5345 nos
3152 5289 3312 5345 faciat
3341 5293 3392 5346 in
3423 5299 3603 5347 omni‘

2011 5385 2228 5438 buszet
2274 5384 2445 5452 pietas
2493 5399 2590 5436 nos
2632 5385 2790 5437 silere
2839 5383 2906 5437 de
2953 5381 3055 5438 hoc
3079 5383 3221 5453 quod
3249 5384 3393 5438 dictu
3425 5389 3599 5452 majus

2010 5490 2110 5540 est,
2161 5475 2400 5538 suadeat,
2449 5474 2574 5543 quia
2617 5474 2883 5543 quoddam
2935 5474 3277 5529 inscrulabile
3304 5484 3361 5528 et
3389 5475 3598 5528 inenar-

2012 5567 2178 5622 rabile
2206 5574 2310 5631 est,
2341 5566 2503 5619 Deum
2528 5566 2671 5634 quod
2692 5574 2796 5632 est,
2829 5580 3005 5619 nosse.
3034 5564 3134 5628 Qui
3161 5573 3261 5629 est,
3289 5575 3343 5617 et
3369 5576 3601 5634 quantus

2011 5669 2116 5728 est,
2163 5657 2264 5713 sibi
2305 5657 2405 5713 soti
2454 5667 2615 5713 notus
2659 5665 2760 5712 est.
2811 5656 2914 5712 Sed
2959 5657 3084 5725 quia
3115 5665 3297 5712 noster
3327 5656 3464 5712 Deus
3492 5667 3596 5720 est,
