3978 6182
269 334 375 391 233

1150 322 1690 382 lNSTRUCTlONES
1730 318 1963 376 VARIA‘I
2000 318 2154 375 SIV'E
2198 316 2579 373 SEDMOXES.

3450 312 3555 377 254

269 447 546 507 invisibilis
574 446 701 500 licet
730 444 904 508 nobis,
951 458 980 496 a
1025 441 1177 497 nobis
1208 450 1388 495 tamen
1416 435 1714 509 pulsandos
1759 441 1860 500 est,
1892 440 1940 496 Α
1969 448 2034 487 ac
2074 432 2320 502 stirpium
2362 430 2576 488 fomites
2613 446 2866 489 excussos
2894 434 3074 491 radice
3102 434 3431 504 conrellere,
3465 453 3560 493 ne-

269 554 410 610 smpe
464 536 793 609 pulsandus,
847 548 1062 603 semper
1113 530 1375 586 tenendus
1422 537 1506 585 est
1572 525 1864 599 profundus

273 636 442 697 Deus,
494 630 825 693 immensus,
872 631 1151 689 secretus,
1198 622 1476 690 excelsus,
1525 619 1866 688 omnipotens

272 722 439 789 Deus;
472 729 526 776 et
552 734 651 789 per
676 724 984 772 sanctorum
1015 728 1233 769 suorum
1261 711 1452 766 merita
1497 717 1552 764 et
1597 708 1866 763 interven-

272 824 355 868 tus
381 810 617 867 orandus
645 817 749 872 est,
782 815 841 861 ut
867 805 955 861 vel
984 804 1215 874 aliquam
1245 803 1328 857 sui
1368 799 1583 855 luminis
1631 797 1867 869 particu-

272 909 374 961 lam
402 905 603 959 nostris
631 899 867 957 tenebris
896 898 1174 967 largiatur,
1212 910 1331 965 quae
1369 894 1521 949 nobis
1566 890 1776 947 stolidis
1813 898 1868 945 et

272 995 470 1063 ignaris
499 995 551 1048 iu
580 992 665 1047 via
696 990 982 1047 tenebrosa
1012 988 1169 1058 hujus
1197 984 1381 1040 mundi
1407 985 1623 1048 luceat,
1667 988 1725 1035 ut
1770 994 1869 1036 nos

271 1088 337 1141 ad
385 1101 449 1141 se
498 1085 676 1149 ducat,
726 1083 963 1137 donante
995 1079 1223 1135 Domino
1257 1084 1441 1132 nostro
1471 1074 1597 1131 Jesu
1625 1073 1863 1141 Christo,

272 1178 354 1230 cui
384 1192 506 1230 cum
535 1173 692 1229 Patre
720 1182 775 1227 et
801 1171 1005 1243 Spiritu
1032 1177 1218 1226 sancto
1246 1176 1327 1224 est
1356 1168 1527 1237 gloria
1570 1166 1625 1220 in
1671 1164 1870 1221 saecula

272 1266 612 1322 saeculorum.

822 1346 1227 1408 INSTRUCTIO
1264 1349 1328 1404 ll.

310 1451 390 1507 De
437 1451 833 1521 mortiﬁcatione
866 1449 1101 1501 vitiorum
1129 1454 1177 1499 et
1207 1440 1544 1511 acquisitione
1571 1441 1830 1494 rirtutum.

342 1541 386 1595 l.
450 1541 654 1594 Divina:
703 1536 1081 1608 profunditatis
1128 1533 1441 1603 magnitudo
1488 1546 1710 1587 emenso
1756 1545 1873 1584 ser-

275 1648 456 1697 mone,
487 1631 812 1702 prtelibando
841 1629 992 1699 quasi
1022 1636 1233 1698 gustata
1260 1638 1361 1691 est,
1413 1634 1466 1681 et
1507 1641 1630 1680 cum
1665 1625 1873 1679 honore

274 1724 455 1778 debito
486 1722 715 1791 pulsata,
747 1720 916 1789 magis
943 1734 1106 1788 quam
1137 1726 1383 1773 enarrata
1430 1725 1533 1782 est,
1576 1716 1700 1785 quia
1741 1714 1870 1769 illud

1968 540 2239 597 quaquam
2267 524 2491 580 credens
2530 534 2723 578 terram
2768 541 2921 581 suam
2970 527 3098 582 boni
3143 543 3264 585 esse
3308 534 3561 601 genuinis

1970 618 2224 682 futuram,
2273 616 2373 671 nisi
2422 616 2550 669 mali
2596 616 2851 685 graminis
2877 630 3134 686 vacuam,
3179 622 3247 676 ad
3274 638 3335 678 se
3362 624 3561 682 dictum

1972 715 2165 777 putans
2194 707 2321 762 illud
2361 707 2730 777 propheticum
2763 724 2775 760 :
2805 706 3007 762 Novate
3049 708 3187 766 vobis
3232 714 3466 782 novalia,
3515 726 3564 771 et

1972 798 2130 853 nolite
2156 799 2412 852 seminare
2438 812 2591 865 super
2617 799 2793 868 spinas
2824 796 2957 868 (Jer.
2990 815 3062 864 ιν,
3094 800 3185 870 5);
3215 813 3416 871 quanto
3445 822 3562 861 ma-

1972 890 2053 959 gis
2082 904 2181 946 nos
2210 898 2425 960 oportet
2449 903 2634 959 agrum
2661 890 2838 945 cordis
2865 890 3037 945 nostri
3066 892 3317 949 vitiorum
3355 898 3562 965 passio-

1972 982 2128 1037 nibus
2173 982 2497 1049 emundare,
2546 988 2601 1036 et
2650 997 2756 1037 non
2796 981 3046 1037 sufﬁcere
3084 984 3362 1042 credamus
3388 991 3562 1055 nobis,

1973 1080 2171 1130 terram
2195 1075 2434 1143 corporis
2453 1075 2617 1130 nostri
2643 1073 2969 1143 jejuniorum
2989 1085 3045 1131 et
3066 1077 3361 1147 vigiliarum
3384 1068 3568 1140 labore

1972 1167 2262 1236 conficere,
2312 1168 2412 1222 nisi
2460 1168 2513 1223 in
2559 1168 2744 1238 primis
2782 1169 3092 1225 studeamus
3118 1171 3246 1226 vitia
3276 1176 3566 1244 eorrigere,

1972 1276 2258 1337 moresque
2298 1276 2654 1332 componere,
2685 1262 2775 1331 qui
2801 1277 2951 1331 spem
2980 1262 3247 1320 fructuum
3280 1285 3386 1323 non
3414 1280 3569 1326 terra:

1972 1352 2261 1419 credimus,
2297 1353 2389 1406 sed
2419 1352 2558 1408 cmlo
2587 1353 2920 1422 repositam?
2967 1352 3288 1413 Studeamus
3334 1374 3463 1429 ergo
3516 1364 3568 1417 in

1974 1443 2158 1512 primis
2189 1443 2315 1496 vitia
2344 1443 2642 1511 eradicare,
2677 1444 3006 1513 tirtutesque
3038 1446 3341 1516 insinuare;
3392 1453 3569 1507 eradi-

1974 1552 2158 1593 cemus
2184 1536 2520 1607 superbiam;
2551 1536 2856 1607 plante'mus
2886 1538 3271 1606 humilitatem;
3321 1556 3571 1601 eruamus

1975 1628 2145 1693 iram;
2194 1626 2474 1682 fundemus
2515 1627 2868 1697 patientiam;
2917 1628 3229 1687 excidemus
3278 1631 3567 1703 invidiam;

1976 1717 2305 1772 insinuemus
2322 1717 2771 1772 benevolentiam.
2796 1715 3061 1773 Cteterum
3092 1720 3134 1775 si
3166 1735 3293 1777 caro
3317 1732 3569 1781 contera-

274 1814 369 1868 Dei
400 1811 667 1866 ineffabile
690 1809 1052 1866 meditandum
1084 1817 1167 1864 est
1196 1808 1386 1877 magis,
1436 1822 1594 1876 quam
1626 1807 1879 1877 eloquen-
1911 1820 1955 1879 Β
1983 1814 2090 1874 tur,
2136 1816 2192 1862 et
2238 1808 2415 1861 anima
2458 1824 2567 1862 non
2598 1807 2919 1878 lructificet,
2968 1810 3046 1866 sic
3089 1820 3192 1875 est,
3234 1816 3385 1883 quasi
3431 1818 3571 1875 arari

273 1903 402 1958 dum
455 1904 525 1958 sit
571 1902 731 1976 [eSt];
779 1910 834 1956 et
881 1901 1121 1970 exceptis
1166 1900 1269 1967 bis,
1319 1914 1437 1970 qua:
1474 1909 1566 1953 aut
1604 1898 1734 1964 Lex,
1787 1906 1879 1951 aut

274 1993 574 2065 prophetm,
624 2002 717 2047 aut
761 1990 1132 2060 Evangelium,
1164 1999 1258 2045 aut
1290 1990 1517 2056 apostoli
1563 1988 1874 2058 loquuntur,

273 2084 477 2156 grande
524 2084 686 2138 debet
731 2096 851 2137 esse
900 2082 968 2136 ab
1016 2081 1138 2137 aliis
1185 2082 1251 2137 de
1295 2081 1557 2136 Trinitate
1584 2080 1875 2135 silentium.

272 2172 367 2230 Dei
397 2175 541 2229 enim
588 2182 794 2227 tantum
823 2172 891 2227 de
919 2172 1049 2239 Deo,
1101 2173 1206 2228 hoc
1253 2180 1374 2238 est,
1426 2171 1492 2226 de
1537 2172 1716 2242 scipso
1761 2186 1879 2227 cre-

268 2267 509 2323 dendum
555 2274 638 2321 est
680 2266 1064 2332 testimonium,
1118 2265 1209 2335 qui
1251 2272 1342 2319 aut
1379 2264 1433 2318 in
1479 2262 1640 2334 Lege,
1684 2271 1777 2317 aut
1822 2262 1876 2316 in

269 2359 557 2428 propheta,
589 2367 682 2412 aut
711 2357 761 2412 in
792 2356 1111 2427 Evangelia,
1152 2363 1244 2410 aut
1292 2356 1345 2410 in
1386 2354 1666 2426 Apostolo,
1700 2363 1793 2409 aut
1822 2354 1875 2411 in

268 2448 495 2517 speciali
526 2448 717 2516 cuique
742 2448 808 2502 de
835 2462 915 2511 se,
950 2463 1048 2518 per
1075 2462 1153 2511 se,
1184 2454 1277 2501 aut
1306 2462 1401 2517 per
1430 2445 1699 2514 angelum,
1726 2446 1878 2501 testi-

270 2539 518 2593 monium
550 2540 835 2609 perhibuit.
865 2540 1131 2595 Caeterum
1154 2539 1466 2610 disputatio,
1490 2554 1585 2593 seu
1606 2536 1874 2607 ingenium

270 2628 609 2695 lnunanum,
658 2639 752 2683 aut
797 2630 973 2699 aliqua
1024 2630 1254 2699 superba
1300 2628 1585 2698 sapientia,
1627 2642 1747 2696 qum
1790 2627 1876 2682 vel

270 2719 459 2774 mundi
504 2719 559 2773 in
609 2720 820 2775 ratione
849 2720 1068 2786 fallitur,
1098 2720 1165 2775 de
1192 2719 1304 2774 Deo
1337 2719 1587 2788 magistra
1617 2732 1735 2773 esse
1765 2732 1876 2773 non

271 2819 478 2881 potest,
531 2810 625 2865 sed
648 2810 910 2879 sacrilega
940 2818 996 2864 et
1019 2809 1179 2879 impia
1230 2809 1283 2863 in
1314 2809 1478 2864 Deum
1503 2805 1875 2878 praesumenda

270 2908 372 2956 est.
401 2899 558 2956 Unde
580 2900 719 2956 enim
748 2915 957 2966 revera,
979 2914 1183 2971 quaeso,
1204 2900 1415 2965 fratres,
1442 2899 1514 2953 illi
1542 2899 1684 2965 vani,
1714 2906 1768 2954 et
1796 2898 1873 2954 illi

270 2993 431 3048 tumis
464 2992 587 3046 mali
617 3000 673 3045 et
700 2992 868 3062 impii,
923 2993 1013 3060 qui
1066 2991 1154 3046 vel
1205 2990 1412 3060 seipsos
1463 2990 1730 3057 ignorant,
1781 2990 1871 3047 vel

269 3084 415 3152 quod
465 3084 651 3137 vivunt
698 3099 804 3139 non
847 3083 1089 3153 sapiunt;
1135 3090 1197 3138 ut
1240 3082 1383 3137 enim
1430 3082 1512 3155 [ut
1537 3080 1668 3152 non]
1696 3082 1871 3137 dicam

271 3189 438 3244 opera
468 3182 666 3228 czetera
695 3175 945 3244 (quorum
974 3175 1236 3230 rationem
1259 3174 1344 3229 vel
1372 3173 1646 3228 minimam
1674 3188 1869 3249 conse—

272 3266 364 3335 qui
392 3280 503 3319 non
532 3267 776 3335 possunt)
806 3265 1103 3334 potuissent
1131 3264 1449 3320 invisibilem
1479 3264 1645 3319 Deum
1675 3280 1863 3334 unum,

272 3353 590 3412 Trinitatem
619 3364 961 3423 coaeternam,
993 3356 1175 3411 omnia
1210 3357 1332 3424 sub,
1370 3371 1551 3426 super,
1582 3355 1659 3424 in,
1689 3365 1863 3423 extra,

271 3448 728 3517 amplectentem,
776 3442 862 3501 vel
910 3462 1078 3515 usque
1142 3446 1212 3502 ad
1263 3449 1597 3503 tractationis
1649 3450 1865 3504 modum

272 3543 427 3605 scire,
460 3546 522 3591 ut
552 3553 659 3592 non
686 3537 878 3606 loquar
920 3534 1247 3592 definitionis
1291 3536 1360 3593 de
1392 3537 1504 3591 Deo
1550 3537 1746 3592 linem?
1771 3537 1865 3594 llis

272 3630 454 3698 itaque
501 3628 654 3698 quasi
704 3627 1114 3683 innarrabilibus
1168 3627 1694 3700 [inenarrabihbus]
1744 3645 1866 3685 cum

271 3720 453 3775 debito
483 3723 692 3774 honore
719 3717 956 3785 silendis,
997 3718 1065 3773 de
1088 3718 1367 3774 manifesta
1408 3736 1486 3786 re,
1515 3729 1570 3775 et
1611 3720 1866 3776 ineflabili

270 3812 385 3868 Deo
414 3812 611 3882 placita
639 3811 783 3880 loqui
828 3811 1162 3882 incipiamus,
1204 3827 1312 3866 non
1356 3822 1757 3880 praesumentes,
1808 3822 1868 3867 ut

272 3906 365 3959 alii
393 3906 462 3959 de
490 3904 685 3973 quibus
710 3904 1133 3960 erubescendum
1178 3914 1282 3971 est,
1313 3905 1380 3960 de
1418 3905 1697 3960 altioribus
1724 3920 1869 3973 quae-

273 4017 416 4065 rere,
459 3999 616 4069 juxla
663 3998 793 4054 illud
821 4000 1091 4069 Sapientis
1118 4018 1130 4053 :
1156 4001 1358 4054 Altiora
1407 4009 1455 4054 te
1496 4018 1562 4055 ne
1608 4002 1867 4067 quwsieris

276 4090 465 4164 (Ereti.
499 4112 576 4161 ill,
605 4095 721 4164 ‘22),
751 4095 849 4152 sed
880 4098 1060 4167 potius
1086 4096 1153 4151 de
1180 4095 1537 4151 aedificatione
1565 4098 1867 4152 animarum

275 4194 580 4240 nostrarum
617 4189 1040 4242 sermocinantrs
1061 4230 1077 4253 ,
1114 4204 1221 4242 non
1260 4188 1488 4258 primum
1517 4196 1716 4244 nostra:
1743 4205 1867 4259 paro

278 4278 456 4331 vitatis
486 4278 832 4335 fundamenta
856 4280 1042 4350 jacere
1072 4282 1462 4351 praasumimus,
1503 4281 1728 4350 alicujus
1754 4297 1867 4335 ma-

278 4367 410 4434 joris
438 4370 677 4424 doctoris
705 4372 1081 4426 auctoritatem
1112 4380 1434 4442 qurerentes,
1473 4372 1643 4427 sancti
1668 4372 1872 4429 scilicet

281 4454 463 4512 Fausti
524 4458 999 4514 luculentissimam
1053 4461 1612 4530 elegantissimamque
1666 4460 1871 4516 doctri-

1982 1916 2204 1970 campus
2230 1916 2336 1954 non
2368 1900 2599 1966 desinat,
2630 1907 2685 1954 et
2712 1914 2988 1968 nunquam
3033 1909 3213 1957 tamen
3260 1908 3453 1962 messis
3478 1923 3572 1979 ap~

1980 1999 2200 2062 pareat;
2234 1998 2323 2043 aut
2345 1989 2387 2043 si
2415 1990 2535 2059 quis
2562 1998 2793 2043 statuam
2822 1990 2889 2045 de
2910 1988 3039 2045 foris
3066 2007 3304 2060 auream,
3337 1995 3404 2049 de
3432 1996 3574 2055 intus

1980 2081 2175 2135 luteam
2205 2078 2511 2134 rediiicaret.
2542 2079 2680 2146 Quid
2708 2072 2852 2136 enim
2882 2080 3099 2150 prodest
3124 2123 3139 2147 ,
3188 2083 3232 2137 si
3261 2094 3413 2139 extra
3440 2086 3571 2142 civi-

1980 2181 2144 2227 tatem
2195 2171 2392 2226 bellum
2438 2180 2673 2239 geratur,
2721 2178 2777 2225 et
2822 2171 2964 2227 intus
2993 2172 3257 2228 escidium
3304 2176 3574 2245 patiatur?

1978 2265 2123 2319 Velut
2148 2264 2191 2318 si
2215 2264 2334 2333 quis
2364 2272 2516 2319 extra
2540 2264 2751 2320 vineam
2782 2272 2835 2320 et
2863 2265 2916 2319 in
2943 2265 3169 2322 circuitu
3199 2268 3315 2338 ejus
3345 2269 3572 2337 foderet,

1978 2364 2034 2410 et
2060 2355 2200 2411 intus
2230 2355 2484 2410 incultam
2530 2356 2697 2426 spinis
2726 2371 2790 2411 ac
2821 2356 3028 2413 tribulis
3057 2358 3407 2429 relinquatur.
3438 2361 3574 2428 Quid

1978 2460 2107 2515 ergo
2154 2446 2371 2516 prodest
2416 2447 2699 2501 exterioris
2746 2446 2978 2502 hominis
3016 2449 3224 2519 religio,
3257 2450 3357 2506 nisi
3406 2450 3571 2525 [Leg.

1976 2536 2054 2607 sil
2121 2537 2388 2592 interioris
2434 2552 2651 2608 quoque
2700 2553 2808 2592 non
2860 2538 3177 2595 adhibeatur
3223 2541 3573 2600 emendatio?

1978 2626 2133 2683 fictus
2177 2644 2298 2684 esse
2343 2636 2398 2684 et
2448 2628 2588 2684 latro
2637 2637 2834 2698 potest,
2886 2630 3039 2686 fictus
3084 2639 3141 2686 et
3187 2632 3465 2703 hypocrita
3492 2647 3573 2693 est

1976 2719 2281 2789 quicunque
2323 2719 2467 2774 aliud
2508 2719 2695 2774 habitu
2737 2720 2989 2787 oszendit,
3037 2722 3179 2777 aliud
3206 2724 3467 2781 moribus.
3498 2726 3575 2784 Ne

1975 2812 2144 2866 simus
2190 2825 2317 2880 ergo
2370 2821 2621 2881 tanquam
2670 2812 2916 2882 sepulcra
2961 2812 3253 2870 dealbata:
3292 2816 3361 2872 de
3407 2818 3573 2889 intus,

1974 2918 2083 2958 non
2112 2902 2179 2957 de
2210 2903 2357 2969 foris,
2391 2903 2619 2972 speciosi
2653 2918 2717 2958 ac
2745 2905 2918 2958 ornati
2946 2920 3208 2975 apparere
3236 2906 3570 2973 Studeamus;

1973 3002 2102 3043 vera
2128 2988 2270 3043 enim
2298 2988 2504 3057 religio,
2536 3003 2643 3043 non
2673 2989 2726 3042 in
2755 2990 3014 3059 corporis,
3048 2992 3140 3046 sed
3173 3007 3225 3047 tn
3253 2994 3431 3049 cordis
3469 2994 3571 3049 hu-

1974 3079 2201 3134 militate
2230 3078 2496 3134 consistit.
2527 3078 2585 3132 ln
2616 3093 2723 3149 quo
2751 3080 2893 3133 enim
2920 3080 3026 3136 alio
3057 3080 3313 3138 Dominus
3332 3068 3568 3159 habitat,

1902 3186 1946 3248 ρ
1977 3172 2079 3226 nisi
2103 3172 2153 3225 in
2175 3172 2286 3227 veii
2316 3170 2531 3225 humilis
2552 3170 2736 3238 corde,
2762 3170 2914 3239 juxta
2946 3171 3075 3226 illud
3101 3171 3249 3229 Isaiae
3274 3193 3288 3229 :
3314 3176 3400 3251 Ad‘
3423 3196 3569 3251 quem

1968 3272 2140 3317 autem
2163 3264 2455 3334 respiciam,
2496 3272 2726 3315 autcum
2769 3280 2867 3333 quo
2898 3265 3228 3336 requiescam,
3280 3269 3383 3323 nisi
3419 3287 3570 3343 super

1967 3353 2209 3406 humilem
2233 3391 2249 3419 ,
2295 3362 2344 3406 et
2385 3354 2648 3424 quietum,
2703 3364 2749 3405 et
2792 3361 3087 3408 trementem
3133 3371 3393 3414 sermones
3430 3377 3568 3418 meos

1970 3445 1987 3513 (
2011 3440 2123 3496 Isa.
2172 3458 2314 3509 LXVI,
2345 3441 2379 3494 2
2404 3444 2459 3512 )?
2488 3441 2807 3510 Quicunque
2835 3456 2965 3511 ergo
2991 3458 3051 3499 se
3079 3445 3441 3503 habitaculum
3472 3449 3567 3506 Dei

1967 3535 2106 3589 ellici
2134 3534 2382 3599 voluerit,
2411 3534 2667 3589 humilem
2700 3542 2755 3588 et
2782 3535 3021 3603 quietum
3049 3550 3109 3590 se
3140 3535 3315 3594 facere
3343 3550 3569 3597 conten-

1968 3628 2085 3693 dat,
2115 3636 2174 3682 ut
2198 3642 2305 3682 non
2336 3626 2621 3681 verborum
2663 3625 2919 3681 aviditate
2964 3626 3150 3699 [Forte
3200 3630 3468 3704 ariditate]
3514 3645 3569 3690 et

1969 3722 2212 3791 corporis
2236 3719 2591 3787 flexibilitate,
2622 3720 2716 3775 sed
2746 3719 3064 3777 humilitatis
3091 3723 3318 3781 veritate
3365 3739 3568 3797 cogno-

1968 3823 2150 3869 scatur
2173 3828 2295 3869 esse
2322 3813 2527 3868 deicola
2556 3831 2568 3865 :
2594 3813 2770 3868 cordis
2800 3814 2942 3867 enim
2965 3813 3181 3870 bonitas
3216 3830 3324 3871 non
3368 3821 3565 3877 verbo-

1970 3923 2089 3961 rum
2122 3905 2259 3963 f‘Ictis
2287 3905 2490 3975 indiget
2519 3904 2892 3971 religionibus.
2921 3904 3070 3960 Vana
3093 3914 3177 3962 est
3200 3920 3329 3975 ergo
3354 3910 3567 3969 nutibus

1973 3998 2216 4053 colorata
2261 3998 2505 4070 corporis
2550 3997 2761 4066 religio,
2812 4011 2946 4051 vana
3002 3998 3248 4055 similiter
3273 4003 3564 4072 corporalis

1972 4088 2086 4143 sola
2118 4088 2358 4153 afﬂictio,
2405 4098 2461 4145 et
2507 4105 2659 4146 cassa
2697 4089 2930 4144 hominis
2958 4091 3243 4147 exterioris
3269 4093 3570 4165 diligentia,

1973 4182 2075 4237 Diri
2131 4182 2421 4237 comitetur
2463 4181 2626 4236 animi
2674 4180 2948 4237 fructuosa
3006 4184 3379 4251 temperantia.
3434 4189 3572 4253 Quid

1975 4272 2195 4344 prodest
2236 4270 2513 4342 passiones
2561 4271 2859 4339 impugnari
2907 4286 2937 4325 a
2987 4270 3206 4337 famulo,
3254 4288 3375 4341 qum
3421 4276 3559 4333 inve

1978 4362 2195 4415 niuntur
2218 4344 2403 4430 pacem
2450 4359 2647 4413 habere
2691 4374 2813 4412 cum
2843 4360 3102 4414 domino?
3148 4360 3273 4416 Ideo
3320 4378 3389 4419 ne
3433 4365 3574 4424 forte

1976 4454 2092 4510 sine
2120 4455 2295 4507 fructu
2340 4450 2664 4515 laboremus,
2697 4449 2912 4505 liberari
2942 4465 2971 4503 a
3001 4450 3143 4506 vitiis
3191 4468 3411 4523 operam
3457 4456 3573 4512 Deo

281 4562 404 4600 nam
428 4590 442 4613 ,
490 4548 559 4603 de
595 4550 745 4618 cujus
791 4549 945 4605 dictis
973 4565 1139 4620 pauca
1168 4553 1235 4604 ad
1264 4551 1577 4604 imitandum
1607 4566 1743 4621 opus
1773 4567 1872 4605 no-
1907 4580 1957 4639 Β
1982 4543 2275 4597 auxiliante
2303 4541 2513 4606 demus,
2556 4548 2613 4593 lli.
2652 4547 2838 4608 postea
2867 4539 3151 4595 virtutibus
3179 4545 3355 4599 ornari
3400 4549 3571 4615 possi.

281 4648 473 4705 strum,
523 4641 655 4695 satis
702 4641 1082 4696 convenienter
1125 4642 1402 4711 elegimus,
1454 4649 1640 4710 utpote
1682 4642 1771 4710 qui
1811 4641 1878 4696 de

281 4729 526 4796 ejusdem
573 4731 956 4786 monitionibus
998 4730 1065 4784 de
1092 4731 1284 4799 quibus
1320 4731 1500 4786 dicere
1528 4730 1793 4800 cupimus,
1825 4739 1881 4786 et

279 4836 403 4885 nos,
433 4821 569 4874 viles
597 4820 742 4886 licet,
773 4822 1090 4876 commissos
1116 4822 1216 4877 sibi
1245 4823 1449 4889 docuit,
1480 4831 1534 4876 et
1560 4823 1714 4891 quasi
1746 4831 1877 4877 tem-

278 4926 420 4979 pore
448 4919 503 4965 et
528 4913 723 4966 merito
752 4920 798 4966 et
833 4914 1055 4969 scientia
1096 4930 1184 4969 me
1229 4916 1394 4983 prior,
1441 4915 1591 4983 quasi
1648 4930 1748 4985 pro
1793 4930 1878 4970 me

276 5003 701 5072 impugnaturus
730 5006 944 5074 ignaros
992 5022 1234 5077 quosque
1263 5016 1318 5061 ct
1348 5008 1585 5075 ignavos,
1620 5009 1764 5077 prius
1796 5008 1876 5062 lo-

270 5103 501 5163 (luatur.

357 5186 427 5240 ll.
466 5187 642 5257 lnquit
668 5199 693 5229 ι
720 5208 733 5242 2
758 5191 814 5244 Si
844 5192 981 5247 ruris
1006 5192 1183 5247 cultor
1209 5200 1264 5246 et
1293 5201 1447 5247 terrae
1471 5192 1724 5260 agricola,
1754 5191 1878 5261 quia

266 5293 476 5347 agrum
504 5295 656 5333 suum
686 5284 977 5338 seminibus
1006 5284 1572 5353 przeparatjactandis,
1621 5299 1725 5337 non
1774 5282 1877 5337 sibi

262 5368 539 5424 euﬂlcere
584 5380 735 5439 putat
793 5381 989 5428 terram
1038 5376 1206 5443 ipsam
1237 5374 1357 5429 forti
1408 5388 1622 5428 vomere
1666 5372 1875 5443 prosci-

262 5461 457 5524 disse,
507 5475 572 5515 ac
615 5462 882 5532 frequenti
929 5475 1108 5520 aratro
1136 5465 1298 5520 duras
1339 5464 1640 5519 edomuisse
1677 5464 1878 5532 glebas,

259 5552 386 5611 sed
422 5555 642 5623 insuper
680 5554 863 5609 studet
889 5570 1070 5623 agrum
1103 5558 1274 5625 ipsum
1304 5554 1596 5611 infccundis
1625 5555 1881 5622 gramini-

263 5644 396 5699 bus
425 5644 740 5710 emundare,
774 5647 947 5700 noxiis
974 5661 1235 5701 evacuare
1276 5647 1572 5709 ruderibus,
1611 5648 1881 5716 spinarum

1984 4652 2122 4690 mus.
2170 4633 2485 4688 Mundemus
2529 4633 2711 4701 itaque
2762 4648 2859 4687 nos
2906 4642 3163 4701 quantum
3214 4639 3569 4707 prmvalemus

1980 4730 2047 4784 ab
2076 4728 2219 4782 omni
2246 4727 2498 4782 vitiorum
2526 4725 2669 4793 labe,
2699 4742 2726 4779 a
2756 4728 3004 4796 superbia
3050 4729 3304 4797 primum,
3336 4732 3403 4786 ab
3434 4733 3540 4789 invi
3562 4764 3576 4778 -

1978 4821 2087 4885 dia,
2136 4820 2203 4874 ab
2250 4818 2543 4884 iracundia,
2590 4834 2621 4871 a
2665 4818 3017 4889 blasphemia,
3067 4823 3137 4877 ab
3188 4822 3493 4895 iniquitate,
3543 4844 3574 4883 a

1980 4912 2206 4977 malitia,
2257 4926 2286 4963 a
2336 4910 2571 4974 tristitia,
2618 4924 2647 4963 a
2695 4925 2830 4963 vana
2882 4911 3072 4977 gloria,
3123 4928 3153 4966 a
3202 4915 3510 4984 cupiditate,
3542 4931 3572 4969 a

1980 5006 2333 5074 malignitate,
2363 5003 2429 5057 ab
2453 5002 2599 5057 omni
2640 5004 3023 5072 amaritudine;
3070 5014 3129 5060 tit
3172 5006 3473 5063 humilitate
3519 5017 3574 5062 et

1982 5101 2221 5158 lenitate.
2251 5114 2314 5153 ac
2342 5097 2687 5166 benignitate,
2728 5098 3152 5164 mansuetudine,
3202 5102 3571 5169 trmperantia,

1982 5189 2374 5258 misericordia,
2415 5188 2645 5259 justitia,
2672 5189 2874 5259 lietitia,
2904 5191 3270 5261 charitateque
3298 5192 3574 5263 possidea-

1980 5297 2117 5335 llllll‘.

2051 5368 2137 5423 lll.
2177 5369 2281 5424 Sed
2328 5369 2453 5439 quid
2502 5368 2760 5423 facimus?
2806 5369 2931 5424 Haec
2974 5385 3126 5441 quasx
3156 5371 3347 5426 similia
3376 5379 3572 5429 recita-

1985 5477 2123 5529 mus,
2151 5470 2206 5515 et
2233 5462 2383 5529 quasi
2413 5462 2656 5516 similiter
2685 5462 2920 5525 innoxia,
2967 5462 3167 5515 inculta
3198 5477 3261 5517 ac
3288 5462 3573 5523 indiscreta

1986 5554 2353 5621 relinquimus.
2412 5552 2661 5623 Legendo
2715 5569 2776 5608 ea
2830 5554 3198 5621 delectamur,
3255 5555 3574 5625 expellendo

1984 5645 2339 5699 (lissolvimur.
2373 5644 2617 5714 Nunquid
2672 5660 2769 5697 nos
2816 5642 3045 5697 salvabit
3090 5658 3153 5698 ea
3202 5645 3406 5716 audire,
3456 5666 3577 5721 qua:

368 5767 395 5795 ³
431 5756 605 5836 inquit
644 5757 803 5836 Deest
850 5756 985 5836 forte
1023 5762 1181 5815 enim.
1221 5760 1349 5825 Qua:
1390 5772 1704 5832 sequuntur,
1745 5764 1903 5817 vt'rba
1936 5769 2059 5816 sunt
2108 5760 2378 5829 Congalli,
2430 5757 2585 5827 primi
2617 5755 2824 5811 abbatis
2868 5754 3292 5829 Benchoreusis,
3338 5766 3430 5836 qui
3470 5766 3576 5822 alio

270 5830 519 5889 nomine
545 5830 822 5882 dicebatur
851 5827 1098 5883 Faustus.

593 5927 863 5983 PA'I'itOL.
898 5925 1159 5986 LXXX.

3139 5930 3180 5991 8
