3978 6182
415 297 522 352 235

1651 299 1705 354 S.
1749 299 2142 356 COLUMB.\NI
2187 304 2471 358 ABBATIS

3592 315 3697 370 “17:6

417 416 556 472 intra
606 430 702 470 nos
747 413 1158 482 comprobamur
1203 427 1309 468 non
1362 411 1609 468 habere?
1664 414 1909 484 Nunquid
1963 420 2009 472 si
2039 418 2088 476 A
2115 417 2290 483 cadet,
2319 427 2375 472 et
2401 433 2508 473 non
2538 419 2808 475 subsistet.
2851 402 3002 488 Quod
3034 431 3216 481 autem
3248 441 3353 481 non
3385 424 3597 493 finitur,
3629 432 3699 486 de

415 523 626 577 semper
675 506 828 560 nobis
857 506 1124 574 legantur,
1171 515 1226 561 et
1273 522 1542 577 nunquam
1590 507 1946 562 emendantur
1974 523 2006 562 a

415 598 592 661 nobis,
625 596 812 651 crebra
858 612 957 652 nos
1006 597 1278 666 adiuvabit
1305 598 1465 654 lectio
1497 615 1682 655 eorum
1709 580 1827 669 q'uae
1858 601 2008 654 tarde

413 703 444 741 a
491 687 646 741 nobis
695 687 1078 757 expelluntur?
1129 689 1377 759 Nunquid
1424 691 1540 746 solo
1589 706 1837 746 sermone
1888 692 2008 761 quis

413 791 564 832 suam
591 776 806 831 deruunt
833 793 862 831 a
891 779 1133 848 quolibet
1159 780 1406 849 squalore
1446 781 1741 845 mundabit,
1775 794 1865 836 aut
1893 783 2008 836 sola

414 866 626 936 loquela
659 866 1058 936 pulverulentos
1089 881 1310 937 aggeres
1340 870 1598 924 immundi
1643 867 1850 938 ruderjs
1878 871 2006 924 sub-

415 959 688 1014 movebit?
717 959 823 1014 Aut
844 960 1079 1030 nunquid
1110 962 1226 1016 sine
1267 961 1463 1017 sudore
1492 963 1574 1017 vel
1601 977 1719 1033 quae
1749 963 1815 1017 ad
1845 964 2007 1017 vitam

414 1052 779 1122 quotidianam
809 1056 1096 1123 pertinent,
1148 1055 1268 1123 quis
1305 1053 1520 1109 eflicere
1551 1056 1763 1124 potest?
1795 1053 2010 1110 Patien-

417 1147 488 1201 tia
515 1161 664 1216 ergo,
717 1155 772 1201 et
817 1147 1110 1216 diligentia,
1144 1157 1199 1202 et
1227 1147 1378 1203 labor
1407 1163 1470 1204 ac
1499 1149 1727 1203 Studium
1760 1146 2006 1215 infatiga-

416 1243 540 1308 bile,
572 1241 843 1298 interioris
870 1243 1102 1297 hominis
1149 1243 1304 1297 nobis
1349 1242 1567 1297 domum
1610 1241 2006 1309 mundantibus,

415 1334 716 1389 necessaria
743 1342 888 1396 sunt,
939 1342 998 1387 ut
1045 1335 1096 1387 in
1146 1333 1350 1402 injuriis
1378 1333 1729 1403 patientiam,
1784 1335 1837 1388 in
1885 1333 2011 1388 reli-

415 1425 575 1495 gione
602 1425 951 1495 diligentiam,
1001 1425 1053 1480 in
1103 1425 1358 1494 operibus
1383 1425 1643 1486 laborem,
1677 1424 1728 1478 iu
1760 1423 2010 1493 profecti-
2039 1413 2052 1420 ”

417 1517 516 1571 bus
542 1513 774 1571 studium
802 1515 1248 1572 demonstremus.
1282 1513 1484 1570 Crebro
1514 1515 1668 1569 nobis
1715 1515 2009 1584 praza‘iean-

419 1610 561 1664 tibus
606 1608 757 1664 tarde
802 1609 1181 1674 emendamur;
1229 1609 1418 1664 crebro
1469 1607 1694 1673 oiTensi,
1750 1622 1871 1661 raro
1920 1622 2009 1676 pa-

417 1702 646 1768 tientes;
677 1703 868 1756 crebro
893 1701 1041 1767 victi,
1074 1715 1196 1754 raro
1226 1700 1488 1763 victores;
1541 1700 1733 1754 crebro
1780 1697 2033 1775 seductin

2108 507 2308 563 mundo
2361 525 2467 564 non
2513 509 2724 565 dicitur.
2782 511 2953 568 Morte
3003 530 3131 584 ergo
3180 523 3234 571 et
3284 532 3480 572 occasu
3518 521 3700 576 omnia

2111 608 2410 666 transeunt,
2459 610 2514 656 ct
2555 617 2664 656 non
2692 611 2854 657 stant.
2887 603 3028 670 Quid
3075 620 3204 674 ergo
3233 609 3450 677 sapiens
3476 609 3702 678 diligere

2108 691 2303 747 debet?
2331 692 2596 748 Mortuam
2647 695 2936 763 imaginem
2986 713 3051 751 ex
3082 708 3237 767 parte
3291 709 3492 755 mutam
3530 710 3586 757 et
3630 717 3700 758 ex

2111 791 2262 850 parte
2287 797 2559 852 sonoram,
2588 799 2748 854 quam
2776 787 2922 842 videt
2949 796 3004 842 et
3027 804 3134 842 non
3165 791 3448 859 intelligit?
3476 791 3534 846 Si
3555 793 3700 848 enim

2110 873 2447 943 intelligeret,
2481 875 2703 930 forsitan
2733 875 3007 946 diligeret;
3041 879 3134 934 sed
3165 890 3218 934 et
3247 880 3300 934 in
3323 880 3427 937 hoc
3451 881 3700 949 offendit,

2110 969 2165 1023 in
2211 984 2318 1037 quo
2363 983 2422 1023 se
2469 984 2575 1024 non
2621 971 2876 1025 ostendit.
2910 973 3041 1038 Quis
3071 973 3215 1027 enim
3269 973 3557 1045 intelligit,
3617 977 3701 1030 vel

2110 1063 2477 1132 semetipsum,
2527 1063 2609 1117 vel
2635 1063 2885 1128 alterum,
2919 1065 3106 1120 ilorem
3132 1075 3288 1122 terrae
3317 1076 3373 1122 et
3404 1077 3599 1122 terram
3631 1067 3702 1122 de

2111 1163 2255 1209 terra
2278 1153 2499 1220 factum,
2527 1170 2633 1224 qua
2661 1155 2922 1223 dignitate
2947 1158 3042 1211 Dei
3072 1157 3282 1222 Filium,
3312 1167 3366 1213 et
3398 1158 3700 1217 cmlicolam

2111 1245 2239 1300 facit
2267 1255 2409 1300 terra
2437 1255 2491 1301 et
2532 1248 2704 1317 pulvis
2734 1257 2856 1318 post
2902 1249 3172 1305 modicum
3221 1249 3428 1309 futurus
3451 1293 3467 1320 ,
3511 1263 3567 1308 et
3597 1255 3700 1308 nisi

2113 1338 2288 1390 anima
2318 1337 2587 1402 mediante
2624 1353 2899 1407 nunquam
2926 1339 3273 1410 profuturus?

2183 1426 2247 1480 ll.
2288 1425 2343 1482 Si
2375 1429 2494 1496 quis
2524 1429 2626 1483 hoc
2673 1429 2958 1497 intelligit,
3009 1432 3096 1485 cui
3129 1431 3269 1486 Deus
3299 1432 3520 1487 donavit
3543 1475 3559 1501 ,
3591 1449 3699 1503 qua

2115 1515 2224 1570 vita
2243 1517 2420 1570 vivere
2441 1526 2672 1586 oportet,
2705 1526 2765 1572 ut
2783 1527 3015 1574 aeternus
3041 1521 3110 1574 sit
3131 1519 3196 1574 de
3219 1521 3454 1588 mortali,
3482 1523 3701 1592 sapiens

2113 1606 2181 1661 de
2209 1606 2426 1672 stolido,
2459 1607 2694 1662 ctelestis
2723 1608 2789 1662 de
2818 1618 3053 1676 terreno,
3095 1610 3323 1679 primum
3354 1626 3569 1666 sensum
3599 1614 3700 1667 hae

2115 1698 2240 1752 heat
2269 1715 2459 1768 purum
2499 1715 2606 1768 quo
2637 1709 2818 1754 utitur
2847 1699 2914 1754 ad
2961 1701 3099 1756 bene
3128 1701 3413 1756 vivendum
3441 1744 3455 1769 ,
3504 1712 3557 1757 ct
3589 1720 3702 1758 non

417 1805 540 1845 raro
571 1789 929 1859 intelligentes
973 1803 1179 1848 sumus.
1211 1789 1347 1856 Quid
1375 1803 1505 1858 ergo
1551 1788 1705 1843 nobis
1751 1789 1902 1856 quasi
1935 1789 2014 1842 iu-
2049 1790 2092 1848 Β
2118 1791 2244 1861 quid
2273 1801 2353 1846 est
2376 1831 2391 1856 ,
2444 1793 2538 1846 sed
2568 1790 2693 1860 quid
2721 1793 2843 1856 erit,
2885 1791 3082 1847 videat.
3111 1791 3168 1846 ld
3197 1793 3340 1846 enim
3372 1793 3476 1848 erit
3498 1832 3513 1856 ,
3556 1795 3700 1862 quod

417 1880 583 1935 firmis
611 1895 674 1936 ac
700 1880 928 1939 indoctis
955 1881 1340 1950 pugnatoribus
1365 1879 1556 1949 quibus
1597 1894 1746 1932 arma
1795 1888 2013 1932 vertun-

416 1979 503 2026 tur
530 1971 586 2026 in
612 1971 853 2037 vulnera,
885 1972 1185 2040 subveniet,
1227 1975 1353 2026 dum
1383 1987 1491 2027 non
1522 1971 1635 2026 haec
1663 1969 1868 2032 audire,
1917 1968 2012 2024 sed

415 2061 688 2130 complere
716 2062 829 2117 laus
855 2063 970 2117 est?
1020 2062 1136 2116 Non
1167 2063 1309 2117 enim
1340 2062 1524 2116 auditu
1557 2062 1642 2115 lex
1692 2059 2010 2124 sanctiﬁcat,

414 2151 509 2206 sed
552 2150 695 2206 facto
743 2151 1147 2220 proculdubio;
1196 2152 1556 2221 unusquisque
1609 2167 1716 2207 non
1758 2150 2010 2224 [Codex,

415 2241 678 2305 mendose,
709 2243 873 2314 enim]
913 2243 1090 2298 verbis
1141 2252 1344 2297 tantum
1396 2253 1450 2297 et
1495 2243 1762 2313 corporali
1806 2241 2011 2307 labore,

413 2333 509 2390 sed
554 2349 764 2389 morum
817 2335 1127 2390 maturitate
1172 2343 1227 2391 et
1266 2334 1442 2391 cordis
1471 2335 1700 2405 puritate
1729 2333 2013 2388 Domimun

417 2426 665 2481 honoret.
716 2427 827 2483 Nec
872 2428 1083 2484 dicatur
1125 2428 1193 2483 de
1244 2428 1436 2483 nobis:
1467 2426 1570 2482 Hic
1617 2427 1833 2496 populus
1863 2425 2014 2479 labiis

416 2534 494 2571 nte
519 2518 759 2585 honorat,
803 2536 892 2574 cor
937 2529 1108 2575 autem
1155 2536 1329 2576 eorum
1376 2521 1528 2592 longe
1567 2529 1641 2572 est
1669 2535 1702 2572 α
1731 2536 1809 2572 me
1855 2517 2010 2589 (Isa.

418 2629 563 2678 uix,
616 2613 713 2681 l3;
764 2613 951 2668 Matth.
1002 2632 1088 2678 xv,
1139 2613 1202 2679 8;
1254 2613 1425 2667 Marc.
1458 2629 1551 2680 vn,
1583 2612 1754 2681 6):et
1798 2611 2014 2680 quando

417 2705 568 2760 audis
613 2719 878 2775 pugnam,
929 2707 1091 2762 crede
1116 2707 1358 2773 vulnera,
1391 2714 1448 2761 et
1476 2706 1624 2775 fugas
1654 2705 1756 2779 [An
1786 2704 1955 2774 fugias
1968 2703 2014 2776 ?]

418 2796 704 2862 interesse;
754 2805 808 2852 et
851 2797 977 2852 dum
1023 2797 1398 2867 unusquisque
1449 2811 1633 2865 pacem
1683 2795 1956 2865 possidere
1983 2809 2015 2848 a

416 2897 624 2958 septem
671 2891 924 2957 gentibus
977 2889 1261 2944 hostilibus
1311 2905 1368 2944 se
1422 2887 1856 2958 impugnantibus
1909 2900 2016 2940 non

416 2987 614 3048 potest,
646 2979 832 3036 tandiu
871 2982 1146 3037 accinctus
1189 2979 1446 3036 dimicare
1472 2997 1578 3035 non
1607 2986 1801 3045 cessat,
1847 2977 2018 3033 donec

417 3083 625 3144 septem
672 3075 912 3142 gentium
960 3091 1054 3130 rex
1103 3083 1158 3130 et
1205 3082 1422 3140 rector,
1469 3073 1565 3128 Dei
1610 3073 1754 3128 dono
1793 3070 2018 3126 viriliter

2115 1896 2221 1935 non
2252 1891 2372 1946 est;
2421 1890 2476 1934 et
2507 1898 2601 1949 per
2629 1897 2691 1936 ea
2721 1897 2839 1950 quae
2893 1881 3078 1945 videt,
3136 1897 3199 1937 ea
3240 1898 3358 1952 qua:
3397 1899 3504 1938 non
3556 1885 3701 1939 videt

2115 1971 2334 2040 cogitet,
2365 1981 2420 2026 et
2449 1972 2648 2026 nitatur
2677 1987 2795 2027 esse
2820 1972 2962 2040 quod
2991 1982 3205 2028 creatus
3243 1981 3344 2039 est,
3369 1983 3424 2028 et
3455 1974 3547 2029 Dei
3575 1987 3700 2042 gra-

2116 2064 2246 2114 tiam
2276 2077 2376 2116 suo
2414 2061 2639 2117 advocet
2682 2062 2966 2118 conamine
2999 2082 3012 2116 :
3063 2063 3390 2133 impossibile
3433 2073 3516 2119 est
3552 2066 3700 2121 enim

2114 2154 2288 2208 solum
2318 2169 2415 2223 per
2453 2168 2512 2208 se
2540 2168 2975 2223 unumquemque
3021 2155 3243 2224 adipisci
3272 2154 3416 2224 quod
3467 2157 3703 2226 perdidit

2116 2244 2168 2296 in
2200 2243 2387 2298 Adam.
2421 2242 2558 2309 Quid
2583 2255 2764 2298 autem
2791 2247 3010 2314 prodest
3050 2259 3266 2300 sensum
3315 2247 3562 2316 accipere
3585 2285 3602 2312 ,
3643 2256 3702 2302 et

2116 2351 2223 2416 non
2247 2352 2311 2392 eo
2340 2336 2478 2392 bene
2508 2338 2629 2392 uti?
2667 2337 2811 2392 Bene
2841 2338 3006 2392 utitur
3035 2337 3125 2392 ille
3149 2376 3164 2402 ,
3207 2337 3300 2406 qui
3329 2338 3406 2392 sic
3437 2339 3604 2403 vivit,
3638 2349 3699 2394 ut

2116 2445 2386 2498 nunquam
2418 2437 2510 2483 aut
2541 2429 2831 2500 pmniteat,
2878 2437 2970 2482 aut
2993 2429 3301 2499 pmnituerit
3328 2447 3341 2481 :
3383 2430 3700 2499 pmnitentia

2116 2523 2258 2577 enim
2307 2537 2427 2576 sera
2476 2522 2617 2577 male
2646 2538 2798 2578 usum
2844 2522 3037 2590 arguit,
3081 2530 3136 2576 et
3182 2522 3320 2576 bona
3367 2522 3700 2577 conscientia

2119 2614 2280 2667 vitam
2306 2613 2504 2668 laudat.
2531 2613 2666 2679 Quid
2692 2627 2821 2682 ergo
2853 2628 3041 2671 sensus
3076 2628 3244 2682 purus
3269 2613 3491 2681 diligere
3518 2613 3700 2684 sapit?

2119 2704 2252 2758 Illud
2296 2714 2443 2759 certe
2486 2704 2630 2772 quod
2671 2704 2933 2774 diligere,
2983 2715 3037 2760 et
3082 2713 3274 2759 uetera
3303 2705 3483 2759 omnia
3530 2704 3657 2760 fecit
3683 2746 3702 2773 ,

2117 2809 2435 2866 semperque
2463 2803 2663 2858 manet,
2694 2804 2750 2849 et
2777 2810 3048 2865 nunquam
3078 2797 3327 2850 senescit.
3379 2795 3521 2850 Nihil
3549 2794 3703 2851 aliud

2119 2889 2476 2946 extrinsecum
2497 2887 2825 2958 diligendum
2851 2898 2935 2944 est
2952 2889 3244 2945 secundum
3265 2890 3378 2945 veri
3407 2890 3699 2958 rationem,

2121 2981 2221 3035 nisi
2251 2990 2529 3043 arternum,
2570 2988 2625 3034 et
2669 2989 2870 3034 aiterna
2916 2980 3192 3046 voluntas,
3239 2995 3359 3049 quae
3397 2981 3465 3036 ab
3492 2988 3704 3038 azterno

2123 3071 2388 3136 mirabili,
2440 3071 2734 3140 ineffabili,
2789 3071 3072 3136 invisibili,
3121 3072 3700 3142 incomprehensibili,

417 3165 740 3232 dimicando,
771 3168 1012 3222 exsistat.
1047 3167 1232 3221 Nullus
1258 3167 1398 3221 enim
1430 3175 1741 3231 coronatur,
1790 3166 1891 3219 nisi
1920 3166 2011 3234 qui
2041 3167 2088 3228 C
2118 3165 2298 3220 omnia
2325 3162 2597 3232 implente,
2640 3171 2695 3217 et
2724 3164 2904 3218 omnia
2929 3161 3227 3217 excedente
3247 3205 3263 3230 ,
3294 3171 3590 3233 praesente,
3643 3173 3704 3219 et

425 3256 656 3324 legitime
684 3257 972 3311 certaverit
1001 3255 1089 3326 (ΙΙ
1122 3257 1254 3311 Tim.
1288 3274 1347 3324 ιι,
1378 3256 1460 3325 5),
1509 3265 1564 3311 et
1591 3271 1753 3311 nemo
1781 3255 2020 3324 legitime

421 3350 473 3402 in
521 3347 696 3418 primo
733 3349 1028 3404 certamine
1061 3357 1252 3403 certat.
1285 3348 1522 3404 Primum
1575 3349 1755 3418 itaque
1803 3357 2021 3403 certan-

419 3439 546 3495 dum
574 3448 677 3506 est,
709 3440 902 3497 deinde
929 3441 1178 3497 standum
1209 3449 1314 3507 est,
1363 3451 1417 3496 et
1445 3442 1497 3497 in
1529 3441 1670 3497 bello
1699 3441 2019 3496 studendum

421 3537 524 3599 est,
557 3539 615 3586 ut
641 3532 1097 3604 postea'legitime
1127 3533 1439 3589 certandum
1473 3534 1563 3591 sit.
1597 3532 1810 3589 Utinam
1838 3542 1893 3588 et
1920 3548 2020 3588 nos

422 3627 658 3697 legitime
693 3636 1058 3695 certaremus,
1109 3637 1170 3684 ut
1214 3636 1272 3685 et
1321 3628 1571 3686 coronari
1598 3642 1935 3694 mereamur;
1964 3636 2020 3682 et

420 3719 560 3774 sicut
582 3719 636 3778 in
663 3719 854 3778 eodem
883 3727 1144 3792 apparatu
1171 3727 1239 3800 et
1253 3718 1355 3776 sub
1380 3718 1568 3775 iisdem
1594 3718 1760 3775 armis
1809 3732 2015 3784 sumus,

427 3815 500 3868 ita
544 3825 671 3868 cum
715 3809 962 3868 hostibus
1000 3813 1198 3867 nostris
1225 3809 1470 3882 quotidie
1511 3809 1911 3872 dimicaremus,
1959 3819 2020 3865 ut

421 3915 530 3955 non
555 3900 612 3957 in
666 3901 1052 3969 nosmetipsos,
1077 3900 1173 3958 sed
1217 3899 1273 3957 in
1299 3899 1640 3956 adversarios
1668 3907 1883 3956 nostros
1907 3899 2017 3955 tela

420 4005 815 4064 torqueremus.
873 3991 992 4048 Hoc
1042 3992 1234 4062 longus
1281 3989 1519 4048 bellandi
1569 4005 1696 4046 usus
1743 4005 1867 4046 cum
1916 3987 2013 4044 Dei

417 4083 591 4154 gratia
630 4082 922 4154 prmstabit,
951 4097 1048 4154 per
1072 4081 1359 4139 Dominum
1387 4088 1632 4138 nostrum
1659 4081 1840 4137 Jesum
1867 4079 2016 4136 Chri-

416 4189 579 4245 stum,
610 4178 698 4234 cui
725 4186 810 4236 est
835 4179 1033 4244 honor,
1080 4186 1138 4235 et
1171 4177 1362 4248 gloria,
1399 4185 1458 4231 et
1501 4175 1671 4232 virtus
1715 4177 1772 4231 in
1818 4174 2013 4231 sarcula

342 4309 347 4330 ι
417 4272 749 4327 saeculorum.
789 4271 979 4325 Amen.

942 4378 1356 4438 INSTBUCTIO
1391 4379 1479 4437 lll.

457 4469 532 4525 De
561 4472 803 4529 sectanda
825 4471 1004 4528 mundi
1027 4480 1316 4538 contemptu
1345 4478 1393 4526 et
1419 4469 1696 4527 caelestium
1725 4467 1974 4524 bonorum

1108 4558 1300 4598 amore.

475 4632 518 4688 l.
562 4632 699 4700 Quid
728 4634 785 4690 in
813 4632 1018 4689 mundo
1045 4635 1316 4705 Optimum
1343 4635 1464 4690 est?
1490 4633 1710 4690 Auctori
1737 4633 1857 4704 ejus
1885 4632 2004 4704 pla-

417 4739 561 4781 cere.
587 4724 727 4794 Quid
747 4733 832 4783 est
851 4724 970 4798 ejus
990 4725 1264 4783 voluntas?
1290 4726 1641 4796 Complacere
1663 4726 1808 4796 quod
1823 4724 2000 4796 jussit,

416 4818 524 4875 hoc
540 4827 646 4887 est,
677 4828 824 4875 recte
842 4819 1026 4874 vivere
1051 4827 1106 4872 et
1128 4820 1216 4888 pie
1239 4826 1496 4873 aeternum
1518 4835 1760 4883 qumrere
1786 4837 1799 4870 :
1830 4821 2002 4887 pietas

423 4917 592 4979 enim,
623 4921 682 4970 et
724 4913 974 4984 aequitas,
1018 4911 1094 4984 pii
1137 4919 1196 4966 et
1225 4909 1360 4968 recti
1403 4909 1660 4964 voluntas
1683 4915 1787 4962 est.
1819 4904 1899 4961 Ad
1947 4904 2000 4959 id

427 5003 703 5075 quomodo
737 5002 1106 5074 pervenitur?
1138 5001 1354 5060 Studio.
1390 4999 1734 5058 Studendum
1761 5011 1847 5057 est
1869 5014 2002 5069 ergo

421 5098 484 5160 τίη
509 5097 734 5166 pietate,
767 5106 826 5154 et
841 5097 1123 5168 aequitate.
1159 5093 1242 5152 Ad
1272 5094 1377 5149 hoc
1407 5092 1845 5150 conservandum
1868 5088 2002 5161 quid

425 5190 615 5260 juvat?
647 5189 986 5257 Intellectus,
1009 5189 1105 5260 qui
1138 5196 1340 5245 caetera
1370 5187 1474 5242 alia
1505 5185 1830 5252 eventilans,
1866 5182 2004 5239 nihil

429 5281 518 5335 cui
541 5280 825 5344 inhaereat,
851 5279 1068 5335 ﬁrmum
1098 5280 1405 5342 inveniens,
1425 5279 1493 5335 de
1516 5278 1601 5334 his
1624 5293 1744 5348 qua:
1769 5273 2007 5330 mundus

432 5375 620 5438 habet,
654 5373 722 5429 ad
743 5387 913 5428 unum
946 5372 1092 5442 quod
1114 5381 1382 5427 astet-num
1412 5379 1518 5435 est,
1536 5369 1749 5424 ratione
1773 5380 2008 5422 conver-

431 5468 592 5524 titur.
617 5465 856 5523 Mundus
889 5466 1036 5522 enim
1061 5458 1338 5525 transibit,
1359 5473 1412 5518 et
1443 5459 1689 5530 quotidie
1720 5458 1933 5521 transit,
1956 5465 2012 5512 et

433 5568 645 5612 rotatur
673 5559 741 5612 ad
767 5559 931 5615 tinem
958 5556 1110 5627 (quid
1141 5556 1288 5612 enim
1329 5553 1511 5617 habet,
1561 5551 1709 5621 quod
1753 5549 1849 5605 lini
1898 5564 2010 5604 non

437 5649 758 5718 assignet?),
787 5659 844 5705 et
869 5646 1275 5720 quodammodo
1318 5645 1576 5701 vanitatis
1606 5644 1879 5700 columnis
1900 5641 2008 5697 ful-

439 5739 604 5797 citur.
626 5738 858 5806 Quando
879 5749 1063 5798 autem
1081 5739 1338 5798 vanitatis
1358 5738 1482 5796 ﬁnis
1500 5736 1750 5807 adfuerit,
1777 5746 1907 5792 tunc
1924 5733 2012 5792 ille

2120 3257 2377 3325 fugiente,
2409 3255 2699 3325 inspiratur
2739 3263 2796 3309 et
2843 3254 3130 3309 animatur.
3173 3253 3313 3310 Nihil
3341 3255 3430 3311 hic
3481 3256 3705 3326 sapiens

2120 3347 2341 3416 diligere
2364 3346 2543 3411 debet,
2575 3345 2719 3415 quod
2761 3345 2894 3399 nihil
2927 3346 3123 3412 durat;
3163 3354 3364 3400 aeterna
3395 3345 3536 3399 enim
3585 3346 3706 3402 illic

2119 3455 2240 3493 cum
2267 3448 2490 3504 :eterno,
2515 3446 2570 3492 et
2597 3437 2798 3492 caduca
2823 3437 2941 3492 heic
2969 3453 3090 3492 cum
3121 3437 3336 3492 mortali
3364 3445 3509 3492 sunt.
3541 3435 3704 3492 Peri-

2120 3531 2364 3586 culosum
2393 3537 2476 3585 est
2501 3543 2628 3597 ergo
2649 3528 2893 3583 habitare
2917 3527 3057 3582 inter
3083 3525 3322 3581 fallentia
3351 3535 3408 3580 et
3456 3526 3608 3591 falsa,
3631 3537 3707 3582 et

2119 3639 2227 3678 non
2256 3636 2383 3677 vera
2411 3619 2596 3699 videre
2623 3634 2744 3689 quae
2771 3619 2934 3674 debes
2956 3633 3159 3685 amare,
3189 3628 3246 3674 et
3272 3617 3456 3673 videre
3481 3619 3706 3688 insuper

2119 3729 2238 3784 qua:
2266 3713 2516 3782 fugiendo
2545 3719 2869 3782 provocant,
2897 3719 2951 3766 et
2978 3711 3128 3779 quasi
3159 3710 3211 3764 in
3241 3709 3451 3764 sonmio
3478 3717 3531 3763 te
3573 3725 3705 3765 cum

2117 3808 2196 3864 eis
2225 3819 2448 3877 peccare
2478 3804 2826 3873 persuadent,
2859 3812 2914 3858 et
2952 3817 3011 3857 re
3057 3801 3244 3856 Odiosa
3282 3801 3378 3856 tibi
3421 3801 3704 3858 blanditiis
3747 3845 3751 3867 ς

2117 3899 2320 3960 rident,
2354 3905 2408 3952 et
2422 3894 2545 3965 jure
2572 3893 2836 3963 diligenda
2857 3930 2874 3959 ,
2903 3908 2965 3948 ac
2992 3892 3038 3947 si
3072 3905 3177 3947 non
3203 3899 3382 3948 essent
3401 3933 3416 3960 ,
3441 3891 3535 3947 sed
3563 3894 3703 3950 sub-

2115 3994 2337 4048 ducunt.
3245 4047 3248 4051 ,

2186 4083 2272 4138 lli.
2313 4083 2539 4138 Constat
2563 4093 2692 4148 ergo
2721 4077 3012 4135 sollicitum
3042 4089 3163 4134 esse
3207 4075 3408 4132 debere
3447 4089 3571 4130 eum
3599 4072 3698 4143 qui

2116 4180 2254 4234 inter
2283 4175 2529 4230 fallentes
2558 4172 2783 4238 habitat,
2814 4170 2960 4225 velut
2987 4169 3077 4239 qui
3122 4183 3232 4222 non
3259 4165 3471 4236 evadet,
3500 4166 3546 4220 si
3584 4181 3700 4222 non

2113 4282 2210 4322 eos
2237 4264 2472 4334 fugerit,
2502 4271 2764 4330 cauteque
2813 4261 2857 4314 si
2902 4260 3042 4315 bene
3062 4258 3250 4328 egerit.
3283 4257 3392 4312 Nos
3421 4255 3698 4326 quomodo

2114 4356 2376 4426 fugiemus
2413 4353 2693 4420 mundum,
2723 4366 2882 4422 quem
2907 4351 3129 4420 diligere
3158 4364 3264 4404 non
3289 4348 3568 4413 debemus,
3601 4347 3699 4418 qui

2115 4448 2170 4502 in
2196 4444 2396 4501 mundo
2417 4459 2622 4511 sumus,
2649 4442 2845 4512 quique
2874 4440 2922 4496 ei
2947 4441 3084 4496 mori
3112 4440 3405 4503 docemur;
3433 4446 3489 4492 et
3516 4451 3548 4492 e
3569 4451 3698 4492 con-

2038 4531 2086 4590 D
2115 4537 2278 4593 trario
2306 4551 2429 4592 eum
2459 4535 2597 4588 intra
2639 4547 2737 4586 nos
2779 4529 3010 4600 quadam
3049 4527 3210 4584 livida
3239 4527 3487 4597 cupidine
3515 4525 3700 4581 cludi-

2109 4645 2231 4685 mus
2260 4626 2442 4702 [Forte
2469 4620 2806 4692 claudimus],
2839 4636 2999 4690 quem
3024 4621 3122 4676 sub
3154 4619 3377 4690 pedibus
3406 4617 3562 4687 quasi
3589 4632 3700 4672 no-

2107 4723 2233 4780 stris
2257 4720 2576 4777 conculcare
2601 4715 2897 4771 debuimus.
2940 4713 3234 4769 Conculcat
3268 4710 3529 4766 mundum
3552 4751 3567 4774 ,
3601 4711 3699 4779 qui

2107 4815 2342 4884 seipsum
2367 4811 2535 4865 vineit
2556 4851 2572 4876 ,
2603 4808 2695 4877 qui
2727 4807 2868 4861 vitiis
2897 4815 3185 4875 antequam
3233 4813 3425 4859 natura
3450 4843 3466 4870 ,
3508 4811 3702 4859 mente

2106 4905 2289 4978 [Forte
2318 4912 2426 4957 tam
2456 4899 2694 4972 mente],
2744 4913 2906 4968 quam
2953 4911 3184 4967 corpore
3218 4895 3483 4950 moritur:
3531 4907 3704 4948 nemo

2108 4995 2379 5065 semetipsi
2411 4991 2594 5067 [Forte
2620 4987 2959 5060 sibimetipsi]
2990 5003 3232 5058 parcens,
3262 4986 3518 5042 mundum
3540 4985 3704 5040 odire

2110 5095 2322 5158 potest;
2354 5087 2405 5140 in
2435 5101 2493 5140 se
2519 5084 2661 5139 enim
2690 5083 2808 5138 solo
2831 5081 3086 5136 mundum
3111 5087 3204 5133 aut
3223 5078 3413 5147 diligit,
3443 5075 3699 5131 autodit.

2110 5181 2250 5236 Nihil
2290 5181 2450 5234 habet
2484 5177 2628 5248 quod
2659 5186 2805 5232 amet
2833 5176 2902 5230 de
2947 5173 3170 5238 mundo,
3201 5173 3295 5242 qui
3325 5170 3569 5240 corporis
3593 5184 3705 5222 vo-

2110 5272 2405 5342 luptatibus
2431 5277 2678 5325 mortuus
2706 5277 2805 5322 est.
2849 5266 2964 5320 Tali
3008 5273 3183 5320 morte
3221 5263 3534 5325 moriamur,
3563 5258 3705 5326 quia

2111 5379 2256 5418 mors
2287 5362 2375 5417 illa
2404 5361 2700 5430 corporalis
2727 5368 2970 5422 cunctos,
2997 5358 3096 5412 ista
3120 5370 3323 5425 paucos
3345 5361 3510 5421 tenet.
3543 5350 3703 5404 Pau-

2103 5471 2291 5512 corum
2315 5456 2458 5509 enim
2486 5455 2564 5510 sic
2585 5454 2786 5518 vivere,
2817 5451 2968 5521 quasi
2999 5449 3197 5505 mortui
3220 5447 3400 5519 [Forte
3419 5443 3708 5517 morituri]

2102 5550 2377 5622 quotidie;
2407 5557 2465 5603 et
2491 5547 2616 5601 dum
2638 5559 2744 5598 non
2771 5558 2985 5613 semper
3014 5541 3132 5608 fuit,
3157 5556 3260 5596 nec
3287 5553 3408 5594 esse
3437 5542 3616 5607 potest
3636 5534 3708 5591 in

2103 5642 2328 5709 mundo,
2357 5641 2448 5696 sed
2476 5640 2528 5693 in
2558 5636 2788 5708 quadam
2818 5635 2966 5690 brevi
2996 5635 3301 5698 medietate,
3328 5631 3488 5687 debet
3520 5643 3709 5682 unus-

2102 5738 2330 5807 quisque
2343 5736 2420 5791 sic
2443 5734 2642 5801 vivere,
2658 5731 2811 5801 quasi
2835 5727 3073 5801 quotidie
3095 5727 3377 5794 moriatur,
3408 5735 3464 5780 ut
3485 5731 3703 5779 reterna
