3932 6184
260 325 367 379 237

1213 318 1754 376 lNSTRUCTlONES
1797 318 2028 373 VARUE
2066 317 2220 374 SIVE
2257 320 2637 380 SERMONES.

3440 330 3544 389 238

262 448 479 497 tantum
510 445 565 493 et
592 434 855 503 omlestia,
884 436 935 489 in
964 435 1179 504 quibus,
1208 450 1253 488 sn
1294 441 1553 489 mercem
1577 474 1591 498 ,
1623 440 1856 488 aeternus
1888 433 1933 491 Α
1964 428 2194 485 reddita.
2240 430 2376 496 Quid
2424 432 2526 487 hac
2570 434 2880 490 conditione
2928 436 3063 507 lacrj
3078 438 3363 495 mabilius?
3407 439 3546 509 Quid

262 541 322 587 et
348 529 590 587 cmlestis
618 528 829 581 futurus
851 526 941 590 sit,
977 524 1134 592 hujus
1163 524 1352 579 mortis
1381 523 1606 588 dubius,
1638 523 1855 591 cogitet.

263 622 399 690 Quae
424 621 569 676 enim
604 626 732 672 ante
760 616 1016 671 mundum
1056 616 1288 683 fuerant,
1320 616 1434 685 ipsa
1464 624 1621 669 erunt
1658 627 1713 670 et
1738 624 1861 684 post

263 713 551 777 mundum,
590 718 645 765 et
668 710 720 763 in
743 717 1059 779 perpetuum
1085 749 1099 771 ,
1131 716 1185 763 et
1214 708 1389 763 adhuc
1430 716 1590 773 sunt,
1630 708 1723 762 sed
1754 723 1861 762 non

264 815 563 878 apparent,
610 814 665 860 et
695 820 725 857 a
757 802 912 857 nobis
948 801 1001 854 iu
1034 809 1239 854 tantum
1267 800 1437 854 celata
1466 808 1614 866 sunt,
1656 807 1713 853 ut
1753 814 1860 853 non

266 900 431 954 liceat
456 912 521 951 ea
550 895 699 966 loqui
729 891 1033 948 hominibus
1064 907 1077 944 :
1112 890 1162 943 in
1194 905 1290 944 cor
1318 889 1482 955 enim,
1515 897 1607 942 aut
1628 889 1677 942 in
1704 903 1861 945 aures

266 990 506 1045 hominis
533 1002 642 1041 non
672 984 1007 1047 ascendunt,
1048 995 1223 1049 neque
1267 981 1504 1047 intrant,
1539 994 1709 1047 neque
1754 979 1859 1032 bu-

270 1094 433 1133 mano
462 1078 581 1131 visu
612 1074 842 1145 perspici
889 1079 1093 1142 queunt
1141 1069 1275 1140 (Isa.
1310 1087 1451 1135 thv,
1488 1069 1548 1134 4;
1596 1069 1626 1122 Ι
1648 1068 1764 1123 Cor.
1802 1085 1857 1134 ιι,

271 1170 351 1238 9).
382 1166 426 1221 Ο
447 1182 609 1237 quam
637 1162 866 1219 dolenda
887 1161 1124 1217 conditio
1150 1160 1162 1213 !
1196 1161 1325 1227 Quae
1353 1176 1536 1215 amare
1556 1159 1856 1223 debuimus,

269 1262 349 1316 sic
396 1275 461 1313 ea
509 1258 664 1312 nobis
711 1263 1045 1324 sequestrata
1095 1263 1149 1309 et
1196 1254 1529 1323 incomperta
1577 1263 1629 1308 et
1679 1255 1860 1323 ignota

270 1360 421 1417 sunt,
453 1360 515 1405 ut
540 1348 781 1418 quandiu
811 1346 1056 1401 homines
1081 1361 1286 1409 sumus,
1314 1355 1370 1401 et
1395 1347 1448 1400 in
1489 1346 1591 1401 hoc
1618 1347 1860 1416 corporis

269 1440 549 1509 ergastulo
574 1438 875 1503 constituti,
918 1421 1138 1491 omnino
1170 1437 1325 1492 nobis
1354 1437 1705 1506 impossibilia
1735 1447 1861 1493 sunt

271 1530 465 1595 videri,
500 1528 674 1584 audiri
701 1567 716 1592 ,
747 1526 970 1595 cogitari
997 1541 1061 1581 ea
1088 1541 1206 1596 quae
1232 1541 1359 1581 vera
1395 1526 1534 1581 bona
1556 1534 1682 1582 sunt
1702 1535 1758 1582 et
1784 1542 1856 1582 ae-

273 1630 451 1675 terna.
485 1618 623 1684 Quid
654 1632 783 1686 ergo
826 1615 1113 1671 faciemus?
1148 1614 1241 1670 Vel
1280 1614 1461 1685 ignota
1488 1631 1761 1681 amemus,
1805 1624 1861 1671 et

273 1726 603 1782 quaeramus,
634 1725 701 1764 ne
743 1708 879 1764 forte
925 1709 978 1763 in
1019 1718 1335 1778 perpetuum
1378 1725 1441 1764 ea
1471 1710 1775 1778 ignoremus
1803 1720 1858 1765 et

1966 519 2069 575 hac
2104 520 2319 574 miseria
2350 519 2649 577 infelicius?
2693 524 2795 590 Qui
2839 541 3007 595 usque
3036 528 3105 581 ad
3143 531 3545 599 corruptionem

1965 618 2021 665 et
2066 611 2341 666 interitum
2370 623 2685 680 perpetuum
2734 615 2890 684 hujus
2927 617 3047 671 vita:
3097 634 3235 673 vana
3285 630 3543 678 sectatur.

1964 702 2104 758 Vere
2133 703 2323 758 melior
2348 704 2448 759 fuit
2473 705 2629 760 unius
2656 706 2802 760 horae
2832 708 3086 774 patientia
3110 748 3125 774 ,
3172 725 3330 779 quam
3356 715 3544 767 aeterni

1963 796 2221 864 temporis
2265 811 2385 850 sera
2420 797 2767 865 'pmuitentia.
2820 796 2971 853 Time
3018 813 3148 867 ergo
3189 801 3321 855 citra
3351 802 3546 857 coelum

1962 893 2235 951 mortem;
2286 886 2424 939 ultra
2456 886 2650 941 cmlum
2700 887 2875 955 ignem
2902 896 3192 955 aeternum;
3247 890 3352 946 hoc
3396 891 3545 960 quod

1962 974 2142 1039 vides,
2176 975 2305 1029 illud
2347 974 2491 1042 quod
2534 990 2641 1030 non
2685 974 2869 1042 vides,
2921 978 3015 1032 sed
3048 984 3225 1032 tamen
3253 980 3427 1034 credis
3453 982 3502 1034 ei
3526 1017 3543 1044 ,

1962 1063 2054 1133 qui
2100 1064 2244 1119 vidit.
2297 1066 2470 1122 Verax
2528 1069 2670 1124 enim
2727 1078 2811 1125 est
2859 1072 3115 1127 Dominus
3163 1080 3348 1127 noster
3393 1071 3548 1129 Iesus

1963 1152 2229 1224 Christus,
2259 1158 2345 1213 cui
2376 1160 2551 1215 honor
2596 1169 2650 1216 et
2677 1162 2849 1231 gloria
2890 1164 2944 1218 in
2975 1164 3166 1219 saecula
3203 1165 3545 1221 saeculorum.

1963 1242 2153 1299 Amen.

2484 1342 2895 1400 INSTRUCTIO
2932 1344 3020 1400 IV.

2063 1428 2213 1493 Quod
2240 1430 2291 1483 in
2314 1435 2562 1500 praesenti
2593 1436 2693 1515 vita
2724 1435 3086 1503 laborandum,
3112 1446 3168 1491 ut
3189 1439 3244 1492 iu
3272 1441 3448 1510 futura

2586 1521 2927 1569 quiescamus.

2033 1608 2070 1662 l.
2117 1608 2299 1664 Omnis
2328 1610 2627 1681 disciplina,
2663 1614 2815 1682 juxta
2841 1615 3161 1683 Apostolum
3183 1658 3200 1685 ,
3226 1635 3280 1671 tn
3307 1617 3546 1687 praesenti

1962 1700 2158 1753 videtur
2187 1717 2289 1754 non
2318 1718 2426 1754 esse
2454 1702 2654 1772 gaudii,
2685 1704 2776 1757 sed
2795 1708 3028 1761 maeroris
3051 1726 3067 1770 ;
3109 1716 3287 1777 postea
3318 1726 3434 1764 vero
3454 1712 3548 1780 ju-

272 1804 563 1874 perdamus
589 1820 603 1867 ;
654 1802 772 1858 sine
800 1816 962 1856 causa
992 1800 1137 1856 enim
1162 1810 1317 1856 natus
1344 1810 1446 1867 est,
1471 1803 1564 1872 qui
1613 1802 1701 1857 illa
1729 1818 1853 1873 per-

1975 1789 2183 1843 :nndum
2212 1793 2454 1861 fructum,
2499 1794 2859 1865 placidumque
2901 1798 3150 1852 mercedis
3174 1801 3319 1869 [eum
3359 1801 3437 1855 his
3462 1802 3549 1873 qui

276 1904 438 1965 petua
480 1901 535 1947 et
579 1892 632 1945 in
666 1896 993 1960 'perpetuum
1025 1889 1327 1961 ignorabit,
1362 1899 1416 1944 et
1461 1891 1549 1945 illa
1579 1901 1777 1946 :cterna
1808 1894 1861 1947 in

274 1992 538 2038 aeternum
565 1981 787 2035 nesciet.
811 1978 853 2033 Ο
877 1988 929 2033 te
951 1980 1205 2035 miserum
1228 1981 1528 2036 hominem!
1554 1981 1694 2052 quod
1718 1982 1864 2037 vides

276 2076 447 2131 debes
492 2073 645 2129 odire
670 2114 684 2135 ,
734 2082 788 2127 et
814 2072 961 2143 quod
997 2088 1179 2127 amare
1212 2082 1263 2128 te
1291 2075 1574 2139 convenit,
1625 2076 1859 2145 ignoras.

279 2166 534 2235 Loquens
563 2165 656 2219 tibi
684 2174 773 2218 tua
803 2168 911 2219 vita
932 2203 948 2229 ,
997 2165 1223 2220 irretiris
1246 2205 1262 2230 ,
1308 2166 1459 2233 velis,
1491 2166 1661 2235 nolis;
1711 2168 1766 2222 in
1813 2179 1866 2224 te

278 2256 448 2310 babes
476 2270 584 2323 quo
613 2253 935 2323 compeditis
960 2270 974 2319 ;
1022 2254 1076 2307 in
1118 2263 1169 2308 te
1200 2270 1305 2309 non
1355 2254 1521 2311 habes
1548 2271 1657 2325 quo
1684 2256 1863 2312 solve-

279 2348 381 2401 ris.
411 2344 710 2400 Cavebisne
740 2351 812 2409 te,
846 2343 1026 2411 miser,
1060 2344 1113 2397 in
1142 2351 1300 2414 teque
1327 2360 1394 2399 ne
1421 2345 1678 2410 conlides,
1714 2346 1804 2415 qui
1834 2362 1865 2401 a

279 2449 334 2493 te
365 2436 657 2507 laquearis,
690 2451 792 2491 nec
818 2450 847 2490 a
876 2444 929 2490 te
955 2436 1220 2492 solveris?
1249 2438 1433 2493 oculos
1468 2438 1670 2494 habens
1693 2455 1867 2496 cmcus

278 2529 486 2599 ligaris,
514 2528 792 2597 libensque
817 2526 977 2581 morti
1007 2527 1234 2582 duceris.

352 2644 443 2699 ιν.
487 2643 531 2698 0
561 2643 912 2699 intolerabilis
940 2645 1187 2700 (accitas!
1222 2662 1256 2701 ο
1285 2644 1440 2701 dolor
1466 2646 1867 2717 incomparabi-

276 2735 386 2792 lis!
420 2754 454 2791 ο
486 2735 843 2791 infelicissima
875 2736 1124 2791 miseria!
1177 2736 1278 2803 Qui
1320 2735 1463 2792 favet
1509 2738 1828 2793 adversariis
1850 2780 1864 2805 ,

277 2826 378 2896 qui
408 2826 639 2881 libenter
676 2841 734 2881 se
766 2826 928 2880 tradit
972 2827 1404 2896 persecutoribus
1450 2828 1550 2883 sibi
1594 2845 1869 2898 nunquam

280 2918 652 2988 parcentibus,
691 2919 782 2986 qui
811 2932 870 2973 se
901 2918 1239 2987 alligantibus
1265 2926 1320 2974 et
1347 2920 1509 2973 morti
1540 2920 1869 2975 tradentibus

280 3008 531 3078 gaudens
569 3009 856 3064 consentit.
904 3006 1035 3074 Quis
1078 3024 1312 3079 unquam
1365 3009 1516 3064 lmtus
1544 3010 1613 3064 ad
1641 3018 1868 3065 mortem

280 3100 502 3171 pergit?
549 3099 679 3166 Quis
704 3101 771 3155 ad
794 3099 1144 3169 jugulandum
1182 3102 1267 3155 vel
1295 3100 1668 3156 decollandum
1700 3102 1869 3157 libens

280 3196 537 3251 ducitur?
580 3194 671 3249 Vze
707 3194 819 3260 tibi,
868 3195 1102 3248 humana
1128 3194 1373 3250 miseria!
1430 3196 1633 3249 utinam
1664 3203 1867 3249 tantum

282 3285 609 3356 jugulareris
637 3284 721 3338 vel
750 3285 1110 3351 decollareris,
1141 3293 1196 3340 et
1222 3301 1330 3340 non
1372 3286 1423 3339 in
1454 3295 1715 3341 aeternum
1744 3302 1870 3341 cru-

282 3376 530 3432 ciareris.
560 3375 696 3442 Quid
726 3385 780 3430 te
806 3377 1015 3440 cmcius,
1052 3393 1085 3431 o
1120 3376 1314 3432 misera
1360 3377 1697 3433 humanitas!
1744 3376 1872 3445 Qua:

280 3470 369 3523 sic
394 3481 546 3521 erras
574 3465 757 3520 videns
780 3507 794 3531 ,
844 3465 971 3521 licet
994 3465 1144 3521 vides
1185 3478 1355 3535 usque
1383 3467 1449 3522 ad
1487 3468 1713 3533 caelum,
1763 3484 1872 3524 non

282 3559 428 3613 ultra
460 3575 476 3623 ;
514 3557 648 3612 citra
697 3557 890 3613 cmlum
917 3560 1060 3627 sapis
1084 3601 1100 3626 ,
1134 3548 1285 3614 ultra
1311 3561 1505 3616 caelum
1553 3577 1657 3615 non
1707 3563 1868 3633 sapis.

283 3651 434 3707 Dura
460 3650 1118 3719 inoomprchensibilisque
1143 3652 1460 3719 ignorantia,
1489 3654 1609 3723 quis
1631 3654 1723 3708 tibi
1750 3670 1872 3707 nar-

284 3742 433 3799 rabit
454 3742 853 3796 inenarrabilia‘t
868 3740 1052 3795 Infelix
1074 3741 1398 3807 humanitas,
1420 3745 1547 3812 quid
1571 3745 1662 3799 tibi
1678 3745 1873 3800 subve-

208 3882 223 3899 ,
284 3837 445 3891 niet?
474 3835 610 3891 Audi
634 3835 763 3905 quid
782 3836 1007 3905 Sapiens
1031 3837 1167 3891 dixit
1199 3855 1211 3891 :
1241 3837 1337 3892 Cui
1366 3855 1535 3909 pauca
1576 3856 1683 3895 non
1721 3842 1871 3896 suill-

286 3929 465 3987 ciunt,
490 3929 636 3994 plura
661 3943 767 3983 non
790 3930 1099 3999 proderunt.
1130 3930 1358 3998 Audisti,
1383 3933 1562 3999 credo,
1593 3934 1872 3989 Dominum

283 4020 347 4074 in
368 4017 655 4087 Evangelia
684 4019 949 4075 dicentem
978 4036 993 4073 :
1045 4018 1127 4075 Ite
1158 4023 1415 4077 maledicti
1443 4026 1499 4077 in
1524 4026 1692 4096 ignem
1718 4034 1872 4080 teter-

284 4125 415 4161 um
443 4107 657 4178 (Matth.
695 4124 823 4175 xxv,
848 4109 938 4179 41)
965 4127 979 4175 ;
1011 4120 1066 4164 et
1103 4120 1323 4182 propter
1344 4115 1492 4183 quid,
1528 4116 1653 4182 scis,
1685 4117 1792 4172 itur
1820 4119 1874 4172 in

286 4201 472 4268 ignem
496 4238 512 4264 ,
564 4202 728 4256 miser
756 4202 939 4258 homo.
968 4202 1097 4259 Esto
1144 4206 1491 4276 misericors;
1536 4208 1673 4264 forte
1702 4225 1734 4265 a
1765 4211 1874 4266 tilio

286 4293 608 4362 perditionis
631 4302 686 4348 te
706 4294 785 4349 sic
808 4294 1125 4350 abstrahere
1147 4299 1348 4366 poteris
1376 4315 1389 4352 :
1419 4315 1487 4355 ne
1516 4315 1705 4370 parcas
1730 4302 1873 4368 cibo,

288 4401 362 4439 ne
404 4386 576 4453 fragili
603 4400 796 4454 parcas
827 4387 1146 4441 vestimento
1168 4428 1182 4451 ,
1230 4404 1299 4443 ne
1336 4389 1431 4443 tibi
1464 4398 1551 4445 tua
1582 4393 1872 4461 praeferas;

289 4477 411 4546 plus
444 4484 499 4531 te
544 4493 695 4531 ames
738 4492 895 4546 quam
946 4487 1070 4544 tua;
1122 4480 1241 4548 plus
1269 4482 1499 4536 animam
1525 4524 1540 4548 ,
1589 4501 1748 4553 quam
1788 4502 1876 4540 res

286 4578 410 4622 tuas
440 4584 453 4620 :
486 4576 660 4622 tumet
685 4570 827 4623 enim
860 4577 1063 4624 tantum
1087 4586 1146 4626 es
1172 4573 1353 4638 miser,
1399 4584 1453 4629 ct
1480 4592 1583 4629 non
1614 4584 1716 4630 tua:
1747 4593 1833 4632 res
1860 4596 1873 4632 :

287 4658 411 4728 plus
449 4666 621 4713 temet
663 4674 845 4714 amare
892 4661 1055 4715 debes
1099 4677 1259 4730 quam
1309 4665 1501 4719 aliena.
1553 4665 1690 4731 Quid
1733 4668 1875 4722 enim

286 4757 439 4803 tuum
470 4758 574 4813 est,
623 4760 815 4819 praeter
843 4751 1112 4806 animam?
1155 4752 1275 4807 Noli
1315 4770 1442 4823 ergo
1472 4758 1701 4810 animam
1732 4768 1878 4814 tuam

282 4840 522 4911 perdere
572 4855 671 4907 pro
703 4841 890 4895 nihilo.
939 4841 1018 4895 Ne
1067 4858 1257 4912 parcas
1298 4846 1532 4910 caducis,
1580 4864 1648 4903 ne
1675 4859 1877 4906 interna

282 4930 520 5001 perdas;
577 4929 810 4985 alienum
840 4931 937 4985 tibi
986 4940 1130 4986 totus
1158 4935 1388 4990 mundus
1415 4945 1497 4991 est
1523 4955 1536 5002 ;
1586 4940 1676 5007 qui
1707 4942 1879 4997 nudus

281 5031 473 5085 natus,
508 5021 682 5077 nudus
712 5024 956 5091 sepeliris
1000 5025 1341 5099 [sepelieris].
1385 5027 1429 5079 0
1472 5028 1882 5087 irremediabilis

280 5112 567 5167 dementia
596 5114 609 5165 !
660 5114 788 5184 quid
815 5115 1048 5169 alienum
1077 5117 1336 5172 caducum
1376 5127 1524 5174 tanto
1549 5136 1732 5177 amore
1759 5123 1881 5179 dlli-

274 5202 399 5271 gis,
431 5212 761 5258 utmternum
784 5206 1054 5274 proprium
1078 5207 1130 5261 in
1152 5216 1407 5264 a:ternum
1436 5212 1670 5279 perdas?
1695 5212 1881 5283 Cogita

278 5298 482 5362 itaque
512 5305 772 5361 mortem,
802 5311 933 5365 qua:
989 5298 1146 5353 tinem
1190 5300 1282 5355 dat
1310 5304 1492 5357 mundi
1520 5304 1883 5363 voluntatibus

278 5381 488 5456 {Forte
524 5386 940 5459 voluptatibus],
990 5398 1046 5445 et
1073 5392 1193 5447 vide
1238 5408 1344 5462 quo
1397 5412 1608 5452 amoena
1660 5399 1882 5455 divitum

274 5476 434 5531 abiit
461 5476 664 5532 laetitia.
683 5479 882 5547 Luxus,
900 5483 1075 5551 jocus,
1108 5485 1292 5555 libido,
1313 5487 1518 5543 luxuria
1541 5493 1879 5560 conticuere;

276 5576 365 5625 et
388 5569 615 5626 cadaver
644 5573 867 5638 nudum,
898 5579 1171 5633 vermibus
1192 5587 1245 5634 et
1271 5584 1558 5651 putredine
1585 5586 1883 5642 dissolven-

271 5658 453 5725 dum,
486 5661 641 5718 limus
666 5665 922 5735 suscepit,
954 5668 1251 5724 miserrima
1268 5673 1455 5727 .anima
1481 5678 1654 5744 pmuis
1671 5682 1885 5735 aeternis

1963 1899 2053 1948 per
2080 1898 2193 1935 eam
2243 1885 2510 1937 exercitati
2538 1894 2676 1951 sunt,
2719 1887 2897 1940 reddet
2941 1887 3128 1959 (Hebr.
3181 1906 3272 1955 xu,
3304 1890 3382 1960 2).
3410 1891 3548 1957 Quid

1963 1973 2106 2026 enim
2153 1988 2341 2027 revera
2392 1974 2480 2028 hic
2509 1976 2625 2030 sine
2653 1991 2886 2032 mmrore
2924 1978 3007 2033 vel
3035 1979 3220 2034 labore
3246 1981 3467 2035 discitur
3496 1982 3549 2036 iu

1964 2069 2206 2130 tempore
2250 2063 2335 2116 vel
2384 2064 2635 2118 maximae
2676 2065 2985 2123 stoliditatis
3014 2075 3071 2122 et
3112 2067 3417 2137 fragilitatis
3445 2084 3546 2124 no-

1962 2155 2125 2209 stne?
2154 2153 2210 2207 Si
2240 2169 2369 2209 vero
2399 2156 2715 2225 temporalia
2752 2157 3154 2228 disciplinarum
3180 2173 3377 2228 genera
3410 2176 3551 2231 pra:-

1966 2248 2132 2303 sentis
2159 2247 2338 2316 gaudii
2384 2248 2706 2304 suavitatem
2750 2250 3009 2316 adimunt,
3042 2250 3173 2319 quid
3204 2252 3271 2307 de
3307 2252 3412 2307 hac
3447 2268 3550 2308 no.

1965 2345 2089 2392 strae
2131 2337 2324 2393 schol-.e
2361 2338 2639 2409 disciplina
2691 2342 3015 2411 sperandum
3062 2345 3180 2398 est?
3229 2343 3359 2411 Qua:
3388 2346 3549 2401 etiam

1965 2429 2243 2499 disciplina
2272 2430 2673 2500 disciplinarum
2713 2440 2817 2496 est,
2847 2446 3073 2501 quaeque
3121 2434 3307 2488 mterni
3336 2444 3552 2503 tempo-

1966 2519 2041 2573 ris
2065 2519 2478 2589 jucunditatem,
2509 2527 2565 2574 et
2588 2520 2774 2574 aeterni
2804 2520 2981 2589 gaudii
3011 2522 3377 2577 ammnitatem
3408 2537 3547 2592 prato

1966 2612 2105 2667 senti
2145 2626 2379 2667 maerore
2415 2620 2711 2681 comparat.
2761 2610 2916 2678 Quod
2956 2612 3097 2667 enim
3146 2622 3228 2668 est
3264 2612 3555 2684 disciplina:

1968 2715 2135 2770 genus
2164 2700 2307 2770 quod
2336 2700 2703 2769 castigationis
2740 2716 2972 2756 interore
3010 2703 3236 2756 careat?
3283 2702 3553 2769 Quantum

1971 2793 2205 2848 tristitia:
2230 2792 2317 2848 vel
2364 2792 2613 2848 mmroris
2661 2793 2716 2846 in
2763 2790 3006 2848 artiﬁciis
3051 2792 3324 2849 fabrilibus
3372 2795 3557 2850 inest?

1972 2882 2242 2949 Quantum
2272 2882 2518 2937 laboris?
2548 2881 2818 2948 Quantum
2850 2884 3125 2939 industria:
3152 2884 3556 2951 fabricantibus.

1970 2972 2060 3027 vel
2103 2972 2267 3027 etiam
2315 2971 2704 3026 aedificantibus
2734 2972 3022 3027 imminet?
3068 2972 3293 3039 Quantis
3320 2976 3557 3031 verberi-

1971 3064 2073 3119 bus
2099 3104 2114 3128 ,
2153 3063 2347 3133 quibus
2398 3062 2675 3117 doloribus
2722 3064 3046 3117 musicarum
3087 3064 3354 3121 discentes
3382 3074 3406 3101 α
3458 3067 3560 3121 im-

1898 3155 1944 3218 C
1974 3157 2254 3212 buuntur?
2284 3154 2574 3222 Quantisve
2604 3154 3024 3224 fatigationibus,
3060 3156 3145 3211 vel
3172 3158 3387 3226 quantis
3422 3172 3559 3214 mm-

1974 3248 2185 3304 roribus
2238 3245 2571 3301 medicorum
2628 3244 2875 3314 discipuli
2930 3247 3236 3301 vexantur?
3303 3232 3577 3313 Qualibus

1972 3354 2104 3396 vero
2132 3336 2585 3409 inquietudinibus
2612 3336 2887 3407 sapientia:
2917 3344 3189 3391 amatores
3213 3375 3228 3401 ,
3270 3337 3353 3392 vel
3380 3353 3558 3407 quan-

1960 3430 2043 3485 ‘tis
2091 3426 2423 3499 paupertatis
2469 3426 2727 3493 angustiis
2770 3426 3127 3495 philosophici
3185 3427 3288 3499 [An
3325 3428 3563 3495 philoso-

1973 3519 2131 3592 pbi?]
2170 3518 2544 3573 coarctantur?
2588 3515 2868 3570 Postremo
2914 3517 3131 3585 quantis
3172 3518 3424 3586 periculis
3461 3532 3561 3586 gu-

1972 3609 2263 3666 bernacula
2299 3607 2669 3676 appetuntur?
2701 3606 2757 3659 In
2788 3606 2982 3673 quibus
3006 3606 3256 3661 omnibus
3287 3615 3410 3677 post
3436 3609 3562 3664 licet

1973 3700 2441 3757 innumerabilium
2496 3697 2831 3754 miseriarum
2880 3697 3133 3762 labores,
3186 3699 3561 3768 pacatissimo:

1975 3791 2094 3847 ﬁnis
2123 3790 2391 3861 patienter
2421 3796 2785 3859 exspectatur,
2825 3787 2979 3857 cujus
3007 3789 3436 3846 consideratione
3460 3806 3560 3847 su—

1972 3898 2071 3955 pra
2095 3882 2250 3938 dictte
2278 3881 2608 3936 calamitates
2630 3917 2647 3943 ,
2693 3875 2823 3934 licet
2846 3895 2954 3933 non
2985 3879 3102 3935 sine
3131 3895 3363 3937 maerore
3385 3919 3403 3950 ,
3432 3882 3561 3939 licet

1975 3989 2099 4030 cum
2123 3974 2291 4029 multa
2318 3970 2672 4027 amaritudine
2694 4008 2710 4033 ,
2761 3969 3078 4024 tolerantur.
3107 3968 3317 4025 Etenim
3361 3972 3405 4027 si
3435 3987 3560 4029 cum

1976 4080 2212 4121 maerore
2254 4062 2533 4132 disciplina
2586 4062 2913 4124 comitatur,
2956 4060 3077 4116 linis
3121 4069 3301 4115 tamen
3344 4062 3461 4131 ejus
3506 4062 3559 4123 in

1977 4154 2159 4209 laetitia
2189 4153 2316 4222 agit,
2344 4164 2400 4206 et
2429 4151 2580 4206 labor
2605 4150 2656 4204 in
2680 4150 2973 4204 securitate
2995 4158 3263 4218 versatur,
3285 4158 3341 4204 et
3369 4151 3560 4206 mirum

1977 4245 2033 4299 in
2060 4245 2280 4300 modum
2307 4258 2406 4313 pro
2446 4242 2629 4297 laetitia
2660 4241 2895 4305 tristitia,
2926 4255 3025 4309 pro
3052 4240 3318 4295 suavitate
3357 4243 3558 4298 amari-

1978 4336 2131 4402 tudo,
2168 4352 2266 4406 pro
2311 4335 2600 4391 securitate
2647 4333 2837 4398 labor,
2880 4348 2979 4402 pro
3024 4334 3205 4402 quiete
3248 4335 3563 4406 inquietudo

1981 4426 2369 4496 patientissime
2400 4424 2678 4479 toleratur.
2725 4422 2874 4477 Licet
2902 4422 3045 4477 enim
3084 4424 3370 4492 ignorant,
3422 4427 3467 4482 si
3496 4427 3564 4481 ad

1909 4524 1957 4583 l)
1981 4519 2239 4588 cujusque
2265 4516 2558 4582 disciplima
2584 4514 2745 4568 tinem
2775 4514 3113 4583 perveniant,
3144 4523 3324 4571 tamen
3352 4518 3434 4573 vel
3465 4534 3565 4589 pro

1982 4612 2185 4666 incerta
2213 4624 2309 4679 spe
2338 4606 2498 4662 futuri
2529 4605 2708 4674 gaudii
2740 4614 3055 4673 praesentem
3085 4623 3373 4663 maerorem
3404 4612 3566 4666 susti-

1985 4708 2135 4766 nent,
2166 4714 2276 4753 non
2304 4705 2661 4766 aspernantur
2688 4694 2871 4766 [Forte
2893 4696 3158 4752 sustinere
3182 4714 3288 4752 non
3314 4697 3484 4769 asp.],
3514 4708 3569 4756 et

1983 4790 2109 4843 dum
2154 4788 2394 4841 laborem
2425 4783 2609 4857 [Forte
2635 4782 2904 4854 laborant]
2953 4801 3059 4839 non
3106 4788 3370 4855 segniter,
3421 4804 3568 4843 asse-

1985 4891 2240 4951 quuntur.
2272 4877 2404 4944 Quis
2424 4877 2566 4930 enim
2596 4892 2779 4931 eorum
2802 4885 2981 4933 certus
3006 4886 3107 4941 est,
3138 4878 3182 4933 si
3210 4878 3293 4931 vel
3318 4879 3569 4947 magister

1989 4972 2130 5025 illius
2156 4983 2389 5036 unquam
2414 4964 2597 5039 [Forte
2624 4963 2808 5036 etiam]
2836 4966 3127 5036 disciplinae
3149 4967 3300 5035 cujus
3328 4969 3566 5023 laborem

1989 5062 2250 5122 sustinet,
2299 5058 2507 5112 futurus
2533 5057 2639 5111 sit?
2687 5054 2780 5111 Vel
2822 5057 2865 5111 si
2911 5058 3069 5125 hujus
3112 5057 3287 5125 gaudii
3333 5073 3430 5128 pro
3456 5072 3567 5126 quo

1988 5166 2278 5209 maerorem
2310 5148 2524 5208 tolerat,
2555 5146 2821 5215 particeps
2850 5148 3108 5201 exsistet?

2060 5240 2123 5294 ll.
2168 5238 2318 5305 Quod
2366 5238 2411 5292 si
2459 5237 2641 5305 itaque
2687 5251 2786 5303 pro
2823 5236 3205 5305 temporalibus
3255 5245 3306 5291 et
3350 5238 3568 5292 incertis

1993 5337 2137 5382 tanta
2168 5336 2223 5382 et
2252 5328 2375 5381 talia
2407 5326 2803 5394 infatigabiliter
2827 5325 3147 5390 tolerantur,
3188 5326 3315 5393 quid
3352 5342 3450 5381 nos
3470 5343 3570 5397 pro

1980 5419 2194 5474 mternis
2214 5428 2268 5473 et
2294 5418 2440 5473 veris
2463 5417 2727 5487 certisque
2753 5416 3018 5471 sustinere
3039 5414 3310 5480 debemus,
3340 5432 3570 5488 quorum

1982 5511 2103 5565 linis
2123 5519 2356 5566 mtcrnus
2382 5511 2507 5564 est?
2554 5507 2762 5563 Etenim
2792 5510 2833 5562 si
2868 5509 3126 5562 incertum
3153 5516 3234 5561 est
3264 5509 3403 5578 apud
3434 5519 3569 5565 tem-

1983 5599 2247 5668 poralium
2278 5599 2677 5667 disciplinarum
2705 5598 3067 5667 appetitores,
3094 5606 3297 5665 quanto
3328 5608 3571 5671 tempore

1985 5687 2178 5758 adepta
2203 5687 2481 5757 disciplina
2507 5687 2610 5741 frui
2640 5688 2718 5741 eis
2758 5686 2971 5751 licebit;
3005 5686 3148 5740 nulla
3180 5697 3359 5745 tamen
3387 5693 3567 5761 segni-

386 5788 409 5816 ⁸
435 5778 754 5838 Musicarum
795 5784 1062 5847 discentes.
1089 5786 1247 5847 Forte
1277 5793 1620 5867 musicorum,
1666 5807 1723 5855 ut
1763 5816 1884 5856 mox
1922 5805 2252 5861 medicorum.
2289 5804 2553 5861 Discentes
2583 5820 2730 5873 vero,
2774 5806 2825 5862 id
2851 5815 2931 5865 est
2959 5808 3219 5876 discipuli.
