3978 6182
397 346 504 404 9.39

1626 334 1681 389 S.
1724 332 2111 389 COLUMBANI
2153 330 2444 390 ABBATIS

3565 343 3668 402 ’ΞΞο

401 462 477 516 tia
502 471 622 513 eam
649 451 905 524 sequendi
937 449 1048 522 [An
1077 447 1395 518 assequendi
1421 447 1464 519 ?]
1494 447 1862 503 dissolvuntur
1889 468 1903 513 -,
1931 456 1986 501 et
2016 451 2063 508 Α
2091 447 2352 502 seriarum
2399 446 2719 502 maeroribus
2763 445 3070 516 repleamur
3091 489 3105 512 ,
3153 448 3278 503 licet
3326 458 3665 518 peccatorum

400 552 477 607 sic
503 545 788 618 dupliciter
830 541 987 598 nobis
1027 540 1172 595 dubii
1219 540 1604 609 pertinaciores
1644 547 1811 593 sunt:
1852 539 1978 608 quia

399 640 446 697 si
472 638 542 693 ad
563 634 853 705 disciplinae
881 631 1042 686 tinem
1081 631 1434 700 perveniant,
1475 637 1532 684 ut
1555 629 1662 683 dixi
1687 670 1704 696 ,
1749 628 1935 684 incerti
1960 667 1976 693 ,

401 746 498 804 pro
520 731 644 786 vitae
661 728 867 785 scilicet
895 727 1102 781 incerto
1131 732 1188 780 et
1212 739 1400 780 sensus
1425 723 1753 790 stoliditate;
1785 724 1981 778 nihilo~

403 825 580 881 minus
608 822 803 892 adepta
825 819 1104 889 disciplina
1135 818 1311 872 denuo
1341 816 1607 884 dubitant,
1630 831 1789 886 quam
1824 815 1982 883 longe

399 917 590 974 eadem
632 920 893 969 utantur:
925 918 1130 980 quanto
1175 909 1318 964 enim
1368 907 1556 964 incerti
1585 908 1652 962 de
1697 905 1976 977 profectu,

402 1013 554 1061 tanto
590 1003 722 1060 certi
771 1000 839 1057 de
878 999 1170 1054 amittenda
1220 998 1272 1052 in
1316 999 1463 1052 brevi
1509 997 1789 1067 disciplina
1837 1005 1980 1051 sunt.

401 1095 742 1168 Temporalia
763 1106 916 1163 ergo,
945 1100 1004 1146 ut
1031 1091 1282 1156 diximus,
1316 1089 1512 1156 studia,
1543 1097 1598 1142 et
1623 1087 1882 1144 defectiva
1902 1087 1984 1142 in-

402 1188 582 1258 genia,
610 1199 871 1241 maerores
915 1198 980 1237 ac
1009 1180 1282 1246 tristitias,
1331 1179 1604 1248 angustias
1638 1194 1703 1233 ac
1731 1179 1942 1234 labores
1963 1218 1980 1245 ,

402 1280 640 1353 pericula
669 1292 732 1331 ac
756 1273 1232 1346 peregrinationes,
1263 1271 1486 1339 injurias
1526 1285 1590 1325 ac
1617 1269 1983 1339 fatigationes,

402 1384 525 1426 cum
553 1366 764 1437 quidem
793 1362 934 1433 apud
963 1361 1080 1416 illos
1102 1368 1314 1416 constat
1357 1361 1563 1414 incerta
1592 1374 1709 1415 esse
1737 1368 1792 1414 et
1820 1359 1984 1430 fragi-

403 1460 472 1516 lia
500 1459 614 1514 liaec
649 1472 748 1528 pro
775 1455 968 1524 quibus
1013 1461 1174 1507 tantae
1217 1451 1549 1507 calamitates
1577 1459 1982 1517 sustentantur,

405 1554 638 1610 tolerant
669 1558 868 1605 nostrae
892 1547 1089 1603 scholae
1112 1544 1391 1614 disciplina
1416 1543 1461 1599 si
1488 1543 1859 1599 tribulationes
1887 1544 1985 1597 ha-

404 1645 548 1709 beat,
578 1643 622 1698 si
651 1639 942 1702 molestias,
991 1636 1037 1691 si
1066 1649 1360 1701 maerores,
1399 1632 1443 1686 si
1473 1632 1856 1688 amaritudines
1886 1633 1980 1686 ha-

404 1738 548 1802 beat,
574 1733 874 1796 mirabitur,
903 1727 1150 1799 fugienda
1177 1725 1486 1797 putabitur?
1515 1724 1702 1779 Nonne
1728 1724 1845 1780 sine
1873 1724 1982 1778 dis-

2081 547 2388 592 nostrorum
2444 539 2746 608 frequentia
2807 539 3116 606 tristemur;
3194 541 3419 595 victoria
3486 549 3668 600 tamen

2082 641 2434 702 utrorumque
2462 632 2700 688 liberalis
2728 632 2914 686 laetitia
2955 641 3010 687 et
3039 633 3218 688 nobile
3245 633 3500 702 gaudium
3539 645 3624 691 est
3651 661 3664 698 ε

2082 732 2138 778 et
2165 724 2292 780 licet
2320 740 2419 794 pro
2445 733 2689 794 tempore
2716 725 3120 794 pe-regrinemur
3147 741 3178 779 a
3210 724 3459 790 Domino,
3488 735 3546 781 ut
3573 743 3673 799 pro

2081 813 2259 868 brevis
2287 815 2544 883 temporis
2591 814 2733 869 bello
2784 815 2837 868 in
2885 823 3146 870 aeternum
3193 831 3550 885 coronemur;
3592 821 3672 874 ni-

2082 903 2246 956 mium
2279 903 2456 958 tristes
2485 918 2605 958 esse
2651 919 2757 958 non
2791 903 3080 968 debemus,
3131 905 3363 960 scientes
3388 921 3517 961 mox
3557 921 3676 964 esse

2084 992 2152 1046 ad
2183 991 2350 1047 Deum
2381 1008 2480 1048 nos
2513 993 2685 1048 ituros
2708 1033 2726 1060 ,
2774 1001 2829 1048 et
2857 1008 2977 1048 cum
3007 1008 3075 1048 eo
3099 1009 3317 1064 semper
3343 1010 3629 1052 mansuros
3656 1014 3672 1052 :

2085 1083 2153 1138 ad
2179 1084 2282 1139 hoc
2303 1084 2444 1139 enim
2477 1100 2576 1140 nos
2605 1091 2826 1150 creavit,
2858 1091 2915 1139 ut
2942 1099 3063 1139 cum
3092 1100 3159 1140 eo
3183 1099 3398 1155 semper
3437 1099 3674 1154 regnan-

2087 1184 2167 1232 tes
2209 1176 2264 1230 in
2309 1176 2506 1231 saecula
2547 1175 2887 1241 saeculorum,
2939 1175 3254 1243 laudemus,
3307 1184 3360 1230 et
3401 1177 3600 1245 gratias
3626 1179 3676 1234 ci

2086 1281 2246 1337 agere
2269 1281 2696 1337 perseveremus.
2721 1265 2846 1322 llaec
2865 1279 2994 1334 ergo
3023 1267 3257 1324 scientes
3291 1268 3452 1324 nullis
3473 1269 3676 1325 labori~

2084 1355 2207 1422 bus,
2237 1356 2397 1412 nuliis
2425 1357 2858 1412 tribulationibus
2885 1357 3200 1433 deficiamus
3220 1397 3236 1424 ,
3278 1357 3438 1414 nullis
3472 1374 3670 1414 moero-

2087 1445 2233 1500 ribus
2250 1446 2547 1513 vincamur,
2579 1445 2737 1501 nullis
2780 1445 2935 1502 bellis
2981 1445 3284 1514 fatigemur,
3338 1447 3496 1504 nullis
3519 1448 3688 1504 disci-

2087 1535 2352 1606 plinarum
2372 1535 2735 1591 anxietatibus
2753 1536 3128 1600 destituamur,
3160 1536 3321 1592 nullis
3340 1553 3554 1593 rursum
3581 1538 3682 1593 de-

2089 1625 2228 1681 lciis
2248 1626 2629 1691 dissolvamur,
2660 1627 2822 1682 nullis
2840 1626 3115 1683 blanditiis
3139 1628 3486 1698 decipiamur,
3519 1639 3590 1694 et,
3620 1646 3694 1689 ut

2090 1716 2333 1788 Apostoli
2384 1733 2520 1773 voce
2560 1718 2802 1774 dicamus
2845 1717 3022 1783 (Rom.
3078 1734 3190 1786 vui,
3223 1719 3310 1785 58,
3359 1719 3470 1793 59),
3503 1721 3688 1777 nullus

361 1810 379 1825 ’
405 1828 600 1898 ciplina
630 1825 806 1894 aliqua
835 1819 1071 1893 perfecta
1096 1818 1448 1888 magistratio,
1481 1824 1538 1871 ut
1568 1817 1744 1884 aliqua
1782 1817 1983 1870 malitia
2021 1823 2065 1882 Β
2092 1821 2209 1873 nos,
2242 1807 2372 1862 nihil
2400 1822 2500 1863 nos
2525 1821 2556 1862 a
2585 1807 2785 1863 Christi
2814 1807 3076 1864 charitate
3098 1818 3314 1878 separet
3338 1827 3354 1878 ;
3402 1811 3550 1865 nulla
3582 1815 3680 1866 tri-

405 1919 558 1994 [Leg.
604 1916 804 1971 videtur
849 1910 1058 1982 militia]
1112 1908 1319 1979 acquiri
1365 1907 1696 1977 impossibile
1725 1907 1838 1961 est?
1884 1907 1991 1962 Aut

405 2007 680 2078 disciplina
709 2005 826 2060 sine
854 2000 1208 2056 amaritudine
1238 1997 1456 2068 adipisci
1480 1997 1680 2066 queat?
1716 1995 1850 2066 Cum
1876 1996 1990 2051 haec

408 2114 539 2169 ergo
568 2100 640 2154 ita
669 2113 729 2154 se
757 2095 1038 2159 habeant,
1071 2106 1434 2162 praeparemus
1463 2089 1696 2143 animum
1721 2129 1737 2154 ,
1789 2104 1894 2142 non
1924 2087 1992 2141 ad

410 2191 646 2248 laetitiam
671 2229 686 2254 ,
717 2203 825 2244 non
855 2185 922 2240 ad
950 2183 1292 2239 securitatem
1317 2223 1331 2248 ,
1365 2189 1424 2236 ut
1449 2179 1674 2252 Sapiens
1712 2177 1896 2249 (Eccli.
1931 2194 1988 2242 ιι,

407 2283 462 2354 l)
492 2283 605 2347 ait,
636 2279 731 2336 sed
759 2277 826 2333 ad
854 2275 1178 2332 tentationes
1201 2279 1256 2326 et
1289 2269 1662 2326 tribulationes
1686 2309 1701 2336 ,
1724 2268 1790 2322 ad
1821 2269 1989 2323 tristi-

407 2375 511 2430 tias
535 2379 698 2443 atque
723 2369 955 2424 labores.
981 2364 1222 2421 Christus
1249 2359 1531 2416 tribulatus
1558 2367 1658 2422 est,
1686 2357 1989 2428 injuriatus,

405 2462 840 2526 cuntumeliatus,
882 2472 1074 2529 passus
1099 2461 1216 2520 est;
1259 2460 1316 2507 tu
1362 2451 1416 2506 in
1460 2459 1602 2505 terra
1647 2449 1989 2504 securitatem

406 2555 602 2629 putas?
653 2551 792 2610 Vide
847 2559 902 2606 et
957 2547 1194 2617 intelligo
1242 2559 1404 2614 quam
1450 2541 1665 2598 difﬁcile
1717 2549 1802 2596 est
1849 2540 1990 2596 vinci

405 2646 593 2720 [Forte
611 2637 848 2711 vincere]
877 2638 1151 2701 saeculum,
1175 2635 1301 2691 dum
1333 2649 1439 2688 non
1465 2633 1640 2699 aliter,
1672 2632 1771 2687 nisi
1794 2631 1989 2686 Christi

411 2741 590 2791 morte
617 2739 834 2786 sanctus
861 2727 932 2782 de
969 2741 1036 2782 eo
1064 2725 1361 2780 liberatur:
1395 2723 1455 2778 Si
1481 2725 1564 2776 vix
1587 2723 1760 2793 justus
1788 2724 1862 2776 sic
1885 2721 1994 2776 sal-

408 2832 572 2887 tatur,
601 2828 840 2892 peccator
865 2826 914 2872 et
941 2815 1128 2886 impius
1155 2813 1239 2866 ubi
1266 2811 1464 2884 parebit
1499 2810 1555 2878 (I
1573 2812 1712 2866 I'etr.
1742 2827 1811 2878 tv,
1854 2810 1992 2880 18)?

406 2912 545 2969 Audi
571 2910 857 2966 Dominum
877 2907 1144 2962 dicentem
1173 2903 1446 2974 discipulis
1478 2920 1490 2956 :
1525 2902 1592 2956 In
1622 2903 1814 2957 mundo
1841 2919 1990 2972 pres-

408 3023 584 3064 wram
612 3003 862 3059 habebitis
893 2999 1074 3072 (Joan.
1098 3013 1208 3066 xvr,
1237 2997 1348 3065 3'5).
1391 2994 1456 3049 Et
1486 2996 1675 3050 iterum
1706 3013 1720 3050 :
1757 2994 1861 3050 Vos
1895 3011 1991 3048 au-

409 3113 507 3158 tem
533 3099 720 3171 ﬂebitis
749 3106 800 3161 et
819 3092 1073 3167 lugebitis,
1101 3089 1320 3146 mundus
1343 3099 1514 3144 autem
1543 3087 1802 3160 gaudebit,
1834 3097 1884 3143 et
1904 3103 1990 3142 vos

407 3194 578 3248 tristes
605 3191 748 3244 eritis
778 3186 962 3258 (lbid.,
985 3183 1075 3256 20)

479 3282 564 3337 ιιι.
604 3280 740 3336 Vide
789 3290 1079 3333 maerorem
1116 3273 1409 3342 disciplinae
1463 3279 1699 3337 nostrae;
1755 3271 1994 3342 intellige

408 3372 553 3443 quod
579 3386 686 3426 non
706 3369 774 3425 de
801 3367 982 3422 laetitia
1006 3363 1075 3419 ad
1105 3364 1338 3418 laetitiam
1364 3401 1379 3428 ,
1420 3375 1595 3430 neque
1616 3361 1685 3417 de
1704 3363 1996 3418 securitate

412 3461 482 3518 ad
511 3460 877 3522 securitatem,
909 3455 1004 3510 sed
1032 3453 1100 3509 de
1128 3453 1270 3508 luctu
1299 3451 1365 3506 ad
1395 3452 1632 3506 laetitiam
1657 3489 1676 3519 ,
1714 3467 1778 3507 ac
1801 3451 1870 3508 de
1897 3453 1994 3506 tri-

350 3561 353 3568 '
410 3550 684 3607 bulatione
725 3547 793 3602 ad
838 3543 1181 3602 securitatem
1222 3542 1500 3596 transitur.
1547 3539 1823 3596 Patienter
1866 3554 1996 3610 ergo

411 3640 719 3698 tulerandus
746 3646 830 3694 est
878 3636 1055 3692 brevis
1083 3649 1286 3690 mmror
1309 3674 1324 3699 ,
1356 3640 1417 3687 ut
1443 3641 1646 3688 aeterna
1688 3631 1997 3700 acquiratur

410 3735 626 3798 laetitia;
677 3740 734 3788 et
776 3731 892 3786 leve
930 3726 1285 3784 tribulationis
1315 3733 1512 3781 nostrae
1557 3741 1678 3780 cum
1717 3723 1998 3779 alacritate

408 3825 777 3886 sustinendum
805 3829 921 3884 est,
952 3829 1012 3894 ut
1038 3829 1292 3879 aeternam
1323 3817 1595 3872 immensae
1618 3817 1800 3886 gloriae
1831 3818 1992 3872 vitam

409 3913 892 3988 apprehendamus.
920 3909 977 3964 Si
1004 3909 1148 3963 enim
1177 3923 1280 3977 pro
1309 3905 1528 3961 caducis
1558 3905 1722 3960 rebus
1747 3906 1862 3960 haec
1894 3906 1911 3978 (
1939 3914 1997 3960 ut

409 4011 642 4065 diximus
667 4002 939 4076 persaepe)
963 4001 1209 4056 accidunt
1232 4007 1286 4054 et
1321 4013 1430 4053 non
1459 3999 1710 4063 vincunt,
1743 3997 1869 4066 quid
1897 4014 1997 4053 nos

411 4113 702 4171 regnorum
725 4094 1024 4153 caelestium
1059 4090 1424 4160 negotiatores
1452 4087 1717 4158 fatigabit,
1761 4098 1853 4142 aut
1879 4090 1996 4142 vin-

408 4193 540 4250 cet?
587 4191 758 4247 Nullis
804 4188 938 4245 laetis
984 4187 1068 4242 vel
1107 4183 1374 4249 tristibus,
1425 4181 1636 4236 blandis
1677 4181 1762 4236 vel
1812 4181 1999 4237 amicis

410 4283 605 4339 cedere
633 4281 892 4336 debemus
921 4297 933 4331 :
975 4278 1216 4346 utrisque
1245 4275 1387 4329 enim
1415 4272 1647 4329 mundus
1675 4272 1867 4344 plenus
1893 4283 1994 4339 est,

409 4383 466 4430 et
492 4382 717 4444 utraque
745 4371 854 4428 dux
881 4371 1006 4427 belli
1029 4367 1200 4426 nostri
1230 4366 1410 4422 vincit.
1442 4364 1514 4420 Et
1539 4365 1818 4422 videamus
1833 4380 1996 4437 quam

412 4463 713 4532 periculose
764 4460 1070 4516 immundus
1119 4459 1264 4515 cedit
1311 4458 1394 4513 his
1441 4457 1636 4527 quibus
1683 4457 1914 4514 mundus
1943 4467 1996 4512 et

2091 1898 2318 1963 bulatio,
2363 1898 2506 1953 nulla
2534 1898 2817 1969 angustia,
2867 1900 3012 1955 nulla
3059 1902 3383 1969 persecutio,
3428 1903 3572 1957 nulla
3602 1903 3680 1957 fa—

2092 2004 2226 2054 mes,
2255 1989 2399 2044 nulla
2421 1989 2655 2052 nuditas,
2683 1989 2888 2044 nullum
2917 1991 3236 2060 periculum,
3262 1992 3408 2046 nulla
3432 1993 3516 2048 vel
3539 2009 3692 2052 mors

2093 2078 2271 2146 gladii,
2301 2078 2460 2146 ignis,
2487 2079 2678 2144 crucis,
2719 2080 2906 2146 necis;
2941 2079 3073 2135 nihil
3105 2083 3277 2148 triste,
3310 2083 3442 2136 nihil
3467 2098 3640 2139 suave
3664 2126 3680 2149 ,

2092 2169 2223 2223 nihil
2254 2169 2478 2234 durum,
2531 2170 2662 2225 nihil
2709 2170 2989 2241 blandum,
3033 2173 3164 2227 nihil
3202 2175 3386 2229 mundi
3437 2191 3689 2232 verorum

2095 2260 2282 2332 [Forte
2305 2261 2587 2334 vanorum]
2621 2279 2719 2320 nos
2747 2280 2777 2319 a
2813 2262 3030 2322 Christo
3073 2277 3308 2337 separet,
3341 2275 3400 2323 ut
3439 2271 3489 2324 ei
3518 2271 3605 2328 hic
3633 2281 3690 2327 et

2093 2353 2146 2408 in
2167 2363 2369 2410 aeterna
2392 2356 2589 2412 saecula
2621 2356 2922 2413 hmreamus
2943 2358 3291 2415 saeculorum.
3321 2361 3513 2418 Amen.

2651 2449 3147 2543 thmucrtov.

2097 2599 2246 2667 Quod
2296 2615 2524 2670 presens
2579 2601 2682 2655 vita
2724 2617 2829 2657 non
2875 2602 2944 2656 sit
3004 2602 3224 2657 dicenda
3277 2607 3420 2671 vita,
3465 2607 3556 2660 sed
3583 2607 3691 2664 via.

2163 2735 2204 2790 l.
2237 2733 2280 2788 0
2309 2742 2388 2801 tu,
2417 2735 2546 2804 vita,
2575 2743 2808 2804 quantos
2835 2734 3113 2806 deeepisti,
3145 2744 3378 2806 quantos
3405 2737 3692 2806 seduxisti,

2091 2833 2322 2896 quantos
2349 2824 2659 2880 excaecasti!
2688 2839 2808 2895 qua:
2836 2824 2962 2880 dum
2990 2825 3149 2904 iugis.
3183 2825 3313 2880 nihil
3339 2840 3427 2892 es,
3457 2827 3583 2882 dum
3609 2829 3695 2884 vi-

2093 2917 2236 2973 deris
2251 2958 2268 2986 ,
2290 2916 2479 2972 umbra
2507 2931 2594 2982 es;
2618 2915 2743 2970 dum
2775 2916 3030 2971 exaltaris
3051 2959 3069 2984 ,
3099 2917 3274 2973 fumus
3295 2932 3381 2986 es;
3409 2933 3528 2988 quae
3552 2934 3699 2990 quo-

2095 3006 2222 3062 tidie
2250 3005 2425 3074 fugis,
2483 3012 2540 3061 et
2563 3004 2804 3073 quotidie
2831 3005 3011 3071 venis;
3065 3005 3332 3062 veniendo
3352 3006 3518 3076 fugis,
3574 3023 3700 3078 quae

2094 3096 2348 3165 fugiendo
2379 3095 2528 3151 venis
2555 3111 2570 3160 ;
2603 3094 2880 3152 dissimilis
2909 3106 3106 3151 eventu
3125 3136 3140 3163 ,
3179 3096 3370 3152 similis
3396 3107 3551 3165 ortu;
3579 3099 3696 3154 dis-

2018 3199 2064 3262 c
2095 3185 2281 3242 similis
2339 3186 2507 3252 luxu;
2561 3184 2750 3240 similis
2799 3183 2976 3252 ﬂuxu;
3033 3185 3202 3242 dulcis
3248 3187 3454 3256 stultis,
3509 3202 3702 3244 amara

2098 3276 2448 3348 sapientibus.
2505 3274 2608 3343 Qui
2636 3284 2688 3332 te
2716 3286 2928 3341 amant,
2961 3291 3067 3332 non
3098 3284 3152 3332 te
3180 3278 3356 3333 sciunt
3381 3295 3395 3345 ;
3440 3290 3496 3334 et
3519 3280 3614 3348 qui
3645 3289 3703 3336 te

2097 3376 2485 3433 contemnunt,
2517 3368 2617 3438 ipsi
2655 3376 2709 3422 te
2737 3367 3061 3438 intelligunt.
3093 3366 3234 3438 Ergo
3265 3384 3370 3425 non
3400 3385 3462 3426 es
3485 3385 3652 3426 verax
3681 3411 3704 3439 ,

2095 3461 2191 3517 sed
2222 3461 2420 3516 fallax:
2454 3469 2508 3515 te
2545 3459 2784 3516 ostendis
2816 3470 3070 3531 tanquam
3114 3475 3331 3527 veram,
3382 3470 3436 3517 te
3479 3463 3707 3519 reducis

2097 3561 2351 3623 tanquam
2395 3551 2657 3608 fallacem.
2690 3551 2827 3619 Quid
2875 3567 3005 3622 ergo
3033 3568 3111 3617 es,
3159 3552 3388 3608 humana
3421 3554 3568 3609 vita?
3596 3553 3702 3610 Via

2100 3661 2158 3701 es
2187 3645 2534 3712 mortalium,
2565 3655 2622 3700 et
2647 3660 2754 3700 non
2796 3645 2944 3710 vita;
2987 3639 3033 3698 a'
3063 3653 3287 3713 peccato
3312 3645 3574 3712 incipiens
3601 3662 3702 3702 us-

2097 3750 2202 3805 que
2229 3734 2297 3789 ad
2330 3744 2596 3799 mortem;
2647 3749 2774 3790 vera
2826 3735 2970 3790 enim
3017 3749 3164 3791 esses
3216 3735 3263 3790 si
3315 3744 3368 3791 te
3413 3745 3703 3805 peccatum

2100 3828 2284 3898 primae
2316 3828 2756 3896 transgressionis
2783 3827 3028 3883 humanae
3058 3843 3166 3884 non
3211 3829 3606 3899 interrupisset,
3641 3841 3703 3888 et

2099 3927 2228 3975 tunc
2257 3930 2280 3957 ο
2305 3920 2638 3975 cassabunda
2667 3929 2724 3975 et
2753 3921 2995 3976 mortalis
3023 3920 3284 3978 deveniin
3308 3963 3324 3989 ,
3356 3938 3476 3978 cum
3507 3938 3706 3980 omnes

2102 4019 2224 4066 tuos
2250 4010 2486 4066 viatores
2513 4010 2677 4065 morti
2705 4011 3008 4080 assignasti.
3040 4011 3137 4068 Via
3165 4027 3296 4083 ergo
3318 4027 3377 4067 cs
3407 4013 3474 4067 ad
3501 4015 3702 4085 vitam,

2100 4112 2155 4157 et
2183 4117 2289 4158 non
2320 4103 2430 4158 vita
2463 4119 2475 4156 ε
2508 4117 2637 4158 vera
2662 4102 2802 4158 enim
2833 4118 2941 4158 non
2969 4117 3059 4170 es;
3091 4104 3176 4160 via
3195 4147 3212 4173 ,
3241 4105 3337 4160 sed
3362 4120 3472 4160 non
3512 4105 3694 4175 plana,

2101 4189 2219 4244 aliis
2241 4189 2431 4258 longa,
2465 4190 2583 4245 aliis
2603 4191 2811 4257 brevis,
2842 4191 2960 4246 aliis
2985 4191 3091 4247 lata
3110 4233 3126 4260 ,
3151 4193 3270 4249 aliis
3298 4202 3548 4264 angusta,
3575 4195 3702 4252 aliis

2103 4279 2260 4344 laeta;
2292 4279 2410 4334 aliis
2433 4279 2629 4345 tristis,
2659 4279 2907 4336 omnibus
2941 4279 3187 4337 similiter
3213 4281 3472 4338 festinans
3497 4323 3514 4351 ,
3541 4291 3596 4337 et
3623 4283 3704 4339 ir-

2102 4371 2439 4426 ιενοοιιιὶιίε.
2465 4370 2564 4425 Via
2593 4386 2673 4437 es,
2697 4371 2936 4440 inquam,
2975 4371 3061 4426 via
3081 4387 3162 4438 es,
3181 4374 3409 4429 sed-non
3446 4373 3703 4429 omnibus

2102 4461 2382 4517 manifesta
2411 4477 2511 4517 es:
2560 4462 2713 4516 multi
2757 4463 2900 4518 enim
2944 4471 3000 4519 te
3045 4463 3268 4530 vident;
3316 4472 3373 4518 et
3431 4465 3588 4534 pauci
3639 4475 3698 4520 te

411 4553 786 4608 immaculatus
832 4567 939 4607 non
968 4551 1130 4607 cessit
1173 4568 1188 4604 :
1237 4565 1358 4606 cum
1390 4550 1608 4605 Christo
1647 4549 1996 4619 respiciamus
2025 4571 2073 4629 ι)
2101 4553 2244 4607 viam
2271 4566 2390 4608 esse
2411 4551 2732 4622 intelligunt.
2758 4551 2851 4608 Sic
2884 4553 3026 4608 enim
3053 4552 3264 4610 subtilis
3291 4569 3350 4610 es
3369 4563 3424 4610 et
3443 4554 3522 4610 sic
3541 4554 3703 4611 sedu-

410 4643 593 4700 mundi
640 4644 908 4707 honores,
949 4652 1004 4699 et
1045 4644 1242 4699 diaboli
1287 4656 1449 4711 regna
1489 4659 1608 4698 cum
1649 4643 1794 4697 omni
1825 4642 1992 4711 gloria

410 4750 619 4792 eorum.
653 4732 919 4802 Quidquid
956 4733 1154 4788 diaboli
1199 4743 1282 4789 est
1330 4733 1680 4802 dedignemur
1707 4734 1951 4804 accipere
1974 4777 1989 4800 ,

410 4828 569 4898 eique
595 4827 772 4882 brevis
802 4825 996 4880 laetitiae
1023 4825 1131 4894 regi
1159 4825 1400 4880 dicamus
1430 4843 1443 4877 :
1480 4823 1588 4877 Tua
1615 4826 1718 4878 sint
1749 4835 1907 4879 tecum
1938 4827 1991 4878 in

409 4918 694 4988 perditione
741 4917 876 4988 (Act.
927 4931 1038 4980 vm,
1094 4914 1226 4986 20):
1280 4915 1459 4972 tristes
1503 4917 1670 4972 simus
1712 4932 1878 4985 usque
1925 4917 1992 4970 ad

410 5023 642 5072 mortem
671 5029 791 5070 cum
821 5011 1058 5076 Christo,
1091 5017 1148 5065 ut
1179 5008 1390 5063 tristitia
1437 5017 1620 5062 nostra
1647 5009 1699 5062 in
1739 5007 1989 5076 gaudium

410 5113 774 5162 convertatur.
825 5103 1020 5158 Rideat
1054 5101 1282 5158 mundus
1324 5115 1446 5156 cum
1493 5098 1709 5154 diabolo
1751 5117 1762 5151 :
1796 5098 1934 5154 absit
1961 5113 1993 5152 a

415 5197 570 5254 nobis
597 5212 782 5253 eorum
822 5195 1004 5250 laetitia
1032 5213 1044 5247 :
1095 5194 1140 5248 si
1165 5193 1414 5248 volumus
1443 5192 1674 5259 gaudere
1705 5205 1878 5254 nunc,
1926 5206 1994 5244 ex

412 5299 565 5363 parte
587 5289 912 5360 gaudeamus
941 5289 992 5342 in
1022 5301 1118 5358 spe
1141 5325 1155 5351 ,
1181 5299 1367 5341 verum
1398 5283 1648 5352 gaudium
1678 5291 1863 5350 postea
1895 5281 1992 5336 ha-

413 5382 575 5440 bituri
606 5383 658 5437 in
686 5397 777 5449 re;
811 5382 990 5436 tristes
1019 5396 1116 5450 pro
1143 5376 1376 5449 peccatis
1405 5375 1620 5438 nostris,
1651 5372 1755 5426 laeti
1779 5382 1996 5442 propter

411 5489 564 5546 spem
584 5474 704 5529 vitae
725 5481 938 5528 aeternae
963 5489 974 5537 ;
1010 5471 1186 5524 tristes
1206 5475 1424 5538 propter
1449 5464 1646 5519 Christi
1676 5463 1990 5527 absentiam,

421 5568 742 5623 exsultantes
775 5565 1050 5632 similiter,
1097 5563 1219 5632 quia
1249 5560 1477 5627 legimus
1507 5576 1519 5610 :
1558 5555 1854 5609 Videbimus
1882 5572 1994 5608 eum

419 5653 564 5711 sicuti
587 5664 661 5709 est
691 5653 745 5722 (1
771 5653 930 5709 Ιοαη.
965 5669 1039 5718 ιιι,
1070 5650 1146 5721 2).
1183 5648 1334 5705 Licet
1362 5646 1505 5704 enim
1537 5645 1874 5716 praesentium
1900 5647 1998 5700 mi-

2108 4645 2246 4701 ctrix
2270 4684 2285 4710 ,
2328 4654 2387 4700 ut
2413 4660 2708 4714 paucorum
2736 4644 2805 4699 sit
2843 4653 2898 4699 te
2934 4643 3073 4700 scire
3116 4645 3280 4700 viam.
3309 4645 3701 4716 lnterroganda

2099 4753 2229 4808 ergo
2259 4755 2346 4803 es,
2387 4747 2443 4794 et
2470 4754 2579 4794 non
2628 4736 2917 4803 credenda,
2966 4753 3068 4794 nec
3111 4738 3476 4808 vendicanda;
3524 4750 3708 4796 trans-

2099 4829 2304 4898 eunda,
2338 4845 2447 4886 non
2480 4828 2797 4892 habitanda,
2831 4830 3026 4884 misera
3059 4829 3294 4885 humana
3322 4832 3471 4887 vita:
3517 4832 3700 4888 nullus

2097 4922 2240 4975 enim
2264 4923 2318 4976 in
2345 4921 2430 4977 via
2455 4920 2686 4989 habitat,
2718 4920 2812 4975 sed
2867 4920 3140 4988 ambulat;
3192 4930 3248 4976 ut
3289 4923 3379 4992 qui
3419 4923 3699 4980 ambulant

2098 5014 2151 5068 in
2173 5014 2256 5067 via
2282 5054 2297 5081 ,
2325 5012 2564 5067 habitent
2595 5011 2648 5065 in
2677 5011 2869 5081 patria.

2166 5103 2227 5157 ll.
2254 5103 2430 5170 Quare
2454 5116 2583 5170 ergo
2608 5110 2683 5168 tu,
2709 5101 2952 5157 mortalis
2975 5102 3105 5170 vita,
3129 5102 3406 5171 habitaris,
3433 5102 3696 5172 diligeris,

2095 5191 2417 5249 vindicaris?
2439 5192 2684 5264 Diligeris
2709 5233 2728 5261 ,
2783 5193 3071 5249 vindicaris
3100 5209 3130 5249 a
3176 5193 3354 5249 stultis
3389 5203 3445 5250 et
3471 5209 3503 5248 a
3525 5193 3700 5263 perdi-

2096 5284 2190 5350 tis,
2221 5284 2581 5339 contemneris
2625 5297 2657 5336 a
2701 5283 2957 5345 sensatis,
2986 5284 3190 5339 caveris
3216 5298 3247 5338 a
3269 5283 3557 5339 salvandis.
3601 5282 3699 5338 Ti—

2097 5377 2293 5431 menda
2319 5377 2496 5446 itaque
2520 5390 2599 5444 es,
2629 5375 2861 5430 humana
2887 5375 2993 5430 vita
3013 5416 3027 5441 ,
3061 5383 3116 5431 et
3159 5373 3385 5430 multum
3415 5373 3653 5431 cavenda
3680 5413 3700 5440 ,

2099 5484 2218 5537 qua:
2243 5469 2320 5524 sic
2346 5467 2564 5538 fugitiva
2587 5482 2644 5522 es
2666 5508 2682 5533 ,
2729 5467 2807 5522 sic
2827 5466 3035 5522 lubrica
3059 5507 3074 5533 ,
3120 5466 3200 5522 sic
3255 5465 3583 5536 periculosa,
3614 5463 3700 5520 sic

2100 5557 2276 5613 brevis
2293 5600 2308 5624 ,
2335 5559 2411 5613 sic
2439 5559 2639 5613 incerta
2665 5599 2682 5624 ,
2709 5565 2768 5611 ut
2788 5556 2940 5626 quasi
2965 5557 3150 5612 umbra
3172 5597 3187 5624 ,
3231 5564 3325 5612 aut
3372 5555 3569 5625 imago,
3600 5565 3702 5612 aut

2103 5651 2311 5719 nubes,
2343 5659 2436 5708 aut
2477 5650 2647 5720 nihil,
2695 5659 2788 5707 aut
2834 5651 2996 5710 inane
3037 5650 3367 5709 dissolveris.
3401 5649 3534 5708 Dum
3561 5658 3703 5719 ergo

488 5798 520 5830 α
551 5791 888 5849 εαεεαὸιιηάα
918 5791 1101 5860 Forte,
1129 5791 1426 5846 casabtmda
1458 5790 1724 5858 :caduca,
1750 5791 1972 5861 lubrica,
2015 5789 2297 5850 instabilis.
