3978 6182
290 380 387 439 ΞΗ

1210 384 1740 440 ΙΝΞΤΙῖὶῚΟῘΙΟΝΕΞ
1777 385 2008 442 ΥΛΙὶΙλΕ
2047 388 2198 445 SHE
2236 392 2614 449 SERMONES.

3450 398 3553 454 242

293 500 417 556 nihil
446 513 533 566 es,
555 512 588 553 0
609 497 849 552 mortalis
875 497 1005 564 vita,
1037 498 1153 553 sive
1182 501 1380 568 imago,
1407 500 1627 569 fugitiva
1651 510 1708 555 ut
1735 502 1868 568 avis,
1901 508 1947 563 Α
1977 518 2304 576 quaecunque
2334 517 2632 575 mutantur,
2662 511 2746 565 vel
2792 515 3063 581 quomodo
3109 520 3414 577 mutantur,
3444 528 3553 569 non

293 600 349 646 ut
375 590 545 644 nubes
576 588 777 643 incerta
802 630 817 655 ,
851 600 905 644 et
931 588 1130 658 fragilis
1158 599 1215 645 ut
1244 594 1451 657 umbra,
1485 602 1543 648 ut
1581 595 1871 663 somnium,

290 683 366 737 sic
395 697 493 750 per
518 689 570 737 te
600 682 702 735 iter
726 681 991 751 agendum
1021 690 1123 747 est,
1146 692 1254 738 tam
1285 684 1535 754 sollicite,
1561 695 1666 740 tam
1696 696 1871 752 caute,

290 784 397 828 tam
425 774 705 844 expedite,
735 783 793 827 ut
819 774 1085 829 viatorum
1117 791 1269 832 more
1313 777 1383 832 ad
1429 794 1610 835 veram
1642 783 1873 851 patriam

288 879 312 906 ιι
343 870 595 925 omnibus
625 870 1047 939 intelligentibus
1075 870 1435 929 festinandum
1468 876 1555 929 sit.
1590 876 1664 931 De
1706 886 1875 933 trans-

288 976 413 1020 acto
453 976 708 1029 securus,
764 965 831 1019 de
878 980 944 1019 eo
988 964 1133 1034 quod
1180 975 1347 1022 restat
1391 965 1703 1022 sollicitus:
1744 968 1873 1024 nihil

285 1058 429 1114 enim
464 1059 557 1113 tibi
587 1058 810 1128 prodest
843 1057 1165 1123 ascendere,
1212 1058 1356 1126 quod
1404 1059 1739 1125 ascenderis,
1770 1061 1873 1116 nisi

285 1149 428 1219 quod
461 1157 648 1213 restat,
681 1150 914 1204 evaseris
947 1166 960 1201 :
994 1149 1076 1203 via
1124 1149 1267 1204 enim
1296 1158 1348 1205 et
1377 1165 1630 1208 ascensus
1656 1154 1872 1221 quidam

285 1242 521 1313 putanda
550 1250 633 1297 est
662 1242 744 1296 via
774 1240 963 1313 [Forte
1007 1241 1135 1313 vita]
1184 1242 1317 1298 btnc.
1368 1244 1445 1299 Ne
1490 1260 1790 1313 quaeramus
1819 1248 1872 1301 in

284 1334 369 1387 via
397 1333 543 1402 quod
571 1334 624 1388 in
654 1335 826 1404 patria
862 1334 1095 1389 futurum
1126 1343 1208 1390 est
1240 1353 1253 1389 :
1286 1337 1439 1392 labor
1482 1338 1623 1393 enim
1654 1350 1708 1393 et
1754 1338 1875 1395 fatis

283 1424 429 1490 gatio
462 1424 512 1477 in
543 1424 735 1479 itinere
762 1431 1036 1488 versatur,
1069 1427 1119 1479 in
1147 1428 1323 1496 patria
1349 1430 1559 1497 requies
1584 1438 1638 1485 et
1666 1432 1871 1486 securi-

284 1523 365 1570 tas
388 1523 627 1585 paratur.
662 1515 970 1571 Cavendum
998 1524 1080 1571 est
1109 1518 1288 1588 itaque
1318 1520 1492 1581 nobis,
1524 1536 1589 1576 ne
1617 1522 1753 1576 forte
1780 1538 1874 1592 per

284 1606 426 1658 viam
455 1607 631 1659 securi
680 1607 875 1674 simus,
928 1615 984 1661 et
1034 1606 1103 1661 ad
1132 1624 1308 1663 veram
1360 1619 1598 1665 nostram
1645 1614 1871 1683 patriam

286 1712 391 1750 non
445 1698 842 1765 perveniamus.
916 1697 1055 1753 Sunt
1102 1700 1244 1753 enim
1296 1717 1480 1756 revera
1530 1704 1770 1758 nonnulli
1820 1704 1871 1759 in

283 1788 389 1841 hoc
420 1786 613 1841 itinere
635 1786 866 1854 desides,
893 1789 1089 1855 securi,
1126 1790 1290 1856 lividi,
1320 1801 1377 1845 ut
1400 1810 1504 1847 non
1539 1804 1646 1848 tam
1679 1796 1732 1849 in
1763 1798 1866 1861 via,

280 1893 444 1947 quam
478 1880 528 1933 in
560 1880 734 1948 patria
764 1895 882 1935 esse
929 1881 1218 1937 videantur
1248 1901 1258 1935 :
1293 1892 1347 1937 et
1392 1900 1497 1938 non
1527 1894 1633 1939 tam
1683 1888 1859 1943 volun-

1977 1884 2074 1923 nos
2118 1879 2197 1936 te,
2244 1887 2312 1927 ne
2358 1888 2457 1928 nos
2496 1874 2760 1945 decipies,
2804 1875 3070 1945 fugiamus
3122 1893 3135 1929 :

283 1972 438 2034 tarii,
486 1988 646 2041 quam
702 1972 852 2027 inviti
900 1985 1029 2029 eunt
1074 1974 1139 2029 ad
1180 1976 1433 2046 patriam,
1483 1979 1727 2034 nimirum
1762 1981 1871 2050 jam

279 2065 568 2134 perditam.
627 2063 725 2120 llic
761 2065 902 2119 enim
939 2066 990 2121 in
1022 2068 1105 2122 via
1130 2070 1319 2135 prmusi
1344 2079 1467 2125 sunt
1489 2073 1693 2140 patria,
1725 2083 1778 2127 et
1807 2076 1873 2130 de

282 2154 430 2207 brevi
488 2153 597 2208 vita
646 2162 901 2209 aeternam
949 2167 1177 2212 mortem
1207 2160 1428 2214 mercati
1456 2170 1598 2216 sunt.
1631 2161 1872 2220 Infelices

279 2244 345 2299 de
374 2245 635 2300 frustrato
662 2248 992 2302 commercio
1024 2248 1129 2302 laeti
1156 2258 1309 2317 sunt,
1360 2253 1533 2306 a'iena
1560 2253 1762 2310 caduca
1792 2256 1871 2309 di-

280 2336 552 2404 lexerunt,
584 2348 633 2391 et
668 2339 885 2409 propria
915 2348 1115 2395 aeterna
1140 2342 1506 2411 neglexerunt.
1533 2344 1874 2418 Quapropter

279 2427 528 2494 quamvis
571 2428 676 2481 sint
727 2429 883 2495 lauta,
932 2433 1174 2499 quamvis
1221 2432 1411 2487 blanda
1438 2476 1452 2500 ,
1494 2438 1737 2504 quamvis
1764 2439 1870 2492 sint

275 2516 546 2584 speciosa,
573 2517 747 2572 aliena
774 2528 986 2574 terrena
1014 2522 1333 2589 devitemus,
1354 2532 1410 2576 ut
1433 2526 1646 2594 pr0pria
1669 2535 1867 2583 acterna

280 2620 381 2658 non
414 2605 746 2675 perdamus:
783 2608 967 2665 fideles
996 2627 1047 2664 ιη
1095 2611 1283 2666 alienis
1314 2614 1680 2681 inveniamur,
1712 2627 1769 2671 ut
1816 2619 1867 2675 in

280 2696 510 2764 propriis
538 2711 603 2751 ac
646 2699 844 2753 nostris
871 2699 1109 2756 hacredes
1137 2700 1458 2770 efficiamur,
1499 2706 1735 2762 donante
1762 2709 1839 2765 Do
1852 2743 1867 2752 η-

277 2787 421 2840 mino
448 2797 637 2843 nostro
660 2788 786 2845 Iesu
815 2789 1029 2846 Christo
1049 2832 1064 2859 ,
1097 2794 1181 2848 (cui
1212 2794 1378 2862 gloria
1404 2796 1456 2851 in
1479 2797 1671 2854 saecula
1703 2815 1867 2855 saecu-

278 2881 468 2936 lorum.
501 2883 693 2939 Amen.

810 2979 1219 3038 INSTRUCTIO
1241 2983 1328 3040 vr.
1400 3066 1407 3071 .

487 3067 803 3127 Prwsentem
834 3074 988 3127 vitam
1016 3075 1237 3129 similem
1280 3067 1407 3131 esse.
1435 3079 1647 3135 umbrae.

341 3157 382 3213 l.
414 3158 662 3216 Donante
697 3162 921 3219 Domino
951 3164 1018 3221 de
1046 3165 1274 3219 humana
1298 3167 1405 3221 vita
1437 3168 1688 3233 diximus,
1719 3173 1863 3240 quod

1978 594 2134 649 video
2160 613 2174 661 ;
2206 605 2259 651 et
2289 604 2455 652 totam
2481 600 2639 654 simul
2674 600 2726 655 in
2757 616 2861 656 uno
2889 603 3052 656 vitam
3080 617 3254 657 meam
3281 617 3557 671 nunquam

1980 685 2158 741 videre
2187 703 2401 755 possum
2428 707 2441 753 ;
2473 697 2527 745 et
2555 691 2696 759 quod
2728 692 2842 749 heri
2877 691 2984 757 fui,
3032 692 3192 747 hodie
3235 708 3343 747 non
3394 708 3552 758 sum;

1976 793 2052 833 sxc
2098 780 2241 849 quod
2287 782 2446 836 hodie
2492 800 2651 852 sum,
2699 800 2819 841 cras
2861 800 2967 840 non
2997 798 3119 851 ero;
3161 794 3216 839 et
3242 785 3318 840 sic
3341 786 3558 856 semper

1976 869 2187 924 mobilis
2212 879 2268 926 et
2301 873 2657 931 mutabundus
2685 890 2782 944 per
2808 883 3003 930 extera
3048 874 3169 928 vita:
3213 889 3343 929 meae
3383 875 3555 945 spatia

1976 975 2095 1027 ero,
2128 969 2185 1015 ut
2208 963 2274 1018 de
2304 975 2576 1020 momento
2605 966 2656 1020 in
2686 974 3014 1021 momentum
3034 1004 3049 1029 ,
3081 965 3150 1019 de
3184 967 3469 1022 momentis
3497 965 3552 1020 in

1976 1052 2153 1119 horas,
2177 1054 2243 1109 de
2271 1055 2418 1113 horis
2446 1057 2499 1110 in
2526 1056 2667 1125 dies,
2696 1073 2818 1113 eum
2839 1056 3056 1111 incertis
3081 1056 3254 1111 aetatis
3275 1070 3406 1110 meae
3432 1070 3556 1125 spa-

1978 1145 2063 1199 tiis
2092 1162 2405 1201 concurram
2433 1147 2500 1202 ad
2526 1159 2785 1212 mortem,
2836 1157 2895 1203 ut
2942 1149 3015 1203 ibi
3063 1147 3273 1202 videam
3318 1155 3465 1201 certa
3504 1154 3560 1201 et

1974 1252 2132 1301 vera,
2162 1245 2215 1291 et
2246 1245 2355 1293 tota
2383 1238 2537 1294 simul
2570 1239 2621 1293 in
2670 1254 2810 1307 uno,
2841 1238 2982 1307 quod
3006 1238 3101 1317 hic
3134 1237 3265 1292 mihi
3310 1236 3560 1307 impossi-

1974 1325 2081 1379 bile
2127 1334 2227 1380 est.

2045 1413 2108 1467 ll.
2147 1414 2191 1469 Ο
2220 1431 2305 1471 me
2334 1417 2619 1473 miserum!
2651 1418 2695 1473 si
2725 1419 2796 1474 ibi
2823 1419 2988 1474 vitam
3027 1434 3133 1475 non
3162 1420 3366 1486 videro,
3397 1433 3559 1489 quam

1976 1519 2246 1573 nunquam
2274 1520 2453 1560 veram
2478 1509 2665 1573 video;
2692 1524 2874 1563 veram
2905 1510 3047 1564 enim
3076 1525 3195 1565 esse
3224 1511 3295 1565 ibi
3317 1526 3434 1564 eam
3465 1525 3560 1564 ne-

1974 1608 2124 1648 cesse
2153 1604 2266 1660 est,
2299 1598 2389 1652 ubi
2415 1600 2689 1653 aeternitas
2735 1601 2863 1669 agit.
2892 1600 3039 1671 Fuge
3061 1615 3210 1669 ergo,
3243 1602 3384 1670 fuge,
3419 1617 3451 1656 ο
3478 1610 3556 1666 ιιι,

1974 1684 2097 1738 vitae
2128 1688 2367 1740 mortalis
2396 1689 2619 1755 umbra;
2650 1688 2770 1758 fuge
2798 1699 2853 1745 tu
2877 1707 3007 1757 nos,
3033 1700 3087 1745 et
3117 1707 3213 1745 nos
3242 1700 3295 1746 te
3321 1710 3334 1745 :
3359 1700 3413 1745 tu
3439 1690 3559 1759 fuge

1977 1787 2033 1829 ut
2062 1776 2224 1845 facis;
2252 1793 2467 1849 semper
2491 1781 2634 1835 enim
2660 1781 2815 1852 fugis,
2841 1792 2898 1837 ut
2920 1784 3027 1838 cito
3054 1799 3181 1838 vera
3206 1784 3311 1837 vita
3342 1784 3521 1838 veniat
3541 1776 3586 1836 ε’

3190 1877 3371 1931 tardos
3417 1876 3558 1930 enim

1975 1959 2184 2015 blandis
2213 1962 2461 2033 decipere
2487 1967 2630 2021 soles
2668 1967 3080 2037 impedimentis.
3113 1966 3257 2035 Fuge
3279 2007 3293 2030 ,
3322 1966 3559 2034 inquam,

1973 2062 2028 2107 et
2068 2052 2259 2109 festina
2306 2071 2423 2123 quae
2476 2057 2674 2111 multos
2719 2058 3009 2123 seduxisti,
3048 2066 3104 2113 et
3158 2073 3255 2112 nos
3301 2057 3559 2111 seducere

1972 2144 2171 2210 instas,
2199 2154 2254 2203 et
2283 2149 2416 2204 alios
2445 2158 2569 2219 post
2616 2166 2715 2207 nos
2755 2151 3016 2216 deduCes,
3051 2160 3105 2207 et
3141 2150 3300 2205 morti
3330 2151 3559 2220 assigna-

1972 2237 2072 2295 bis.
2122 2239 2167 2293 υ
2216 2255 2375 2309 quam
2406 2257 2545 2297 caeca
2593 2257 2652 2299 es
2699 2252 2970 2313 tu,quam
3011 2244 3306 2310 seducens,
3353 2244 3557 2299 incerta

1973 2331 2106 2384 vita!
2141 2347 2228 2387 me
2249 2341 2558 2404 exspectas,
2583 2343 2644 2388 ut
2671 2336 2879 2405 rapias;
2907 2350 2994 2391 me
3023 2350 3283 2405 provocas
3302 2376 3319 2403 ,
3346 2343 3403 2389 ut
3429 2349 3555 2388 sua-
3592 2337 3603 2351 '

1970 2420 2130 2484 deas;
2163 2437 2249 2477 me
2278 2438 2456 2492 rogas,
2489 2432 2548 2479 ut
2569 2424 2823 2491 seducas;
2855 2440 2940 2480 me
2968 2426 3181 2489 suades,
3212 2435 3271 2479 ut
3299 2425 3553 2495 decipias.

1969 2511 2100 2577 Quis
2127 2522 2234 2567 tam
2278 2516 2533 2585 insipiens
2581 2526 2688 2583 est,
2722 2525 2780 2572 ut
2822 2526 2874 2572 te
2922 2516 3139 2581 credat,
3189 2532 3308 2587 quae
3353 2515 3557 2586 decipis

1969 2615 2232 2673 amantes,
2262 2615 2317 2661 et
2342 2609 2552 2665 seducis
2580 2608 2898 2664 credentes?
2925 2607 3023 2677 Qui
3055 2608 3195 2664 enim
3226 2617 3280 2663 te
3309 2607 3556 2677 diligunt,

1968 2694 2181 2765 decepti
2210 2706 2361 2764 sunt;
2394 2707 2449 2753 et
2494 2700 2583 2769 qui
2634 2708 2687 2756 te
2719 2700 2974 2765 credunt,
3023 2699 3230 2757 seducti
3273 2706 3435 2754 sunt:
3466 2700 3555 2768 qui

1968 2795 2148 2840 autem
2174 2796 2225 2842 te
2251 2788 2560 2859 negligunt,
2597 2791 2748 2846 ditati
2778 2798 2931 2857 sunt;
2981 2800 3036 2845 et
3086 2792 3179 2859 qui
3226 2802 3279 2845 te
3324 2790 3551 2859 tugiunt,

1968 2879 2154 2934 salvati
2183 2890 2324 2937 sunt.
2350 2882 2515 2938 Deum
2544 2893 2816 2954 quaerunt,
2848 2900 2939 2954 qut
2967 2892 3017 2938 te
3046 2892 3420 2939 contemnunt.
3457 2882 3553 2935 Fu-

1968 2970 2173 3039 giamus
2202 2972 2383 3040 itaque
2411 2988 2508 3026 nos
2538 2982 2620 3039 te,
2652 2982 2942 3041 antequam
2976 2981 3033 3026 tu
3063 2987 3161 3027 nos
3199 2990 3211 3025 :
3240 2980 3297 3027 et
3323 2971 3448 3042 quia
3475 2970 3553 3026 sic

1971 3059 2243 3127 mortalis,
2273 3059 2449 3114 brevis
2473 3102 2485 3126 ,
2517 3062 2717 3115 caduca
2739 3103 2754 3129 ,
2777 3062 2979 3139 incerta
2999 3103 3013 3129 ,
3044 3062 3337 3129 ins'abilis,
3376 3062 3553 3117 mobi-

1969 3148 2063 3216 lis,
2124 3151 2421 3217 mutabilis,
2463 3154 2829 3208 convertibilis
2885 3169 2977 3220 es;
3028 3170 3126 3212 nos
3178 3154 3273 3209 Dei
3322 3164 3380 3210 et
3431 3156 3551 3210 vitae

275 3247 368 3301 viae
398 3248 696 3306 similitudo
721 3260 819 3317 est,
854 3254 904 3306 in
934 3270 1036 3323 qua
1065 3256 1431 3325 unusquisque
1452 3258 1554 3313 iter
1574 3261 1639 3314 ad
1662 3270 1859 3318 aeterna

1970 3250 2182 3298 arternm
2218 3253 2489 3301 amatores
2524 3254 2577 3300 et
2609 3247 2970 3316 negotiatores
3016 3248 3229 3317 potius,
3269 3261 3429 3316 quam
3475 3247 3552 3304 tui

273 3347 437 3404 agens
463 3336 531 3391 de
560 3338 750 3394 alienis
778 3341 1160 3411 cupiditatibus
1187 3360 1411 3401 securus
1431 3387 1446 3413 ,
1496 3349 1652 3417 quasi
1683 3351 1865 3408 viatici

272 3433 479 3481 tantum
528 3438 843 3499 paupertate
883 3440 1167 3490 contentus
1214 3449 1332 3491 esse
1361 3437 1574 3503 debeat,
1611 3449 1669 3493 ut
1707 3442 1865 3497 nullis

274 3513 485 3570 haerens
511 3516 775 3572 illecebris
801 3527 1016 3574 terrena
1045 3532 1240 3578 cuncta
1271 3525 1371 3580 sibi
1411 3542 1529 3582 esse
1562 3530 1737 3584 aliena
1781 3532 1861 3587 in-

270 3604 496 3672 telligat.
532 3605 682 3662 Nunc
711 3609 950 3664 umbram
982 3627 1100 3667 esse
1141 3613 1432 3683 eamdem,
1488 3626 1546 3671 ut
1578 3618 1690 3687 jam
1740 3630 1865 3677 ante

266 3694 521 3760 diximus,
545 3700 891 3756 ostendamus
919 3703 1102 3758 vitam.
1138 3705 1253 3760 Non
1288 3708 1382 3762 tibi
1428 3710 1637 3765 videtur
1668 3714 1858 3769 umbra

266 3802 386 3842 csse
436 3797 493 3843 ct
522 3789 697 3859 imago
744 3794 851 3848 vita
897 3796 1131 3852 hominis
1175 3816 1339 3870 super
1365 3805 1605 3859 terram?
1632 3820 1750 3875 qum
1787 3808 1865 3863 sic

268 3880 453 3944 dubia,
496 3884 732 3951 quandiu
748 3886 817 3939 sit
842 3896 896 3941 et
918 3888 1143 3955 incerta,
1175 3899 1233 3945 ut
1262 3907 1348 3947 res
1373 3894 1574 3949 umbrae
1597 3906 1857 3967 aequetur.

270 3972 432 4028 Vides
456 3976 601 4029 enim
635 3986 689 4032 et
735 3996 842 4034 non
874 3982 1056 4047 vides;
1089 3986 1225 4054 ipsa,
1258 4003 1356 4044 nec
1407 3989 1541 4058 ipsa,
1573 3990 1811 4048 dicamus
1844 4012 1856 4046 :

266 4064 415 4133 quod
447 4064 572 4129 fuit,
608 4084 714 4123 non
760 4069 943 4138 vides;
974 4074 1115 4143 quod
1146 4076 1282 4139 erit,
1336 4085 1438 4133 nec
1478 4080 1651 4148 ipsum
1680 4081 1861 4138 videre

268 4164 444 4221 potes.
478 4156 640 4212 Vides
672 4169 876 4216 tantum
919 4164 1061 4231 quod
1092 4175 1206 4227 est,
1236 4167 1380 4235 quod
1412 4168 1501 4222 diu
1546 4179 1655 4224 stat
1685 4190 1697 4223 :
1732 4172 1860 4227 tolle

265 4247 410 4313 quod
442 4262 500 4303 es
532 4248 716 4321 [Forte
736 4253 877 4321 quod
904 4257 1039 4325 est],
1072 4257 1199 4311 nihil
1229 4258 1412 4324 vides;
1443 4260 1522 4314 sic
1560 4270 1646 4315 est
1676 4262 1848 4317 invisa

266 4351 331 4391 ac
376 4338 421 4391 si
452 4355 561 4393 non
615 4350 801 4396 esset:
836 4359 964 4412 ergo
1007 4347 1250 4401 umbram
1300 4349 1445 4404 videt
1491 4353 1858 4420 unusquisque

266 4424 427 4479 vitam
458 4442 608 4481 suam
629 4472 643 4493 ,
673 4438 726 4483 et
750 4446 778 4483 a
813 4447 971 4487 mane
1022 4451 1195 4505 usque
1225 4436 1294 4490 ad
1338 4454 1654 4510 vesperam,
1702 4443 1854 4510 quasi

266 4513 317 4567 in
345 4517 581 4583 quodam
608 4522 828 4589 speculo
857 4524 1148 4579 vanitatem
1180 4543 1287 4583 suae
1317 4530 1439 4585 vitae
1470 4531 1851 4603 circumspicit.

1970 3348 2068 3388 nos
2094 3334 2417 3404 habeantur,
2444 3344 2497 3391 et
2525 3346 2577 3391 te
2600 3334 2851 3392 fluentem
2869 3345 2923 3392 et
2946 3336 3234 3406 fugientem
3265 3337 3548 3407 fugiamus,

1968 3438 2035 3479 ne
2064 3440 2161 3481 nos
2181 3442 2301 3482 cum
2333 3427 2437 3482 tuis
2466 3428 2794 3484 amatoribus
2821 3429 3078 3485 vindices.
3108 3430 3439 3501 Fugiendum
3470 3440 3551 3488 est

1968 3514 2110 3571 enim
2153 3517 2310 3571 nobis
2356 3518 2502 3587 quod
2534 3520 2697 3589 fugit,
2729 3526 2782 3574 et
2828 3521 2907 3575 sic
2936 3521 2989 3575 in
3035 3536 3102 3576 eo
3131 3519 3416 3577 vivendum
3447 3532 3548 3589 est,

1964 3606 2116 3675 quasi
2144 3608 2384 3675 quotidie
2412 3609 2747 3664 moriendum
2796 3618 2958 3665 esset.
2984 3611 3121 3678 Quid
3153 3613 3296 3667 enim
3326 3613 3545 3670 interest

1965 3698 2120 3753 nobis
2144 3700 2331 3767 hodie,
2361 3702 2474 3757 sive
2502 3717 2622 3758 cras
2649 3703 2827 3758 mori?
2872 3702 3007 3759 Dum
3043 3706 3184 3759 enim
3214 3706 3351 3761 mori
3390 3706 3546 3763 nobis

1963 3802 2187 3844 necesse
2215 3799 2327 3853 est,
2369 3790 2447 3846 sic
2472 3792 2628 3849 nobis
2655 3802 2737 3849 est
2766 3809 2911 3850 mors
2949 3795 3366 3861 consideranda,
3397 3792 3550 3869 qhasi

1957 3875 2067 3945 jam
2092 3879 2183 3932 diu
2211 3882 2542 3949 praeteriret;
2574 3892 2629 3939 et
2656 3884 2784 3940 dum
2814 3886 2944 3940 nihil
2973 3886 3129 3941 durat
3149 3894 3274 3943 ante
3295 3897 3548 3956 mortem,

1963 3965 2321 4025 festinandum
2349 3984 2432 4027 est
2460 3974 2527 4028 ad
2549 3988 2797 4042 mortem,
2824 3986 2883 4031 ut
2911 3979 3176 4048 possimus
3195 3996 3323 4035 vera
3345 3989 3547 4036 aeterna

1959 4057 2141 4114 videre
2164 4069 2286 4130 post
2308 4072 2555 4121 mortem.
2582 4066 2940 4133 Quamobrem
2971 4086 3075 4124 non
3104 4070 3419 4126 tardandum
3441 4079 3545 4133 est.

1960 4151 2055 4206 sed
2084 4152 2441 4208 festinandum
2492 4165 2573 4211 est
2617 4158 2685 4211 de
2724 4159 2924 4227 gumbra
2964 4159 3265 4227 imaginata:
3294 4161 3448 4225 vitae,
3478 4160 3544 4214 ad

1958 4242 2241 4298 veritatem
2284 4259 2423 4299 verae
2468 4246 2608 4301 vitae.
2643 4246 2706 4300 Et
2724 4225 2854 4317 quia
2884 4249 2987 4303 alia
3019 4250 3102 4304 via
3143 4249 3265 4304 vitae
3290 4250 3541 4317 carnalis,

1959 4333 2061 4387 alia
2089 4336 2175 4389 via
2213 4337 2484 4405 profectus
2527 4340 2851 4409 spiritualis;
2898 4351 3077 4397 currat
3122 4343 3332 4398 animus
3360 4341 3541 4413 proie-

1956 4422 2157 4490 ctibus,
2205 4426 2343 4481 sicut
2378 4428 2485 4482 vita
2531 4430 2805 4495 cursibus,
2856 4442 2910 4486 et
2955 4433 3028 4486 ita
3073 4433 3236 4487 animi
3283 4442 3537 4503 augeatur

1955 4514 2235 4568 maturitas
2258 4556 2272 4582 ,
2305 4524 2361 4569 ut
2388 4519 2559 4573 aetatis
2588 4519 2895 4589 plenitudo;
2926 4529 2980 4577 et
3022 4523 3163 4579 sicut
3198 4524 3321 4578 vitae
3355 4525 3538 4580 circuli

263 4601 365 4657 Sed
386 4606 646 4673 quaelibet
684 4610 784 4664 alia
828 4613 1021 4668 similia
1077 4625 1281 4671 tantum
1324 4620 1375 4673 in
1420 4622 1626 4677 somnis
1669 4601 1847 4677 videt:
1885 4607 1930 4666 θ
1958 4602 2299 4671 minuunt“,
2330 4608 2407 4661 δῖε
2431 4608 2680 4663 “mrum
2712 4627 2966 4667 "umems
2989 4614 3302 4683 decrescat,
3328 4625 3385 4669 ιη
3412 4631 3536 4671 cum

264 4694 508 4750 similiter
537 4698 678 4753 enim
711 4702 840 4755 falsa
874 4719 971 4771 pro
999 4707 1140 4760 veris
1169 4709 1506 4775 speculatur,
1530 4719 1583 4765 et
1612 4728 1709 4781 pro
1738 4713 1845 4767 veri

265 4784 491 4853 imagine
523 4790 671 4845 vanis
700 4789 726 4827 δ
760 4793 1063 4849 includitur.
1098 4796 1237 4863 Quid
1265 4801 1426 4859 enim.
1454 4816 1606 4870 rogo,
1624 4804 1847 4858 interest

259 4876 400 4943 quod
430 4877 684 4933 hesterno
716 4882 924 4948 vidisti,
966 4900 1030 4941 ac
1075 4896 1234 4943 nocte
1278 4892 1613 4947 somniatur?
1656 4894 1843 4950 Nonne

260 4962 417 5018 hodie
445 4967 693 5022 similiter
721 4985 856 5024 vana
887 4987 1006 5027 esse
1051 4975 1144 5029 tibi
1174 4977 1459 5033 videntur?
1506 4980 1711 5035 Etenim
1741 4984 1841 5036 uti-

256 5066 363 5120 que
392 5070 476 5108 me
505 5072 612 5109 non
646 5058 765 5127 plus
795 5062 993 5116 satiant
1029 5080 1127 5133 pro
1172 5069 1311 5123 veris
1350 5084 1470 5137 quae
1500 5071 1725 5127 videndo
1757 5072 1838 5125 fu-

255 5143 437 5210 giunt,
466 5162 627 5215 quam
650 5164 770 5217 quae
799 5154 1111 5209 somnianda
1132 5157 1435 5213 includunt:
1459 5169 1680 5232 utraque
1700 5163 1840 5217 enim

256 5252 393 5291 vana
423 5254 540 5295 esse
571 5240 801 5298 invenio.
836 5244 988 5311 Quod
1036 5250 1177 5303 enim
1208 5266 1324 5304 sum
1344 5290 1359 5314 ,
1385 5268 1491 5306 non
1522 5251 1621 5322 fui,
1650 5263 1704 5309 et
1735 5272 1840 5311 non

253 5340 353 5381 ero
374 5369 391 5394 ,
422 5338 475 5383 et
500 5347 825 5403 unaquaque
854 5337 983 5391 hora
1014 5338 1153 5392 aliud
1183 5356 1323 5401 sum.
1348 5350 1402 5395 et
1432 5358 1705 5411 nunquam
1733 5355 1838 5400 sto.

251 5411 478 5486 Semper
504 5422 646 5474 enim
678 5438 834 5479 curro
864 5441 893 5478 a
934 5426 1020 5481 die
1062 5430 1353 5485 nativitatis
1405 5448 1573 5501 usque
1604 5434 1668 5487 ad
1699 5433 1837 5488 diem

254 5506 554 5575 mortis,et
583 5524 680 5577 per
725 5512 962 5580 singulos
1014 5515 1130 5571 dies
1174 5519 1293 5573 vita:
1342 5536 1474 5573 mia:
1522 5530 1738 5589 mutor;
1787 5533 1841 5577 et

325 5669 355 5697 ι
396 5660 645 5718 Omnibus
674 5668 932 5723 intell.....
964 5672 1230 5726 sollicitus.
1257 5674 1542 5732 Goldastus
1572 5676 1838 5735 Parwttct.

251 5739 350 5813 yet.
385 5743 519 5813 part.
552 5751 588 5813 ι,
616 5752 717 5803 pag
752 5738 1057 5813 ιῦᾇηιιιιιιω
1097 5743 1304 5809 locum,
1332 5758 1640 5813 corruptum
1684 5765 1835 5810 sane.

256 5804 331 5853 tta
376 5804 606 5858 restituit
653 5824 668 5859 ;
722 5811 857 5862 οηιηὶ
895 5810 1193 5881 itttelligcnli
1243 5804 1590 5884 festinandum
1629 5822 1725 5885 sit,
1774 5804 1838 5875 de

1956 4692 2151 4747 sacculo
2187 4708 2281 4748 sua
2330 4697 2726 4766 relinquamus,
2768 4709 2823 4755 et
2863 4703 2993 4756 nihil
3032 4704 3100 4760 de
3142 4704 3258 4774 ejus
3296 4705 3537 4761 moribus
3630 4761 3637 4767 .

1954 4784 2228 4840 nobiscum
2257 4788 2489 4842 feramus
2527 4790 2593 4845 ad
2642 4791 2923 4849 Dominum
2945 4834 2959 4859 ,
2990 4805 3277 4864 praestante
3306 4796 3533 4851 Domino

1952 4886 2137 4931 nostro
2163 4875 2288 4931 Jesu
2313 4879 2551 4946 Christo,
2578 4883 2661 4937 cui
2689 4884 2857 4950 gloria
2886 4887 2936 4940 in
2975 4888 3167 4943 saecula
3188 4888 3530 4944 saeculorum.

1954 4965 2143 5020 Amen.

2461 5062 2867 5121 INSTRUGTIO
2906 5068 3013 5124 νη.

2020 5152 2098 5206 De
2118 5155 2345 5208 cwcitate
2371 5156 2590 5211 hominis
2610 5198 2623 5223 ,
2656 5161 2739 5228 qui
2764 5160 2990 5240 neglecto
3035 5163 3217 5232 spiritu
3250 5162 3459 5218 inseruit

2623 5246 2843 5290 corpori.

2016 5330 2057 5385 l.
2088 5332 2131 5385 Ο
2161 5342 2213 5387 te
2238 5350 2431 5390 caecam
2463 5337 2757 5394 insaniam!
2791 5356 2824 5395 o
2865 5349 2918 5396 te
2943 5359 3139 5398 caecam
3170 5347 3399 5415 foveam,
3429 5346 3529 5403 hu-

1944 5439 2154 5479 manam
2184 5428 2541 5497 voluntatem,
2574 5447 2694 5500 quae
2723 5443 2939 5504 accepta
2970 5438 3141 5505 celas,
3186 5451 3240 5491 et
3268 5438 3389 5493 data
3416 5456 3524 5497 non

1944 5518 2149 5573 reddis!
2184 5520 2378 5578 frustra
2408 5523 2631 5593 placaris
2656 5570 2670 5593 ,
2703 5543 2821 5597 quze
2869 5530 3073 5599 ingrata
3118 5532 3387 5601 pasceris;
3414 5535 3523 5594 fru-

1942 5679 2214 5754 tr/tnsrrCIis
2239 5696 2442 5754 secure,
2467 5682 2529 5736 de
2552 5699 2607 5737 eo
2637 5684 2771 5754 quod
2810 5694 2969 5738 restat
2997 5688 3238 5746 sollicito.

2013 5748 2041 5835 ιζ
2069 5748 2374 5835 Ιίιειιιιίὶιων.
2402 5750 2586 5835 orte,
2610 5748 2878 5835 _itlttditttr'.
2905 5755 3013 5835 _Sic
3042 5761 3203 5830 paulo
3251 5771 3371 5834 post
3420 5778 3513 5835 pro

1941 5817 2203 5871 includunt
2231 5820 2509 5888 legendum
2541 5824 2747 5880 videtur
2786 5825 3027 5882 illudunt.
