3978 6182
414 368 524 426 955

1627 368 1684 424 S.
1728 363 2120 423 COLUMBANI
2157 365 2448 422 ABBATIS

3572 375 3675 432 ΞΗ

411 495 519 540 stra
547 498 730 546 voras,
755 496 874 552 qua:
894 483 969 538 sic
989 491 1290 552 opportuna
1313 497 1524 538 sensum
1548 481 1732 555 [Forte
1751 474 1992 548 censum]
2023 485 2065 537 A
2097 487 2284 548 potes;
2308 482 2353 538 si
2385 497 2512 547 non,
2541 498 2701 553 parce
2733 484 2927 551 redde,
2959 469 3120 542 avare
3139 471 3390 556 exsolve;
3415 488 3548 544 nihil
3574 490 3678 546 nisi

411 583 514 629 tua:
543 571 851 627 voracitatis
878 572 1078 638 exigas.
1123 573 1167 626 Ο
1195 582 1498 641 prolusata,
1542 571 1859 641 sanguisuga
1891 573 1991 626 imo

411 664 650 732 patiens,
691 662 910 717 immitis
955 671 1226 725 saturata,
1276 662 1474 717 blanda
1527 662 1754 732 jejuna,
1800 679 1988 729 vorax,

411 753 768 811 inverecunda
788 793 804 818 ,
835 754 972 808 edax
993 795 1006 820 ,
1037 754 1163 822 quid
1187 753 1352 808 habes
1389 754 1556 808 recti?
1586 753 1712 821 quid
1739 754 1991 808 honesti?

409 843 560 900 nihil.
589 842 718 909 Qua:
740 841 991 899 frustrata
1028 843 1252 912 quaeris,
1298 858 1416 911 qua:
1461 841 1758 911 vituperata
1806 842 1988 907 iteras,

407 949 528 1004 qua:
554 933 730 1002 turpia
757 948 951 997 ornas,
981 949 1147 1002 quare
1195 943 1247 988 te
1293 934 1461 1003 ipsam
1515 948 1622 986 non
1650 932 1993 988 consideras?

408 1041 441 1078 υ
470 1024 664 1078 misera
693 1023 1024 1088 humanitas,
1067 1024 1209 1078 intus
1251 1023 1493 1094 putrida,
1540 1023 1693 1090 felle,
1745 1024 1990 1090 humore,

409 1112 651 1183 liquore,
676 1113 969 1182 sanguine,
1012 1115 1256 1182 llegmate
1304 1114 1460 1184 plena
1495 1131 1508 1167 :
1540 1112 1668 1168 foris
1708 1129 1837 1168 vero
1876 1114 1991 1184 pel-

408 1206 514 1264 lem
565 1205 795 1282 lavatam
839 1203 1024 1278 [Forte
1067 1202 1295 1275 lavata],
1350 1204 1444 1260 sed
1495 1219 1767 1272 nunquam
1813 1212 1992 1258 tamen

409 1297 717 1352 mundatam
749 1295 931 1371 [Forte
959 1294 1269 1365 mundata];
1301 1310 1518 1365 semper
1539 1295 1677 1349 enim
1705 1294 1774 1350 de
1802 1294 1992 1350 intimo

409 1387 754 1443 immunditiae
780 1401 935 1443 coeno
963 1386 1350 1455 coinquinaris,
1380 1387 1633 1455 pollueris
1662 1404 1675 1439 :
1705 1387 1829 1442 licet
1855 1401 1993 1455 quo-

408 1476 536 1530 tidie
561 1475 784 1540 lavaris,
814 1475 1052 1544 quotidie
1079 1475 1316 1530 violaris.
1361 1474 1405 1530 Ο
1457 1476 1711 1546 pullatam
1759 1475 1987 1546 pellem!

407 1568 600 1623 frustra
632 1567 826 1624 lavaris
845 1607 860 1632 ,
893 1582 1012 1638 quae
1049 1575 1239 1624 natura
1267 1568 1538 1624 immunda
1559 1583 1637 1624 es.
1659 1568 1704 1624 Ο
1725 1569 1992 1625 iuversam

407 1657 740 1716 caecitatem!
777 1657 922 1727 quod
961 1658 1139 1722 lavas,
1188 1657 1332 1728 quod
1378 1673 1574 1726 ornas,
1620 1667 1842 1726 natura,
1895 1675 1994 1729 pu-

375 1761 382 1766 ·
407 1743 560 1799 tredo
595 1761 608 1802 :
639 1745 784 1814 quod
805 1753 983 1799 autem
1023 1745 1190 1802 violas
1217 1754 1274 1801 et
1314 1746 1542 1816 polluis,
1570 1755 1758 1802 natura
1780 1788 1796 1814 ,
1826 1748 1988 1804 nitor.

2094 571 2290 628 invitus
2345 575 2629 641 exsolvas;
2686 573 2819 628 nihil
2875 575 3105 631 libenter
3157 577 3346 632 dones.
3399 575 3505 633 Sed
3568 595 3678 633 non

2094 667 2278 730 potes;
2310 661 2492 726 video,
2525 662 2670 731 quod
2711 664 2862 734 pejus
2892 673 2947 720 et
2974 666 3189 734 gravius
3217 675 3328 732 est,
3374 668 3502 736 quia
3547 683 3678 723 exa-

2093 759 2271 805 ctores
2297 751 2491 819 diligis.
2524 752 2590 806 Et
2616 755 2819 810 amicus
2847 765 2928 810 est
2963 757 3055 812 tibi
3097 757 3344 812 inimicus
3372 767 3509 814 tuus.
3542 759 3682 827 Quid

2094 837 2292 906 dicam,
2313 841 2524 907 nescio,
2552 843 2676 911 quid
2706 845 2994 910 suadeam,
3042 845 3250 915 ignoro.
3307 845 3478 902 Unum
3504 848 3680 904 dicam

2092 926 2236 996 quod
2263 927 2376 983 scio
2407 945 2421 981 :
2453 929 2543 997 qui
2582 930 2669 986 hic
2697 931 2961 1002 pascitur,
3011 933 3102 988 hic
3129 943 3428 1001 saturatur,
3481 937 3568 992 hic
3593 937 3683 1006 ju-

2092 1016 2391 1086 cuadatur,
2417 1017 2506 1074 hic
2528 1020 2693 1087 ridet,
2731 1022 2818 1077 hic
2858 1023 3184 1090 inebriatur,
3231 1026 3317 1081 hic
3360 1027 3524 1090 ludit,
3567 1028 3680 1084 illic

2094 1107 2313 1172 esuriet,
2346 1108 2452 1162 illic
2480 1109 2645 1178 sitiet,
2675 1110 2784 1166 illic
2813 1110 3036 1181 lugebit,
3069 1113 3176 1168 illic
3205 1113 3548 1182 lamentabit,
3575 1116 3686 1174 illic

2095 1199 2338 1268 ululabit,
2367 1201 2504 1256 sicut
2541 1197 2799 1259 Dominus
2852 1203 2991 1258 dixit
3027 1221 3042 1258 :
3109 1203 3203 1261 Va:
3247 1207 3325 1262 his
3369 1207 3454 1276 qui
3490 1207 3683 1269 rident.

2092 1292 2213 1362 quia
2249 1293 2347 1362 ipsi
2378 1293 2645 1364 lugebant;
2693 1301 2750 1348 et
2782 1313 2793 1346 :
2829 1294 2923 1348 Va:
2967 1293 3102 1349 vobis
3147 1297 3234 1367 qui
3271 1297 3491 1350 saturati
3537 1297 3683 1360 estis,

2093 1382 2215 1452 quia
2237 1383 2469 1440 esurietis
2495 1380 2644 1454 (Luc.
2678 1399 2750 1449 vt,
2779 1381 2894 1453 25).
2943 1383 3058 1438 Duo
3088 1385 3232 1438 enim
3282 1393 3525 1455 tempora
3565 1399 3690 1442 suc-

2095 1472 2311 1537 cedunt,
2343 1480 2398 1527 ct
2437 1473 2553 1527 dua:
2582 1473 2737 1540 vitae,
2769 1482 2824 1528 et
2849 1473 2957 1528 duo
3001 1473 3197 1528 smcula
3229 1482 3354 1528 sunt
3380 1491 3392 1526 :
3424 1488 3528 1527 una
3574 1473 3688 1532 vita

2094 1565 2301 1632 brevis,
2341 1571 2396 1620 et
2425 1565 2594 1620 altera
2623 1564 2808 1633 longa;
2837 1573 2893 1618 et
2920 1564 3012 1632 qui
3041 1564 3092 1618 in
3141 1580 3243 1619 una
3273 1563 3474 1630 esurit,
3502 1563 3554 1616 in
3581 1563 3689 1618 alia

2095 1663 2370 1723 pascetur;
2399 1654 2491 1722 qui
2517 1668 2646 1707 vero
2671 1652 2758 1708 hic
2788 1659 2983 1722 vorat,
3014 1661 3286 1708 saturatur
3305 1695 3320 1720 ,
3374 1651 3683 1707 consolatur

2096 1744 2148 1798 in
2176 1759 2306 1810 una;
2338 1744 2392 1799 in
2421 1744 2590 1799 altera
2636 1745 2837 1799 esuriet
2865 1753 2919 1799 et
2947 1745 3094 1800 sitiet
3125 1743 3279 1814 juxta
3325 1745 3451 1799 illud
3479 1744 3629 1799 Isaize
3671 1762 3686 1796 :

406 1837 544 1904 Quid
580 1838 777 1904 munda
824 1839 1172 1909 coinquinas,
1223 1848 1279 1896 et
1329 1839 1600 1896 immunda
1648 1840 1827 1907 lavas,
1873 1857 1992 1910 qua;
2025 1829 2066 1886 Β
2098 1832 2318 1903 Propter
2363 1833 2456 1890 Itac
2476 1833 2600 1887 dicit
2646 1832 2943 1891 Dominus;
2978 1833 3113 1889 Ecce
3151 1836 3236 1905 qui
3281 1835 3507 1888 serviunt
3537 1834 3690 1900 mihi,

407 1929 639 1988 animam
669 1933 968 2003 corrumpis
997 1942 1051 1992 et
1075 1949 1270 2003 corpus
1299 1937 1496 1991 ornas?
1521 1935 1734 1990 Satisne
1775 1943 1828 1990 te
1865 1935 1989 1990 dili-

407 2023 516 2090 gis,
540 2038 608 2078 an
628 2025 758 2080 satis
787 2033 840 2080 te
869 2025 1120 2095 ignoras?
1147 2026 1204 2081 Si
1232 2027 1375 2082 enim
1405 2036 1458 2084 te
1483 2028 1618 2094 scis,
1665 2042 1831 2097 quare
1859 2027 1988 2083 hora

405 2112 522 2167 rida
549 2121 604 2170 et
631 2112 902 2172 immunda
924 2113 1186 2184 llegmat's
1215 2124 1269 2172 et
1291 2117 1542 2175 stercoris
1569 2118 1839 2175 domicilia
1866 2116 1989 2174 dili-

407 2201 522 2270 gis?
546 2202 603 2259 Si
639 2202 836 2271 videris
877 2204 932 2260 in
980 2205 1297 2266 vestimento
1344 2214 1436 2266 tuo
1482 2207 1907 2275 immunditiam,
1948 2207 1994 2262 si

409 2291 658 2360 llegmata
719 2293 1016 2360 horrescis,
1063 2304 1116 2349 et
1159 2303 1434 2366 aspectum
1471 2304 1615 2350 retro
1657 2304 1903 2366 torques,
1938 2303 1995 2350 et

409 2391 463 2437 te
490 2383 543 2437 in
576 2383 677 2438 tuis
702 2385 1034 2442 vestimentis
1077 2386 1406 2448 immundum
1456 2388 1845 2458 sterquilinium
1871 2429 1886 2454 ,
1940 2398 1996 2442 et

409 2471 610 2532 ulidum
663 2488 728 2527 ac
779 2473 1049 2543 putrilum
1113 2475 1455 2530 volutabrum
1513 2493 1618 2532 non
1666 2476 1834 2546 fugis,
1885 2492 1992 2533 non

409 2561 725 2620 detestaris?
756 2562 870 2622 Non
899 2564 1048 2620 vides
1075 2565 1202 2635 quid
1233 2573 1321 2620 tua
1342 2564 1570 2623 fistulata
1598 2567 1752 2636 pellis
1775 2582 1871 2636 per
1897 2583 1992 2622 sua

410 2650 676 2708 foramina
723 2651 940 2709 foveat?
989 2653 1155 2723 pudet
1194 2654 1422 2719 referre,
1475 2654 1619 2723 quod
1659 2671 1843 2710 amare
1887 2673 1992 2712 non

411 2739 592 2812 pudet.
609 2740 786 2807 Quare
805 2741 1020 2797 horrida
1038 2757 1144 2796 non
1165 2743 1551 2799 horrescimus?
1567 2759 1734 2814 quare
1749 2745 1996 2816 pudenda

410 2846 518 2884 non
545 2829 914 2908 detestamur?
960 2847 1130 2904 quare
1171 2833 1331 2888 fetida
1360 2850 1467 2889 non
1513 2834 1783 2905 fugimus?
1812 2836 1998 2892 Nonne

409 2919 533 2988 quia
562 2935 669 2975 non
697 2922 934 2990 sapimus
955 2962 970 2987 ,
1004 2930 1054 2977 et
1081 2921 1206 2993 quia
1243 2924 1427 2977 mundi
1474 2939 1579 2980 non
1609 2925 1827 2980 sumus?
1871 2924 1997 2981 Ideo

413 3012 714 3070 immundus
744 3013 1017 3069 immunda
1041 3013 1260 3082 quaerit,
1293 3021 1347 3069 et
1373 3016 1547 3086 turpia
1579 3016 1780 3087 turpis,
1825 3025 1881 3072 et
1917 3018 2000 3072 in-

411 3104 637 3164 honesta
662 3105 976 3162 inhonestus
1002 3124 1018 3172 ;
1047 3116 1103 3161 et
1128 3106 1250 3181 quia
1282 3108 1408 3163 ccci
1428 3148 1443 3174 ,
1476 3108 1747 3164 inhonesti
1795 3125 1998 3174 sumus,

2093 1920 2475 1975 manducabunt
2503 1931 2551 1986 et
2578 1922 2780 1988 bibent;
2805 1938 2890 1978 vos
2932 1933 3101 1977 autem
3142 1925 3375 1984 esurietis
3405 1933 3455 1977 et
3501 1924 3689 1978 sitietis

2095 2011 2228 2077 (Isa.
2257 2029 2382 2080 va,
2402 2009 2512 2082 l5).
2541 2011 2742 2083 Etpost
2767 2029 2971 2084 pauca:
2994 2010 3154 2078 Ecce,
3182 2015 3265 2084 qui
3285 2015 3509 2072 serviunt
3537 2016 3692 2077 milii,

2091 2100 2418 2156 exsultabant
2444 2103 2494 2156 in
2517 2102 2876 2172 jucunditate;
2900 2121 2987 2158 vos
3013 2114 3180 2164 autem
3201 2115 3409 2177 propter
3448 2106 3681 2159 dolorem

2092 2194 2260 2248 cordis
2288 2193 2596 2261 clumabitis,
2619 2205 2667 2248 et
2693 2211 2801 2262 pra:
2828 2195 3131 2249 contritione
3173 2195 3380 2264 spiritus
3417 2194 3686 2250 uiulabitis

2093 2284 2292 2354 (Ibid.,
2325 2283 2436 2356 14).
2469 2285 2600 2339 Cum
2641 2285 2754 2339 haec
2797 2296 2926 2353 ergo
2956 2285 3027 2338 ita
3049 2285 3184 2348 sint,
3227 2284 3552 2354 parcendum
3597 2293 3686 2346 est

2093 2375 2318 2438 divitiis,
2352 2383 2402 2429 et
2435 2374 2583 2429 brevi
2615 2373 2871 2428 voluntati
2903 2372 3086 2447 [Forte
3132 2373 3416 2446 voluptati]
3457 2375 3688 2431 minimc

2094 2466 2432 2524 serviendum
2451 2506 2466 2531 ,
2498 2481 2566 2520 ne
2592 2480 2874 2535 pascamur
2901 2466 2964 2518 aJ
2997 2466 3224 2521 esuriem
3246 2506 3259 2531 ,
3307 2480 3374 2521 ne
3434 2464 3573 2522 forte
3599 2482 3688 2521 sa-

2097 2559 2290 2615 tiemur
2317 2558 2382 2611 ad
2422 2557 2654 2624 famem,
2699 2567 2754 2614 et
2798 2558 3042 2613 bibamus
3087 2558 3155 2612 ad
3201 2558 3390 2613 sitim:
3441 2557 3692 2623 videmus

2097 2650 2240 2705 cnim
2289 2656 2380 2702 aut
2415 2648 2534 2716 hic,
2581 2658 2674 2702 aut
2726 2648 2859 2714 illic,
2910 2665 3078 2703 unum
3125 2663 3158 2703 e
3207 2648 3416 2703 duobus
3465 2664 3690 2706 necesse

2098 2738 2350 2810 experiri.
2399 2738 2758 2804 Quamobrem
2803 2739 2850 2794 si
2897 2747 3230 2804 saturemur,
3275 2739 3320 2794 si
3347 2739 3620 2805 bibamus,
3653 2755 3691 2795 ο

2099 2847 2198 2886 nos
2229 2829 2434 2885 miseri!
2461 2845 2527 2884 ex
2559 2838 2742 2899 parte,
2792 2847 2899 2886 non
2930 2846 2997 2886 ex
3045 2839 3160 2887 toto
3189 2831 3274 2887 hic
3316 2833 3691 2901 comedamus,

2100 2921 2398 2976 necessaria
2417 2963 2432 2989 ,
2463 2936 2569 2974 non
2598 2921 2818 2987 suavia;
2847 2936 2969 2976 cum
3018 2937 3253 2993 paupere
3281 2923 3688 2987 manducemus,

2101 3029 2222 3070 cum
2265 3028 2504 3084 paupere
2539 3013 2808 3078 bibamus,
2847 3029 2967 3068 cum
3006 3029 3239 3083 paupere
3283 2997 3689 3085 participemus,

2104 3111 2162 3158 ut
2190 3103 2272 3158 vel
2301 3104 2380 3158 sic
2428 3119 2549 3159 cum
2578 3119 2811 3176 paupere
2854 3103 2964 3159 illic
2991 3105 3310 3174 participare
3357 3120 3689 3169 mereamur,

409 3193 609 3266 idcirco
654 3195 798 3248 nulla
838 3195 1139 3250 verecunda
1179 3196 1530 3252 declinamus.
1583 3196 1639 3251 Si
1687 3198 1828 3252 enim
1868 3199 1996 3254 cmci
2023 3188 2067 3252 Ο
2100 3194 2190 3248 ubi
2232 3196 2610 3249 saturabuntur
2659 3194 2747 3263 qui
2790 3194 2878 3249 hic
2936 3210 3034 3264 pro
3081 3193 3294 3250 Christo
3340 3195 3584 3250 esuriunt
3631 3206 3693 3251 et

412 3301 522 3342 non
578 3301 795 3358 sumus,
841 3303 1009 3356 quare
1057 3288 1415 3358 nosmetipsos
1458 3289 1685 3361 primam
1753 3299 1994 3345 nostram

409 3375 803 3434 immunditiam
832 3392 940 3432 non
956 3377 1316 3448 despicimus?
1337 3393 1505 3448 quare
1528 3396 1626 3435 nos
1646 3380 1729 3435 vel
1757 3390 1996 3437 nostram

411 3468 814 3544 verecundiam,
845 3469 930 3536 vel
959 3480 1194 3527 nostram
1219 3473 1600 3544 turpitudinem
1624 3490 1733 3531 non
1753 3483 1996 3533 contem-

412 3563 621 3630 nimus?
653 3561 840 3628 Nonne
863 3563 1039 3637 turpia
1068 3579 1186 3620 esse
1207 3563 1432 3620 honesta
1465 3565 1558 3620 tibi
1579 3581 1686 3620 non
1707 3564 1996 3622 videntur?

411 3667 529 3724 qua:
556 3653 761 3708 crebris
791 3652 1035 3710 lamentis
1060 3662 1116 3711 et
1135 3657 1412 3716 ornatibus
1452 3657 1612 3712 variis
1655 3657 1912 3726 indigent,
1943 3665 1998 3712 et

411 3743 619 3813 ingrata
640 3743 751 3800 suis
789 3760 895 3800 non
926 3747 1190 3803 satiantur
1230 3747 1545 3818 impendiis,
1575 3755 1630 3801 et
1667 3748 1855 3803 satiata
1888 3763 1995 3806 non

409 3832 600 3905 juvant
627 3833 836 3898 futuris,
868 3844 922 3889 et
945 3845 1212 3891 transacta
1257 3838 1507 3894 voluntas
1544 3847 1858 3911 praesentem
1889 3854 1995 3895 non

409 3925 610 3998 satiat,
658 3941 759 3993 nec
805 3927 1037 3982 futuram
1085 3929 1294 3998 repellit
1344 3940 1389 3984 ει.

479 4013 631 4082 tl,1n
659 4030 856 4074 vanum
883 4031 1011 4085 ergo
1057 4019 1265 4073 laborat
1312 4020 1402 4090 qui
1449 4021 1573 4078 talia
1615 4023 1814 4092 pascit,
1862 4033 1916 4078 et
1943 4025 1993 4078 in

408 4111 629 4178 ventum
658 4104 906 4173 seminat,
932 4105 1022 4176 qui
1045 4122 1195 4164 vana:
1224 4109 1488 4176 voluntati
1537 4110 1662 4164 huic
1689 4112 1872 4175 servit,
1904 4111 1994 4170 ubi

409 4212 706 4267 expensum
757 4213 862 4252 non
911 4199 1129 4268 expedit
1175 4200 1472 4272 servitium,
1525 4199 1776 4272 Esuriant
1818 4199 1998 4272 itaque

410 4291 508 4344 ista
531 4330 546 4354 ,
579 4307 698 4360 quae
725 4292 803 4346 sic
846 4290 1080 4361 ingrata,
1110 4293 1188 4348 sic
1236 4294 1460 4349 molesta
1487 4303 1639 4360 sunt,
1687 4303 1746 4349 ut
1787 4311 1999 4368 semper

410 4381 614 4446 esurire
631 4382 929 4439 vidcantur.
953 4384 1052 4453 Qui
1075 4385 1176 4440 ista
1197 4395 1437 4456 pascunt,
1460 4403 1516 4443 se
1539 4388 1573 4458 i;
1593 4403 1683 4453 sos
1703 4388 1994 4460 decipiunt.

411 4468 454 4526 0
478 4470 759 4536 inhonesta
781 4475 1043 4540 servitus,
1081 4491 1185 4545 qua
1214 4492 1376 4532 carne
1419 4477 1611 4532 fruitur
1641 4477 1821 4549 [Forte
1848 4480 1998 4547 carni

2095 3286 2278 3340 sitiunt
2303 3285 2562 3354 justitiam
2607 3284 2830 3356 (Matth.
2870 3301 2936 3352 v,
2989 3285 3077 3358 6).
3127 3285 3365 3358 Quorum
3404 3287 3546 3341 enim
3596 3303 3694 3341 re-

2094 3389 2257 3445 gnum
2300 3375 2556 3430 cmlorum
2601 3374 2796 3443 (Ibid.,
2828 3375 2899 3448 ὅ)
2929 3383 3041 3440 est,
3091 3377 3189 3430 nisi
3219 3391 3547 3446 pauperum,
3595 3378 3694 3450 qui

2097 3468 2290 3523 animis
2317 3467 2564 3535 humiles,
2592 3476 2644 3522 et
2665 3467 2862 3523 divitiis
2879 3484 3140 3542 pauperes
3161 3485 3259 3539 pro
3279 3468 3492 3524 Christo
3522 3472 3694 3529 sunt?

2096 3562 2181 3616 cui
2212 3561 2382 3632 gloria
2414 3562 2465 3616 in
2494 3562 2688 3618 smcula
2733 3563 3070 3618 saeculorum.
3103 3562 3292 3616 Amen.

2593 3673 3002 3730 lNSTRUCTlO
3035 3674 3166 3728 Vill.

2100 3762 2251 3830 Quod
2299 3762 2374 3818 ‘ad
2425 3767 2678 3819 cwlestem
2733 3766 2988 3836 patrium,
3033 3766 3128 3823 via;
3179 3764 3453 3835 praesentis
3490 3767 3691 3836 ﬁnem,

2649 3835 3000 3906 festinandum
3053 3836 3138 3888 sit.

2169 3927 2208 3980 Ι.
2264 3925 2402 3982 Ecce
2432 3941 2574 3982 nunc
2622 3927 2690 3982 de
2740 3925 2844 3981 fine
2891 3927 3016 3980 vitae
3063 3927 3350 3986 dicendum
3381 3936 3463 3984 est
3506 3945 3520 3983 :
3570 3928 3689 3998 jam

2098 4017 2243 4074 enim
2274 4017 2505 4071 diximus
2547 4017 2686 4092 yiam
2718 4031 2839 4072 esse
2867 4016 3155 4071 humanam
3184 4018 3380 4083 vitam,
3437 4027 3492 4074 et
3518 4033 3688 4087 quam

2097 4109 2167 4164 sit
2194 4109 2352 4163 dubia
2383 4117 2436 4163 et
2467 4109 2666 4164 incerta
2691 4149 2706 4175 ,
2759 4120 2814 4164 et
2845 4125 2950 4165 non
2981 4124 3102 4165 esse
3130 4110 3275 4178 quod
3319 4117 3441 4177 est,
3473 4113 3687 4167 umbra:

2103 4201 2457 4257 similitudine
2485 4201 2937 4257 monstravimus:
2971 4201 3233 4268 similiter,
3278 4219 3437 4272 quam
3469 4203 3689 4272 impro-

2103 4293 2214 4347 visa
2245 4301 2299 4346 et
2327 4307 2485 4366 quam
2514 4306 2658 4347 cmca
2699 4301 2779 4348 est
2833 4301 2960 4348 ante
3017 4292 3278 4360 diximus,
3329 4293 3396 4347 de
3424 4293 3530 4348 fine
3551 4310 3688 4347 vero

2102 4385 2223 4439 vitae
2249 4392 2462 4448 nostrae,
2495 4382 2696 4452 Spiritu
2727 4391 2914 4439 sancto
2960 4399 3056 4438 nos
3103 4372 3390 4453 adiuvante
3421 4426 3436 4451 ,
3497 4394 3688 4441 noster

2101 4488 2281 4528 sermo
2319 4471 2694 4541 producendus
2736 4478 2837 4526 est.
2871 4471 3149 4526 Viatorum
3179 4482 3262 4528 est
3307 4473 3562 4528 festinare
3613 4475 3686 4528 ad

410 4560 694 4633 servitur]!
729 4579 762 4619 ο
786 4564 946 4619 dura!
980 4581 1013 4621 0
1043 4567 1420 4634 inexorabilis!
1449 4583 1482 4622 o
1509 4567 1640 4634 fera,
1660 4568 1783 4624 licet
1811 4570 1997 4625 dome-
2026 4557 2075 4620 Ι)
2101 4563 2325 4634 patriam
2357 4580 2370 4614 :
2402 4577 2586 4616 eorum
2617 4561 2859 4617 similiter
2888 4571 2970 4616 est
3012 4562 3063 4616 in
3091 4562 3176 4616 via
3217 4562 3524 4617 sollicitudo
3547 4603 3562 4628 ,
3625 4563 3686 4616 in

411 4652 544 4721 stipa
565 4650 900 4722 dominatio!
957 4671 1077 4726 qua:
1104 4657 1343 4725 quotidie
1386 4658 1610 4724 solvitur
1654 4666 1709 4713 et
1755 4660 1997 4728 quotidie

412 4741 670 4808 exigitur;
701 4743 799 4799 sub
827 4744 914 4799 die
942 4745 1086 4803 vadit
1114 4755 1169 4800 et
1196 4748 1377 4812 venit;
1403 4757 1640 4803 saturata
1687 4750 1830 4814 exit,
1872 4765 1997 4806 esu-

413 4833 555 4891 riens
595 4833 752 4892 redit.
786 4835 877 4892 Vae
921 4836 1004 4895 his
1046 4838 1135 4906 qui
1178 4837 1264 4892 hic
1309 4848 1636 4908 pascuntur,
1692 4841 1781 4894 ubi
1828 4840 1998 4898 fames

413 4923 737 4988 dominatur,
769 4940 870 4981 nec
899 4926 1094 4982 divitiis
1121 4929 1372 4994 vincitur,
1400 4939 1455 4985 et
1477 4930 1610 5011 dum
1640 4931 1752 4985 haec
1781 4930 1998 4986 solvun-

415 5025 531 5080 tur,
565 5017 668 5070 alia
696 5020 1003 5086 exiguntur.
1031 5019 1213 5077 Redde
1243 5022 1384 5076 enim
1417 5022 1618 5092 prima,
1651 5022 1881 5076 secunda
1903 5037 1996 5076 co-

411 5107 552 5175 geris
596 5107 907 5172 exsolvere;
957 5109 1134 5180 gulam
1183 5125 1372 5180 pasce,
1424 5111 1697 5166 libidinem
1745 5111 1993 5178 exigeris.

413 5198 546 5252 Cum
576 5196 821 5253 Susanna
870 5213 997 5269 ergo
1033 5200 1367 5258 clamandum
1398 5211 1480 5255 est
1511 5219 1524 5252 :
1557 5201 1824 5271 Angustire
1871 5202 1996 5255 milii

412 5293 636 5361 undique
659 5291 823 5362 (Dan.
853 5307 968 5366 xm,
1002 5293 1113 5364 2:2).
1144 5293 1208 5347 Et
1236 5310 1357 5349 cum
1389 5293 1555 5347 Paulo
1580 5293 1885 5361 ejulandum
1915 5280 1998 5348 ἀι

414 5390 469 5439 et
495 5382 776 5437 dicendum
805 5392 886 5436 est
919 5401 931 5435 :
964 5382 1158 5454 Infelix
1185 5399 1276 5452 egp
1306 5384 1476 5450 homo,
1508 5383 1618 5454 quis
1646 5399 1724 5435 me
1764 5381 2000 5437 liberabit

414 5472 477 5524 de
497 5489 710 5541 corpore
730 5474 910 5543 mortis
938 5471 1086 5544 hujus
1118 5472 1292 5543 (Rom.
1327 5488 1428 5537 vn,
1462 5471 1588 5541 ευρ
1613 5471 1666 5526 Si
1697 5472 1996 5526 necessaria

415 5563 611 5626 solvas,
653 5577 758 5616 non
787 5560 1088 5618 necessaria
1126 5561 1353 5617 reddere
1382 5561 1607 5628 cogeris.
1637 5559 1693 5614 Si
1721 5573 1848 5628 ergo
1897 5561 1995 5613 mi-

415 5663 504 5704 ser
557 5652 721 5716 homo
769 5651 1007 5708 secunda
1059 5650 1284 5706 reddere
1333 5651 1515 5716 times,
1565 5652 1733 5720 prima
1779 5662 1911 5718 nega
1950 5653 1994 5706 si

2095 4655 2268 4726 patria
2309 4653 2589 4708 securitas.
2633 4651 2970 4707 Festinemus
3009 4664 3138 4719 ergo
3185 4651 3250 4705 ad
3294 4653 3552 4722 patriam,
3584 4651 3683 4720 qui

2098 4750 2152 4802 in
2197 4748 2279 4801 via
2321 4759 2534 4808 sumus;
2576 4754 2685 4798 tota
2736 4745 2878 4798 enim
2928 4744 3037 4797 vita
3090 4752 3314 4810 nostra,
3369 4742 3521 4812 quasi
3575 4741 3690 4794 iter

2099 4841 2257 4896 unius
2279 4841 2384 4895 diei
2423 4849 2524 4896 est.
2555 4838 2789 4892 Primum
2821 4835 2974 4891 nobis
3002 4844 3085 4890 est
3111 4876 3126 4899 ,
3173 4835 3301 4889 nihil
3329 4834 3414 4894 hic
3446 4848 3630 4888 amare
3660 4850 3680 4899 ;

2096 4931 2188 4987 sed
2215 4947 2423 4986 sursum
2453 4945 2692 4986 amemus
2718 4970 2733 4995 ,
2775 4943 2989 4982 sursum
3017 4926 3385 4980 desideremus
3415 4964 3431 4987 ,
3461 4940 3685 4981 sursum

2098 5022 2403 5091 sapiamus,
2448 5035 2659 5086 sursum
2707 5033 3011 5087 quaeramus
3060 5016 3332 5085 patriam:
3384 5015 3455 5070 ibi
3503 5015 3675 5078 enim,

2097 5111 2185 5165 ubi
2217 5109 2410 5182 [Forte
2437 5107 2543 5179 ibi]
2573 5108 2732 5163 Pater
2775 5115 2876 5163 est.
2928 5105 3162 5159 Patriam
3209 5120 3336 5173 ergo
3367 5120 3473 5159 non
3513 5105 3688 5160 habe-

2097 5216 2216 5255 mus
2241 5201 2293 5255 in
2325 5207 2463 5253 terra
2483 5237 2497 5264 ,
2526 5200 2650 5269 quia
2680 5198 2839 5251 Pater
2865 5205 3046 5252 noster
3076 5197 3127 5250 in
3159 5196 3308 5250 caelis
3336 5203 3416 5249 est
3448 5193 3467 5264 (
3484 5193 3686 5250 Matth.

2097 5310 2177 5360 vi,
2210 5293 2294 5363 9).
2329 5291 2534 5346 Etenim
2566 5292 2608 5346 si
2648 5290 2930 5361 potestatis
2959 5289 3155 5342 virtute
3179 5330 3193 5354 ,
3225 5296 3280 5340 et
3321 5287 3537 5342 deitatis
3565 5302 3684 5339 ma-

2098 5384 2374 5455 gnitudine
2399 5385 2594 5452 ubique
2625 5391 2738 5446 est,
2768 5372 2926 5450 quam
2960 5395 3108 5434 mare
3147 5378 3463 5449 profundior
3485 5417 3501 5441 ,
3535 5386 3692 5431 terra

2101 5475 2375 5540 stabilior,
2409 5473 2608 5527 mundo
2651 5472 2848 5534 latior,
2899 5485 3024 5525 aere
3066 5471 3283 5540 purior,
3332 5469 3469 5523 cu‘lo
3498 5467 3692 5534 altior.

2104 5564 2215 5617 sole
2241 5563 2434 5617 clarior
2465 5560 2713 5632 est(.lob.
2747 5577 2820 5626 xl,
2842 5560 2895 5622 8,
2929 5559 3018 5629 9);
3044 5561 3094 5613 in
3120 5561 3270 5615 cmlis
3300 5569 3476 5614 tamen
3508 5557 3691 5610 mani-

2105 5653 2240 5710 feste
2270 5661 2373 5722 est,
2430 5653 2483 5707 in
2537 5652 2732 5720 quibus
2787 5651 2939 5720 panis
2990 5651 3302 5719 angelorum
3354 5655 3468 5710 est,
3498 5644 3590 5716 qui
3623 5656 3691 5703 ut.

496 5803 521 5834 ⁸
564 5794 801 5863 liepetlit.
829 5793 990 5858 Deest
1036 5795 1172 5857 forte
1211 5797 1464 5863 esuriem,
1500 5795 1711 5865 fantem,
1743 5790 1827 5854 νει
1873 5788 1999 5859 quid
2037 5790 2230 5857 simile.
