  <div class='ocr_page' id='page_1' title='image "/cluster/home/n/w/nwhite01/storage/ocr_20150623/80/hvd.32044054758842/128.png"; bbox 0 0 3932 6184; ppageno 0'>
   <div class='ocr_carea' id='block_1_1' title="bbox 334 296 445 353">
    <p class='ocr_par' dir='ltr' id='par_1_1' title="bbox 334 296 445 353">
     <span class='ocr_line' id='line_1_1' title="bbox 334 296 445 353; baseline 0.036 -4"><span class='ocrx_word' id='word_1_1' title='bbox 334 296 445 353; x_wconf 68' lang='grc' dir='ltr'><strong>9ἰ5</strong></span> 
     </span>
    </p>
   </div>
   <div class='ocr_carea' id='block_1_2' title="bbox 1271 298 2693 371">
    <p class='ocr_par' dir='ltr' id='par_1_2' title="bbox 1271 298 2693 371">
     <span class='ocr_line' id='line_1_2' title="bbox 1271 298 2693 371; baseline 0.013 -20"><span class='ocrx_word' id='word_1_2' title='bbox 1271 298 1805 357; x_wconf 80' lang='lat' dir='ltr'><strong>INSTRUCTIONES</strong></span> <span class='ocrx_word' id='word_1_3' title='bbox 1847 302 2077 358; x_wconf 68' lang='lat' dir='ltr'><strong>VMll/E</strong></span> <span class='ocrx_word' id='word_1_4' title='bbox 2118 306 2271 359; x_wconf 65' lang='grc' dir='ltr'>διιίῑ</span> <span class='ocrx_word' id='word_1_5' title='bbox 2314 309 2693 371; x_wconf 67' lang='grc' dir='ltr'><strong>δῑείῐῖΜΟΝΕε.</strong></span> 
     </span>
    </p>
   </div>
   <div class='ocr_carea' id='block_1_3' title="bbox 3485 314 3587 371">
    <p class='ocr_par' dir='ltr' id='par_1_3' title="bbox 3485 314 3587 371">
     <span class='ocr_line' id='line_1_3' title="bbox 3485 314 3587 371; baseline 0.029 -3"><span class='ocrx_word' id='word_1_6' title='bbox 3485 314 3587 371; x_wconf 57' lang='grc'><strong>216</strong></span> 
     </span>
    </p>
   </div>
   <div class='ocr_carea' id='block_1_4' title="bbox 332 406 3595 505">
    <p class='ocr_par' dir='ltr' id='par_1_4' title="bbox 332 406 3595 505">
     <span class='ocr_line' id='line_1_4' title="bbox 332 406 3595 505; baseline 0.009 -42"><span class='ocrx_word' id='word_1_7' title='bbox 332 406 620 505; x_wconf 76' lang='lat' dir='ltr'><strong>doiuestici</strong></span> <span class='ocrx_word' id='word_1_8' title='bbox 659 406 875 462; x_wconf 93' lang='lat' dir='ltr'><strong>beatam</strong></span> <span class='ocrx_word' id='word_1_9' title='bbox 929 406 1048 463; x_wconf 81' lang='lat' dir='ltr'><strong>coeli</strong></span> <span class='ocrx_word' id='word_1_10' title='bbox 1097 408 1254 477; x_wconf 85' lang='lat' dir='ltr'><strong>primi</strong></span> <span class='ocrx_word' id='word_1_11' title='bbox 1303 410 1505 480; x_wconf 79' lang='lat' dir='ltr'><strong>regiam</strong></span> <span class='ocrx_word' id='word_1_12' title='bbox 1546 412 1790 465; x_wconf 91' lang='lat' dir='ltr'><strong>incolunt</strong></span> <span class='ocrx_word' id='word_1_13' title='bbox 1818 456 1830 477; x_wconf 89' lang='lat'><strong>,</strong></span> <span class='ocrx_word' id='word_1_14' title='bbox 1870 421 1926 467; x_wconf 92' lang='lat' dir='ltr'><strong>et</strong></span> <span class='ocrx_word' id='word_1_15' title='bbox 1956 419 2003 479; x_wconf 82' lang='grc' dir='ltr'>Α</span> <span class='ocrx_word' id='word_1_16' title='bbox 2032 432 2152 471; x_wconf 88' lang='lat' dir='ltr'><strong>nem</strong></span> <span class='ocrx_word' id='word_1_17' title='bbox 2184 419 2445 487; x_wconf 86' lang='lat' dir='ltr'><strong>vivorum,</strong></span> <span class='ocrx_word' id='word_1_18' title='bbox 2476 423 2561 478; x_wconf 92' lang='lat' dir='ltr'><strong>ubi</strong></span> <span class='ocrx_word' id='word_1_19' title='bbox 2593 422 2726 479; x_wconf 87' lang='lat' dir='ltr'><strong>facie</strong></span> <span class='ocrx_word' id='word_1_20' title='bbox 2755 424 2819 479; x_wconf 90' lang='lat' dir='ltr'><strong>ad</strong></span> <span class='ocrx_word' id='word_1_21' title='bbox 2843 426 3030 482; x_wconf 90' lang='lat' dir='ltr'><strong>faciem</strong></span> <span class='ocrx_word' id='word_1_22' title='bbox 3062 429 3303 489; x_wconf 63' lang='lat' dir='ltr'><strong>coelestia</strong></span> <span class='ocrx_word' id='word_1_23' title='bbox 3327 434 3595 505; x_wconf 80' lang='lat' dir='ltr'><strong>videmus,</strong></span> 
     </span>
    </p>
   </div>
   <div class='ocr_carea' id='block_1_5' title="bbox 336 498 1922 571">
    <p class='ocr_par' dir='ltr' id='par_1_5' title="bbox 336 498 1922 571">
     <span class='ocr_line' id='line_1_5' title="bbox 336 498 1922 571; baseline 0.001 -16"><span class='ocrx_word' id='word_1_24' title='bbox 336 500 433 555; x_wconf 86' lang='lat' dir='ltr'><strong>Dei</strong></span> <span class='ocrx_word' id='word_1_25' title='bbox 464 498 715 554; x_wconf 88' lang='lat' dir='ltr'><strong>fruuntur</strong></span> <span class='ocrx_word' id='word_1_26' title='bbox 736 510 1045 568; x_wconf 84' lang='lat' dir='ltr'><strong>conspectu.</strong></span> <span class='ocrx_word' id='word_1_27' title='bbox 1079 498 1185 553; x_wconf 89' lang='lat' dir='ltr'><strong>Sed</strong></span> <span class='ocrx_word' id='word_1_28' title='bbox 1213 502 1339 569; x_wconf 85' lang='lat' dir='ltr'><strong>quia</strong></span> <span class='ocrx_word' id='word_1_29' title='bbox 1369 502 1803 571; x_wconf 87' lang='lat' dir='ltr'><strong>inconspicabilis</strong></span> <span class='ocrx_word' id='word_1_30' title='bbox 1829 504 1922 557; x_wconf 91' lang='lat' dir='ltr'><strong>Dei</strong></span> 
     </span>
    </p>
   </div>
   <div class='ocr_carea' id='block_1_6' title="bbox 330 587 1923 662">
    <p class='ocr_par' dir='ltr' id='par_1_6' title="bbox 330 587 1923 662">
     <span class='ocr_line' id='line_1_6' title="bbox 330 587 1923 662; baseline 0.003 -19"><span class='ocrx_word' id='word_1_31' title='bbox 330 602 527 644; x_wconf 85' lang='lat' dir='ltr'><strong>natura</strong></span> <span class='ocrx_word' id='word_1_32' title='bbox 560 587 753 662; x_wconf 82' lang='lat' dir='ltr'><strong>[Forte</strong></span> <span class='ocrx_word' id='word_1_33' title='bbox 799 589 1077 661; x_wconf 86' lang='lat' dir='ltr'><strong>naturam]</strong></span> <span class='ocrx_word' id='word_1_34' title='bbox 1120 591 1384 646; x_wconf 85' lang='lat' dir='ltr'><strong>sinceram</strong></span> <span class='ocrx_word' id='word_1_35' title='bbox 1431 601 1620 647; x_wconf 84' lang='lat' dir='ltr'><strong>natura</strong></span> <span class='ocrx_word' id='word_1_36' title='bbox 1661 594 1923 649; x_wconf 82' lang='lat' dir='ltr'><strong>infirmior</strong></span> 
     </span>
    </p>
   </div>
   <div class='ocr_carea' id='block_1_7' title="bbox 330 681 1919 753">
    <p class='ocr_par' dir='ltr' id='par_1_7' title="bbox 330 681 1919 753">
     <span class='ocr_line' id='line_1_7' title="bbox 330 681 1919 753; baseline 0 -16"><span class='ocrx_word' id='word_1_37' title='bbox 330 685 473 738; x_wconf 82' lang='lat' dir='ltr'><strong>ferre</strong></span> <span class='ocrx_word' id='word_1_38' title='bbox 497 698 605 736; x_wconf 92' lang='lat' dir='ltr'><strong>non</strong></span> <span class='ocrx_word' id='word_1_39' title='bbox 629 690 869 752; x_wconf 75' lang='lat' dir='ltr'><strong>poterat;</strong></span> <span class='ocrx_word' id='word_1_40' title='bbox 896 681 1018 736; x_wconf 91' lang='lat' dir='ltr'><strong>ideo</strong></span> <span class='ocrx_word' id='word_1_41' title='bbox 1045 681 1185 736; x_wconf 79' lang='lat' dir='ltr'><strong>Dens</strong></span> <span class='ocrx_word' id='word_1_42' title='bbox 1209 683 1353 751; x_wconf 86' lang='lat' dir='ltr'><strong>pius,</strong></span> <span class='ocrx_word' id='word_1_43' title='bbox 1378 683 1513 737; x_wconf 84' lang='lat' dir='ltr'><strong>intra</strong></span> <span class='ocrx_word' id='word_1_44' title='bbox 1532 698 1691 752; x_wconf 84' lang='lat' dir='ltr'><strong>quem</strong></span> <span class='ocrx_word' id='word_1_45' title='bbox 1716 686 1919 753; x_wconf 80' lang='lat' dir='ltr'><strong>omnia,</strong></span> 
     </span>
    </p>
   </div>
   <div class='ocr_carea' id='block_1_8' title="bbox 328 772 1920 843">
    <p class='ocr_par' dir='ltr' id='par_1_8' title="bbox 328 772 1920 843">
     <span class='ocr_line' id='line_1_8' title="bbox 328 772 1920 843; baseline 0.001 -15"><span class='ocrx_word' id='word_1_46' title='bbox 328 784 385 828; x_wconf 89' lang='lat' dir='ltr'><strong>et</strong></span> <span class='ocrx_word' id='word_1_47' title='bbox 414 782 569 827; x_wconf 76' lang='lat' dir='ltr'><strong>extra</strong></span> <span class='ocrx_word' id='word_1_48' title='bbox 601 788 763 842; x_wconf 89' lang='lat' dir='ltr'><strong>quem</strong></span> <span class='ocrx_word' id='word_1_49' title='bbox 811 772 944 826; x_wconf 84' lang='lat' dir='ltr'><strong>nihil</strong></span> <span class='ocrx_word' id='word_1_50' title='bbox 966 812 982 835; x_wconf 92' lang='lat'><strong>,</strong></span> <span class='ocrx_word' id='word_1_51' title='bbox 1023 773 1249 840; x_wconf 82' lang='lat' dir='ltr'><strong>primam</strong></span> <span class='ocrx_word' id='word_1_52' title='bbox 1281 774 1553 842; x_wconf 79' lang='lat' dir='ltr'><strong>regionem</strong></span> <span class='ocrx_word' id='word_1_53' title='bbox 1596 776 1920 843; x_wconf 73' lang='lat' dir='ltr'><strong>cognitionis</strong></span> 
     </span>
    </p>
   </div>
   <div class='ocr_carea' id='block_1_9' title="bbox 326 862 1915 933">
    <p class='ocr_par' dir='ltr' id='par_1_9' title="bbox 326 862 1915 933">
     <span class='ocr_line' id='line_1_9' title="bbox 326 862 1915 933; baseline 0.001 -14"><span class='ocrx_word' id='word_1_54' title='bbox 326 882 439 919; x_wconf 70' lang='lat' dir='ltr'><strong>sua:</strong></span> <span class='ocrx_word' id='word_1_55' title='bbox 468 879 631 933; x_wconf 87' lang='lat' dir='ltr'><strong>quam</strong></span> <span class='ocrx_word' id='word_1_56' title='bbox 662 864 840 932; x_wconf 90' lang='lat' dir='ltr'><strong>primo</strong></span> <span class='ocrx_word' id='word_1_57' title='bbox 871 863 1009 917; x_wconf 74' lang='lat' dir='ltr'><strong>ccelo</strong></span> <span class='ocrx_word' id='word_1_58' title='bbox 1056 862 1272 917; x_wconf 73' lang='lat' dir='ltr'><strong>inclusit</strong></span> <span class='ocrx_word' id='word_1_59' title='bbox 1302 863 1478 933; x_wconf 88' lang='lat' dir='ltr'><strong>(quod</strong></span> <span class='ocrx_word' id='word_1_60' title='bbox 1510 865 1663 932; x_wconf 88' lang='lat' dir='ltr'><strong>aquis</strong></span> <span class='ocrx_word' id='word_1_61' title='bbox 1693 866 1915 921; x_wconf 90' lang='lat' dir='ltr'><strong>elevatis</strong></span> 
     </span>
    </p>
   </div>
   <div class='ocr_carea' id='block_1_10' title="bbox 329 953 1913 1025">
    <p class='ocr_par' dir='ltr' id='par_1_10' title="bbox 329 953 1913 1025">
     <span class='ocr_line' id='line_1_10' title="bbox 329 953 1913 1025; baseline 0.001 -18"><span class='ocrx_word' id='word_1_62' title='bbox 329 954 690 1025; x_wconf 81' lang='lat' dir='ltr'><strong>temperavit)</strong></span> <span class='ocrx_word' id='word_1_63' title='bbox 722 954 969 1023; x_wconf 81' lang='lat' dir='ltr'><strong>supernis</strong></span> <span class='ocrx_word' id='word_1_64' title='bbox 992 953 1277 1008; x_wconf 73' lang='lat' dir='ltr'><strong>virtutibus</strong></span> <span class='ocrx_word' id='word_1_65' title='bbox 1306 954 1581 1023; x_wconf 81' lang='lat' dir='ltr'><strong>deputavit</strong></span> <span class='ocrx_word' id='word_1_66' title='bbox 1609 974 1620 1007; x_wconf 87' lang='lat'><strong>:</strong></span> <span class='ocrx_word' id='word_1_67' title='bbox 1651 956 1751 1011; x_wconf 88' lang='lat' dir='ltr'><strong>nisi</strong></span> <span class='ocrx_word' id='word_1_68' title='bbox 1772 958 1913 1011; x_wconf 89' lang='lat' dir='ltr'><strong>enim</strong></span> 
     </span>
    </p>
   </div>
   <div class='ocr_carea' id='block_1_11' title="bbox 326 1047 1914 1120">
    <p class='ocr_par' dir='ltr' id='par_1_11' title="bbox 326 1047 1914 1120">
     <span class='ocr_line' id='line_1_11' title="bbox 326 1047 1914 1120; baseline 0.001 -18"><span class='ocrx_word' id='word_1_69' title='bbox 326 1050 417 1103; x_wconf 92' lang='lat' dir='ltr'><strong>illa</strong></span> <span class='ocrx_word' id='word_1_70' title='bbox 460 1050 617 1120; x_wconf 88' lang='lat' dir='ltr'><strong>primi</strong></span> <span class='ocrx_word' id='word_1_71' title='bbox 644 1049 765 1104; x_wconf 65' lang='grc' dir='ltr'><strong>(ταξιί</strong></span> <span class='ocrx_word' id='word_1_72' title='bbox 809 1057 997 1102; x_wconf 90' lang='lat' dir='ltr'><strong>natura</strong></span> <span class='ocrx_word' id='word_1_73' title='bbox 1025 1062 1187 1117; x_wconf 87' lang='lat' dir='ltr'><strong>supra</strong></span> <span class='ocrx_word' id='word_1_74' title='bbox 1214 1047 1372 1103; x_wconf 91' lang='lat' dir='ltr'><strong>dictis</strong></span> <span class='ocrx_word' id='word_1_75' title='bbox 1401 1049 1555 1117; x_wconf 87' lang='lat' dir='ltr'><strong>aquis</strong></span> <span class='ocrx_word' id='word_1_76' title='bbox 1585 1057 1914 1119; x_wconf 84' lang='lat' dir='ltr'><strong>temperare-</strong></span> 
     </span>
    </p>
   </div>
   <div class='ocr_carea' id='block_1_12' title="bbox 324 1141 1909 1210">
    <p class='ocr_par' dir='ltr' id='par_1_12' title="bbox 324 1141 1909 1210">
     <span class='ocr_line' id='line_1_12' title="bbox 324 1141 1909 1210; baseline 0.001 -15"><span class='ocrx_word' id='word_1_77' title='bbox 324 1153 429 1206; x_wconf 91' lang='lat' dir='ltr'><strong>tur,</strong></span> <span class='ocrx_word' id='word_1_78' title='bbox 461 1143 678 1210; x_wconf 84' lang='lat' dir='ltr'><strong>superni</strong></span> <span class='ocrx_word' id='word_1_79' title='bbox 722 1141 818 1196; x_wconf 85' lang='lat' dir='ltr'><strong>Dei</strong></span> <span class='ocrx_word' id='word_1_80' title='bbox 853 1156 1079 1195; x_wconf 91' lang='lat' dir='ltr'><strong>accensa</strong></span> <span class='ocrx_word' id='word_1_81' title='bbox 1111 1141 1329 1205; x_wconf 86' lang='lat' dir='ltr'><strong>virtute,</strong></span> <span class='ocrx_word' id='word_1_82' title='bbox 1364 1155 1701 1210; x_wconf 84' lang='lat' dir='ltr'><strong>nequaquam</strong></span> <span class='ocrx_word' id='word_1_83' title='bbox 1737 1142 1802 1195; x_wconf 89' lang='lat' dir='ltr'><strong>ab</strong></span> <span class='ocrx_word' id='word_1_84' title='bbox 1830 1144 1909 1197; x_wconf 92' lang='lat' dir='ltr'><strong>in-</strong></span> 
     </span>
    </p>
   </div>
   <div class='ocr_carea' id='block_1_13' title="bbox 319 1230 1909 1301">
    <p class='ocr_par' dir='ltr' id='par_1_13' title="bbox 319 1230 1909 1301">
     <span class='ocr_line' id='line_1_13' title="bbox 319 1230 1909 1301; baseline 0.002 -15"><span class='ocrx_word' id='word_1_85' title='bbox 319 1232 606 1286; x_wconf 89' lang='lat' dir='ltr'><strong>ferioribus</strong></span> <span class='ocrx_word' id='word_1_86' title='bbox 654 1240 799 1285; x_wconf 85' lang='lat' dir='ltr'><strong>esset</strong></span> <span class='ocrx_word' id='word_1_87' title='bbox 849 1230 1099 1301; x_wconf 85' lang='lat' dir='ltr'><strong>patienda</strong></span> <span class='ocrx_word' id='word_1_88' title='bbox 1158 1230 1407 1293; x_wconf 90' lang='lat' dir='ltr'><strong>naturis;</strong></span> <span class='ocrx_word' id='word_1_89' title='bbox 1460 1245 1523 1287; x_wconf 85' lang='lat' dir='ltr'><strong>ac</strong></span> <span class='ocrx_word' id='word_1_90' title='bbox 1555 1232 1631 1287; x_wconf 84' lang='lat' dir='ltr'><strong>sic</strong></span> <span class='ocrx_word' id='word_1_91' title='bbox 1660 1233 1909 1289; x_wconf 81' lang='lat' dir='ltr'><strong>omnibus</strong></span> 
     </span>
    </p>
   </div>
   <div class='ocr_carea' id='block_1_14' title="bbox 318 1322 1904 1393">
    <p class='ocr_par' dir='ltr' id='par_1_14' title="bbox 318 1322 1904 1393">
     <span class='ocr_line' id='line_1_14' title="bbox 318 1322 1904 1393; baseline 0.001 -16"><span class='ocrx_word' id='word_1_92' title='bbox 318 1324 519 1393; x_wconf 80' lang='lat' dir='ltr'><strong>ubique</strong></span> <span class='ocrx_word' id='word_1_93' title='bbox 549 1338 806 1393; x_wconf 66' lang='lat' dir='ltr'><strong>praesens,</strong></span> <span class='ocrx_word' id='word_1_94' title='bbox 841 1323 1274 1392; x_wconf 86' lang='lat' dir='ltr'><strong>iuconspicabilis</strong></span> <span class='ocrx_word' id='word_1_95' title='bbox 1306 1322 1444 1378; x_wconf 82' lang='lat' dir='ltr'><strong>Deus</strong></span> <span class='ocrx_word' id='word_1_96' title='bbox 1468 1332 1569 1379; x_wconf 89' lang='lat' dir='ltr'><strong>est.</strong></span> <span class='ocrx_word' id='word_1_97' title='bbox 1607 1324 1731 1380; x_wconf 90' lang='lat' dir='ltr'><strong>Plus</strong></span> <span class='ocrx_word' id='word_1_98' title='bbox 1763 1327 1904 1381; x_wconf 90' lang='lat' dir='ltr'><strong>enim</strong></span> 
     </span>
    </p>
   </div>
   <div class='ocr_carea' id='block_1_15' title="bbox 315 1416 1905 1488">
    <p class='ocr_par' dir='ltr' id='par_1_15' title="bbox 315 1416 1905 1488">
     <span class='ocr_line' id='line_1_15' title="bbox 315 1416 1905 1488; baseline 0.002 -17"><span class='ocrx_word' id='word_1_99' title='bbox 315 1424 417 1479; x_wconf 85' lang='lat' dir='ltr'><strong>est,</strong></span> <span class='ocrx_word' id='word_1_100' title='bbox 448 1431 615 1484; x_wconf 89' lang='lat' dir='ltr'><strong>quam</strong></span> <span class='ocrx_word' id='word_1_101' title='bbox 642 1423 787 1469; x_wconf 91' lang='lat' dir='ltr'><strong>totus</strong></span> <span class='ocrx_word' id='word_1_102' title='bbox 816 1416 1053 1485; x_wconf 89' lang='lat' dir='ltr'><strong>conspici</strong></span> <span class='ocrx_word' id='word_1_103' title='bbox 1077 1425 1260 1486; x_wconf 86' lang='lat' dir='ltr'><strong>queat,</strong></span> <span class='ocrx_word' id='word_1_104' title='bbox 1294 1424 1349 1471; x_wconf 91' lang='lat' dir='ltr'><strong>et</strong></span> <span class='ocrx_word' id='word_1_105' title='bbox 1380 1416 1495 1485; x_wconf 88' lang='lat' dir='ltr'><strong>plus</strong></span> <span class='ocrx_word' id='word_1_106' title='bbox 1524 1418 1791 1484; x_wconf 85' lang='lat' dir='ltr'><strong>omnibus,</strong></span> <span class='ocrx_word' id='word_1_107' title='bbox 1815 1421 1905 1488; x_wconf 90' lang='lat' dir='ltr'><strong>qui</strong></span> 
     </span>
    </p>
   </div>
   <div class='ocr_carea' id='block_1_16' title="bbox 314 1512 1905 1579">
    <p class='ocr_par' dir='ltr' id='par_1_16' title="bbox 314 1512 1905 1579">
     <span class='ocr_line' id='line_1_16' title="bbox 314 1512 1905 1579; baseline 0.002 -16"><span class='ocrx_word' id='word_1_108' title='bbox 314 1513 497 1567; x_wconf 86' lang='lat' dir='ltr'><strong>munia</strong></span> <span class='ocrx_word' id='word_1_109' title='bbox 522 1528 588 1567; x_wconf 77' lang='lat' dir='ltr'><strong>ex</strong></span> <span class='ocrx_word' id='word_1_110' title='bbox 617 1512 784 1567; x_wconf 80' lang='lat' dir='ltr'><strong>nihilo</strong></span> <span class='ocrx_word' id='word_1_111' title='bbox 813 1514 1051 1579; x_wconf 86' lang='lat' dir='ltr'><strong>creavit;</strong></span> <span class='ocrx_word' id='word_1_112' title='bbox 1085 1522 1139 1568; x_wconf 89' lang='lat' dir='ltr'><strong>et</strong></span> <span class='ocrx_word' id='word_1_113' title='bbox 1166 1514 1284 1568; x_wconf 90' lang='lat' dir='ltr'><strong>ideo</strong></span> <span class='ocrx_word' id='word_1_114' title='bbox 1315 1530 1435 1569; x_wconf 89' lang='lat' dir='ltr'><strong>cum</strong></span> <span class='ocrx_word' id='word_1_115' title='bbox 1466 1513 1695 1578; x_wconf 87' lang='lat' dir='ltr'><strong>videtur,</strong></span> <span class='ocrx_word' id='word_1_116' title='bbox 1723 1512 1905 1566; x_wconf 84' lang='lat' dir='ltr'><strong>invisi-</strong></span> 
     </span>
    </p>
   </div>
   <div class='ocr_carea' id='block_1_17' title="bbox 314 1603 1903 1680">
    <p class='ocr_par' dir='ltr' id='par_1_17' title="bbox 314 1603 1903 1680">
     <span class='ocr_line' id='line_1_17' title="bbox 314 1603 1903 1680; baseline -0.002 -21"><span class='ocrx_word' id='word_1_117' title='bbox 314 1605 435 1659; x_wconf 80' lang='lat' dir='ltr'><strong>bilis</strong></span> <span class='ocrx_word' id='word_1_118' title='bbox 462 1614 569 1667; x_wconf 89' lang='lat' dir='ltr'><strong>est,</strong></span> <span class='ocrx_word' id='word_1_119' title='bbox 610 1605 729 1675; x_wconf 85' lang='lat' dir='ltr'><strong>quia</strong></span> <span class='ocrx_word' id='word_1_120' title='bbox 762 1604 882 1674; x_wconf 90' lang='lat' dir='ltr'><strong>quis</strong></span> <span class='ocrx_word' id='word_1_121' title='bbox 910 1604 978 1659; x_wconf 87' lang='lat' dir='ltr'><strong>sit</strong></span> <span class='ocrx_word' id='word_1_122' title='bbox 1009 1613 1063 1658; x_wconf 90' lang='lat' dir='ltr'><strong>et</strong></span> <span class='ocrx_word' id='word_1_123' title='bbox 1091 1613 1323 1680; x_wconf 81' lang='lat' dir='ltr'><strong>quantus</strong></span> <span class='ocrx_word' id='word_1_124' title='bbox 1347 1605 1415 1658; x_wconf 86' lang='lat' dir='ltr'><strong>sit</strong></span> <span class='ocrx_word' id='word_1_125' title='bbox 1438 1643 1454 1670; x_wconf 92' lang='lat'><strong>,</strong></span> <span class='ocrx_word' id='word_1_126' title='bbox 1492 1603 1589 1657; x_wconf 84' lang='lat' dir='ltr'><strong>sibi</strong></span> <span class='ocrx_word' id='word_1_127' title='bbox 1620 1603 1718 1657; x_wconf 92' lang='lat' dir='ltr'><strong>soli</strong></span> <span class='ocrx_word' id='word_1_128' title='bbox 1743 1611 1903 1656; x_wconf 90' lang='lat' dir='ltr'><strong>notus</strong></span> 
     </span>
    </p>
   </div>
   <div class='ocr_carea' id='block_1_18' title="bbox 310 1695 1903 1765">
    <p class='ocr_par' dir='ltr' id='par_1_18' title="bbox 310 1695 1903 1765">
     <span class='ocr_line' id='line_1_18' title="bbox 310 1695 1903 1765; baseline -0.001 -15"><span class='ocrx_word' id='word_1_129' title='bbox 310 1705 411 1750; x_wconf 84' lang='lat' dir='ltr'><strong>est.</strong></span> <span class='ocrx_word' id='word_1_130' title='bbox 440 1695 721 1751; x_wconf 72' lang='lat' dir='ltr'><strong>Pulsemus</strong></span> <span class='ocrx_word' id='word_1_131' title='bbox 755 1706 931 1751; x_wconf 88' lang='lat' dir='ltr'><strong>tamen</strong></span> <span class='ocrx_word' id='word_1_132' title='bbox 977 1696 1122 1750; x_wconf 90' lang='lat' dir='ltr'><strong>illum</strong></span> <span class='ocrx_word' id='word_1_133' title='bbox 1144 1736 1160 1763; x_wconf 92' lang='lat'><strong>,</strong></span> <span class='ocrx_word' id='word_1_134' title='bbox 1190 1696 1313 1765; x_wconf 89' lang='lat' dir='ltr'><strong>quia</strong></span> <span class='ocrx_word' id='word_1_135' title='bbox 1347 1696 1637 1764; x_wconf 84' lang='lat' dir='ltr'><strong>unicuique</strong></span> <span class='ocrx_word' id='word_1_136' title='bbox 1662 1710 1760 1763; x_wconf 92' lang='lat' dir='ltr'><strong>pro</strong></span> <span class='ocrx_word' id='word_1_137' title='bbox 1790 1709 1903 1748; x_wconf 90' lang='lat' dir='ltr'><strong>mc-</strong></span> 
     </span>
    </p>
   </div>
   <div class='ocr_carea' id='block_1_19' title="bbox 2028 506 3594 593">
    <p class='ocr_par' dir='ltr' id='par_1_19' title="bbox 2028 506 3594 593">
     <span class='ocr_line' id='line_1_19' title="bbox 2028 506 3594 593; baseline 0.015 -33"><span class='ocrx_word' id='word_1_138' title='bbox 2028 516 2082 560; x_wconf 92' lang='lat' dir='ltr'><strong>et</strong></span> <span class='ocrx_word' id='word_1_139' title='bbox 2111 506 2306 576; x_wconf 80' lang='lat' dir='ltr'><strong>Regem</strong></span> <span class='ocrx_word' id='word_1_140' title='bbox 2340 526 2525 579; x_wconf 84' lang='lat' dir='ltr'><strong>regum</strong></span> <span class='ocrx_word' id='word_1_141' title='bbox 2555 522 2702 567; x_wconf 90' lang='lat' dir='ltr'><strong>recto</strong></span> <span class='ocrx_word' id='word_1_142' title='bbox 2729 516 2986 583; x_wconf 83' lang='lat' dir='ltr'><strong>regimine</strong></span> <span class='ocrx_word' id='word_1_143' title='bbox 3010 534 3170 589; x_wconf 89' lang='lat' dir='ltr'><strong>regna</strong></span> <span class='ocrx_word' id='word_1_144' title='bbox 3195 532 3470 593; x_wconf 87' lang='lat' dir='ltr'><strong>regentem</strong></span> <span class='ocrx_word' id='word_1_145' title='bbox 3498 527 3594 582; x_wconf 92' lang='lat' dir='ltr'><strong>Do-</strong></span> 
     </span>
    </p>
   </div>
   <div class='ocr_carea' id='block_1_20' title="bbox 2025 599 3598 680">
    <p class='ocr_par' dir='ltr' id='par_1_20' title="bbox 2025 599 3598 680">
     <span class='ocr_line' id='line_1_20' title="bbox 2025 599 3598 680; baseline 0.015 -30"><span class='ocrx_word' id='word_1_146' title='bbox 2025 599 2223 651; x_wconf 92' lang='lat' dir='ltr'><strong>minum</strong></span> <span class='ocrx_word' id='word_1_147' title='bbox 2254 608 2493 655; x_wconf 84' lang='lat' dir='ltr'><strong>nostrum</strong></span> <span class='ocrx_word' id='word_1_148' title='bbox 2514 601 2996 674; x_wconf 83' lang='lat' dir='ltr'><strong>JesumChristum,</strong></span> <span class='ocrx_word' id='word_1_149' title='bbox 3021 611 3104 663; x_wconf 91' lang='lat' dir='ltr'><strong>cui</strong></span> <span class='ocrx_word' id='word_1_150' title='bbox 3128 612 3297 680; x_wconf 66' lang='lat' dir='ltr'><strong>gloria</strong></span> <span class='ocrx_word' id='word_1_151' title='bbox 3331 616 3383 669; x_wconf 89' lang='lat' dir='ltr'><strong>in</strong></span> <span class='ocrx_word' id='word_1_152' title='bbox 3404 617 3598 677; x_wconf 72' lang='lat' dir='ltr'><strong>saecula</strong></span> 
     </span>
    </p>
   </div>
   <div class='ocr_carea' id='block_1_21' title="bbox 2021 691 2582 747">
    <p class='ocr_par' dir='ltr' id='par_1_21' title="bbox 2021 691 2582 747">
     <span class='ocr_line' id='line_1_21' title="bbox 2021 691 2582 747; baseline 0.009 -5"><span class='ocrx_word' id='word_1_153' title='bbox 2021 691 2355 745; x_wconf 73' lang='lat' dir='ltr'><strong>smculorum.</strong></span> <span class='ocrx_word' id='word_1_154' title='bbox 2391 694 2582 747; x_wconf 68' lang='lat' dir='ltr'><strong>Amen.</strong></span> 
     </span>
    </p>
   </div>
   <div class='ocr_carea' id='block_1_22' title="bbox 2550 782 3072 843">
    <p class='ocr_par' dir='ltr' id='par_1_22' title="bbox 2550 782 3072 843">
     <span class='ocr_line' id='line_1_22' title="bbox 2550 782 3072 843; baseline 0.011 -7"><span class='ocrx_word' id='word_1_155' title='bbox 2550 782 2955 841; x_wconf 74' lang='lat' dir='ltr'><strong>INSTRUCTIO</strong></span> <span class='ocrx_word' id='word_1_156' title='bbox 2985 788 3072 843; x_wconf 78' lang='lat' dir='ltr'><strong>IX.</strong></span> 
     </span>
    </p>
   </div>
   <div class='ocr_carea' id='block_1_23' title="bbox 2506 874 3118 949">
    <p class='ocr_par' dir='ltr' id='par_1_23' title="bbox 2506 874 3118 949">
     <span class='ocr_line' id='line_1_23' title="bbox 2506 874 3118 949; baseline 0.011 -21"><span class='ocrx_word' id='word_1_157' title='bbox 2506 874 2585 929; x_wconf 89' lang='lat' dir='ltr'><strong>De</strong></span> <span class='ocrx_word' id='word_1_158' title='bbox 2629 888 2857 932; x_wconf 74' lang='lat' dir='ltr'><strong>extremo</strong></span> <span class='ocrx_word' id='word_1_159' title='bbox 2897 880 3118 949; x_wconf 71' lang='lat' dir='ltr'><strong>judicio.</strong></span> 
     </span>
    </p>
   </div>
   <div class='ocr_carea' id='block_1_24' title="bbox 2088 964 3598 1035">
    <p class='ocr_par' dir='ltr' id='par_1_24' title="bbox 2088 964 3598 1035">
     <span class='ocr_line' id='line_1_24' title="bbox 2088 964 3598 1035; baseline 0.012 -18"><span class='ocrx_word' id='word_1_160' title='bbox 2088 964 2128 1019; x_wconf 92' lang='lat' dir='ltr'><strong>l.</strong></span> <span class='ocrx_word' id='word_1_161' title='bbox 2172 965 2359 1022; x_wconf 87' lang='lat' dir='ltr'><strong>Adhuc</strong></span> <span class='ocrx_word' id='word_1_162' title='bbox 2380 968 2445 1022; x_wconf 92' lang='lat' dir='ltr'><strong>de</strong></span> <span class='ocrx_word' id='word_1_163' title='bbox 2469 966 2572 1023; x_wconf 84' lang='lat' dir='ltr'><strong>fine</strong></span> <span class='ocrx_word' id='word_1_164' title='bbox 2599 970 2857 1033; x_wconf 83' lang='lat' dir='ltr'><strong>dicamus,</strong></span> <span class='ocrx_word' id='word_1_165' title='bbox 2892 973 3036 1025; x_wconf 65' lang='lat' dir='ltr'><strong>fratre</strong></span> <span class='ocrx_word' id='word_1_166' title='bbox 3057 989 3083 1026; x_wconf 93' lang='lat' dir='ltr'><strong>s</strong></span> <span class='ocrx_word' id='word_1_167' title='bbox 3110 973 3407 1030; x_wconf 83' lang='lat' dir='ltr'><strong>eharissimi</strong></span> <span class='ocrx_word' id='word_1_168' title='bbox 3436 995 3449 1030; x_wconf 91' lang='lat'><strong>:</strong></span> <span class='ocrx_word' id='word_1_169' title='bbox 3481 978 3598 1035; x_wconf 89' lang='lat' dir='ltr'><strong>linis</strong></span> 
     </span>
    </p>
   </div>
   <div class='ocr_carea' id='block_1_25' title="bbox 2014 1058 3594 1137">
    <p class='ocr_par' dir='ltr' id='par_1_25' title="bbox 2014 1058 3594 1137">
     <span class='ocr_line' id='line_1_25' title="bbox 2014 1058 3594 1137; baseline 0.008 -26"><span class='ocrx_word' id='word_1_170' title='bbox 2014 1058 2153 1111; x_wconf 87' lang='lat' dir='ltr'><strong>enim</strong></span> <span class='ocrx_word' id='word_1_171' title='bbox 2174 1060 2269 1111; x_wconf 71' lang='lat' dir='ltr'><strong>via:</strong></span> <span class='ocrx_word' id='word_1_172' title='bbox 2287 1069 2498 1119; x_wconf 62' lang='lat' dir='ltr'><strong>nostrai.</strong></span> <span class='ocrx_word' id='word_1_173' title='bbox 2516 1062 2832 1130; x_wconf 80' lang='lat' dir='ltr'><strong>utdiximus,</strong></span> <span class='ocrx_word' id='word_1_174' title='bbox 2848 1074 3028 1117; x_wconf 84' lang='lat' dir='ltr'><strong>nostra</strong></span> <span class='ocrx_word' id='word_1_175' title='bbox 3048 1065 3216 1132; x_wconf 88' lang='lat' dir='ltr'><strong>patria</strong></span> <span class='ocrx_word' id='word_1_176' title='bbox 3232 1076 3333 1119; x_wconf 90' lang='lat' dir='ltr'><strong>est.</strong></span> <span class='ocrx_word' id='word_1_177' title='bbox 3352 1068 3455 1121; x_wconf 90' lang='lat' dir='ltr'><strong>Sed</strong></span> <span class='ocrx_word' id='word_1_178' title='bbox 3472 1071 3594 1137; x_wconf 89' lang='lat' dir='ltr'><strong>quia</strong></span> 
     </span>
    </p>
   </div>
   <div class='ocr_carea' id='block_1_26' title="bbox 2013 1151 3596 1227">
    <p class='ocr_par' dir='ltr' id='par_1_26' title="bbox 2013 1151 3596 1227">
     <span class='ocr_line' id='line_1_26' title="bbox 2013 1151 3596 1227; baseline 0.006 -24"><span class='ocrx_word' id='word_1_179' title='bbox 2013 1151 2101 1204; x_wconf 89' lang='lat' dir='ltr'><strong>alii</strong></span> <span class='ocrx_word' id='word_1_180' title='bbox 2140 1151 2227 1206; x_wconf 92' lang='lat' dir='ltr'><strong>hic</strong></span> <span class='ocrx_word' id='word_1_181' title='bbox 2247 1152 2471 1219; x_wconf 87' lang='lat' dir='ltr'><strong>patriam</strong></span> <span class='ocrx_word' id='word_1_182' title='bbox 2508 1152 2858 1220; x_wconf 67' lang='lat' dir='ltr'><strong>possidentes,</strong></span> <span class='ocrx_word' id='word_1_183' title='bbox 2891 1154 2997 1208; x_wconf 91' lang='lat' dir='ltr'><strong>illic</strong></span> <span class='ocrx_word' id='word_1_184' title='bbox 3027 1156 3185 1209; x_wconf 90' lang='lat' dir='ltr'><strong>linem</strong></span> <span class='ocrx_word' id='word_1_185' title='bbox 3216 1156 3313 1210; x_wconf 64' lang='lat' dir='ltr'><strong>vise</strong></span> <span class='ocrx_word' id='word_1_186' title='bbox 3343 1158 3394 1210; x_wconf 92' lang='lat' dir='ltr'><strong>in</strong></span> <span class='ocrx_word' id='word_1_187' title='bbox 3426 1158 3596 1227; x_wconf 88' lang='lat' dir='ltr'><strong>patria</strong></span> 
     </span>
    </p>
   </div>
   <div class='ocr_carea' id='block_1_27' title="bbox 2012 1242 3597 1313">
    <p class='ocr_par' dir='ltr' id='par_1_27' title="bbox 2012 1242 3597 1313">
     <span class='ocr_line' id='line_1_27' title="bbox 2012 1242 3597 1313; baseline 0.006 -20"><span class='ocrx_word' id='word_1_188' title='bbox 2012 1258 2117 1296; x_wconf 92' lang='lat' dir='ltr'><strong>non</strong></span> <span class='ocrx_word' id='word_1_189' title='bbox 2136 1242 2440 1309; x_wconf 86' lang='lat' dir='ltr'><strong>habebunt;</strong></span> <span class='ocrx_word' id='word_1_190' title='bbox 2474 1244 2565 1299; x_wconf 86' lang='lat' dir='ltr'><strong>sed</strong></span> <span class='ocrx_word' id='word_1_191' title='bbox 2590 1244 2656 1299; x_wconf 90' lang='lat' dir='ltr'><strong>de</strong></span> <span class='ocrx_word' id='word_1_192' title='bbox 2693 1246 2777 1299; x_wconf 87' lang='lat' dir='ltr'><strong>via</strong></span> <span class='ocrx_word' id='word_1_193' title='bbox 2812 1246 2863 1299; x_wconf 92' lang='lat' dir='ltr'><strong>in</strong></span> <span class='ocrx_word' id='word_1_194' title='bbox 2896 1246 3036 1299; x_wconf 89' lang='lat' dir='ltr'><strong>viam</strong></span> <span class='ocrx_word' id='word_1_195' title='bbox 3068 1246 3295 1311; x_wconf 91' lang='lat' dir='ltr'><strong>vadunt,</strong></span> <span class='ocrx_word' id='word_1_196' title='bbox 3323 1247 3372 1301; x_wconf 91' lang='lat' dir='ltr'><strong>id</strong></span> <span class='ocrx_word' id='word_1_197' title='bbox 3391 1257 3493 1313; x_wconf 90' lang='lat' dir='ltr'><strong>est,</strong></span> <span class='ocrx_word' id='word_1_198' title='bbox 3530 1248 3597 1303; x_wconf 85' lang='lat' dir='ltr'><strong>de</strong></span> 
     </span>
    </p>
   </div>
   <div class='ocr_carea' id='block_1_28' title="bbox 2009 1334 3595 1404">
    <p class='ocr_par' dir='ltr' id='par_1_28' title="bbox 2009 1334 3595 1404">
     <span class='ocr_line' id='line_1_28' title="bbox 2009 1334 3595 1404; baseline 0.002 -15"><span class='ocrx_word' id='word_1_199' title='bbox 2009 1348 2166 1404; x_wconf 64' lang='lat' dir='ltr'><strong>paena</strong></span> <span class='ocrx_word' id='word_1_200' title='bbox 2198 1334 2249 1386; x_wconf 92' lang='lat' dir='ltr'><strong>in</strong></span> <span class='ocrx_word' id='word_1_201' title='bbox 2279 1348 2489 1403; x_wconf 76' lang='lat' dir='ltr'><strong>pmnam</strong></span> <span class='ocrx_word' id='word_1_202' title='bbox 2520 1335 2700 1389; x_wconf 91' lang='lat' dir='ltr'><strong>animo</strong></span> <span class='ocrx_word' id='word_1_203' title='bbox 2744 1335 3087 1390; x_wconf 86' lang='lat' dir='ltr'><strong>remordente</strong></span> <span class='ocrx_word' id='word_1_204' title='bbox 3112 1337 3486 1403; x_wconf 90' lang='lat' dir='ltr'><strong>mutabuntur,</strong></span> <span class='ocrx_word' id='word_1_205' title='bbox 3540 1347 3595 1392; x_wconf 90' lang='lat' dir='ltr'><strong>et</strong></span> 
     </span>
    </p>
   </div>
   <div class='ocr_carea' id='block_1_29' title="bbox 2009 1424 3589 1493">
    <p class='ocr_par' dir='ltr' id='par_1_29' title="bbox 2009 1424 3589 1493">
     <span class='ocr_line' id='line_1_29' title="bbox 2009 1424 3589 1493; baseline 0.002 -15"><span class='ocrx_word' id='word_1_206' title='bbox 2009 1424 2249 1493; x_wconf 89' lang='lat' dir='ltr'><strong>requiem</strong></span> <span class='ocrx_word' id='word_1_207' title='bbox 2278 1440 2382 1477; x_wconf 91' lang='lat' dir='ltr'><strong>non</strong></span> <span class='ocrx_word' id='word_1_208' title='bbox 2407 1424 2713 1491; x_wconf 91' lang='lat' dir='ltr'><strong>habebunt;</strong></span> <span class='ocrx_word' id='word_1_209' title='bbox 2739 1425 2857 1480; x_wconf 86' lang='lat' dir='ltr'><strong>ideo</strong></span> <span class='ocrx_word' id='word_1_210' title='bbox 2887 1426 3001 1491; x_wconf 71' lang='lat' dir='ltr'><strong>vizc,</strong></span> <span class='ocrx_word' id='word_1_211' title='bbox 3028 1426 3077 1479; x_wconf 91' lang='lat' dir='ltr'><strong>i.l</strong></span> <span class='ocrx_word' id='word_1_212' title='bbox 3100 1438 3203 1493; x_wconf 74' lang='lat' dir='ltr'><strong>est,</strong></span> <span class='ocrx_word' id='word_1_213' title='bbox 3225 1428 3346 1481; x_wconf 74' lang='lat' dir='ltr'><strong>vita:</strong></span> <span class='ocrx_word' id='word_1_214' title='bbox 3375 1427 3589 1481; x_wconf 90' lang='lat' dir='ltr'><strong>illorum</strong></span> 
     </span>
    </p>
   </div>
   <div class='ocr_carea' id='block_1_30' title="bbox 2008 1515 3584 1585">
    <p class='ocr_par' dir='ltr' id='par_1_30' title="bbox 2008 1515 3584 1585">
     <span class='ocr_line' id='line_1_30' title="bbox 2008 1515 3584 1585; baseline 0.003 -19"><span class='ocrx_word' id='word_1_215' title='bbox 2008 1515 2127 1569; x_wconf 85' lang='lat' dir='ltr'><strong>linis</strong></span> <span class='ocrx_word' id='word_1_216' title='bbox 2161 1516 2333 1585; x_wconf 87' lang='lat' dir='ltr'><strong>patria</strong></span> <span class='ocrx_word' id='word_1_217' title='bbox 2365 1530 2470 1569; x_wconf 92' lang='lat' dir='ltr'><strong>non</strong></span> <span class='ocrx_word' id='word_1_218' title='bbox 2501 1523 2602 1581; x_wconf 89' lang='lat' dir='ltr'><strong>est,</strong></span> <span class='ocrx_word' id='word_1_219' title='bbox 2626 1516 2717 1570; x_wconf 90' lang='lat' dir='ltr'><strong>sed</strong></span> <span class='ocrx_word' id='word_1_220' title='bbox 2742 1530 2899 1585; x_wconf 66' lang='lat' dir='ltr'><strong>paena</strong></span> <span class='ocrx_word' id='word_1_221' title='bbox 2926 1533 2941 1581; x_wconf 91' lang='lat'><strong>;</strong></span> <span class='ocrx_word' id='word_1_222' title='bbox 2970 1532 3075 1570; x_wconf 86' lang='lat' dir='ltr'><strong>nun</strong></span> <span class='ocrx_word' id='word_1_223' title='bbox 3107 1525 3190 1572; x_wconf 89' lang='lat' dir='ltr'><strong>est</strong></span> <span class='ocrx_word' id='word_1_224' title='bbox 3216 1518 3458 1585; x_wconf 89' lang='lat' dir='ltr'><strong>requies,</strong></span> <span class='ocrx_word' id='word_1_225' title='bbox 3487 1517 3584 1573; x_wconf 89' lang='lat' dir='ltr'><strong>sed</strong></span> 
     </span>
    </p>
   </div>
   <div class='ocr_carea' id='block_1_31' title="bbox 2006 1604 3584 1677">
    <p class='ocr_par' dir='ltr' id='par_1_31' title="bbox 2006 1604 3584 1677">
     <span class='ocr_line' id='line_1_31' title="bbox 2006 1604 3584 1677; baseline 0.003 -17"><span class='ocrx_word' id='word_1_226' title='bbox 2006 1607 2338 1675; x_wconf 84' lang='lat' dir='ltr'><strong>inquietudo.</strong></span> <span class='ocrx_word' id='word_1_227' title='bbox 2362 1604 2635 1661; x_wconf 90' lang='lat' dir='ltr'><strong>.lustorum</strong></span> <span class='ocrx_word' id='word_1_228' title='bbox 2662 1615 2837 1662; x_wconf 88' lang='lat' dir='ltr'><strong>autem</strong></span> <span class='ocrx_word' id='word_1_229' title='bbox 2855 1607 2976 1661; x_wconf 64' lang='lat' dir='ltr'><strong>vitae</strong></span> <span class='ocrx_word' id='word_1_230' title='bbox 3002 1606 3119 1662; x_wconf 84' lang='lat' dir='ltr'><strong>finis</strong></span> <span class='ocrx_word' id='word_1_231' title='bbox 3140 1610 3337 1664; x_wconf 87' lang='lat' dir='ltr'><strong>estvita</strong></span> <span class='ocrx_word' id='word_1_232' title='bbox 3358 1618 3584 1677; x_wconf 63' lang='lat' dir='ltr'><strong>aeterna,</strong></span> 
     </span>
    </p>
   </div>
   <div class='ocr_carea' id='block_1_32' title="bbox 2002 1699 3582 1770">
    <p class='ocr_par' dir='ltr' id='par_1_32' title="bbox 2002 1699 3582 1770">
     <span class='ocr_line' id='line_1_32' title="bbox 2002 1699 3582 1770; baseline 0.002 -17"><span class='ocrx_word' id='word_1_233' title='bbox 2002 1702 2230 1770; x_wconf 84' lang='lat' dir='ltr'><strong>requies,</strong></span> <span class='ocrx_word' id='word_1_234' title='bbox 2256 1715 2357 1770; x_wconf 84' lang='lat' dir='ltr'><strong>pax</strong></span> <span class='ocrx_word' id='word_1_235' title='bbox 2390 1699 2661 1769; x_wconf 82' lang='lat' dir='ltr'><strong>perennis.</strong></span> <span class='ocrx_word' id='word_1_236' title='bbox 2686 1699 2857 1768; x_wconf 89' lang='lat' dir='ltr'><strong>patria</strong></span> <span class='ocrx_word' id='word_1_237' title='bbox 2888 1700 3141 1763; x_wconf 73' lang='lat' dir='ltr'><strong>cmlestis,</strong></span> <span class='ocrx_word' id='word_1_238' title='bbox 3161 1703 3432 1756; x_wconf 75' lang='lat' dir='ltr'><strong>mternitas</strong></span> <span class='ocrx_word' id='word_1_239' title='bbox 3462 1703 3582 1756; x_wconf 77' lang='lat' dir='ltr'><strong>bea-</strong></span> 
     </span>
    </p>
   </div>
   <div class='ocr_carea' id='block_1_33' title="bbox 309 1786 3579 1858">
    <p class='ocr_par' dir='ltr' id='par_1_33' title="bbox 309 1786 3579 1858">
     <span class='ocr_line' id='line_1_33' title="bbox 309 1786 3579 1858; baseline 0.001 -16"><span class='ocrx_word' id='word_1_240' title='bbox 309 1790 415 1843; x_wconf 91' lang='lat' dir='ltr'><strong>rito</strong></span> <span class='ocrx_word' id='word_1_241' title='bbox 442 1790 693 1858; x_wconf 87' lang='lat' dir='ltr'><strong>puritatis</strong></span> <span class='ocrx_word' id='word_1_242' title='bbox 729 1796 887 1842; x_wconf 90' lang='lat' dir='ltr'><strong>notus</strong></span> <span class='ocrx_word' id='word_1_243' title='bbox 912 1787 1083 1853; x_wconf 81' lang='lat' dir='ltr'><strong>adest,</strong></span> <span class='ocrx_word' id='word_1_244' title='bbox 1114 1788 1395 1841; x_wconf 83' lang='lat' dir='ltr'><strong>invisibilis</strong></span> <span class='ocrx_word' id='word_1_245' title='bbox 1422 1787 1581 1854; x_wconf 88' lang='lat' dir='ltr'><strong>licet,</strong></span> <span class='ocrx_word' id='word_1_246' title='bbox 1611 1786 1899 1840; x_wconf 66' lang='lat' dir='ltr'><strong>intestima-</strong></span> <span class='ocrx_word' id='word_1_247' title='bbox 1930 1793 1975 1851; x_wconf 84' lang='grc' dir='ltr'><strong>Β</strong></span> <span class='ocrx_word' id='word_1_248' title='bbox 2004 1798 2076 1855; x_wconf 89' lang='lat' dir='ltr'><strong>ta,</strong></span> <span class='ocrx_word' id='word_1_249' title='bbox 2110 1790 2291 1843; x_wconf 59' lang='lat' dir='ltr'><strong>lictitia</strong></span> <span class='ocrx_word' id='word_1_250' title='bbox 2324 1790 2546 1844; x_wconf 84' lang='lat' dir='ltr'><strong>infinita.</strong></span> <span class='ocrx_word' id='word_1_251' title='bbox 2593 1788 2840 1843; x_wconf 86' lang='lat' dir='ltr'><strong>Diversus</strong></span> <span class='ocrx_word' id='word_1_252' title='bbox 2881 1788 3060 1857; x_wconf 90' lang='lat' dir='ltr'><strong>itaque</strong></span> <span class='ocrx_word' id='word_1_253' title='bbox 3081 1789 3199 1843; x_wconf 77' lang='lat' dir='ltr'><strong>linis</strong></span> <span class='ocrx_word' id='word_1_254' title='bbox 3222 1791 3319 1845; x_wconf 65' lang='lat' dir='ltr'><strong>viai</strong></span> <span class='ocrx_word' id='word_1_255' title='bbox 3341 1792 3579 1846; x_wconf 69' lang='lat' dir='ltr'><strong>humana!</strong></span> 
     </span>
    </p>
   </div>
   <div class='ocr_carea' id='block_1_34' title="bbox 306 1873 1893 1945">
    <p class='ocr_par' dir='ltr' id='par_1_34' title="bbox 306 1873 1893 1945">
     <span class='ocr_line' id='line_1_34' title="bbox 306 1873 1893 1945; baseline -0.001 -14"><span class='ocrx_word' id='word_1_256' title='bbox 306 1877 428 1931; x_wconf 87' lang='lat' dir='ltr'><strong>bilis</strong></span> <span class='ocrx_word' id='word_1_257' title='bbox 454 1878 595 1940; x_wconf 88' lang='lat' dir='ltr'><strong>licet,</strong></span> <span class='ocrx_word' id='word_1_258' title='bbox 622 1876 763 1930; x_wconf 91' lang='lat' dir='ltr'><strong>Deus</strong></span> <span class='ocrx_word' id='word_1_259' title='bbox 782 1875 1033 1930; x_wconf 89' lang='lat' dir='ltr'><strong>Trinitas.</strong></span> <span class='ocrx_word' id='word_1_260' title='bbox 1061 1873 1616 1945; x_wconf 88' lang='lat' dir='ltr'><strong>Pulsemus,inquam,</strong></span> <span class='ocrx_word' id='word_1_261' title='bbox 1635 1878 1717 1930; x_wconf 88' lang='lat' dir='ltr'><strong>vel</strong></span> <span class='ocrx_word' id='word_1_262' title='bbox 1741 1874 1893 1941; x_wconf 91' lang='lat' dir='ltr'><strong>hinc,</strong></span> 
     </span>
    </p>
   </div>
   <div class='ocr_carea' id='block_1_35' title="bbox 306 1964 1895 2034">
    <p class='ocr_par' dir='ltr' id='par_1_35' title="bbox 306 1964 1895 2034">
     <span class='ocr_line' id='line_1_35' title="bbox 306 1964 1895 2034; baseline -0.002 -14"><span class='ocrx_word' id='word_1_263' title='bbox 306 1968 391 2021; x_wconf 86' lang='lat' dir='ltr'><strong>vel</strong></span> <span class='ocrx_word' id='word_1_264' title='bbox 420 1969 547 2022; x_wconf 92' lang='lat' dir='ltr'><strong>illuc</strong></span> <span class='ocrx_word' id='word_1_265' title='bbox 578 1966 895 2022; x_wconf 80' lang='lat' dir='ltr'><strong>familiarius</strong></span> <span class='ocrx_word' id='word_1_266' title='bbox 919 2008 934 2034; x_wconf 95' lang='lat'><strong>,</strong></span> <span class='ocrx_word' id='word_1_267' title='bbox 972 1967 1055 2021; x_wconf 86' lang='lat' dir='ltr'><strong>vel</strong></span> <span class='ocrx_word' id='word_1_268' title='bbox 1087 1966 1380 2030; x_wconf 89' lang='lat' dir='ltr'><strong>intremus,</strong></span> <span class='ocrx_word' id='word_1_269' title='bbox 1428 1966 1514 2020; x_wconf 91' lang='lat' dir='ltr'><strong>vel</strong></span> <span class='ocrx_word' id='word_1_270' title='bbox 1561 1964 1895 2020; x_wconf 81' lang='lat' dir='ltr'><strong>manifestius</strong></span> 
     </span>
    </p>
   </div>
   <div class='ocr_carea' id='block_1_36' title="bbox 302 2054 1894 2127">
    <p class='ocr_par' dir='ltr' id='par_1_36' title="bbox 302 2054 1894 2127">
     <span class='ocr_line' id='line_1_36' title="bbox 302 2054 1894 2127; baseline -0.003 -15"><span class='ocrx_word' id='word_1_271' title='bbox 302 2058 694 2127; x_wconf 81' lang='lat' dir='ltr'><strong>intelligamus,</strong></span> <span class='ocrx_word' id='word_1_272' title='bbox 726 2068 781 2111; x_wconf 91' lang='lat' dir='ltr'><strong>et</strong></span> <span class='ocrx_word' id='word_1_273' title='bbox 810 2072 907 2111; x_wconf 86' lang='lat' dir='ltr'><strong>nos</strong></span> <span class='ocrx_word' id='word_1_274' title='bbox 934 2057 983 2110; x_wconf 93' lang='lat' dir='ltr'><strong>in</strong></span> <span class='ocrx_word' id='word_1_275' title='bbox 1027 2056 1111 2109; x_wconf 87' lang='lat' dir='ltr'><strong>via</strong></span> <span class='ocrx_word' id='word_1_276' title='bbox 1139 2065 1420 2110; x_wconf 86' lang='lat' dir='ltr'><strong>cantantes</strong></span> <span class='ocrx_word' id='word_1_277' title='bbox 1449 2055 1691 2110; x_wconf 88' lang='lat' dir='ltr'><strong>dicamus</strong></span> <span class='ocrx_word' id='word_1_278' title='bbox 1719 2073 1733 2108; x_wconf 91' lang='lat'><strong>:</strong></span> <span class='ocrx_word' id='word_1_279' title='bbox 1766 2054 1894 2109; x_wconf 91' lang='lat' dir='ltr'><strong>Post</strong></span> 
     </span>
    </p>
   </div>
   <div class='ocr_carea' id='block_1_37' title="bbox 298 2146 1890 2219">
    <p class='ocr_par' dir='ltr' id='par_1_37' title="bbox 298 2146 1890 2219">
     <span class='ocr_line' id='line_1_37' title="bbox 298 2146 1890 2219; baseline -0.001 -17"><span class='ocrx_word' id='word_1_280' title='bbox 298 2160 348 2203; x_wconf 82' lang='lat' dir='ltr'><strong>te</strong></span> <span class='ocrx_word' id='word_1_281' title='bbox 378 2151 430 2215; x_wconf 75' lang='lat' dir='ltr'><strong>in</strong></span> <span class='ocrx_word' id='word_1_282' title='bbox 462 2150 673 2203; x_wconf 79' lang='lat' dir='ltr'><strong>odorem</strong></span> <span class='ocrx_word' id='word_1_283' title='bbox 700 2158 1080 2219; x_wconf 86' lang='lat' dir='ltr'><strong>unguentorum</strong></span> <span class='ocrx_word' id='word_1_284' title='bbox 1113 2157 1312 2202; x_wconf 86' lang='lat' dir='ltr'><strong>tuorum</strong></span> <span class='ocrx_word' id='word_1_285' title='bbox 1339 2164 1599 2201; x_wconf 72' lang='lat' dir='ltr'><strong>curramus</strong></span> <span class='ocrx_word' id='word_1_286' title='bbox 1624 2146 1806 2216; x_wconf 85' lang='lat' dir='ltr'><strong>(Cant.</strong></span> <span class='ocrx_word' id='word_1_287' title='bbox 1833 2163 1849 2201; x_wconf 89' lang='grc' dir='ltr'><strong>ι</strong></span> <span class='ocrx_word' id='word_1_288' title='bbox 1873 2188 1890 2214; x_wconf 84' lang='grc'><em>,</em></span> 
     </span>
    </p>
   </div>
   <div class='ocr_carea' id='block_1_38' title="bbox 296 2238 1889 2311">
    <p class='ocr_par' dir='ltr' id='par_1_38' title="bbox 296 2238 1889 2311">
     <span class='ocr_line' id='line_1_38' title="bbox 296 2238 1889 2311; baseline -0.003 -15"><span class='ocrx_word' id='word_1_289' title='bbox 296 2243 401 2311; x_wconf 86' lang='grc'><strong>’5);</strong></span> <span class='ocrx_word' id='word_1_290' title='bbox 438 2250 491 2296; x_wconf 88' lang='lat' dir='ltr'><strong>et</strong></span> <span class='ocrx_word' id='word_1_291' title='bbox 517 2260 531 2295; x_wconf 93' lang='lat'>:</span> <span class='ocrx_word' id='word_1_292' title='bbox 563 2243 689 2296; x_wconf 86' lang='lat' dir='ltr'><strong>Post</strong></span> <span class='ocrx_word' id='word_1_293' title='bbox 716 2250 765 2294; x_wconf 90' lang='lat' dir='ltr'><strong>te</strong></span> <span class='ocrx_word' id='word_1_294' title='bbox 790 2241 1005 2294; x_wconf 60' lang='lat' dir='ltr'><strong>adhaesit</strong></span> <span class='ocrx_word' id='word_1_295' title='bbox 1033 2242 1209 2294; x_wconf 87' lang='lat' dir='ltr'><strong>anima</strong></span> <span class='ocrx_word' id='word_1_296' title='bbox 1234 2257 1346 2293; x_wconf 83' lang='lat' dir='ltr'><strong>mea</strong></span> <span class='ocrx_word' id='word_1_297' title='bbox 1376 2238 1608 2309; x_wconf 84' lang='lat' dir='ltr'><strong>(Psalm.</strong></span> <span class='ocrx_word' id='word_1_298' title='bbox 1633 2255 1760 2303; x_wconf 82' lang='lat' dir='ltr'><strong>an,</strong></span> <span class='ocrx_word' id='word_1_299' title='bbox 1792 2238 1889 2310; x_wconf 85' lang='lat'><strong>9);</strong></span> 
     </span>
    </p>
   </div>
   <div class='ocr_carea' id='block_1_39' title="bbox 294 2328 1891 2401">
    <p class='ocr_par' dir='ltr' id='par_1_39' title="bbox 294 2328 1891 2401">
     <span class='ocr_line' id='line_1_39' title="bbox 294 2328 1891 2401; baseline -0.001 -16"><span class='ocrx_word' id='word_1_300' title='bbox 294 2342 351 2385; x_wconf 84' lang='lat' dir='ltr'><strong>et</strong></span> <span class='ocrx_word' id='word_1_301' title='bbox 387 2350 399 2382; x_wconf 91' lang='lat'><strong>:</strong></span> <span class='ocrx_word' id='word_1_302' title='bbox 438 2330 607 2384; x_wconf 80' lang='lat' dir='ltr'><strong>Trahe</strong></span> <span class='ocrx_word' id='word_1_303' title='bbox 630 2348 711 2384; x_wconf 87' lang='lat' dir='ltr'><strong>me</strong></span> <span class='ocrx_word' id='word_1_304' title='bbox 737 2339 854 2400; x_wconf 84' lang='lat' dir='ltr'><strong>post</strong></span> <span class='ocrx_word' id='word_1_305' title='bbox 884 2339 931 2383; x_wconf 91' lang='lat' dir='ltr'><strong>te</strong></span> <span class='ocrx_word' id='word_1_306' title='bbox 962 2330 1153 2401; x_wconf 88' lang='lat' dir='ltr'><strong>(Cant.</strong></span> <span class='ocrx_word' id='word_1_307' title='bbox 1178 2345 1216 2395; x_wconf 88' lang='grc' dir='ltr'>ι,</span> <span class='ocrx_word' id='word_1_308' title='bbox 1247 2330 1310 2399; x_wconf 78' lang='grc'>5)</span> <span class='ocrx_word' id='word_1_309' title='bbox 1337 2346 1351 2394; x_wconf 92' lang='grc'><strong>;</strong></span> <span class='ocrx_word' id='word_1_310' title='bbox 1381 2338 1440 2382; x_wconf 89' lang='lat' dir='ltr'><strong>ut</strong></span> <span class='ocrx_word' id='word_1_311' title='bbox 1465 2344 1585 2383; x_wconf 89' lang='lat' dir='ltr'><strong>cum</strong></span> <span class='ocrx_word' id='word_1_312' title='bbox 1611 2328 1692 2383; x_wconf 91' lang='lat' dir='ltr'><strong>his</strong></span> <span class='ocrx_word' id='word_1_313' title='bbox 1720 2329 1891 2383; x_wconf 85' lang='lat' dir='ltr'><strong>canti-</strong></span> 
     </span>
    </p>
   </div>
   <div class='ocr_carea' id='block_1_40' title="bbox 295 2420 1890 2490">
    <p class='ocr_par' dir='ltr' id='par_1_40' title="bbox 295 2420 1890 2490">
     <span class='ocr_line' id='line_1_40' title="bbox 295 2420 1890 2490; baseline -0.002 -12"><span class='ocrx_word' id='word_1_314' title='bbox 295 2424 381 2479; x_wconf 81' lang='lat' dir='ltr'><strong>cis</strong></span> <span class='ocrx_word' id='word_1_315' title='bbox 423 2423 683 2477; x_wconf 87' lang='lat' dir='ltr'><strong>mundum</strong></span> <span class='ocrx_word' id='word_1_316' title='bbox 710 2421 1025 2477; x_wconf 62' lang='lat' dir='ltr'><strong>festinanter</strong></span> <span class='ocrx_word' id='word_1_317' title='bbox 1055 2430 1392 2479; x_wconf 75' lang='lat' dir='ltr'><strong>transeamus</strong></span> <span class='ocrx_word' id='word_1_318' title='bbox 1416 2460 1430 2484; x_wconf 95' lang='lat'><strong>,</strong></span> <span class='ocrx_word' id='word_1_319' title='bbox 1465 2436 1527 2474; x_wconf 90' lang='lat' dir='ltr'><strong>ac</strong></span> <span class='ocrx_word' id='word_1_320' title='bbox 1550 2420 1617 2475; x_wconf 88' lang='lat' dir='ltr'><strong>de</strong></span> <span class='ocrx_word' id='word_1_321' title='bbox 1644 2420 1890 2490; x_wconf 89' lang='lat' dir='ltr'><strong>supernis</strong></span> 
     </span>
    </p>
   </div>
   <div class='ocr_carea' id='block_1_41' title="bbox 294 2511 1890 2587">
    <p class='ocr_par' dir='ltr' id='par_1_41' title="bbox 294 2511 1890 2587">
     <span class='ocr_line' id='line_1_41' title="bbox 294 2511 1890 2587; baseline -0.003 -16"><span class='ocrx_word' id='word_1_322' title='bbox 294 2518 607 2587; x_wconf 83' lang='lat' dir='ltr'><strong>gubernati,</strong></span> <span class='ocrx_word' id='word_1_323' title='bbox 641 2517 927 2587; x_wconf 73' lang='lat' dir='ltr'><strong>przcsentia</strong></span> <span class='ocrx_word' id='word_1_324' title='bbox 984 2515 1313 2583; x_wconf 85' lang='lat' dir='ltr'><strong>negligamus</strong></span> <span class='ocrx_word' id='word_1_325' title='bbox 1336 2554 1350 2577; x_wconf 93' lang='lat'><strong>,</strong></span> <span class='ocrx_word' id='word_1_326' title='bbox 1405 2512 1552 2566; x_wconf 87' lang='lat' dir='ltr'><strong>etde</strong></span> <span class='ocrx_word' id='word_1_327' title='bbox 1580 2511 1890 2567; x_wconf 72' lang='lat' dir='ltr'><strong>cmlestibus</strong></span> 
     </span>
    </p>
   </div>
   <div class='ocr_carea' id='block_1_42' title="bbox 291 2602 1887 2679">
    <p class='ocr_par' dir='ltr' id='par_1_42' title="bbox 291 2602 1887 2679">
     <span class='ocr_line' id='line_1_42' title="bbox 291 2602 1887 2679; baseline -0.006 -13"><span class='ocrx_word' id='word_1_328' title='bbox 291 2626 515 2679; x_wconf 60' lang='lat' dir='ltr'><strong>Semper</strong></span> <span class='ocrx_word' id='word_1_329' title='bbox 544 2610 848 2679; x_wconf 74' lang='lat' dir='ltr'><strong>cogitantes</strong></span> <span class='ocrx_word' id='word_1_330' title='bbox 873 2650 889 2674; x_wconf 84' lang='lat'><strong>,</strong></span> <span class='ocrx_word' id='word_1_331' title='bbox 922 2619 1134 2662; x_wconf 88' lang='lat' dir='ltr'><strong>terrena</strong></span> <span class='ocrx_word' id='word_1_332' title='bbox 1162 2604 1523 2674; x_wconf 84' lang='lat' dir='ltr'><strong>despiciamus</strong></span> <span class='ocrx_word' id='word_1_333' title='bbox 1552 2621 1563 2655; x_wconf 94' lang='lat'>:</span> <span class='ocrx_word' id='word_1_334' title='bbox 1600 2602 1697 2657; x_wconf 87' lang='lat' dir='ltr'><strong>nisi</strong></span> <span class='ocrx_word' id='word_1_335' title='bbox 1744 2604 1887 2657; x_wconf 88' lang='lat' dir='ltr'><strong>enim</strong></span> 
     </span>
    </p>
   </div>
   <div class='ocr_carea' id='block_1_43' title="bbox 290 2696 1887 2769">
    <p class='ocr_par' dir='ltr' id='par_1_43' title="bbox 290 2696 1887 2769">
     <span class='ocr_line' id='line_1_43' title="bbox 290 2696 1887 2769; baseline -0.003 -12"><span class='ocrx_word' id='word_1_336' title='bbox 290 2704 605 2757; x_wconf 80' lang='lat' dir='ltr'><strong>coelestibus</strong></span> <span class='ocrx_word' id='word_1_337' title='bbox 621 2701 899 2756; x_wconf 89' lang='lat' dir='ltr'><strong>desideriis</strong></span> <span class='ocrx_word' id='word_1_338' title='bbox 929 2697 1327 2769; x_wconf 77' lang='lat' dir='ltr'><strong>impatientibus</strong></span> <span class='ocrx_word' id='word_1_339' title='bbox 1353 2696 1637 2762; x_wconf 75' lang='lat' dir='ltr'><strong>inhiemus,</strong></span> <span class='ocrx_word' id='word_1_340' title='bbox 1661 2696 1887 2752; x_wconf 88' lang='lat' dir='ltr'><strong>terrenis</strong></span> 
     </span>
    </p>
   </div>
   <div class='ocr_carea' id='block_1_44' title="bbox 291 2791 988 2848">
    <p class='ocr_par' dir='ltr' id='par_1_44' title="bbox 291 2791 988 2848">
     <span class='ocr_line' id='line_1_44' title="bbox 291 2791 988 2848; baseline -0.001 -2"><span class='ocrx_word' id='word_1_341' title='bbox 291 2807 517 2848; x_wconf 53' lang='lat' dir='ltr'><strong>necesse</strong></span> <span class='ocrx_word' id='word_1_342' title='bbox 543 2800 621 2847; x_wconf 89' lang='lat' dir='ltr'><strong>est</strong></span> <span class='ocrx_word' id='word_1_343' title='bbox 650 2791 988 2846; x_wconf 74' lang='lat' dir='ltr'><strong>hccrebimus.</strong></span> 
     </span>
    </p>
   </div>
   <div class='ocr_carea' id='block_1_45' title="bbox 362 2900 1881 2975">
    <p class='ocr_par' dir='ltr' id='par_1_45' title="bbox 362 2900 1881 2975">
     <span class='ocr_line' id='line_1_45' title="bbox 362 2900 1881 2975; baseline -0.004 -14"><span class='ocrx_word' id='word_1_344' title='bbox 362 2906 425 2962; x_wconf 88' lang='lat' dir='ltr'><strong>ll.</strong></span> <span class='ocrx_word' id='word_1_345' title='bbox 467 2904 807 2975; x_wconf 85' lang='lat' dir='ltr'><strong>Occupemus</strong></span> <span class='ocrx_word' id='word_1_346' title='bbox 835 2905 1015 2973; x_wconf 90' lang='lat' dir='ltr'><strong>itaque</strong></span> <span class='ocrx_word' id='word_1_347' title='bbox 1044 2918 1142 2958; x_wconf 87' lang='lat' dir='ltr'><strong>nos</strong></span> <span class='ocrx_word' id='word_1_348' title='bbox 1169 2902 1394 2965; x_wconf 90' lang='lat' dir='ltr'><strong>divinis,</strong></span> <span class='ocrx_word' id='word_1_349' title='bbox 1424 2916 1491 2955; x_wconf 89' lang='lat' dir='ltr'><strong>ne</strong></span> <span class='ocrx_word' id='word_1_350' title='bbox 1521 2900 1661 2955; x_wconf 86' lang='lat' dir='ltr'><strong>forte</strong></span> <span class='ocrx_word' id='word_1_351' title='bbox 1690 2902 1881 2955; x_wconf 90' lang='lat' dir='ltr'><strong>huma-</strong></span> 
     </span>
    </p>
   </div>
   <div class='ocr_carea' id='block_1_46' title="bbox 291 2992 1876 3067">
    <p class='ocr_par' dir='ltr' id='par_1_46' title="bbox 291 2992 1876 3067">
     <span class='ocr_line' id='line_1_46' title="bbox 291 2992 1876 3067; baseline -0.004 -16"><span class='ocrx_word' id='word_1_352' title='bbox 291 2999 408 3061; x_wconf 91' lang='lat' dir='ltr'><strong>nis;</strong></span> <span class='ocrx_word' id='word_1_353' title='bbox 434 3005 489 3051; x_wconf 88' lang='lat' dir='ltr'><strong>et</strong></span> <span class='ocrx_word' id='word_1_354' title='bbox 518 2997 669 3067; x_wconf 90' lang='lat' dir='ltr'><strong>quasi</strong></span> <span class='ocrx_word' id='word_1_355' title='bbox 697 2996 1209 3065; x_wconf 79' lang='lat' dir='ltr'><strong>peregrini‘semper</strong></span> <span class='ocrx_word' id='word_1_356' title='bbox 1238 2994 1465 3062; x_wconf 88' lang='lat' dir='ltr'><strong>patriam</strong></span> <span class='ocrx_word' id='word_1_357' title='bbox 1497 2992 1832 3059; x_wconf 75' lang='lat' dir='ltr'><strong>suspiremus</strong></span> <span class='ocrx_word' id='word_1_358' title='bbox 1862 3032 1876 3057; x_wconf 90' lang='lat'><strong>,</strong></span> 
     </span>
    </p>
   </div>
   <div class='ocr_carea' id='block_1_47' title="bbox 286 3081 1878 3157">
    <p class='ocr_par' dir='ltr' id='par_1_47' title="bbox 286 3081 1878 3157">
     <span class='ocr_line' id='line_1_47' title="bbox 286 3081 1878 3157; baseline -0.004 -15"><span class='ocrx_word' id='word_1_359' title='bbox 286 3103 501 3157; x_wconf 78' lang='lat' dir='ltr'><strong>semper</strong></span> <span class='ocrx_word' id='word_1_360' title='bbox 522 3088 749 3156; x_wconf 89' lang='lat' dir='ltr'><strong>patriam</strong></span> <span class='ocrx_word' id='word_1_361' title='bbox 780 3085 1180 3149; x_wconf 86' lang='lat' dir='ltr'><strong>desideremus;</strong></span> <span class='ocrx_word' id='word_1_362' title='bbox 1216 3081 1333 3137; x_wconf 84' lang='lat' dir='ltr'><strong>linis</strong></span> <span class='ocrx_word' id='word_1_363' title='bbox 1359 3083 1502 3138; x_wconf 90' lang='lat' dir='ltr'><strong>enim</strong></span> <span class='ocrx_word' id='word_1_364' title='bbox 1535 3085 1631 3135; x_wconf 85' lang='lat' dir='ltr'><strong>viae</strong></span> <span class='ocrx_word' id='word_1_365' title='bbox 1660 3097 1878 3149; x_wconf 89' lang='lat' dir='ltr'><strong>semper</strong></span> 
     </span>
    </p>
   </div>
   <div class='ocr_carea' id='block_1_48' title="bbox 2000 1880 3580 1950">
    <p class='ocr_par' dir='ltr' id='par_1_48' title="bbox 2000 1880 3580 1950">
     <span class='ocr_line' id='line_1_48' title="bbox 2000 1880 3580 1950; baseline 0.002 -18"><span class='ocrx_word' id='word_1_366' title='bbox 2000 1880 2121 1933; x_wconf 61' lang='lat' dir='ltr'><strong>vita:</strong></span> <span class='ocrx_word' id='word_1_367' title='bbox 2149 1888 2260 1945; x_wconf 91' lang='lat' dir='ltr'><strong>est;</strong></span> <span class='ocrx_word' id='word_1_368' title='bbox 2284 1882 2407 1949; x_wconf 90' lang='lat' dir='ltr'><strong>quia</strong></span> <span class='ocrx_word' id='word_1_369' title='bbox 2438 1881 2561 1936; x_wconf 90' lang='lat' dir='ltr'><strong>licet</strong></span> <span class='ocrx_word' id='word_1_370' title='bbox 2582 1880 2867 1950; x_wconf 80' lang='lat' dir='ltr'><strong>fragilitate</strong></span> <span class='ocrx_word' id='word_1_371' title='bbox 2909 1888 2963 1936; x_wconf 83' lang='lat' dir='ltr'><strong>et</strong></span> <span class='ocrx_word' id='word_1_372' title='bbox 2985 1880 3317 1936; x_wconf 81' lang='lat' dir='ltr'><strong>volubilitate</strong></span> <span class='ocrx_word' id='word_1_373' title='bbox 3353 1883 3580 1945; x_wconf 86' lang='lat' dir='ltr'><strong>lubrica,</strong></span> 
     </span>
    </p>
   </div>
   <div class='ocr_carea' id='block_1_49' title="bbox 1997 1972 3579 2041">
    <p class='ocr_par' dir='ltr' id='par_1_49' title="bbox 1997 1972 3579 2041">
     <span class='ocr_line' id='line_1_49' title="bbox 1997 1972 3579 2041; baseline 0.003 -17"><span class='ocrx_word' id='word_1_374' title='bbox 1997 1986 2060 2027; x_wconf 91' lang='lat' dir='ltr'><strong>ac</strong></span> <span class='ocrx_word' id='word_1_375' title='bbox 2084 1972 2287 2028; x_wconf 87' lang='lat' dir='ltr'><strong>incerta</strong></span> <span class='ocrx_word' id='word_1_376' title='bbox 2309 1972 2593 2041; x_wconf 89' lang='lat' dir='ltr'><strong>fugacitate</strong></span> <span class='ocrx_word' id='word_1_377' title='bbox 2624 1973 2706 2027; x_wconf 90' lang='lat' dir='ltr'><strong>via</strong></span> <span class='ocrx_word' id='word_1_378' title='bbox 2736 1973 2857 2027; x_wconf 87' lang='lat' dir='ltr'><strong>vitae</strong></span> <span class='ocrx_word' id='word_1_379' title='bbox 2886 1973 3128 2027; x_wconf 80' lang='lat' dir='ltr'><strong>humanae</strong></span> <span class='ocrx_word' id='word_1_380' title='bbox 3149 1972 3358 2039; x_wconf 77' lang='lat' dir='ltr'><strong>similis,</strong></span> <span class='ocrx_word' id='word_1_381' title='bbox 3388 1972 3579 2028; x_wconf 87' lang='lat' dir='ltr'><strong>studiis</strong></span> 
     </span>
    </p>
   </div>
   <div class='ocr_carea' id='block_1_50' title="bbox 1998 2063 3566 2133">
    <p class='ocr_par' dir='ltr' id='par_1_50' title="bbox 1998 2063 3566 2133">
     <span class='ocr_line' id='line_1_50' title="bbox 1998 2063 3566 2133; baseline 0.001 -16"><span class='ocrx_word' id='word_1_382' title='bbox 1998 2071 2174 2117; x_wconf 87' lang='lat' dir='ltr'><strong>tamen</strong></span> <span class='ocrx_word' id='word_1_383' title='bbox 2203 2078 2265 2118; x_wconf 86' lang='lat' dir='ltr'><strong>ac</strong></span> <span class='ocrx_word' id='word_1_384' title='bbox 2292 2064 2621 2133; x_wconf 82' lang='lat' dir='ltr'><strong>profectibus</strong></span> <span class='ocrx_word' id='word_1_385' title='bbox 2650 2064 2920 2119; x_wconf 90' lang='lat' dir='ltr'><strong>dissimilis</strong></span> <span class='ocrx_word' id='word_1_386' title='bbox 2966 2072 3071 2119; x_wconf 90' lang='lat' dir='ltr'><strong>est.</strong></span> <span class='ocrx_word' id='word_1_387' title='bbox 3119 2065 3224 2119; x_wconf 79' lang='lat' dir='ltr'><strong>Sel</strong></span> <span class='ocrx_word' id='word_1_388' title='bbox 3251 2063 3566 2121; x_wconf 57' lang='lat' dir='ltr'><strong>dissimilem</strong></span> 
     </span>
    </p>
   </div>
   <div class='ocr_carea' id='block_1_51' title="bbox 1996 2156 3568 2225">
    <p class='ocr_par' dir='ltr' id='par_1_51' title="bbox 1996 2156 3568 2225">
     <span class='ocr_line' id='line_1_51' title="bbox 1996 2156 3568 2225; baseline -0.002 -13"><span class='ocrx_word' id='word_1_389' title='bbox 1996 2158 2158 2212; x_wconf 88' lang='lat' dir='ltr'><strong>vitam</strong></span> <span class='ocrx_word' id='word_1_390' title='bbox 2193 2156 2279 2211; x_wconf 91' lang='lat' dir='ltr'><strong>hic</strong></span> <span class='ocrx_word' id='word_1_391' title='bbox 2310 2172 2428 2211; x_wconf 90' lang='lat' dir='ltr'><strong>sors</strong></span> <span class='ocrx_word' id='word_1_392' title='bbox 2454 2156 2643 2211; x_wconf 89' lang='lat' dir='ltr'><strong>similis</strong></span> <span class='ocrx_word' id='word_1_393' title='bbox 2670 2156 2905 2225; x_wconf 89' lang='lat' dir='ltr'><strong>premit,</strong></span> <span class='ocrx_word' id='word_1_394' title='bbox 2938 2165 2991 2211; x_wconf 88' lang='lat' dir='ltr'><strong>et</strong></span> <span class='ocrx_word' id='word_1_395' title='bbox 3020 2156 3208 2211; x_wconf 88' lang='lat' dir='ltr'><strong>incerti</strong></span> <span class='ocrx_word' id='word_1_396' title='bbox 3248 2156 3452 2211; x_wconf 89' lang='lat' dir='ltr'><strong>itineris</strong></span> <span class='ocrx_word' id='word_1_397' title='bbox 3481 2157 3568 2210; x_wconf 88' lang='lat' dir='ltr'><strong>in-</strong></span> 
     </span>
    </p>
   </div>
   <div class='ocr_carea' id='block_1_52' title="bbox 1994 2248 3570 2313">
    <p class='ocr_par' dir='ltr' id='par_1_52' title="bbox 1994 2248 3570 2313">
     <span class='ocr_line' id='line_1_52' title="bbox 1994 2248 3570 2313; baseline 0 -10"><span class='ocrx_word' id='word_1_398' title='bbox 1994 2264 2182 2303; x_wconf 82' lang='lat' dir='ltr'><strong>cursus</strong></span> <span class='ocrx_word' id='word_1_399' title='bbox 2210 2248 2514 2303; x_wconf 87' lang='lat' dir='ltr'><strong>manifestat</strong></span> <span class='ocrx_word' id='word_1_400' title='bbox 2539 2265 2551 2300; x_wconf 91' lang='lat'><strong>:</strong></span> <span class='ocrx_word' id='word_1_401' title='bbox 2585 2248 2831 2304; x_wconf 89' lang='lat' dir='ltr'><strong>similiter</strong></span> <span class='ocrx_word' id='word_1_402' title='bbox 2858 2249 3000 2302; x_wconf 90' lang='lat' dir='ltr'><strong>enim</strong></span> <span class='ocrx_word' id='word_1_403' title='bbox 3038 2263 3225 2303; x_wconf 90' lang='lat' dir='ltr'><strong>omnes</strong></span> <span class='ocrx_word' id='word_1_404' title='bbox 3255 2259 3570 2313; x_wconf 84' lang='lat' dir='ltr'><strong>nascuntur,</strong></span> 
     </span>
    </p>
   </div>
   <div class='ocr_carea' id='block_1_53' title="bbox 1994 2336 3566 2405">
    <p class='ocr_par' dir='ltr' id='par_1_53' title="bbox 1994 2336 3566 2405">
     <span class='ocr_line' id='line_1_53' title="bbox 1994 2336 3566 2405; baseline 0.001 -12"><span class='ocrx_word' id='word_1_405' title='bbox 1994 2346 2265 2405; x_wconf 89' lang='lat' dir='ltr'><strong>crescunt,</strong></span> <span class='ocrx_word' id='word_1_406' title='bbox 2306 2338 2642 2401; x_wconf 90' lang='lat' dir='ltr'><strong>decrescunt,</strong></span> <span class='ocrx_word' id='word_1_407' title='bbox 2676 2336 3031 2402; x_wconf 85' lang='lat' dir='ltr'><strong>iniirmantur,</strong></span> <span class='ocrx_word' id='word_1_408' title='bbox 3066 2338 3412 2404; x_wconf 88' lang='lat' dir='ltr'><strong>tribulantur,</strong></span> <span class='ocrx_word' id='word_1_409' title='bbox 3444 2355 3566 2394; x_wconf 89' lang='lat' dir='ltr'><strong>mo-</strong></span> 
     </span>
    </p>
   </div>
   <div class='ocr_carea' id='block_1_54' title="bbox 1991 2428 3571 2499">
    <p class='ocr_par' dir='ltr' id='par_1_54' title="bbox 1991 2428 3571 2499">
     <span class='ocr_line' id='line_1_54' title="bbox 1991 2428 3571 2499; baseline -0.001 -15"><span class='ocrx_word' id='word_1_410' title='bbox 1991 2429 2235 2494; x_wconf 90' lang='lat' dir='ltr'><strong>riuntur;</strong></span> <span class='ocrx_word' id='word_1_411' title='bbox 2292 2429 2386 2484; x_wconf 90' lang='lat' dir='ltr'><strong>sed</strong></span> <span class='ocrx_word' id='word_1_412' title='bbox 2414 2429 2629 2499; x_wconf 90' lang='lat' dir='ltr'><strong>quando</strong></span> <span class='ocrx_word' id='word_1_413' title='bbox 2658 2428 2724 2482; x_wconf 89' lang='lat' dir='ltr'><strong>ad</strong></span> <span class='ocrx_word' id='word_1_414' title='bbox 2760 2428 2919 2483; x_wconf 88' lang='lat' dir='ltr'><strong>finem</strong></span> <span class='ocrx_word' id='word_1_415' title='bbox 2962 2429 3226 2495; x_wconf 91' lang='lat' dir='ltr'><strong>veniunt,</strong></span> <span class='ocrx_word' id='word_1_416' title='bbox 3260 2430 3329 2483; x_wconf 90' lang='lat' dir='ltr'><strong>ibi</strong></span> <span class='ocrx_word' id='word_1_417' title='bbox 3368 2430 3571 2484; x_wconf 84' lang='lat' dir='ltr'><strong>discer-</strong></span> 
     </span>
    </p>
   </div>
   <div class='ocr_carea' id='block_1_55' title="bbox 1992 2518 3569 2588">
    <p class='ocr_par' dir='ltr' id='par_1_55' title="bbox 1992 2518 3569 2588">
     <span class='ocr_line' id='line_1_55' title="bbox 1992 2518 3569 2588; baseline 0.001 -15"><span class='ocrx_word' id='word_1_418' title='bbox 1992 2527 2213 2585; x_wconf 81' lang='lat' dir='ltr'><strong>nuntur,</strong></span> <span class='ocrx_word' id='word_1_419' title='bbox 2239 2527 2294 2574; x_wconf 87' lang='lat' dir='ltr'><strong>et</strong></span> <span class='ocrx_word' id='word_1_420' title='bbox 2320 2534 2455 2588; x_wconf 89' lang='lat' dir='ltr'><strong>quos</strong></span> <span class='ocrx_word' id='word_1_421' title='bbox 2484 2519 2672 2573; x_wconf 90' lang='lat' dir='ltr'><strong>similis</strong></span> <span class='ocrx_word' id='word_1_422' title='bbox 2696 2519 2939 2573; x_wconf 86' lang='lat' dir='ltr'><strong>incursus</strong></span> <span class='ocrx_word' id='word_1_423' title='bbox 2970 2519 3247 2587; x_wconf 77' lang='lat' dir='ltr'><strong>fatigavit,</strong></span> <span class='ocrx_word' id='word_1_424' title='bbox 3297 2518 3569 2575; x_wconf 79' lang='lat' dir='ltr'><strong>dissimilis</strong></span> 
     </span>
    </p>
   </div>
   <div class='ocr_carea' id='block_1_56' title="bbox 1990 2606 3568 2677">
    <p class='ocr_par' dir='ltr' id='par_1_56' title="bbox 1990 2606 3568 2677">
     <span class='ocr_line' id='line_1_56' title="bbox 1990 2606 3568 2677; baseline 0 -15"><span class='ocrx_word' id='word_1_425' title='bbox 1990 2606 2125 2662; x_wconf 80' lang='lat' dir='ltr'><strong>ordo</strong></span> <span class='ocrx_word' id='word_1_426' title='bbox 2148 2608 2448 2676; x_wconf 82' lang='lat' dir='ltr'><strong>segregavit</strong></span> <span class='ocrx_word' id='word_1_427' title='bbox 2490 2625 2503 2661; x_wconf 92' lang='lat'><strong>:</strong></span> <span class='ocrx_word' id='word_1_428' title='bbox 2548 2608 2619 2661; x_wconf 90' lang='lat' dir='ltr'><strong>ibi</strong></span> <span class='ocrx_word' id='word_1_429' title='bbox 2649 2608 2791 2662; x_wconf 91' lang='lat' dir='ltr'><strong>enim</strong></span> <span class='ocrx_word' id='word_1_430' title='bbox 2821 2622 2949 2662; x_wconf 88' lang='lat' dir='ltr'><strong>vera</strong></span> <span class='ocrx_word' id='word_1_431' title='bbox 2978 2607 3224 2677; x_wconf 87' lang='lat' dir='ltr'><strong>probatio</strong></span> <span class='ocrx_word' id='word_1_432' title='bbox 3258 2616 3312 2661; x_wconf 90' lang='lat' dir='ltr'><strong>et</strong></span> <span class='ocrx_word' id='word_1_433' title='bbox 3340 2607 3568 2676; x_wconf 85' lang='lat' dir='ltr'><strong>diligens</strong></span> 
     </span>
    </p>
   </div>
   <div class='ocr_carea' id='block_1_57' title="bbox 1988 2697 3562 2767">
    <p class='ocr_par' dir='ltr' id='par_1_57' title="bbox 1988 2697 3562 2767">
     <span class='ocr_line' id='line_1_57' title="bbox 1988 2697 3562 2767; baseline -0.001 -14"><span class='ocrx_word' id='word_1_434' title='bbox 1988 2699 2314 2753; x_wconf 84' lang='lat' dir='ltr'><strong>examinatio</strong></span> <span class='ocrx_word' id='word_1_435' title='bbox 2343 2698 2531 2753; x_wconf 90' lang='lat' dir='ltr'><strong>similis</strong></span> <span class='ocrx_word' id='word_1_436' title='bbox 2559 2698 2787 2753; x_wconf 69' lang='lat' dir='ltr'><strong>miserim</strong></span> <span class='ocrx_word' id='word_1_437' title='bbox 2815 2699 2955 2764; x_wconf 91' lang='lat' dir='ltr'><strong>erit,</strong></span> <span class='ocrx_word' id='word_1_438' title='bbox 2988 2713 3093 2767; x_wconf 90' lang='lat' dir='ltr'><strong>qua</strong></span> <span class='ocrx_word' id='word_1_439' title='bbox 3114 2712 3302 2752; x_wconf 90' lang='lat' dir='ltr'><strong>omnes</strong></span> <span class='ocrx_word' id='word_1_440' title='bbox 3326 2697 3562 2752; x_wconf 86' lang='lat' dir='ltr'><strong>viatores</strong></span> 
     </span>
    </p>
   </div>
   <div class='ocr_carea' id='block_1_58' title="bbox 1987 2787 3566 2858">
    <p class='ocr_par' dir='ltr' id='par_1_58' title="bbox 1987 2787 3566 2858">
     <span class='ocr_line' id='line_1_58' title="bbox 1987 2787 3566 2858; baseline -0.001 -15"><span class='ocrx_word' id='word_1_441' title='bbox 1987 2790 2105 2851; x_wconf 68' lang='lat' dir='ltr'><strong>vim,</strong></span> <span class='ocrx_word' id='word_1_442' title='bbox 2140 2804 2298 2858; x_wconf 90' lang='lat' dir='ltr'><strong>quam</strong></span> <span class='ocrx_word' id='word_1_443' title='bbox 2344 2789 2601 2843; x_wconf 89' lang='lat' dir='ltr'><strong>mortales</strong></span> <span class='ocrx_word' id='word_1_444' title='bbox 2647 2789 2897 2845; x_wconf 89' lang='lat' dir='ltr'><strong>similiter</strong></span> <span class='ocrx_word' id='word_1_445' title='bbox 2940 2796 3096 2842; x_wconf 61' lang='lat' dir='ltr'><strong>tenue</strong></span> <span class='ocrx_word' id='word_1_446' title='bbox 3130 2796 3402 2857; x_wconf 86' lang='lat' dir='ltr'><strong>premunt.</strong></span> <span class='ocrx_word' id='word_1_447' title='bbox 3452 2787 3566 2842; x_wconf 91' lang='lat' dir='ltr'><strong>lllic</strong></span> 
     </span>
    </p>
   </div>
   <div class='ocr_carea' id='block_1_59' title="bbox 1988 2878 3563 2951">
    <p class='ocr_par' dir='ltr' id='par_1_59' title="bbox 1988 2878 3563 2951">
     <span class='ocr_line' id='line_1_59' title="bbox 1988 2878 3563 2951; baseline -0.002 -18"><span class='ocrx_word' id='word_1_448' title='bbox 1988 2880 2153 2946; x_wconf 89' lang='lat' dir='ltr'><strong>enim,</strong></span> <span class='ocrx_word' id='word_1_449' title='bbox 2180 2888 2239 2933; x_wconf 93' lang='lat' dir='ltr'><strong>ut</strong></span> <span class='ocrx_word' id='word_1_450' title='bbox 2265 2880 2553 2948; x_wconf 85' lang='lat' dir='ltr'><strong>Apostolus</strong></span> <span class='ocrx_word' id='word_1_451' title='bbox 2576 2880 2649 2933; x_wconf 90' lang='lat' dir='ltr'><strong>ait</strong></span> <span class='ocrx_word' id='word_1_452' title='bbox 2680 2897 2694 2931; x_wconf 90' lang='lat'><strong><em>:</em></strong></span> <span class='ocrx_word' id='word_1_453' title='bbox 2726 2878 3134 2951; x_wconf 78' lang='lat' dir='ltr'><strong>Uniuscujusque</strong></span> <span class='ocrx_word' id='word_1_454' title='bbox 3154 2895 3280 2947; x_wconf 80' lang='lat' dir='ltr'><strong>opus</strong></span> <span class='ocrx_word' id='word_1_455' title='bbox 3300 2879 3449 2947; x_wconf 85' lang='lat' dir='ltr'><strong>quale</strong></span> <span class='ocrx_word' id='word_1_456' title='bbox 3476 2882 3563 2942; x_wconf 92' lang='lat' dir='ltr'><strong>sit,</strong></span> 
     </span>
    </p>
   </div>
   <div class='ocr_carea' id='block_1_60' title="bbox 1984 2968 3563 3039">
    <p class='ocr_par' dir='ltr' id='par_1_60' title="bbox 1984 2968 3563 3039">
     <span class='ocr_line' id='line_1_60' title="bbox 1984 2968 3563 3039; baseline -0.001 -17"><span class='ocrx_word' id='word_1_457' title='bbox 1984 2969 2119 3039; x_wconf 79' lang='lat' dir='ltr'><strong>ignis</strong></span> <span class='ocrx_word' id='word_1_458' title='bbox 2159 2968 2394 3037; x_wconf 83' lang='lat' dir='ltr'><strong>probabit</strong></span> <span class='ocrx_word' id='word_1_459' title='bbox 2426 2968 2495 3037; x_wconf 89' lang='lat' dir='ltr'><strong>(l</strong></span> <span class='ocrx_word' id='word_1_460' title='bbox 2525 2968 2642 3023; x_wconf 90' lang='lat' dir='ltr'><strong>Cor.</strong></span> <span class='ocrx_word' id='word_1_461' title='bbox 2678 2985 2765 3033; x_wconf 88' lang='grc' dir='ltr'>ιιι,</span> <span class='ocrx_word' id='word_1_462' title='bbox 2800 2970 2923 3036; x_wconf 81' lang='lat' dir='ltr'><strong>l5).</strong></span> <span class='ocrx_word' id='word_1_463' title='bbox 2962 2969 3147 3024; x_wconf 82' lang='lat' dir='ltr'><strong>Videte</strong></span> <span class='ocrx_word' id='word_1_464' title='bbox 3174 2970 3416 3023; x_wconf 87' lang='lat' dir='ltr'><strong>ordinem</strong></span> <span class='ocrx_word' id='word_1_465' title='bbox 3463 2969 3563 3022; x_wconf 84' lang='lat' dir='ltr'><strong>mi-</strong></span> 
     </span>
    </p>
   </div>
   <div class='ocr_carea' id='block_1_61' title="bbox 1984 3058 3562 3129">
    <p class='ocr_par' dir='ltr' id='par_1_61' title="bbox 1984 3058 3562 3129">
     <span class='ocr_line' id='line_1_61' title="bbox 1984 3058 3562 3129; baseline -0.002 -17"><span class='ocrx_word' id='word_1_466' title='bbox 1984 3060 2136 3113; x_wconf 75' lang='lat' dir='ltr'><strong>seria:</strong></span> <span class='ocrx_word' id='word_1_467' title='bbox 2161 3059 2401 3112; x_wconf 76' lang='lat' dir='ltr'><strong>humanae</strong></span> <span class='ocrx_word' id='word_1_468' title='bbox 2428 3059 2547 3112; x_wconf 77' lang='lat' dir='ltr'><strong>vita:</strong></span> <span class='ocrx_word' id='word_1_469' title='bbox 2569 3058 2635 3113; x_wconf 90' lang='lat' dir='ltr'><strong>de</strong></span> <span class='ocrx_word' id='word_1_470' title='bbox 2653 3066 2817 3125; x_wconf 87' lang='lat' dir='ltr'><strong>terra,</strong></span> <span class='ocrx_word' id='word_1_471' title='bbox 2836 3073 2998 3129; x_wconf 50' lang='lat' dir='ltr'><strong>super</strong></span> <span class='ocrx_word' id='word_1_472' title='bbox 3020 3067 3236 3121; x_wconf 89' lang='lat' dir='ltr'><strong>terram,</strong></span> <span class='ocrx_word' id='word_1_473' title='bbox 3267 3059 3318 3111; x_wconf 92' lang='lat' dir='ltr'><strong>in</strong></span> <span class='ocrx_word' id='word_1_474' title='bbox 3345 3068 3562 3120; x_wconf 87' lang='lat' dir='ltr'><strong>terram,</strong></span> 
     </span>
    </p>
   </div>
   <div class='ocr_carea' id='block_1_62' title="bbox 286 3149 1882 3245">
    <p class='ocr_par' dir='ltr' id='par_1_62' title="bbox 286 3149 1869 3245">
     <span class='ocr_line' id='line_1_62' title="bbox 286 3149 1869 3245; baseline -0.001 -18"><span class='ocrx_word' id='word_1_475' title='bbox 286 3149 585 3233; x_wconf 68' lang='lat' dir='ltr'><strong>viatoribus</strong></span> <span class='ocrx_word' id='word_1_476' title='bbox 612 3176 863 3245; x_wconf 81' lang='lat' dir='ltr'><strong>optabilis</strong></span> <span class='ocrx_word' id='word_1_477' title='bbox 891 3182 946 3229; x_wconf 91' lang='lat' dir='ltr'><strong>et</strong></span> <span class='ocrx_word' id='word_1_478' title='bbox 967 3174 1338 3228; x_wconf 84' lang='lat' dir='ltr'><strong>desiderabilis</strong></span> <span class='ocrx_word' id='word_1_479' title='bbox 1372 3182 1456 3228; x_wconf 88' lang='lat' dir='ltr'><strong>est</strong></span> <span class='ocrx_word' id='word_1_480' title='bbox 1486 3193 1493 3227; x_wconf 93' lang='lat'><strong>:</strong></span> <span class='ocrx_word' id='word_1_481' title='bbox 1526 3182 1579 3226; x_wconf 89' lang='lat' dir='ltr'><strong>et</strong></span> <span class='ocrx_word' id='word_1_482' title='bbox 1602 3173 1724 3227; x_wconf 90' lang='lat' dir='ltr'><strong>ideo</strong></span> <span class='ocrx_word' id='word_1_483' title='bbox 1745 3173 1869 3242; x_wconf 91' lang='lat' dir='ltr'><strong>quia</strong></span> 
     </span>
    </p>
   </div>
   <div class='ocr_carea' id='block_1_63' title="bbox 1988 3149 3557 3245">
    <p class='ocr_par' dir='ltr' id='par_1_63' title="bbox 1988 3149 3557 3218">
     <span class='ocr_line' id='line_1_63' title="bbox 1988 3149 3557 3218; baseline -0.002 -15"><span class='ocrx_word' id='word_1_484' title='bbox 1988 3165 2010 3202; x_wconf 85' lang='lat' dir='ltr'><strong>a</strong></span> <span class='ocrx_word' id='word_1_485' title='bbox 2045 3160 2181 3204; x_wconf 89' lang='lat' dir='ltr'><strong>terra</strong></span> <span class='ocrx_word' id='word_1_486' title='bbox 2212 3151 2263 3204; x_wconf 91' lang='lat' dir='ltr'><strong>in</strong></span> <span class='ocrx_word' id='word_1_487' title='bbox 2294 3152 2485 3218; x_wconf 87' lang='lat' dir='ltr'><strong>ignem,</strong></span> <span class='ocrx_word' id='word_1_488' title='bbox 2515 3150 2581 3204; x_wconf 88' lang='lat' dir='ltr'><strong>de</strong></span> <span class='ocrx_word' id='word_1_489' title='bbox 2603 3150 2725 3218; x_wconf 83' lang='lat' dir='ltr'><strong>igne</strong></span> <span class='ocrx_word' id='word_1_490' title='bbox 2754 3151 2804 3203; x_wconf 94' lang='lat' dir='ltr'><strong>in</strong></span> <span class='ocrx_word' id='word_1_491' title='bbox 2830 3149 3109 3217; x_wconf 88' lang='lat' dir='ltr'><strong>judicium,</strong></span> <span class='ocrx_word' id='word_1_492' title='bbox 3134 3149 3201 3204; x_wconf 90' lang='lat' dir='ltr'><strong>de</strong></span> <span class='ocrx_word' id='word_1_493' title='bbox 3224 3149 3425 3217; x_wconf 85' lang='lat' dir='ltr'><strong>judicio</strong></span> <span class='ocrx_word' id='word_1_494' title='bbox 3462 3157 3557 3202; x_wconf 87' lang='lat' dir='ltr'><strong>aut</strong></span> 
     </span>
    </p>
   </div>
   <div class='ocr_carea' id='block_1_64' title="bbox 284 3262 1875 3334">
    <p class='ocr_par' dir='ltr' id='par_1_64' title="bbox 284 3262 1875 3334">
     <span class='ocr_line' id='line_1_64' title="bbox 284 3262 1875 3334; baseline -0.003 -13"><span class='ocrx_word' id='word_1_495' title='bbox 284 3284 474 3323; x_wconf 79' lang='lat' dir='ltr'><strong>sumus</strong></span> <span class='ocrx_word' id='word_1_496' title='bbox 502 3267 688 3320; x_wconf 82' lang='lat' dir='ltr'><strong>mutuli</strong></span> <span class='ocrx_word' id='word_1_497' title='bbox 730 3266 965 3320; x_wconf 88' lang='lat' dir='ltr'><strong>viatores</strong></span> <span class='ocrx_word' id='word_1_498' title='bbox 993 3272 1048 3318; x_wconf 87' lang='lat' dir='ltr'><strong>et</strong></span> <span class='ocrx_word' id='word_1_499' title='bbox 1078 3264 1384 3334; x_wconf 90' lang='lat' dir='ltr'><strong>peregrini,</strong></span> <span class='ocrx_word' id='word_1_500' title='bbox 1418 3265 1485 3318; x_wconf 89' lang='lat' dir='ltr'><strong>de</strong></span> <span class='ocrx_word' id='word_1_501' title='bbox 1517 3262 1619 3317; x_wconf 85' lang='lat' dir='ltr'><strong>line</strong></span> <span class='ocrx_word' id='word_1_502' title='bbox 1650 3264 1746 3316; x_wconf 72' lang='lat' dir='ltr'><strong>vim</strong></span> <span class='ocrx_word' id='word_1_503' title='bbox 1772 3304 1786 3326; x_wconf 95' lang='lat'><strong>,</strong></span> <span class='ocrx_word' id='word_1_504' title='bbox 1820 3262 1875 3316; x_wconf 92' lang='lat' dir='ltr'><strong>id</strong></span> 
     </span>
    </p>
   </div>
   <div class='ocr_carea' id='block_1_65' title="bbox 288 3354 1877 3425">
    <p class='ocr_par' dir='ltr' id='par_1_65' title="bbox 288 3354 1877 3425">
     <span class='ocr_line' id='line_1_65' title="bbox 288 3354 1877 3425; baseline -0.003 -12"><span class='ocrx_word' id='word_1_505' title='bbox 288 3369 397 3423; x_wconf 87' lang='lat' dir='ltr'><strong>est,</strong></span> <span class='ocrx_word' id='word_1_506' title='bbox 425 3360 552 3412; x_wconf 78' lang='lat' dir='ltr'><strong>vitce</strong></span> <span class='ocrx_word' id='word_1_507' title='bbox 583 3365 781 3411; x_wconf 76' lang='lat' dir='ltr'><strong>nostra:</strong></span> <span class='ocrx_word' id='word_1_508' title='bbox 809 3370 1023 3425; x_wconf 89' lang='lat' dir='ltr'><strong>semper</strong></span> <span class='ocrx_word' id='word_1_509' title='bbox 1051 3355 1377 3424; x_wconf 88' lang='lat' dir='ltr'><strong>cogitemus;</strong></span> <span class='ocrx_word' id='word_1_510' title='bbox 1427 3354 1523 3407; x_wconf 73' lang='lat' dir='ltr'><strong>via:</strong></span> <span class='ocrx_word' id='word_1_511' title='bbox 1571 3354 1713 3407; x_wconf 86' lang='lat' dir='ltr'><strong>enim</strong></span> <span class='ocrx_word' id='word_1_512' title='bbox 1756 3354 1877 3408; x_wconf 88' lang='lat' dir='ltr'><strong>linis</strong></span> 
     </span>
    </p>
   </div>
   <div class='ocr_carea' id='block_1_66' title="bbox 290 3448 1876 3519">
    <p class='ocr_par' dir='ltr' id='par_1_66' title="bbox 290 3448 1876 3519">
     <span class='ocr_line' id='line_1_66' title="bbox 290 3448 1876 3519; baseline -0.003 -12"><span class='ocrx_word' id='word_1_513' title='bbox 290 3462 529 3517; x_wconf 67' lang='lat' dir='ltr'><strong>nostrm,</strong></span> <span class='ocrx_word' id='word_1_514' title='bbox 581 3450 755 3519; x_wconf 88' lang='lat' dir='ltr'><strong>patria</strong></span> <span class='ocrx_word' id='word_1_515' title='bbox 792 3458 971 3504; x_wconf 89' lang='lat' dir='ltr'><strong>nostra</strong></span> <span class='ocrx_word' id='word_1_516' title='bbox 1021 3457 1121 3503; x_wconf 90' lang='lat' dir='ltr'><strong>est.</strong></span> <span class='ocrx_word' id='word_1_517' title='bbox 1171 3448 1279 3502; x_wconf 91' lang='lat' dir='ltr'><strong>Sed</strong></span> <span class='ocrx_word' id='word_1_518' title='bbox 1330 3448 1402 3503; x_wconf 91' lang='lat' dir='ltr'><strong>ibi</strong></span> <span class='ocrx_word' id='word_1_519' title='bbox 1452 3462 1641 3502; x_wconf 91' lang='lat' dir='ltr'><strong>omnes</strong></span> <span class='ocrx_word' id='word_1_520' title='bbox 1695 3448 1876 3503; x_wconf 71' lang='lat' dir='ltr'><strong>szcculi</strong></span> 
     </span>
    </p>
   </div>
   <div class='ocr_carea' id='block_1_67' title="bbox 282 3538 1876 3614">
    <p class='ocr_par' dir='ltr' id='par_1_67' title="bbox 282 3538 1876 3614">
     <span class='ocr_line' id='line_1_67' title="bbox 282 3538 1876 3614; baseline -0.004 -17"><span class='ocrx_word' id='word_1_521' title='bbox 282 3544 543 3598; x_wconf 85' lang='lat' dir='ltr'><strong>iterantes</strong></span> <span class='ocrx_word' id='word_1_522' title='bbox 570 3541 764 3614; x_wconf 85' lang='lat' dir='ltr'><strong>[Forte</strong></span> <span class='ocrx_word' id='word_1_523' title='bbox 792 3539 1137 3611; x_wconf 88' lang='lat' dir='ltr'><strong>itinerantes]</strong></span> <span class='ocrx_word' id='word_1_524' title='bbox 1170 3555 1266 3609; x_wconf 93' lang='lat' dir='ltr'><strong>pro</strong></span> <span class='ocrx_word' id='word_1_525' title='bbox 1294 3538 1501 3594; x_wconf 89' lang='lat' dir='ltr'><strong>meritis</strong></span> <span class='ocrx_word' id='word_1_526' title='bbox 1529 3539 1737 3593; x_wconf 86' lang='lat' dir='ltr'><strong>diversa</strong></span> <span class='ocrx_word' id='word_1_527' title='bbox 1759 3555 1876 3593; x_wconf 86' lang='lat' dir='ltr'><strong>sor-</strong></span> 
     </span>
    </p>
   </div>
   <div class='ocr_carea' id='block_1_68' title="bbox 279 3629 1869 3698">
    <p class='ocr_par' dir='ltr' id='par_1_68' title="bbox 279 3629 1869 3698">
     <span class='ocr_line' id='line_1_68' title="bbox 279 3629 1869 3698; baseline -0.001 -14"><span class='ocrx_word' id='word_1_528' title='bbox 279 3635 529 3697; x_wconf 79' lang='lat' dir='ltr'><strong>tiuntur;</strong></span> <span class='ocrx_word' id='word_1_529' title='bbox 581 3641 637 3686; x_wconf 90' lang='lat' dir='ltr'><strong>et</strong></span> <span class='ocrx_word' id='word_1_530' title='bbox 688 3630 814 3685; x_wconf 90' lang='lat' dir='ltr'><strong>boni</strong></span> <span class='ocrx_word' id='word_1_531' title='bbox 863 3632 1096 3693; x_wconf 88' lang='lat' dir='ltr'><strong>viatores</strong></span> <span class='ocrx_word' id='word_1_532' title='bbox 1150 3632 1203 3684; x_wconf 91' lang='lat' dir='ltr'><strong>in</strong></span> <span class='ocrx_word' id='word_1_533' title='bbox 1252 3630 1421 3698; x_wconf 87' lang='lat' dir='ltr'><strong>patria</strong></span> <span class='ocrx_word' id='word_1_534' title='bbox 1485 3629 1869 3696; x_wconf 79' lang='lat' dir='ltr'><strong>requiescunt:</strong></span> 
     </span>
    </p>
   </div>
   <div class='ocr_carea' id='block_1_69' title="bbox 279 3719 1872 3793">
    <p class='ocr_par' dir='ltr' id='par_1_69' title="bbox 279 3719 1872 3793">
     <span class='ocr_line' id='line_1_69' title="bbox 279 3719 1872 3793; baseline -0.003 -16"><span class='ocrx_word' id='word_1_535' title='bbox 279 3724 412 3777; x_wconf 86' lang='lat' dir='ltr'><strong>mali</strong></span> <span class='ocrx_word' id='word_1_536' title='bbox 434 3739 565 3779; x_wconf 85' lang='lat' dir='ltr'><strong>vero</strong></span> <span class='ocrx_word' id='word_1_537' title='bbox 591 3725 655 3777; x_wconf 84' lang='lat' dir='ltr'><strong>de</strong></span> <span class='ocrx_word' id='word_1_538' title='bbox 681 3739 745 3777; x_wconf 80' lang='lat' dir='ltr'><strong>ea</strong></span> <span class='ocrx_word' id='word_1_539' title='bbox 776 3723 1054 3793; x_wconf 88' lang='lat' dir='ltr'><strong>peribunt;</strong></span> <span class='ocrx_word' id='word_1_540' title='bbox 1082 3720 1236 3774; x_wconf 89' lang='lat' dir='ltr'><strong>multi</strong></span> <span class='ocrx_word' id='word_1_541' title='bbox 1266 3720 1408 3774; x_wconf 89' lang='lat' dir='ltr'><strong>enim</strong></span> <span class='ocrx_word' id='word_1_542' title='bbox 1436 3719 1661 3789; x_wconf 88' lang='lat' dir='ltr'><strong>patriam</strong></span> <span class='ocrx_word' id='word_1_543' title='bbox 1686 3734 1872 3783; x_wconf 79' lang='lat' dir='ltr'><strong>veram</strong></span> 
     </span>
    </p>
   </div>
   <div class='ocr_carea' id='block_1_70' title="bbox 278 3810 1871 3883">
    <p class='ocr_par' dir='ltr' id='par_1_70' title="bbox 278 3810 1871 3883">
     <span class='ocr_line' id='line_1_70' title="bbox 278 3810 1871 3883; baseline -0.004 -14"><span class='ocrx_word' id='word_1_544' title='bbox 278 3816 547 3882; x_wconf 79' lang='lat' dir='ltr'><strong>perdunt,</strong></span> <span class='ocrx_word' id='word_1_545' title='bbox 608 3815 732 3882; x_wconf 89' lang='lat' dir='ltr'><strong>quia</strong></span> <span class='ocrx_word' id='word_1_546' title='bbox 778 3814 895 3883; x_wconf 90' lang='lat' dir='ltr'><strong>plus</strong></span> <span class='ocrx_word' id='word_1_547' title='bbox 939 3813 1078 3866; x_wconf 88' lang='lat' dir='ltr'><strong>viam</strong></span> <span class='ocrx_word' id='word_1_548' title='bbox 1122 3812 1365 3881; x_wconf 82' lang='lat' dir='ltr'><strong>diligunt.</strong></span> <span class='ocrx_word' id='word_1_549' title='bbox 1398 3810 1514 3865; x_wconf 89' lang='lat' dir='ltr'><strong>Non</strong></span> <span class='ocrx_word' id='word_1_550' title='bbox 1567 3810 1683 3878; x_wconf 90' lang='lat' dir='ltr'><strong>plus</strong></span> <span class='ocrx_word' id='word_1_551' title='bbox 1732 3810 1871 3863; x_wconf 87' lang='lat' dir='ltr'><strong>viam</strong></span> 
     </span>
    </p>
   </div>
   <div class='ocr_carea' id='block_1_71' title="bbox 276 3900 1871 3973">
    <p class='ocr_par' dir='ltr' id='par_1_71' title="bbox 276 3900 1871 3973">
     <span class='ocr_line' id='line_1_71' title="bbox 276 3900 1871 3973; baseline -0.003 -16"><span class='ocrx_word' id='word_1_552' title='bbox 276 3921 400 3967; x_wconf 88' lang='lat' dir='ltr'><strong>nos,</strong></span> <span class='ocrx_word' id='word_1_553' title='bbox 432 3919 599 3973; x_wconf 89' lang='lat' dir='ltr'><strong>quam</strong></span> <span class='ocrx_word' id='word_1_554' title='bbox 630 3904 859 3973; x_wconf 83' lang='lat' dir='ltr'><strong>patriam</strong></span> <span class='ocrx_word' id='word_1_555' title='bbox 887 3901 1170 3970; x_wconf 88' lang='lat' dir='ltr'><strong>diligamus</strong></span> <span class='ocrx_word' id='word_1_556' title='bbox 1194 3940 1209 3965; x_wconf 91' lang='lat'><strong>,</strong></span> <span class='ocrx_word' id='word_1_557' title='bbox 1251 3916 1317 3955; x_wconf 89' lang='lat' dir='ltr'><strong>ne</strong></span> <span class='ocrx_word' id='word_1_558' title='bbox 1356 3909 1611 3954; x_wconf 73' lang='lat' dir='ltr'><strong>aeternam</strong></span> <span class='ocrx_word' id='word_1_559' title='bbox 1646 3900 1871 3968; x_wconf 87' lang='lat' dir='ltr'><strong>patriam</strong></span> 
     </span>
    </p>
   </div>
   <div class='ocr_carea' id='block_1_72' title="bbox 276 3996 1872 4069">
    <p class='ocr_par' dir='ltr' id='par_1_72' title="bbox 276 3996 1872 4069">
     <span class='ocr_line' id='line_1_72' title="bbox 276 3996 1872 4069; baseline -0.001 -20"><span class='ocrx_word' id='word_1_560' title='bbox 276 4000 605 4069; x_wconf 77' lang='lat' dir='ltr'><strong>perdamus;</strong></span> <span class='ocrx_word' id='word_1_561' title='bbox 653 3998 814 4053; x_wconf 89' lang='lat' dir='ltr'><strong>talem</strong></span> <span class='ocrx_word' id='word_1_562' title='bbox 872 3998 1016 4052; x_wconf 90' lang='lat' dir='ltr'><strong>enim</strong></span> <span class='ocrx_word' id='word_1_563' title='bbox 1066 3998 1326 4051; x_wconf 88' lang='lat' dir='ltr'><strong>habemus</strong></span> <span class='ocrx_word' id='word_1_564' title='bbox 1393 3996 1659 4066; x_wconf 88' lang='lat' dir='ltr'><strong>patriam,</strong></span> <span class='ocrx_word' id='word_1_565' title='bbox 1710 4009 1872 4063; x_wconf 89' lang='lat' dir='ltr'><strong>quam</strong></span> 
     </span>
    </p>
   </div>
   <div class='ocr_carea' id='block_1_73' title="bbox 275 4086 1870 4157">
    <p class='ocr_par' dir='ltr' id='par_1_73' title="bbox 275 4086 1870 4157">
     <span class='ocr_line' id='line_1_73' title="bbox 275 4086 1870 4157; baseline -0.002 -14"><span class='ocrx_word' id='word_1_566' title='bbox 275 4108 463 4148; x_wconf 80' lang='lat' dir='ltr'><strong>amare</strong></span> <span class='ocrx_word' id='word_1_567' title='bbox 490 4090 769 4144; x_wconf 87' lang='lat' dir='ltr'><strong>debemus.</strong></span> <span class='ocrx_word' id='word_1_568' title='bbox 801 4088 965 4144; x_wconf 89' lang='lat' dir='ltr'><strong>Duret</strong></span> <span class='ocrx_word' id='word_1_569' title='bbox 987 4090 1146 4157; x_wconf 90' lang='lat' dir='ltr'><strong>igitur</strong></span> <span class='ocrx_word' id='word_1_570' title='bbox 1170 4088 1309 4157; x_wconf 86' lang='lat' dir='ltr'><strong>apud</strong></span> <span class='ocrx_word' id='word_1_571' title='bbox 1347 4104 1445 4142; x_wconf 92' lang='lat' dir='ltr'><strong>nos</strong></span> <span class='ocrx_word' id='word_1_572' title='bbox 1472 4090 1571 4142; x_wconf 87' lang='lat' dir='ltr'><strong>ista</strong></span> <span class='ocrx_word' id='word_1_573' title='bbox 1609 4086 1870 4151; x_wconf 85' lang='lat' dir='ltr'><strong>deﬁnitio,</strong></span> 
     </span>
    </p>
   </div>
   <div class='ocr_carea' id='block_1_74' title="bbox 275 4178 1873 4247">
    <p class='ocr_par' dir='ltr' id='par_1_74' title="bbox 275 4178 1873 4247">
     <span class='ocr_line' id='line_1_74' title="bbox 275 4178 1873 4247; baseline -0.003 -13"><span class='ocrx_word' id='word_1_574' title='bbox 275 4192 334 4235; x_wconf 87' lang='lat' dir='ltr'><strong>ut</strong></span> <span class='ocrx_word' id='word_1_575' title='bbox 362 4182 451 4235; x_wconf 90' lang='lat' dir='ltr'><strong>hic</strong></span> <span class='ocrx_word' id='word_1_576' title='bbox 504 4181 747 4234; x_wconf 82' lang='lat' dir='ltr'><strong>vivamus</strong></span> <span class='ocrx_word' id='word_1_577' title='bbox 780 4181 830 4233; x_wconf 91' lang='lat' dir='ltr'><strong>in</strong></span> <span class='ocrx_word' id='word_1_578' title='bbox 881 4180 962 4233; x_wconf 89' lang='lat' dir='ltr'><strong>via</strong></span> <span class='ocrx_word' id='word_1_579' title='bbox 990 4198 1003 4245; x_wconf 91' lang='lat'><strong>;</strong></span> <span class='ocrx_word' id='word_1_580' title='bbox 1031 4180 1369 4245; x_wconf 85' lang='lat' dir='ltr'><strong>utviatores,</strong></span> <span class='ocrx_word' id='word_1_581' title='bbox 1404 4187 1459 4231; x_wconf 90' lang='lat' dir='ltr'><strong>ut</strong></span> <span class='ocrx_word' id='word_1_582' title='bbox 1490 4178 1771 4247; x_wconf 73' lang='lat' dir='ltr'><strong>peregrini,</strong></span> <span class='ocrx_word' id='word_1_583' title='bbox 1815 4186 1873 4231; x_wconf 88' lang='lat' dir='ltr'><strong>ut</strong></span> 
     </span>
    </p>
   </div>
   <div class='ocr_carea' id='block_1_75' title="bbox 276 4270 1872 4341">
    <p class='ocr_par' dir='ltr' id='par_1_75' title="bbox 276 4270 1872 4341">
     <span class='ocr_line' id='line_1_75' title="bbox 276 4270 1872 4341; baseline -0.002 -16"><span class='ocrx_word' id='word_1_584' title='bbox 276 4273 515 4341; x_wconf 73' lang='lat' dir='ltr'><strong>hospites</strong></span> <span class='ocrx_word' id='word_1_585' title='bbox 556 4270 773 4336; x_wconf 91' lang='lat' dir='ltr'><strong>mundi,</strong></span> <span class='ocrx_word' id='word_1_586' title='bbox 803 4271 964 4326; x_wconf 91' lang='lat' dir='ltr'><strong>nullis</strong></span> <span class='ocrx_word' id='word_1_587' title='bbox 989 4271 1250 4325; x_wconf 66' lang='lat' dir='ltr'><strong>hazrentes</strong></span> <span class='ocrx_word' id='word_1_588' title='bbox 1280 4271 1683 4340; x_wconf 83' lang='lat' dir='ltr'><strong>cupiditatibus,</strong></span> <span class='ocrx_word' id='word_1_589' title='bbox 1713 4270 1872 4323; x_wconf 88' lang='lat' dir='ltr'><strong>nullis</strong></span> 
     </span>
    </p>
   </div>
   <div class='ocr_carea' id='block_1_76' title="bbox 278 4361 1871 4430">
    <p class='ocr_par' dir='ltr' id='par_1_76' title="bbox 278 4361 1871 4430">
     <span class='ocr_line' id='line_1_76' title="bbox 278 4361 1871 4430; baseline -0.003 -13"><span class='ocrx_word' id='word_1_590' title='bbox 278 4365 506 4419; x_wconf 89' lang='lat' dir='ltr'><strong>terrenis</strong></span> <span class='ocrx_word' id='word_1_591' title='bbox 534 4363 803 4417; x_wconf 86' lang='lat' dir='ltr'><strong>inhiantes</strong></span> <span class='ocrx_word' id='word_1_592' title='bbox 850 4362 1149 4428; x_wconf 73' lang='lat' dir='ltr'><strong>desideriis,</strong></span> <span class='ocrx_word' id='word_1_593' title='bbox 1181 4363 1272 4417; x_wconf 86' lang='lat' dir='ltr'><strong>sed</strong></span> <span class='ocrx_word' id='word_1_594' title='bbox 1305 4362 1611 4417; x_wconf 76' lang='lat' dir='ltr'><strong>cmlcstibus</strong></span> <span class='ocrx_word' id='word_1_595' title='bbox 1634 4370 1687 4415; x_wconf 91' lang='lat' dir='ltr'><strong>et</strong></span> <span class='ocrx_word' id='word_1_596' title='bbox 1716 4361 1871 4430; x_wconf 90' lang='lat' dir='ltr'><strong>spiri-</strong></span> 
     </span>
    </p>
   </div>
   <div class='ocr_carea' id='block_1_77' title="bbox 278 4456 1868 4524">
    <p class='ocr_par' dir='ltr' id='par_1_77' title="bbox 278 4456 1868 4524">
     <span class='ocr_line' id='line_1_77' title="bbox 278 4456 1868 4524; baseline -0.003 -14"><span class='ocrx_word' id='word_1_597' title='bbox 278 4458 510 4512; x_wconf 78' lang='lat' dir='ltr'><strong>tualiblts</strong></span> <span class='ocrx_word' id='word_1_598' title='bbox 540 4457 728 4510; x_wconf 85' lang='lat' dir='ltr'><strong>formis</strong></span> <span class='ocrx_word' id='word_1_599' title='bbox 751 4457 960 4510; x_wconf 87' lang='lat' dir='ltr'><strong>animos</strong></span> <span class='ocrx_word' id='word_1_600' title='bbox 991 4463 1207 4510; x_wconf 89' lang='lat' dir='ltr'><strong>nostros</strong></span> <span class='ocrx_word' id='word_1_601' title='bbox 1236 4456 1565 4524; x_wconf 85' lang='lat' dir='ltr'><strong>repleamus,</strong></span> <span class='ocrx_word' id='word_1_602' title='bbox 1597 4456 1793 4507; x_wconf 87' lang='lat' dir='ltr'><strong>virtute</strong></span> <span class='ocrx_word' id='word_1_603' title='bbox 1813 4461 1868 4507; x_wconf 91' lang='lat' dir='ltr'><strong>et</strong></span> 
     </span>
    </p>
   </div>
   <div class='ocr_carea' id='block_1_78' title="bbox 275 4520 2156 4617">
    <p class='ocr_par' dir='ltr' id='par_1_78' title="bbox 275 4520 2156 4617">
     <span class='ocr_line' id='line_1_78' title="bbox 275 4520 2156 4617; baseline -0.009 -13"><span class='ocrx_word' id='word_1_604' title='bbox 275 4563 440 4617; x_wconf 71' lang='lat' dir='ltr'><strong>opere</strong></span> <span class='ocrx_word' id='word_1_605' title='bbox 484 4546 816 4616; x_wconf 71' lang='lat' dir='ltr'><strong>psallentis:</strong></span> <span class='ocrx_word' id='word_1_606' title='bbox 877 4546 1093 4612; x_wconf 84' lang='lat' dir='ltr'><strong>Quando</strong></span> <span class='ocrx_word' id='word_1_607' title='bbox 1124 4548 1325 4599; x_wconf 85' lang='lat' dir='ltr'><strong>veniam</strong></span> <span class='ocrx_word' id='word_1_608' title='bbox 1350 4556 1398 4598; x_wconf 91' lang='lat' dir='ltr'><strong>et</strong></span> <span class='ocrx_word' id='word_1_609' title='bbox 1443 4544 1701 4615; x_wconf 81' lang='lat' dir='ltr'><strong>apparebo</strong></span> <span class='ocrx_word' id='word_1_610' title='bbox 1742 4553 1863 4596; x_wconf 87' lang='lat' dir='ltr'><strong>ante</strong></span> <span class='ocrx_word' id='word_1_611' title='bbox 1899 4520 2156 4617; x_wconf 31' lang='lat' dir='ltr'><strong>Dimidi?</strong></span> 
     </span>
    </p>
   </div>
   <div class='ocr_carea' id='block_1_79' title="bbox 278 4636 1865 4708">
    <p class='ocr_par' dir='ltr' id='par_1_79' title="bbox 278 4636 1865 4708">
     <span class='ocr_line' id='line_1_79' title="bbox 278 4636 1865 4708; baseline -0.003 -17"><span class='ocrx_word' id='word_1_612' title='bbox 278 4642 467 4708; x_wconf 76' lang='lat' dir='ltr'><strong>faciem</strong></span> <span class='ocrx_word' id='word_1_613' title='bbox 497 4637 594 4691; x_wconf 85' lang='lat' dir='ltr'><strong>Dei</strong></span> <span class='ocrx_word' id='word_1_614' title='bbox 624 4639 760 4691; x_wconf 86' lang='lat' dir='ltr'><strong>mei?</strong></span> <span class='ocrx_word' id='word_1_615' title='bbox 790 4636 962 4691; x_wconf 80' lang='lat' dir='ltr'><strong>Sitivit</strong></span> <span class='ocrx_word' id='word_1_616' title='bbox 989 4638 1129 4691; x_wconf 88' lang='lat' dir='ltr'><strong>enim</strong></span> <span class='ocrx_word' id='word_1_617' title='bbox 1154 4639 1329 4690; x_wconf 86' lang='lat' dir='ltr'><strong>anima</strong></span> <span class='ocrx_word' id='word_1_618' title='bbox 1350 4654 1463 4691; x_wconf 88' lang='lat' dir='ltr'><strong>mea</strong></span> <span class='ocrx_word' id='word_1_619' title='bbox 1491 4637 1651 4688; x_wconf 86' lang='lat' dir='ltr'><strong>Deum</strong></span> <span class='ocrx_word' id='word_1_620' title='bbox 1679 4638 1865 4705; x_wconf 74' lang='lat' dir='ltr'><strong>fortem</strong></span> 
     </span>
    </p>
   </div>
   <div class='ocr_carea' id='block_1_80' title="bbox 275 4724 1864 4799">
    <p class='ocr_par' dir='ltr' id='par_1_80' title="bbox 275 4724 1864 4799">
     <span class='ocr_line' id='line_1_80' title="bbox 275 4724 1864 4799; baseline -0.003 -16"><span class='ocrx_word' id='word_1_621' title='bbox 275 4734 437 4785; x_wconf 79' lang='lat' dir='ltr'><strong>rivum</strong></span> <span class='ocrx_word' id='word_1_622' title='bbox 462 4724 690 4799; x_wconf 77' lang='lat' dir='ltr'><strong>(Psalm.</strong></span> <span class='ocrx_word' id='word_1_623' title='bbox 720 4746 831 4796; x_wconf 78' lang='lat' dir='ltr'><strong>xu,</strong></span> <span class='ocrx_word' id='word_1_624' title='bbox 856 4730 908 4797; x_wconf 82' lang='grc'>5)</span> <span class='ocrx_word' id='word_1_625' title='bbox 934 4748 947 4793; x_wconf 90' lang='lat'><strong>;</strong></span> <span class='ocrx_word' id='word_1_626' title='bbox 977 4742 1064 4783; x_wconf 83' lang='lat' dir='ltr'><strong>et:</strong></span> <span class='ocrx_word' id='word_1_627' title='bbox 1092 4730 1280 4782; x_wconf 82' lang='lat' dir='ltr'><strong>Anima</strong></span> <span class='ocrx_word' id='word_1_628' title='bbox 1310 4745 1423 4781; x_wconf 86' lang='lat' dir='ltr'><strong>mea</strong></span> <span class='ocrx_word' id='word_1_629' title='bbox 1442 4737 1572 4780; x_wconf 71' lang='lat' dir='ltr'><strong>sicut</strong></span> <span class='ocrx_word' id='word_1_630' title='bbox 1596 4738 1731 4779; x_wconf 85' lang='lat' dir='ltr'><strong>terra</strong></span> <span class='ocrx_word' id='word_1_631' title='bbox 1752 4728 1864 4779; x_wconf 88' lang='lat' dir='ltr'><strong>sine</strong></span> 
     </span>
    </p>
   </div>
   <div class='ocr_carea' id='block_1_81' title="bbox 273 4818 1861 4893">
    <p class='ocr_par' dir='ltr' id='par_1_81' title="bbox 273 4818 1861 4893">
     <span class='ocr_line' id='line_1_81' title="bbox 273 4818 1861 4893; baseline -0.001 -22"><span class='ocrx_word' id='word_1_632' title='bbox 273 4840 405 4893; x_wconf 83' lang='lat' dir='ltr'><strong>aqua</strong></span> <span class='ocrx_word' id='word_1_633' title='bbox 437 4822 525 4874; x_wconf 86' lang='lat' dir='ltr'><strong>tibi</strong></span> <span class='ocrx_word' id='word_1_634' title='bbox 555 4823 572 4890; x_wconf 95' lang='lat'><strong>(</strong></span> <span class='ocrx_word' id='word_1_635' title='bbox 598 4821 797 4874; x_wconf 83' lang='lat' dir='ltr'><strong>I’salm.</strong></span> <span class='ocrx_word' id='word_1_636' title='bbox 832 4837 992 4883; x_wconf 69' lang='lat' dir='ltr'><strong>CXLII,</strong></span> <span class='ocrx_word' id='word_1_637' title='bbox 1019 4820 1091 4889; x_wconf 82' lang='grc'><strong>6)</strong></span> <span class='ocrx_word' id='word_1_638' title='bbox 1120 4838 1134 4885; x_wconf 90' lang='grc'>;</span> <span class='ocrx_word' id='word_1_639' title='bbox 1166 4830 1363 4873; x_wconf 87' lang='lat' dir='ltr'><strong>etcum</strong></span> <span class='ocrx_word' id='word_1_640' title='bbox 1395 4818 1560 4871; x_wconf 84' lang='lat' dir='ltr'><strong>Paulo</strong></span> <span class='ocrx_word' id='word_1_641' title='bbox 1585 4818 1823 4871; x_wconf 88' lang='lat' dir='ltr'><strong>dicentes</strong></span> <span class='ocrx_word' id='word_1_642' title='bbox 1850 4834 1861 4869; x_wconf 88' lang='lat'><strong>:</strong></span> 
     </span>
    </p>
   </div>
   <div class='ocr_carea' id='block_1_82' title="bbox 274 4911 1858 4983">
    <p class='ocr_par' dir='ltr' id='par_1_82' title="bbox 274 4911 1858 4983">
     <span class='ocr_line' id='line_1_82' title="bbox 274 4911 1858 4983; baseline -0.001 -18"><span class='ocrx_word' id='word_1_643' title='bbox 274 4914 432 4983; x_wconf 74' lang='lat' dir='ltr'><strong>Cupio</strong></span> <span class='ocrx_word' id='word_1_644' title='bbox 463 4915 705 4976; x_wconf 82' lang='lat' dir='ltr'><strong>dissolvi,</strong></span> <span class='ocrx_word' id='word_1_645' title='bbox 750 4923 798 4967; x_wconf 87' lang='lat' dir='ltr'><strong>et</strong></span> <span class='ocrx_word' id='word_1_646' title='bbox 829 4930 937 4967; x_wconf 85' lang='lat' dir='ltr'><strong>esse</strong></span> <span class='ocrx_word' id='word_1_647' title='bbox 968 4930 1087 4966; x_wconf 87' lang='lat' dir='ltr'><strong>cum</strong></span> <span class='ocrx_word' id='word_1_648' title='bbox 1121 4913 1323 4965; x_wconf 84' lang='lat' dir='ltr'><strong>Christo</strong></span> <span class='ocrx_word' id='word_1_649' title='bbox 1349 4913 1365 4979; x_wconf 94' lang='lat'><strong>(</strong></span> <span class='ocrx_word' id='word_1_650' title='bbox 1389 4911 1616 4981; x_wconf 59' lang='lat' dir='ltr'><strong>Philipp.</strong></span> <span class='ocrx_word' id='word_1_651' title='bbox 1645 4928 1696 4979; x_wconf 89' lang='grc' dir='ltr'>ι,</span> <span class='ocrx_word' id='word_1_652' title='bbox 1728 4911 1797 4963; x_wconf 70' lang='grc'>25</span> <span class='ocrx_word' id='word_1_653' title='bbox 1820 4912 1858 4980; x_wconf 88' lang='grc'><strong>),</strong></span> 
     </span>
    </p>
   </div>
   <div class='ocr_carea' id='block_1_83' title="bbox 273 5004 1855 5075">
    <p class='ocr_par' dir='ltr' id='par_1_83' title="bbox 273 5004 1855 5075">
     <span class='ocr_line' id='line_1_83' title="bbox 273 5004 1855 5075; baseline -0.001 -16"><span class='ocrx_word' id='word_1_654' title='bbox 273 5010 505 5061; x_wconf 74' lang='lat' dir='ltr'><strong>sciamus</strong></span> <span class='ocrx_word' id='word_1_655' title='bbox 535 5023 635 5061; x_wconf 91' lang='lat' dir='ltr'><strong>nos</strong></span> <span class='ocrx_word' id='word_1_656' title='bbox 663 5007 789 5061; x_wconf 91' lang='lat' dir='ltr'><strong>licet</strong></span> <span class='ocrx_word' id='word_1_657' title='bbox 820 5006 1131 5075; x_wconf 84' lang='lat' dir='ltr'><strong>peregrinos</strong></span> <span class='ocrx_word' id='word_1_658' title='bbox 1174 5021 1201 5058; x_wconf 90' lang='lat' dir='ltr'><strong>a</strong></span> <span class='ocrx_word' id='word_1_659' title='bbox 1236 5004 1463 5057; x_wconf 65' lang='grc' dir='ltr'>Ουιιιίιιυ</span> <span class='ocrx_word' id='word_1_660' title='bbox 1494 5004 1730 5072; x_wconf 83' lang='lat' dir='ltr'><strong>quandiu</strong></span> <span class='ocrx_word' id='word_1_661' title='bbox 1766 5020 1855 5057; x_wconf 91' lang='lat' dir='ltr'><strong>su-</strong></span> 
     </span>
    </p>
   </div>
   <div class='ocr_carea' id='block_1_84' title="bbox 272 5095 1856 5165">
    <p class='ocr_par' dir='ltr' id='par_1_84' title="bbox 272 5095 1856 5165">
     <span class='ocr_line' id='line_1_84' title="bbox 272 5095 1856 5165; baseline -0.001 -16"><span class='ocrx_word' id='word_1_662' title='bbox 272 5113 390 5150; x_wconf 84' lang='lat' dir='ltr'><strong>mus</strong></span> <span class='ocrx_word' id='word_1_663' title='bbox 419 5098 468 5150; x_wconf 93' lang='lat' dir='ltr'><strong>in</strong></span> <span class='ocrx_word' id='word_1_664' title='bbox 514 5112 747 5165; x_wconf 85' lang='lat' dir='ltr'><strong>corpore</strong></span> <span class='ocrx_word' id='word_1_665' title='bbox 776 5095 871 5165; x_wconf 87' lang='lat' dir='ltr'><strong>(II</strong></span> <span class='ocrx_word' id='word_1_666' title='bbox 897 5095 1015 5149; x_wconf 83' lang='lat' dir='ltr'><strong>Cor.</strong></span> <span class='ocrx_word' id='word_1_667' title='bbox 1050 5112 1099 5160; x_wconf 85' lang='lat' dir='ltr'><strong>v,</strong></span> <span class='ocrx_word' id='word_1_668' title='bbox 1143 5095 1305 5162; x_wconf 83' lang='grc'>6-8),</span> <span class='ocrx_word' id='word_1_669' title='bbox 1342 5103 1633 5163; x_wconf 69' lang='lat' dir='ltr'><strong>prmseutcs</strong></span> <span class='ocrx_word' id='word_1_670' title='bbox 1678 5104 1856 5148; x_wconf 90' lang='lat' dir='ltr'><strong>tamen</strong></span> 
     </span>
    </p>
   </div>
   <div class='ocr_carea' id='block_1_85' title="bbox 270 5186 1857 5255">
    <p class='ocr_par' dir='ltr' id='par_1_85' title="bbox 270 5186 1857 5255">
     <span class='ocr_line' id='line_1_85' title="bbox 270 5186 1857 5255; baseline -0.001 -16"><span class='ocrx_word' id='word_1_671' title='bbox 270 5201 390 5240; x_wconf 79' lang='lat' dir='ltr'><strong>esse</strong></span> <span class='ocrx_word' id='word_1_672' title='bbox 418 5186 593 5240; x_wconf 82' lang='lat' dir='ltr'><strong>oculis</strong></span> <span class='ocrx_word' id='word_1_673' title='bbox 626 5186 738 5240; x_wconf 92' lang='lat' dir='ltr'><strong>Dei.</strong></span> <span class='ocrx_word' id='word_1_674' title='bbox 772 5186 1111 5255; x_wconf 86' lang='lat' dir='ltr'><strong>Quapropter</strong></span> <span class='ocrx_word' id='word_1_675' title='bbox 1137 5186 1280 5239; x_wconf 89' lang='lat' dir='ltr'><strong>omni</strong></span> <span class='ocrx_word' id='word_1_676' title='bbox 1314 5186 1523 5252; x_wconf 80' lang='lat' dir='ltr'><strong>ignavia</strong></span> <span class='ocrx_word' id='word_1_677' title='bbox 1546 5186 1774 5249; x_wconf 83' lang='lat' dir='ltr'><strong>calcata,</strong></span> <span class='ocrx_word' id='word_1_678' title='bbox 1803 5197 1857 5239; x_wconf 86' lang='lat' dir='ltr'><strong>et</strong></span> 
     </span>
    </p>
   </div>
   <div class='ocr_carea' id='block_1_86' title="bbox 270 5279 1856 5349">
    <p class='ocr_par' dir='ltr' id='par_1_86' title="bbox 270 5279 1856 5349">
     <span class='ocr_line' id='line_1_86' title="bbox 270 5279 1856 5349; baseline 0.002 -18"><span class='ocrx_word' id='word_1_679' title='bbox 270 5280 413 5333; x_wconf 89' lang='lat' dir='ltr'><strong>omni</strong></span> <span class='ocrx_word' id='word_1_680' title='bbox 442 5280 691 5349; x_wconf 59' lang='lat' dir='ltr'><strong>deposito</strong></span> <span class='ocrx_word' id='word_1_681' title='bbox 715 5287 924 5347; x_wconf 82' lang='lat' dir='ltr'><strong>tepore,</strong></span> <span class='ocrx_word' id='word_1_682' title='bbox 951 5279 1182 5333; x_wconf 90' lang='lat' dir='ltr'><strong>nitamur</strong></span> <span class='ocrx_word' id='word_1_683' title='bbox 1204 5279 1249 5333; x_wconf 91' lang='lat' dir='ltr'><strong>ei</strong></span> <span class='ocrx_word' id='word_1_684' title='bbox 1280 5279 1371 5346; x_wconf 89' lang='lat' dir='ltr'><strong>qui</strong></span> <span class='ocrx_word' id='word_1_685' title='bbox 1403 5279 1597 5348; x_wconf 91' lang='lat' dir='ltr'><strong>ubique</strong></span> <span class='ocrx_word' id='word_1_686' title='bbox 1624 5294 1856 5348; x_wconf 75' lang='lat' dir='ltr'><strong>prmsens</strong></span> 
     </span>
    </p>
   </div>
   <div class='ocr_carea' id='block_1_87' title="bbox 270 5368 1857 5439">
    <p class='ocr_par' dir='ltr' id='par_1_87' title="bbox 270 5368 1857 5439">
     <span class='ocr_line' id='line_1_87' title="bbox 270 5368 1857 5439; baseline 0.001 -17"><span class='ocrx_word' id='word_1_687' title='bbox 270 5380 352 5423; x_wconf 85' lang='lat' dir='ltr'><strong>est</strong></span> <span class='ocrx_word' id='word_1_688' title='bbox 376 5372 638 5439; x_wconf 48' lang='lat' dir='ltr'><strong>,placerc</strong></span> <span class='ocrx_word' id='word_1_689' title='bbox 663 5411 676 5432; x_wconf 93' lang='lat'><strong>,</strong></span> <span class='ocrx_word' id='word_1_690' title='bbox 728 5378 787 5425; x_wconf 88' lang='lat' dir='ltr'><strong>ut</strong></span> <span class='ocrx_word' id='word_1_691' title='bbox 818 5386 941 5425; x_wconf 88' lang='lat' dir='ltr'><strong>eum</strong></span> <span class='ocrx_word' id='word_1_692' title='bbox 971 5372 1111 5424; x_wconf 70' lang='lat' dir='ltr'><strong>bona</strong></span> <span class='ocrx_word' id='word_1_693' title='bbox 1143 5371 1471 5425; x_wconf 80' lang='lat' dir='ltr'><strong>conscientia</strong></span> <span class='ocrx_word' id='word_1_694' title='bbox 1501 5379 1554 5423; x_wconf 91' lang='lat' dir='ltr'><strong>et</strong></span> <span class='ocrx_word' id='word_1_695' title='bbox 1580 5370 1662 5422; x_wconf 86' lang='lat' dir='ltr'><strong>via</strong></span> <span class='ocrx_word' id='word_1_696' title='bbox 1696 5368 1857 5438; x_wconf 89' lang='lat' dir='ltr'><strong>hujus</strong></span> 
     </span>
    </p>
   </div>
   <div class='ocr_carea' id='block_1_88' title="bbox 269 5461 1859 5529">
    <p class='ocr_par' dir='ltr' id='par_1_88' title="bbox 269 5461 1859 5529">
     <span class='ocr_line' id='line_1_88' title="bbox 269 5461 1859 5529; baseline -0.001 -15"><span class='ocrx_word' id='word_1_697' title='bbox 269 5461 447 5514; x_wconf 63' lang='lat' dir='ltr'><strong>seculi</strong></span> <span class='ocrx_word' id='word_1_698' title='bbox 479 5462 546 5514; x_wconf 89' lang='lat' dir='ltr'><strong>ad</strong></span> <span class='ocrx_word' id='word_1_699' title='bbox 575 5462 788 5515; x_wconf 81' lang='lat' dir='ltr'><strong>beatam</strong></span> <span class='ocrx_word' id='word_1_700' title='bbox 817 5461 1041 5529; x_wconf 89' lang='lat' dir='ltr'><strong>patriam</strong></span> <span class='ocrx_word' id='word_1_701' title='bbox 1076 5461 1242 5516; x_wconf 89' lang='lat' dir='ltr'><strong>nostri</strong></span> <span class='ocrx_word' id='word_1_702' title='bbox 1270 5462 1444 5515; x_wconf 78' lang='lat' dir='ltr'><strong>Patris</strong></span> <span class='ocrx_word' id='word_1_703' title='bbox 1471 5470 1727 5514; x_wconf 85' lang='lat' dir='ltr'><strong>aeternam</strong></span> <span class='ocrx_word' id='word_1_704' title='bbox 1758 5503 1772 5527; x_wconf 92' lang='lat'><strong>,</strong></span> <span class='ocrx_word' id='word_1_705' title='bbox 1805 5470 1859 5514; x_wconf 87' lang='lat' dir='ltr'><strong>et</strong></span> 
     </span>
    </p>
   </div>
   <div class='ocr_carea' id='block_1_89' title="bbox 267 5550 1858 5620">
    <p class='ocr_par' dir='ltr' id='par_1_89' title="bbox 267 5550 1858 5620">
     <span class='ocr_line' id='line_1_89' title="bbox 267 5550 1858 5620; baseline -0.001 -16"><span class='ocrx_word' id='word_1_706' title='bbox 267 5550 455 5605; x_wconf 57' lang='lat' dir='ltr'><strong>salerni</strong></span> <span class='ocrx_word' id='word_1_707' title='bbox 486 5551 716 5605; x_wconf 87' lang='lat' dir='ltr'><strong>transire</strong></span> <span class='ocrx_word' id='word_1_708' title='bbox 748 5550 976 5605; x_wconf 83' lang='lat' dir='ltr'><strong>feliciter</strong></span> <span class='ocrx_word' id='word_1_709' title='bbox 1006 5551 1291 5620; x_wconf 89' lang='lat' dir='ltr'><strong>possimus,</strong></span> <span class='ocrx_word' id='word_1_710' title='bbox 1321 5550 1386 5605; x_wconf 89' lang='lat' dir='ltr'><strong>de</strong></span> <span class='ocrx_word' id='word_1_711' title='bbox 1417 5551 1768 5619; x_wconf 68' lang='lat' dir='ltr'><strong>prmsentibus</strong></span> <span class='ocrx_word' id='word_1_712' title='bbox 1790 5550 1858 5603; x_wconf 90' lang='lat' dir='ltr'><strong>ad</strong></span> 
     </span>
    </p>
   </div>
   <div class='ocr_carea' id='block_1_90' title="bbox 271 5638 1855 5706">
    <p class='ocr_par' dir='ltr' id='par_1_90' title="bbox 271 5638 1855 5706">
     <span class='ocr_line' id='line_1_90' title="bbox 271 5638 1855 5706; baseline 0 -15"><span class='ocrx_word' id='word_1_713' title='bbox 271 5638 543 5701; x_wconf 82' lang='lat' dir='ltr'><strong>absentia,</strong></span> <span class='ocrx_word' id='word_1_714' title='bbox 572 5639 640 5693; x_wconf 90' lang='lat' dir='ltr'><strong>de</strong></span> <span class='ocrx_word' id='word_1_715' title='bbox 665 5639 905 5693; x_wconf 65' lang='lat' dir='ltr'><strong>tristibus</strong></span> <span class='ocrx_word' id='word_1_716' title='bbox 934 5639 1000 5693; x_wconf 92' lang='lat' dir='ltr'><strong>ad</strong></span> <span class='ocrx_word' id='word_1_717' title='bbox 1027 5639 1167 5706; x_wconf 78' lang='lat' dir='ltr'><strong>heta,</strong></span> <span class='ocrx_word' id='word_1_718' title='bbox 1191 5639 1258 5693; x_wconf 89' lang='lat' dir='ltr'><strong>de</strong></span> <span class='ocrx_word' id='word_1_719' title='bbox 1290 5639 1508 5693; x_wconf 87' lang='lat' dir='ltr'><strong>caducis</strong></span> <span class='ocrx_word' id='word_1_720' title='bbox 1536 5638 1601 5691; x_wconf 90' lang='lat' dir='ltr'><strong>ad</strong></span> <span class='ocrx_word' id='word_1_721' title='bbox 1631 5647 1855 5701; x_wconf 68' lang='lat' dir='ltr'><strong>aeterna,</strong></span> 
     </span>
    </p>
   </div>
   <div class='ocr_carea' id='block_1_91' title="bbox 273 5727 1857 5801">
    <p class='ocr_par' dir='ltr' id='par_1_91' title="bbox 273 5727 1857 5801">
     <span class='ocr_line' id='line_1_91' title="bbox 273 5727 1857 5801; baseline 0.002 -17"><span class='ocrx_word' id='word_1_722' title='bbox 273 5727 347 5786; x_wconf 80' lang='lat' dir='ltr'><strong>dc</strong></span> <span class='ocrx_word' id='word_1_723' title='bbox 369 5732 597 5791; x_wconf 73' lang='lat' dir='ltr'><strong>terrenis</strong></span> <span class='ocrx_word' id='word_1_724' title='bbox 622 5732 689 5787; x_wconf 85' lang='lat' dir='ltr'><strong>ad</strong></span> <span class='ocrx_word' id='word_1_725' title='bbox 720 5731 979 5797; x_wconf 77' lang='lat' dir='ltr'><strong>etclcstia,</strong></span> <span class='ocrx_word' id='word_1_726' title='bbox 1014 5730 1082 5787; x_wconf 90' lang='lat' dir='ltr'><strong>dc</strong></span> <span class='ocrx_word' id='word_1_727' title='bbox 1113 5732 1331 5801; x_wconf 63' lang='lat' dir='ltr'><strong>regione</strong></span> <span class='ocrx_word' id='word_1_728' title='bbox 1369 5733 1555 5788; x_wconf 85' lang='lat' dir='ltr'><strong>mortis</strong></span> <span class='ocrx_word' id='word_1_729' title='bbox 1587 5731 1652 5787; x_wconf 91' lang='lat' dir='ltr'><strong>ad</strong></span> <span class='ocrx_word' id='word_1_730' title='bbox 1682 5732 1857 5801; x_wconf 82' lang='lat' dir='ltr'><strong>regio-</strong></span> 
     </span>
    </p>
   </div>
   <div class='ocr_carea' id='block_1_92' title="bbox 1979 3238 3555 3307">
    <p class='ocr_par' dir='ltr' id='par_1_92' title="bbox 1979 3238 3555 3307">
     <span class='ocr_line' id='line_1_92' title="bbox 1979 3238 3555 3307; baseline -0.002 -15"><span class='ocrx_word' id='word_1_731' title='bbox 1979 3240 2029 3292; x_wconf 92' lang='lat' dir='ltr'><strong>in</strong></span> <span class='ocrx_word' id='word_1_732' title='bbox 2059 3240 2375 3307; x_wconf 85' lang='lat' dir='ltr'><strong>gehennam,</strong></span> <span class='ocrx_word' id='word_1_733' title='bbox 2403 3238 2567 3293; x_wconf 88' lang='lat' dir='ltr'><strong>autin</strong></span> <span class='ocrx_word' id='word_1_734' title='bbox 2591 3239 2750 3292; x_wconf 90' lang='lat' dir='ltr'><strong>vitam</strong></span> <span class='ocrx_word' id='word_1_735' title='bbox 2774 3257 2785 3290; x_wconf 92' lang='lat'>:</span> <span class='ocrx_word' id='word_1_736' title='bbox 2815 3239 2881 3292; x_wconf 91' lang='lat' dir='ltr'><strong>de</strong></span> <span class='ocrx_word' id='word_1_737' title='bbox 2906 3247 3044 3292; x_wconf 89' lang='lat' dir='ltr'><strong>terra</strong></span> <span class='ocrx_word' id='word_1_738' title='bbox 3066 3239 3205 3293; x_wconf 89' lang='lat' dir='ltr'><strong>enim</strong></span> <span class='ocrx_word' id='word_1_739' title='bbox 3235 3247 3449 3293; x_wconf 87' lang='lat' dir='ltr'><strong>creatus</strong></span> <span class='ocrx_word' id='word_1_740' title='bbox 3475 3252 3555 3303; x_wconf 87' lang='lat' dir='ltr'><strong>es,</strong></span> 
     </span>
    </p>
   </div>
   <div class='ocr_carea' id='block_1_93' title="bbox 1979 3329 3556 3398">
    <p class='ocr_par' dir='ltr' id='par_1_93' title="bbox 1979 3329 3556 3398">
     <span class='ocr_line' id='line_1_93' title="bbox 1979 3329 3556 3398; baseline -0.001 -14"><span class='ocrx_word' id='word_1_741' title='bbox 1979 3340 2175 3385; x_wconf 89' lang='lat' dir='ltr'><strong>terram</strong></span> <span class='ocrx_word' id='word_1_742' title='bbox 2208 3332 2422 3393; x_wconf 88' lang='lat' dir='ltr'><strong>calcas,</strong></span> <span class='ocrx_word' id='word_1_743' title='bbox 2457 3331 2510 3384; x_wconf 91' lang='lat' dir='ltr'><strong>in</strong></span> <span class='ocrx_word' id='word_1_744' title='bbox 2554 3338 2747 3383; x_wconf 88' lang='lat' dir='ltr'><strong>terram</strong></span> <span class='ocrx_word' id='word_1_745' title='bbox 2784 3329 2915 3394; x_wconf 88' lang='lat' dir='ltr'><strong>ibis,</strong></span> <span class='ocrx_word' id='word_1_746' title='bbox 2963 3345 2992 3383; x_wconf 91' lang='lat' dir='ltr'><strong>a</strong></span> <span class='ocrx_word' id='word_1_747' title='bbox 3044 3339 3185 3383; x_wconf 68' lang='lat' dir='ltr'><strong>terra</strong></span> <span class='ocrx_word' id='word_1_748' title='bbox 3229 3343 3455 3398; x_wconf 89' lang='lat' dir='ltr'><strong>surges,</strong></span> <span class='ocrx_word' id='word_1_749' title='bbox 3504 3330 3556 3383; x_wconf 93' lang='lat' dir='ltr'><strong>in</strong></span> 
     </span>
    </p>
   </div>
   <div class='ocr_carea' id='block_1_94' title="bbox 1978 3423 3557 3491">
    <p class='ocr_par' dir='ltr' id='par_1_94' title="bbox 1978 3423 3557 3491">
     <span class='ocr_line' id='line_1_94' title="bbox 1978 3423 3557 3491; baseline 0 -16"><span class='ocrx_word' id='word_1_750' title='bbox 1978 3423 2099 3491; x_wconf 90' lang='lat' dir='ltr'><strong>igne</strong></span> <span class='ocrx_word' id='word_1_751' title='bbox 2128 3424 2464 3491; x_wconf 88' lang='lat' dir='ltr'><strong>probahcris,</strong></span> <span class='ocrx_word' id='word_1_752' title='bbox 2506 3423 2765 3490; x_wconf 87' lang='lat' dir='ltr'><strong>judicium</strong></span> <span class='ocrx_word' id='word_1_753' title='bbox 2795 3423 3154 3491; x_wconf 76' lang='lat' dir='ltr'><strong>exspectabis,</strong></span> <span class='ocrx_word' id='word_1_754' title='bbox 3180 3429 3439 3476; x_wconf 61' lang='lat' dir='ltr'><strong>aeternum</strong></span> <span class='ocrx_word' id='word_1_755' title='bbox 3462 3436 3557 3475; x_wconf 83' lang='lat' dir='ltr'><strong>au-</strong></span> 
     </span>
    </p>
   </div>
   <div class='ocr_carea' id='block_1_95' title="bbox 1979 3512 3553 3584">
    <p class='ocr_par' dir='ltr' id='par_1_95' title="bbox 1979 3512 3553 3584">
     <span class='ocr_line' id='line_1_95' title="bbox 1979 3512 3553 3584; baseline 0.001 -19"><span class='ocrx_word' id='word_1_756' title='bbox 1979 3523 2083 3566; x_wconf 86' lang='lat' dir='ltr'><strong>tem</strong></span> <span class='ocrx_word' id='word_1_757' title='bbox 2117 3521 2236 3582; x_wconf 87' lang='lat' dir='ltr'><strong>post</strong></span> <span class='ocrx_word' id='word_1_758' title='bbox 2268 3514 2379 3566; x_wconf 67' lang='lat' dir='ltr'><strong>haec</strong></span> <span class='ocrx_word' id='word_1_759' title='bbox 2427 3512 2743 3582; x_wconf 75' lang='lat' dir='ltr'><strong>supplicium</strong></span> <span class='ocrx_word' id='word_1_760' title='bbox 2797 3524 2889 3566; x_wconf 91' lang='lat' dir='ltr'><strong>aut</strong></span> <span class='ocrx_word' id='word_1_761' title='bbox 2938 3528 3161 3581; x_wconf 81' lang='lat' dir='ltr'><strong>regnum</strong></span> <span class='ocrx_word' id='word_1_762' title='bbox 3205 3514 3553 3584; x_wconf 88' lang='lat' dir='ltr'><strong>possidebis;</strong></span> 
     </span>
    </p>
   </div>
   <div class='ocr_carea' id='block_1_96' title="bbox 1975 3604 3554 3675">
    <p class='ocr_par' dir='ltr' id='par_1_96' title="bbox 1975 3604 3554 3675">
     <span class='ocr_line' id='line_1_96' title="bbox 1975 3604 3554 3675; baseline -0.001 -17"><span class='ocrx_word' id='word_1_763' title='bbox 1975 3606 2096 3672; x_wconf 83' lang='lat' dir='ltr'><strong>quia</strong></span> <span class='ocrx_word' id='word_1_764' title='bbox 2136 3606 2243 3659; x_wconf 61' lang='lat' dir='ltr'><strong>illic</strong></span> <span class='ocrx_word' id='word_1_765' title='bbox 2280 3616 2473 3675; x_wconf 64' lang='lat' dir='ltr'><strong>oportet</strong></span> <span class='ocrx_word' id='word_1_766' title='bbox 2506 3622 2621 3671; x_wconf 89' lang='lat' dir='ltr'><strong>nos,</strong></span> <span class='ocrx_word' id='word_1_767' title='bbox 2673 3613 2731 3657; x_wconf 93' lang='lat' dir='ltr'><strong>ut</strong></span> <span class='ocrx_word' id='word_1_768' title='bbox 2761 3604 2836 3657; x_wconf 89' lang='lat' dir='ltr'><strong>ait</strong></span> <span class='ocrx_word' id='word_1_769' title='bbox 2866 3604 3154 3673; x_wconf 77' lang='lat' dir='ltr'><strong>Apostolus</strong></span> <span class='ocrx_word' id='word_1_770' title='bbox 3179 3644 3194 3667; x_wconf 91' lang='lat'><strong>,</strong></span> <span class='ocrx_word' id='word_1_771' title='bbox 3226 3604 3554 3674; x_wconf 82' lang='lat' dir='ltr'><strong>manifestari</strong></span> 
     </span>
    </p>
   </div>
   <div class='ocr_carea' id='block_1_97' title="bbox 1976 3688 3552 3765">
    <p class='ocr_par' dir='ltr' id='par_1_97' title="bbox 1976 3688 3552 3765">
     <span class='ocr_line' id='line_1_97' title="bbox 1976 3688 3552 3765; baseline 0 -18"><span class='ocrx_word' id='word_1_772' title='bbox 1976 3688 2093 3748; x_wconf 84' lang='lat' dir='ltr'><strong>ante</strong></span> <span class='ocrx_word' id='word_1_773' title='bbox 2132 3695 2355 3748; x_wconf 85' lang='lat' dir='ltr'><strong>tribunal</strong></span> <span class='ocrx_word' id='word_1_774' title='bbox 2403 3693 2621 3758; x_wconf 82' lang='lat' dir='ltr'><strong>Christi,</strong></span> <span class='ocrx_word' id='word_1_775' title='bbox 2652 3702 2706 3747; x_wconf 79' lang='lat' dir='ltr'><strong>ut</strong></span> <span class='ocrx_word' id='word_1_776' title='bbox 2736 3696 2925 3765; x_wconf 79' lang='lat' dir='ltr'><strong>referat</strong></span> <span class='ocrx_word' id='word_1_777' title='bbox 2955 3694 3298 3764; x_wconf 84' lang='lat' dir='ltr'><strong>unusquisque</strong></span> <span class='ocrx_word' id='word_1_778' title='bbox 3339 3696 3552 3762; x_wconf 82' lang='lat' dir='ltr'><strong>propria</strong></span> 
     </span>
    </p>
   </div>
   <div class='ocr_carea' id='block_1_98' title="bbox 1975 3784 3547 3857">
    <p class='ocr_par' dir='ltr' id='par_1_98' title="bbox 1975 3784 3547 3857">
     <span class='ocr_line' id='line_1_98' title="bbox 1975 3784 3547 3857; baseline -0.001 -16"><span class='ocrx_word' id='word_1_779' title='bbox 1975 3788 2207 3857; x_wconf 83' lang='lat' dir='ltr'><strong>corporis</strong></span> <span class='ocrx_word' id='word_1_780' title='bbox 2253 3788 2351 3852; x_wconf 90' lang='lat' dir='ltr'><strong>sui,</strong></span> <span class='ocrx_word' id='word_1_781' title='bbox 2391 3794 2539 3855; x_wconf 83' lang='lat' dir='ltr'><strong>prout</strong></span> <span class='ocrx_word' id='word_1_782' title='bbox 2567 3786 2758 3856; x_wconf 72' lang='lat' dir='ltr'><strong>gssit,</strong></span> <span class='ocrx_word' id='word_1_783' title='bbox 2805 3787 2908 3839; x_wconf 80' lang='lat' dir='ltr'><strong>sive</strong></span> <span class='ocrx_word' id='word_1_784' title='bbox 2958 3784 3176 3850; x_wconf 88' lang='lat' dir='ltr'><strong>bonum,</strong></span> <span class='ocrx_word' id='word_1_785' title='bbox 3210 3785 3313 3838; x_wconf 81' lang='lat' dir='ltr'><strong>sive</strong></span> <span class='ocrx_word' id='word_1_786' title='bbox 3354 3788 3547 3839; x_wconf 87' lang='lat' dir='ltr'><strong>malum</strong></span> 
     </span>
    </p>
   </div>
   <div class='ocr_carea' id='block_1_99' title="bbox 1977 3874 3554 3952">
    <p class='ocr_par' dir='ltr' id='par_1_99' title="bbox 1977 3874 3554 3952">
     <span class='ocr_line' id='line_1_99' title="bbox 1977 3874 3554 3952; baseline -0.001 -19"><span class='ocrx_word' id='word_1_787' title='bbox 1977 3880 2071 3952; x_wconf 91' lang='lat' dir='ltr'><strong>(Il</strong></span> <span class='ocrx_word' id='word_1_788' title='bbox 2104 3880 2221 3934; x_wconf 88' lang='lat' dir='ltr'><strong>Cor.</strong></span> <span class='ocrx_word' id='word_1_789' title='bbox 2250 3896 2299 3944; x_wconf 89' lang='lat' dir='ltr'><strong>v,</strong></span> <span class='ocrx_word' id='word_1_790' title='bbox 2338 3878 2451 3948; x_wconf 88' lang='lat' dir='ltr'><strong>l0);</strong></span> <span class='ocrx_word' id='word_1_791' title='bbox 2484 3894 2643 3947; x_wconf 88' lang='lat' dir='ltr'><strong>quam</strong></span> <span class='ocrx_word' id='word_1_792' title='bbox 2692 3893 2805 3932; x_wconf 90' lang='lat' dir='ltr'><strong>rem</strong></span> <span class='ocrx_word' id='word_1_793' title='bbox 2834 3878 2994 3931; x_wconf 66' lang='lat' dir='ltr'><strong>etiam</strong></span> <span class='ocrx_word' id='word_1_794' title='bbox 3027 3877 3281 3931; x_wconf 88' lang='lat' dir='ltr'><strong>Dominus</strong></span> <span class='ocrx_word' id='word_1_795' title='bbox 3303 3876 3354 3930; x_wconf 92' lang='lat' dir='ltr'><strong>in</strong></span> <span class='ocrx_word' id='word_1_796' title='bbox 3384 3874 3554 3931; x_wconf 85' lang='lat' dir='ltr'><strong>Evan-</strong></span> 
     </span>
    </p>
   </div>
   <div class='ocr_carea' id='block_1_100' title="bbox 1973 3968 3553 4041">
    <p class='ocr_par' dir='ltr' id='par_1_100' title="bbox 1973 3968 3553 4041">
     <span class='ocr_line' id='line_1_100' title="bbox 1973 3968 3553 4041; baseline -0.003 -17"><span class='ocrx_word' id='word_1_797' title='bbox 1973 3972 2114 4041; x_wconf 87' lang='lat' dir='ltr'><strong>gelio</strong></span> <span class='ocrx_word' id='word_1_798' title='bbox 2170 3971 2500 4025; x_wconf 85' lang='lat' dir='ltr'><strong>denuntiat:</strong></span> <span class='ocrx_word' id='word_1_799' title='bbox 2554 3968 2723 4023; x_wconf 83' lang='lat' dir='ltr'><strong>Filius</strong></span> <span class='ocrx_word' id='word_1_800' title='bbox 2792 3970 3009 4022; x_wconf 81' lang='lat' dir='ltr'><strong>hominis</strong></span> <span class='ocrx_word' id='word_1_801' title='bbox 3082 3981 3320 4023; x_wconf 77' lang='lat' dir='ltr'><strong>renturus</strong></span> <span class='ocrx_word' id='word_1_802' title='bbox 3372 3978 3447 4021; x_wconf 87' lang='lat' dir='ltr'><strong>est</strong></span> <span class='ocrx_word' id='word_1_803' title='bbox 3498 3969 3553 4021; x_wconf 86' lang='lat' dir='ltr'><strong>iu</strong></span> 
     </span>
    </p>
   </div>
   <div class='ocr_carea' id='block_1_101' title="bbox 1974 4056 3554 4133">
    <p class='ocr_par' dir='ltr' id='par_1_101' title="bbox 1974 4056 3554 4133">
     <span class='ocr_line' id='line_1_101' title="bbox 1974 4056 3554 4133; baseline -0.003 -19"><span class='ocrx_word' id='word_1_804' title='bbox 1974 4064 2139 4133; x_wconf 84' lang='lat' dir='ltr'><strong>gloria</strong></span> <span class='ocrx_word' id='word_1_805' title='bbox 2176 4056 2269 4114; x_wconf 72' lang='lat' dir='ltr'><strong>sua</strong></span> <span class='ocrx_word' id='word_1_806' title='bbox 2303 4102 2316 4125; x_wconf 92' lang='lat'><strong>,</strong></span> <span class='ocrx_word' id='word_1_807' title='bbox 2346 4070 2394 4113; x_wconf 87' lang='lat' dir='ltr'><strong>et</strong></span> <span class='ocrx_word' id='word_1_808' title='bbox 2426 4071 2539 4113; x_wconf 86' lang='lat' dir='ltr'><strong>tunc</strong></span> <span class='ocrx_word' id='word_1_809' title='bbox 2587 4060 2764 4113; x_wconf 78' lang='lat' dir='ltr'><strong>reddet</strong></span> <span class='ocrx_word' id='word_1_810' title='bbox 2793 4060 3062 4129; x_wconf 86' lang='lat' dir='ltr'><strong>unicuique</strong></span> <span class='ocrx_word' id='word_1_811' title='bbox 3091 4059 3369 4111; x_wconf 84' lang='lat' dir='ltr'><strong>secundum</strong></span> <span class='ocrx_word' id='word_1_812' title='bbox 3398 4073 3554 4127; x_wconf 80' lang='lat' dir='ltr'><strong>Opera</strong></span> 
     </span>
    </p>
   </div>
   <div class='ocr_carea' id='block_1_102' title="bbox 1974 4150 3549 4219">
    <p class='ocr_par' dir='ltr' id='par_1_102' title="bbox 1974 4150 3549 4219">
     <span class='ocr_line' id='line_1_102' title="bbox 1974 4150 3549 4219; baseline -0.004 -13"><span class='ocrx_word' id='word_1_813' title='bbox 1974 4170 2067 4206; x_wconf 83' lang='lat' dir='ltr'><strong>sua</strong></span> <span class='ocrx_word' id='word_1_814' title='bbox 2099 4151 2309 4218; x_wconf 77' lang='lat' dir='ltr'><strong>(Matth.</strong></span> <span class='ocrx_word' id='word_1_815' title='bbox 2342 4169 2459 4216; x_wconf 77' lang='lat' dir='ltr'><strong>xw,</strong></span> <span class='ocrx_word' id='word_1_816' title='bbox 2489 4150 2601 4219; x_wconf 71' lang='lat'><strong>27).</strong></span> <span class='ocrx_word' id='word_1_817' title='bbox 2629 4150 2999 4219; x_wconf 79' lang='lat' dir='ltr'><strong>Expavescite,</strong></span> <span class='ocrx_word' id='word_1_818' title='bbox 3025 4164 3241 4218; x_wconf 65' lang='lat' dir='ltr'><strong>quieso,</strong></span> <span class='ocrx_word' id='word_1_819' title='bbox 3287 4150 3549 4202; x_wconf 88' lang='lat' dir='ltr'><strong>dictorum</strong></span> 
     </span>
    </p>
   </div>
   <div class='ocr_carea' id='block_1_103' title="bbox 1974 4242 3551 4313">
    <p class='ocr_par' dir='ltr' id='par_1_103' title="bbox 1974 4242 3551 4313">
     <span class='ocr_line' id='line_1_103' title="bbox 1974 4242 3551 4313; baseline -0.005 -15"><span class='ocrx_word' id='word_1_820' title='bbox 1974 4243 2205 4313; x_wconf 89' lang='lat' dir='ltr'><strong>pondus,</strong></span> <span class='ocrx_word' id='word_1_821' title='bbox 2236 4250 2289 4295; x_wconf 93' lang='lat' dir='ltr'><strong>et</strong></span> <span class='ocrx_word' id='word_1_822' title='bbox 2317 4258 2437 4295; x_wconf 89' lang='lat' dir='ltr'><strong>cum</strong></span> <span class='ocrx_word' id='word_1_823' title='bbox 2470 4242 2662 4294; x_wconf 89' lang='lat' dir='ltr'><strong>timore</strong></span> <span class='ocrx_word' id='word_1_824' title='bbox 2705 4250 2759 4294; x_wconf 87' lang='lat' dir='ltr'><strong>et</strong></span> <span class='ocrx_word' id='word_1_825' title='bbox 2805 4250 3036 4293; x_wconf 83' lang='lat' dir='ltr'><strong>tremore</strong></span> <span class='ocrx_word' id='word_1_826' title='bbox 3061 4246 3307 4307; x_wconf 69' lang='lat' dir='ltr'><strong>suSpeeta</strong></span> <span class='ocrx_word' id='word_1_827' title='bbox 3336 4252 3551 4306; x_wconf 82' lang='lat' dir='ltr'><strong>semper</strong></span> 
     </span>
    </p>
   </div>
   <div class='ocr_carea' id='block_1_104' title="bbox 1974 4330 3552 4399">
    <p class='ocr_par' dir='ltr' id='par_1_104' title="bbox 1974 4330 3552 4399">
     <span class='ocr_line' id='line_1_104' title="bbox 1974 4330 3552 4399; baseline -0.003 -11"><span class='ocrx_word' id='word_1_828' title='bbox 1974 4343 2153 4389; x_wconf 89' lang='lat' dir='ltr'><strong>mente</strong></span> <span class='ocrx_word' id='word_1_829' title='bbox 2186 4334 2330 4387; x_wconf 90' lang='lat' dir='ltr'><strong>illum</strong></span> <span class='ocrx_word' id='word_1_830' title='bbox 2366 4334 2699 4387; x_wconf 80' lang='lat' dir='ltr'><strong>tremendum</strong></span> <span class='ocrx_word' id='word_1_831' title='bbox 2728 4332 2889 4384; x_wconf 84' lang='lat' dir='ltr'><strong>divini</strong></span> <span class='ocrx_word' id='word_1_832' title='bbox 2934 4331 3113 4399; x_wconf 90' lang='lat' dir='ltr'><strong>judicii</strong></span> <span class='ocrx_word' id='word_1_833' title='bbox 3146 4330 3432 4385; x_wconf 84' lang='lat' dir='ltr'><strong>adventum</strong></span> <span class='ocrx_word' id='word_1_834' title='bbox 3475 4333 3552 4385; x_wconf 88' lang='lat' dir='ltr'><strong>iu-</strong></span> 
     </span>
    </p>
   </div>
   <div class='ocr_carea' id='block_1_105' title="bbox 1974 4425 3549 4494">
    <p class='ocr_par' dir='ltr' id='par_1_105' title="bbox 1974 4425 3549 4494">
     <span class='ocr_line' id='line_1_105' title="bbox 1974 4425 3549 4494; baseline 0.001 -13"><span class='ocrx_word' id='word_1_835' title='bbox 1974 4430 2278 4483; x_wconf 86' lang='lat' dir='ltr'><strong>dcsinentcr</strong></span> <span class='ocrx_word' id='word_1_836' title='bbox 2324 4428 2557 4494; x_wconf 86' lang='lat' dir='ltr'><strong>cogitate</strong></span> <span class='ocrx_word' id='word_1_837' title='bbox 2581 4468 2594 4489; x_wconf 88' lang='lat'><strong>,</strong></span> <span class='ocrx_word' id='word_1_838' title='bbox 2652 4428 2739 4479; x_wconf 91' lang='lat' dir='ltr'><strong>ubi</strong></span> <span class='ocrx_word' id='word_1_839' title='bbox 2770 4434 2895 4479; x_wconf 87' lang='lat' dir='ltr'><strong>ante</strong></span> <span class='ocrx_word' id='word_1_840' title='bbox 2926 4425 3053 4478; x_wconf 78' lang='lat' dir='ltr'><strong>illud</strong></span> <span class='ocrx_word' id='word_1_841' title='bbox 3092 4426 3323 4480; x_wconf 85' lang='lat' dir='ltr'><strong>tribunal</strong></span> <span class='ocrx_word' id='word_1_842' title='bbox 3350 4425 3549 4483; x_wconf 83' lang='lat' dir='ltr'><strong>Christi</strong></span> 
     </span>
    </p>
   </div>
   <div class='ocr_carea' id='block_1_106' title="bbox 2186 4518 3550 4587">
    <p class='ocr_par' dir='ltr' id='par_1_106' title="bbox 2186 4518 3550 4587">
     <span class='ocr_line' id='line_1_106' title="bbox 2186 4518 3550 4587; baseline -0.001 -15"><span class='ocrx_word' id='word_1_843' title='bbox 2186 4519 2509 4579; x_wconf 82' lang='lat' dir='ltr'><strong>horrificum,</strong></span> <span class='ocrx_word' id='word_1_844' title='bbox 2542 4518 2940 4586; x_wconf 85' lang='lat' dir='ltr'><strong>uniuscujusque</strong></span> <span class='ocrx_word' id='word_1_845' title='bbox 2955 4534 3083 4579; x_wconf 64' lang='lat' dir='ltr'><strong>onus</strong></span> <span class='ocrx_word' id='word_1_846' title='bbox 3112 4518 3261 4587; x_wconf 79' lang='lat' dir='ltr'><strong>quale</strong></span> <span class='ocrx_word' id='word_1_847' title='bbox 3290 4520 3388 4579; x_wconf 84' lang='lat' dir='ltr'><strong>sit,</strong></span> <span class='ocrx_word' id='word_1_848' title='bbox 3416 4520 3550 4587; x_wconf 80' lang='lat' dir='ltr'><strong>ignis</strong></span> 
     </span>
    </p>
   </div>
   <div class='ocr_carea' id='block_1_107' title="bbox 1968 4607 3550 4681">
    <p class='ocr_par' dir='ltr' id='par_1_107' title="bbox 1968 4607 3550 4681">
     <span class='ocr_line' id='line_1_107' title="bbox 1968 4607 3550 4681; baseline -0.002 -17"><span class='ocrx_word' id='word_1_849' title='bbox 1968 4610 2221 4681; x_wconf 80' lang='lat' dir='ltr'><strong>probabit,</strong></span> <span class='ocrx_word' id='word_1_850' title='bbox 2254 4619 2302 4661; x_wconf 90' lang='lat' dir='ltr'><strong>et</strong></span> <span class='ocrx_word' id='word_1_851' title='bbox 2332 4609 2541 4677; x_wconf 78' lang='lat' dir='ltr'><strong>propria</strong></span> <span class='ocrx_word' id='word_1_852' title='bbox 2589 4607 2985 4676; x_wconf 76' lang='lat' dir='ltr'><strong>uniuscujusque</strong></span> <span class='ocrx_word' id='word_1_853' title='bbox 3022 4610 3250 4677; x_wconf 57' lang='lat' dir='ltr'><strong>carparis</strong></span> <span class='ocrx_word' id='word_1_854' title='bbox 3274 4648 3288 4668; x_wconf 88' lang='lat'><strong>.</strong></span> <span class='ocrx_word' id='word_1_855' title='bbox 3340 4610 3441 4661; x_wconf 76' lang='lat' dir='ltr'><strong>sive</strong></span> <span class='ocrx_word' id='word_1_856' title='bbox 3471 4608 3550 4661; x_wconf 77' lang='lat' dir='ltr'><strong>bo-</strong></span> 
     </span>
    </p>
   </div>
   <div class='ocr_carea' id='block_1_108' title="bbox 1968 4701 3549 4769">
    <p class='ocr_par' dir='ltr' id='par_1_108' title="bbox 1968 4701 3549 4769">
     <span class='ocr_line' id='line_1_108' title="bbox 1968 4701 3549 4769; baseline -0.001 -13"><span class='ocrx_word' id='word_1_857' title='bbox 1968 4720 2122 4769; x_wconf 86' lang='lat' dir='ltr'><strong>num,</strong></span> <span class='ocrx_word' id='word_1_858' title='bbox 2148 4704 2249 4755; x_wconf 57' lang='lat' dir='ltr'><strong>sive</strong></span> <span class='ocrx_word' id='word_1_859' title='bbox 2293 4702 2502 4763; x_wconf 72' lang='lat' dir='ltr'><strong>rnatum,</strong></span> <span class='ocrx_word' id='word_1_860' title='bbox 2547 4701 2758 4769; x_wconf 85' lang='lat' dir='ltr'><strong>quisque</strong></span> <span class='ocrx_word' id='word_1_861' title='bbox 2802 4708 2854 4750; x_wconf 87' lang='lat' dir='ltr'><strong>ut</strong></span> <span class='ocrx_word' id='word_1_862' title='bbox 2884 4702 3039 4769; x_wconf 83' lang='lat' dir='ltr'><strong>gessit</strong></span> <span class='ocrx_word' id='word_1_863' title='bbox 3086 4702 3309 4769; x_wconf 75' lang='lat' dir='ltr'><strong>referet;</strong></span> <span class='ocrx_word' id='word_1_864' title='bbox 3356 4709 3411 4754; x_wconf 74' lang='lat' dir='ltr'><strong>et</strong></span> <span class='ocrx_word' id='word_1_865' title='bbox 3460 4701 3549 4754; x_wconf 89' lang='lat' dir='ltr'><strong>ubi</strong></span> 
     </span>
    </p>
   </div>
   <div class='ocr_carea' id='block_1_109' title="bbox 1968 4792 3549 4863">
    <p class='ocr_par' dir='ltr' id='par_1_109' title="bbox 1968 4792 3549 4863">
     <span class='ocr_line' id='line_1_109' title="bbox 1968 4792 3549 4863; baseline -0.003 -15"><span class='ocrx_word' id='word_1_866' title='bbox 1968 4795 2139 4848; x_wconf 67' lang='lat' dir='ltr'><strong>Filius</strong></span> <span class='ocrx_word' id='word_1_867' title='bbox 2170 4795 2391 4847; x_wconf 64' lang='lat' dir='ltr'><strong>luminis</strong></span> <span class='ocrx_word' id='word_1_868' title='bbox 2420 4793 2624 4846; x_wconf 74' lang='lat' dir='ltr'><strong>veniens</strong></span> <span class='ocrx_word' id='word_1_869' title='bbox 2656 4792 2927 4861; x_wconf 86' lang='lat' dir='ltr'><strong>unicuique</strong></span> <span class='ocrx_word' id='word_1_870' title='bbox 2966 4794 3243 4845; x_wconf 81' lang='lat' dir='ltr'><strong>secundum</strong></span> <span class='ocrx_word' id='word_1_871' title='bbox 3270 4808 3425 4863; x_wconf 84' lang='lat' dir='ltr'><strong>opera</strong></span> <span class='ocrx_word' id='word_1_872' title='bbox 3456 4808 3549 4845; x_wconf 81' lang='lat' dir='ltr'><strong>sua</strong></span> 
     </span>
    </p>
   </div>
   <div class='ocr_carea' id='block_1_110' title="bbox 1968 4888 2167 4942">
    <p class='ocr_par' dir='ltr' id='par_1_110' title="bbox 1968 4888 2167 4942">
     <span class='ocr_line' id='line_1_110' title="bbox 1968 4888 2167 4942; baseline -0.015 -1"><span class='ocrx_word' id='word_1_873' title='bbox 1968 4888 2167 4942; x_wconf 77' lang='lat' dir='ltr'><strong>reddet.</strong></span> 
     </span>
    </p>
   </div>
   <div class='ocr_carea' id='block_1_111' title="bbox 2036 4994 3544 5063">
    <p class='ocr_par' dir='ltr' id='par_1_111' title="bbox 2036 4994 3544 5063">
     <span class='ocr_line' id='line_1_111' title="bbox 2036 4994 3544 5063; baseline -0.005 -10"><span class='ocrx_word' id='word_1_874' title='bbox 2036 5000 2099 5053; x_wconf 94' lang='lat' dir='ltr'><strong>ll.</strong></span> <span class='ocrx_word' id='word_1_875' title='bbox 2133 4998 2268 5053; x_wconf 67' lang='lat' dir='ltr'><strong>Satin</strong></span> <span class='ocrx_word' id='word_1_876' title='bbox 2294 4996 2569 5051; x_wconf 86' lang='lat' dir='ltr'><strong>tremenda</strong></span> <span class='ocrx_word' id='word_1_877' title='bbox 2596 4996 2859 5049; x_wconf 86' lang='lat' dir='ltr'><strong>sententia</strong></span> <span class='ocrx_word' id='word_1_878' title='bbox 2892 5004 2967 5048; x_wconf 87' lang='lat' dir='ltr'><strong>est</strong></span> <span class='ocrx_word' id='word_1_879' title='bbox 2993 5037 3007 5061; x_wconf 89' lang='lat'><strong>,</strong></span> <span class='ocrx_word' id='word_1_880' title='bbox 3042 4995 3262 5057; x_wconf 86' lang='lat' dir='ltr'><strong>fratres,</strong></span> <span class='ocrx_word' id='word_1_881' title='bbox 3287 4994 3409 5063; x_wconf 90' lang='lat' dir='ltr'><strong>quia</strong></span> <span class='ocrx_word' id='word_1_882' title='bbox 3440 5007 3544 5046; x_wconf 89' lang='lat' dir='ltr'><strong>non</strong></span> 
     </span>
    </p>
   </div>
   <div class='ocr_carea' id='block_1_112' title="bbox 1966 5084 3543 5157">
    <p class='ocr_par' dir='ltr' id='par_1_112' title="bbox 1966 5084 3543 5157">
     <span class='ocr_line' id='line_1_112' title="bbox 1966 5084 3543 5157; baseline -0.004 -13"><span class='ocrx_word' id='word_1_883' title='bbox 1966 5090 2096 5144; x_wconf 81' lang='lat' dir='ltr'><strong>dixit</strong></span> <span class='ocrx_word' id='word_1_884' title='bbox 2124 5132 2137 5157; x_wconf 95' lang='lat'><strong>,</strong></span> <span class='ocrx_word' id='word_1_885' title='bbox 2180 5089 2456 5143; x_wconf 80' lang='lat' dir='ltr'><strong>secundum</strong></span> <span class='ocrx_word' id='word_1_886' title='bbox 2499 5088 2906 5141; x_wconf 83' lang='lat' dir='ltr'><strong>misericordiam</strong></span> <span class='ocrx_word' id='word_1_887' title='bbox 2934 5103 3073 5138; x_wconf 86' lang='lat' dir='ltr'><strong>suam</strong></span> <span class='ocrx_word' id='word_1_888' title='bbox 3098 5126 3112 5151; x_wconf 91' lang='lat'><strong>,</strong></span> <span class='ocrx_word' id='word_1_889' title='bbox 3142 5085 3235 5139; x_wconf 81' lang='lat' dir='ltr'><strong>sed</strong></span> <span class='ocrx_word' id='word_1_890' title='bbox 3265 5084 3543 5137; x_wconf 82' lang='lat' dir='ltr'><strong>sccouum</strong></span> 
     </span>
    </p>
   </div>
   <div class='ocr_carea' id='block_1_113' title="bbox 1965 5176 3543 5251">
    <p class='ocr_par' dir='ltr' id='par_1_113' title="bbox 1965 5176 3543 5251">
     <span class='ocr_line' id='line_1_113' title="bbox 1965 5176 3543 5251; baseline -0.006 -15"><span class='ocrx_word' id='word_1_891' title='bbox 1965 5200 2119 5251; x_wconf 79' lang='lat' dir='ltr'><strong>opera</strong></span> <span class='ocrx_word' id='word_1_892' title='bbox 2148 5199 2243 5235; x_wconf 86' lang='lat' dir='ltr'><strong>sua</strong></span> <span class='ocrx_word' id='word_1_893' title='bbox 2287 5182 2555 5250; x_wconf 83' lang='lat' dir='ltr'><strong>unicuique</strong></span> <span class='ocrx_word' id='word_1_894' title='bbox 2600 5181 2818 5231; x_wconf 79' lang='lat' dir='ltr'><strong>reddet:</strong></span> <span class='ocrx_word' id='word_1_895' title='bbox 2868 5178 2953 5230; x_wconf 82' lang='lat' dir='ltr'><strong>hic</strong></span> <span class='ocrx_word' id='word_1_896' title='bbox 2995 5180 3139 5230; x_wconf 87' lang='lat' dir='ltr'><strong>enim</strong></span> <span class='ocrx_word' id='word_1_897' title='bbox 3195 5176 3498 5230; x_wconf 81' lang='lat' dir='ltr'><strong>misericors</strong></span> <span class='ocrx_word' id='word_1_898' title='bbox 3527 5217 3543 5243; x_wconf 91' lang='lat'><strong>,</strong></span> 
     </span>
    </p>
   </div>
   <div class='ocr_carea' id='block_1_114' title="bbox 1966 5264 3543 5341">
    <p class='ocr_par' dir='ltr' id='par_1_114' title="bbox 1966 5264 3543 5341">
     <span class='ocr_line' id='line_1_114' title="bbox 1966 5264 3543 5341; baseline -0.005 -14"><span class='ocrx_word' id='word_1_899' title='bbox 1966 5275 2070 5327; x_wconf 78' lang='lat' dir='ltr'><strong>illic</strong></span> <span class='ocrx_word' id='word_1_900' title='bbox 2092 5274 2266 5341; x_wconf 78' lang='lat' dir='ltr'><strong>justus</strong></span> <span class='ocrx_word' id='word_1_901' title='bbox 2291 5272 2472 5339; x_wconf 73' lang='lat' dir='ltr'><strong>judux.</strong></span> <span class='ocrx_word' id='word_1_902' title='bbox 2524 5271 2723 5325; x_wconf 74' lang='lat' dir='ltr'><strong>idcirco</strong></span> <span class='ocrx_word' id='word_1_903' title='bbox 2754 5270 3044 5323; x_wconf 82' lang='lat' dir='ltr'><strong>timendum</strong></span> <span class='ocrx_word' id='word_1_904' title='bbox 3076 5277 3188 5336; x_wconf 90' lang='lat' dir='ltr'><strong>est,</strong></span> <span class='ocrx_word' id='word_1_905' title='bbox 3212 5264 3543 5321; x_wconf 85' lang='lat' dir='ltr'><strong>tremendum</strong></span> 
     </span>
    </p>
   </div>
   <div class='ocr_carea' id='block_1_115' title="bbox 1966 5356 3539 5430">
    <p class='ocr_par' dir='ltr' id='par_1_115' title="bbox 1966 5356 3539 5430">
     <span class='ocr_line' id='line_1_115' title="bbox 1966 5356 3539 5430; baseline -0.004 -13"><span class='ocrx_word' id='word_1_906' title='bbox 1966 5364 2117 5417; x_wconf 68' lang='lat' dir='ltr'><strong>nobis</strong></span> <span class='ocrx_word' id='word_1_907' title='bbox 2172 5372 2253 5416; x_wconf 86' lang='lat' dir='ltr'><strong>et</strong></span> <span class='ocrx_word' id='word_1_908' title='bbox 2312 5365 2554 5427; x_wconf 87' lang='lat' dir='ltr'><strong>mu&#39;tum,</strong></span> <span class='ocrx_word' id='word_1_909' title='bbox 2612 5361 2699 5430; x_wconf 88' lang='lat' dir='ltr'><strong>qui</strong></span> <span class='ocrx_word' id='word_1_910' title='bbox 2750 5360 2863 5413; x_wconf 76' lang='lat' dir='ltr'><strong>lucc</strong></span> <span class='ocrx_word' id='word_1_911' title='bbox 2921 5359 3146 5426; x_wconf 85' lang='lat' dir='ltr'><strong>legimus</strong></span> <span class='ocrx_word' id='word_1_912' title='bbox 3196 5367 3250 5411; x_wconf 88' lang='lat' dir='ltr'><strong>et</strong></span> <span class='ocrx_word' id='word_1_913' title='bbox 3278 5356 3539 5421; x_wconf 80' lang='lat' dir='ltr'><strong>audimus,</strong></span> 
     </span>
    </p>
   </div>
   <div class='ocr_carea' id='block_1_116' title="bbox 1964 5448 3506 5524">
    <p class='ocr_par' dir='ltr' id='par_1_116' title="bbox 1964 5448 3506 5524">
     <span class='ocr_line' id='line_1_116' title="bbox 1964 5448 3506 5524; baseline -0.006 -13"><span class='ocrx_word' id='word_1_914' title='bbox 1964 5456 2294 5519; x_wconf 77' lang='lat' dir='ltr'><strong>charissimi,</strong></span> <span class='ocrx_word' id='word_1_915' title='bbox 2346 5453 2556 5524; x_wconf 89' lang='lat' dir='ltr'><strong>quando</strong></span> <span class='ocrx_word' id='word_1_916' title='bbox 2606 5452 2716 5506; x_wconf 92' lang='lat' dir='ltr'><strong>Deo</strong></span> <span class='ocrx_word' id='word_1_917' title='bbox 2761 5450 3087 5520; x_wconf 80' lang='lat' dir='ltr'><strong>praedicante</strong></span> <span class='ocrx_word' id='word_1_918' title='bbox 3132 5448 3506 5515; x_wconf 81' lang='lat' dir='ltr'><strong>cognoscimus</strong></span> 
     </span>
    </p>
   </div>
   <div class='ocr_carea' id='block_1_117' title="bbox 1960 5538 3543 5614">
    <p class='ocr_par' dir='ltr' id='par_1_117' title="bbox 1960 5538 3543 5614">
     <span class='ocr_line' id='line_1_117' title="bbox 1960 5538 3543 5614; baseline -0.004 -15"><span class='ocrx_word' id='word_1_919' title='bbox 1960 5546 2110 5614; x_wconf 74' lang='lat' dir='ltr'><strong>juxta</strong></span> <span class='ocrx_word' id='word_1_920' title='bbox 2160 5561 2323 5614; x_wconf 84' lang='lat' dir='ltr'><strong>opera</strong></span> <span class='ocrx_word' id='word_1_921' title='bbox 2373 5559 2465 5598; x_wconf 85' lang='lat' dir='ltr'><strong>sua</strong></span> <span class='ocrx_word' id='word_1_922' title='bbox 2514 5542 2796 5610; x_wconf 89' lang='lat' dir='ltr'><strong>unicuique</strong></span> <span class='ocrx_word' id='word_1_923' title='bbox 2848 5538 3177 5592; x_wconf 85' lang='lat' dir='ltr'><strong>reddendum</strong></span> <span class='ocrx_word' id='word_1_924' title='bbox 3219 5554 3359 5594; x_wconf 88' lang='lat' dir='ltr'><strong>esse.</strong></span> <span class='ocrx_word' id='word_1_925' title='bbox 3405 5540 3543 5607; x_wconf 84' lang='lat' dir='ltr'><strong>Quid</strong></span> 
     </span>
    </p>
   </div>
   <div class='ocr_carea' id='block_1_118' title="bbox 1961 5628 3543 5703">
    <p class='ocr_par' dir='ltr' id='par_1_118' title="bbox 1961 5628 3543 5703">
     <span class='ocr_line' id='line_1_118' title="bbox 1961 5628 3543 5703; baseline -0.003 -15"><span class='ocrx_word' id='word_1_926' title='bbox 1961 5635 2143 5689; x_wconf 89' lang='lat' dir='ltr'><strong>durius</strong></span> <span class='ocrx_word' id='word_1_927' title='bbox 2180 5634 2356 5688; x_wconf 82' lang='lat' dir='ltr'><strong>dicere</strong></span> <span class='ocrx_word' id='word_1_928' title='bbox 2399 5632 2606 5703; x_wconf 87' lang='lat' dir='ltr'><strong>potuit?</strong></span> <span class='ocrx_word' id='word_1_929' title='bbox 2651 5628 2773 5700; x_wconf 86' lang='lat' dir='ltr'><strong>quid</strong></span> <span class='ocrx_word' id='word_1_930' title='bbox 2823 5628 2940 5696; x_wconf 84' lang='lat' dir='ltr'><strong>spei</strong></span> <span class='ocrx_word' id='word_1_931' title='bbox 2991 5628 3205 5698; x_wconf 75' lang='lat' dir='ltr'><strong>reliquit</strong></span> <span class='ocrx_word' id='word_1_932' title='bbox 3252 5629 3543 5683; x_wconf 68' lang='lat' dir='ltr'><strong>humanm?</strong></span> 
     </span>
    </p>
   </div>
   <div class='ocr_carea' id='block_1_119' title="bbox 1961 5719 3537 5797">
    <p class='ocr_par' dir='ltr' id='par_1_119' title="bbox 1961 5719 3537 5797">
     <span class='ocr_line' id='line_1_119' title="bbox 1961 5719 3537 5797; baseline -0.002 -15"><span class='ocrx_word' id='word_1_933' title='bbox 1961 5728 2078 5796; x_wconf 89' lang='lat' dir='ltr'><strong>quis</strong></span> <span class='ocrx_word' id='word_1_934' title='bbox 2107 5728 2247 5784; x_wconf 88' lang='lat' dir='ltr'><strong>enim</strong></span> <span class='ocrx_word' id='word_1_935' title='bbox 2278 5735 2453 5797; x_wconf 65' lang='lat' dir='ltr'><strong>potest</strong></span> <span class='ocrx_word' id='word_1_936' title='bbox 2479 5743 2573 5796; x_wconf 85' lang='lat' dir='ltr'><strong>per</strong></span> <span class='ocrx_word' id='word_1_937' title='bbox 2592 5725 2765 5793; x_wconf 83' lang='lat' dir='ltr'><strong>ignem</strong></span> <span class='ocrx_word' id='word_1_938' title='bbox 2786 5720 3072 5791; x_wconf 75' lang='lat' dir='ltr'><strong>iustiﬁcari</strong></span> <span class='ocrx_word' id='word_1_939' title='bbox 3098 5733 3151 5781; x_wconf 90' lang='lat' dir='ltr'><strong>et</strong></span> <span class='ocrx_word' id='word_1_940' title='bbox 3169 5723 3369 5781; x_wconf 82' lang='lat' dir='ltr'><strong>Judicis</strong></span> <span class='ocrx_word' id='word_1_941' title='bbox 3392 5719 3537 5780; x_wconf 73' lang='lat' dir='ltr'><strong>mise-</strong></span> 
     </span>
    </p>
   </div>
  </div>
