3978 6182
377 313 473 368 ξΠ

1582 301 1642 357 S.
1685 298 2073 355 COLUMBANI
2115 297 2409 354 AISDATIS
2445 339 2448 343 η

3529 301 3635 358 (ὶὶἔῖ

367 426 592 491 ,ποι-«δίο
623 439 729 479 non
765 434 944 489 egere,
974 419 1065 486 qui
1097 419 1147 474 in
1193 431 1422 487 corpore
1449 417 1656 486 peccati
1697 413 1936 470 habitat?
1967 417 2012 472 Α
2042 408 2177 462 bitur
2205 425 2236 462 a
2265 410 2615 479 fundamentis
2654 411 2781 474 suis,
2827 419 3034 480 propter
3059 411 3281 480 furorem
3306 411 3398 465 ira:
3421 410 3634 468 Domini

367 519 495 585 Quis
518 555 534 582 ,
579 528 710 582 rogo
733 553 750 581 ,
788 509 1008 566 humani
1035 510 1248 580 generis
1274 523 1492 565 carnem
1539 516 1783 576 gestans,
1829 507 1944 562 hmc

364 624 471 668 non
517 609 743 672 timeat,
793 605 989 674 quibus
1034 618 1134 660 nos
1178 619 1366 660 onmes
1423 601 1842 658 manifestandos
1889 610 1944 657 et

357 697 758 770 quodammodo
787 697 1135 768 assignandos
1165 711 1286 753 esse
1312 705 1437 751 ante
1468 695 1700 751 tribunal
1723 694 1941 761 Christi,

366 799 421 844 et
441 789 514 846 ibi
543 803 707 858 opera
735 797 917 843 nostra
946 802 1041 858 per
1070 788 1244 855 ignem
1271 784 1546 856 probanda
1579 783 1942 855 przcdicatur?

361 881 495 938 Cum
541 879 730 934 dolore
758 893 857 948 pro
885 877 1107 948 perditis
1131 876 1415 933 dicendum
1459 885 1548 932 est
1579 894 1591 929 :
1626 873 1697 930 Ut
1719 876 1844 946 quid
1873 877 1940 932 li-

358 985 476 1026 mus
503 985 718 1025 sensum
743 968 972 1038 aecipit?
996 983 1165 1037 quare
1193 982 1383 1024 sensus
1411 967 1582 1023 iactus
1609 975 1692 1023 est
1718 967 1786 1024 de
1814 967 1941 1037 pul-

362 1061 518 1116 vere?
547 1059 636 1130 qui
659 1059 725 1114 de
755 1067 899 1114 terra
921 1059 1123 1126 creati,
1153 1057 1426 1128 paululum
1459 1072 1622 1127 super
1651 1072 1770 1113 eam
1791 1065 1940 1114 stan-

359 1158 462 1217 tes,
505 1150 558 1206 in
605 1148 849 1204 eamdem
889 1149 1051 1219 paulo
1102 1155 1222 1217 post
1273 1147 1564 1213 intraturi,
1612 1146 1800 1202 eadem
1841 1161 1941 1202 nos

356 1242 581 1312 iterum,
607 1241 756 1310 jussu
788 1241 920 1306 Dei,
961 1239 1221 1296 reddente
1247 1255 1310 1296 ac
1349 1239 1673 1309 projiciente
1695 1279 1712 1305 ,
1756 1238 1940 1294 novis-

355 1334 488 1386 sime
515 1347 612 1401 per
641 1333 818 1400 ignem
847 1331 1215 1401 probabimur,
1247 1341 1304 1384 ut
1329 1331 1559 1400 quadam
1591 1340 1708 1386 arte
1738 1338 1940 1386 terram

352 1431 409 1476 ct
435 1422 604 1476 lutum
634 1421 770 1490 ignis
819 1421 1106 1486 dissolvat;
1155 1428 1211 1476 et
1237 1421 1280 1476 si
1308 1420 1437 1490 quid
1466 1420 1581 1474 auri
1608 1429 1703 1474 aut
1730 1420 1940 1488 argenti

353 1513 629 1586 habuerit,
658 1522 749 1568 aut
788 1522 1107 1575 cmterorum
1139 1521 1294 1568 terrae
1339 1513 1548 1568 utilium
1575 1513 1939 1582 paracarassi-

353 1620 444 1660 mo
469 1601 871 1676 [paracaximo]
903 1603 1190 1672 liquefacto
1215 1604 1567 1660 demonstret.
1602 1603 1936 1658 Mortuorum

351 1710 481 1765 ergo
506 1695 807 1750 animorum
829 1704 912 1749 est
933 1701 988 1748 et
1015 1693 1425 1763 desperabilium
1457 1694 1557 1748 ista
1585 1709 1691 1748 non
1718 1693 1932 1748 timere:

2046 501 2259 555 sabaotlt
2317 504 2369 556 in
2400 503 2482 557 die
2503 545 2518 567 ,
2548 520 2647 572 qua
2677 507 3021 573 supervenerit
3049 508 3194 576 furor
3215 507 3325 576 ejus
3351 506 3484 578 (Isa.
3519 525 3634 577 xm,

2047 593 2170 662 15).
2201 593 2267 649 Et
2295 596 2483 651 iterum
2514 596 2643 650 dicit
2674 615 2687 650 :
2721 595 3059 652 Movebunrur
3081 598 3421 668 fundamenta
3451 608 3624 664 teme,

2045 685 2428 754 perturbatione
2438 688 2729 758 pcrturbabi
2737 700 2816 742 tur
2835 699 2990 749 terra.
3005 699 3213 758 stupore
3231 690 3450 760 stupebit
3473 701 3634 758 terra,

2037 775 2378 833 inclinatione
2398 779 2725 834 inclimbitur
2744 788 2903 842 terra.
2951 790 3000 834 et
3050 782 3388 836 commotione
3413 798 3635 838 contmn-

2043 867 2238 924 vebitur
2271 881 2411 924 terra
2461 888 2479 924 :
2526 871 2657 923 sicut
2703 871 2872 925 ebrius
2888 880 2937 925 et
2988 873 3288 941 crapulatus
3337 875 3628 927 excutietnr

2044 955 2200 1028 (Isa.
2233 975 2378 1026 axrv,
2414 959 2498 1025 19,
2527 957 2640 1027 20).
2667 959 2843 1028 Asaph
2887 975 3100 1030 quoque
3125 961 3316 1015 similia
3346 961 3583 1030 loquitur
3612 979 3631 1020 :

2043 1047 2185 1105 Deus
2207 1052 2478 1120 manifeste
2499 1051 2681 1113 veniet,
2704 1049 2841 1105 Deus
2866 1060 3040 1106 noster
3063 1061 3111 1106 et
3134 1069 3236 1106 non
3260 1053 3426 1106 silebit
3451 1069 3467 1107 :
3491 1055 3632 1124 ignis

2039 1142 2096 1196 in
2119 1150 2392 1211 conspectu
2430 1141 2541 1212 ejus
2570 1142 2793 1207 ardebit,
2822 1153 2871 1196 ct
2895 1145 2949 1197 in
2980 1145 3191 1198 circuitu
3219 1145 3329 1214 ejus
3352 1153 3629 1215 tempestas

2041 1232 2218 1287 valida
2247 1231 2428 1303 (Psat.
2457 1250 2600 1298 χιιι,
2634 1234 2712 1304 '5).
2740 1232 2805 1286 Et
2836 1234 3005 1288 David
3033 1250 3270 1289 consona
3303 1236 3424 1291 huic
3454 1237 3632 1308 loqui-

2041 1326 2130 1374 tur
2151 1321 2373 1381 dicens:
2413 1324 2558 1395 Ignis
2581 1334 2702 1379 ante
2727 1326 2894 1394 ipsum
2916 1325 3114 1380 ardebit
3146 1365 3160 1388 ,
3192 1334 3240 1380 et
3280 1327 3626 1396 inﬂantmabit

2040 1410 2092 1463 in
2121 1413 2335 1468 circuitu
2366 1412 2599 1469 inimicos
2628 1416 2739 1485 ejus
2771 1418 2788 1486 (
2813 1414 2961 1473 Psal.
2989 1411 3127 1482 xcvi,
3161 1417 3247 1487 5).

2107 1503 2168 1558 ll.
2200 1503 2326 1558 Post
2369 1505 2479 1559 lucc
2502 1545 2517 1570 ,
2567 1505 2782 1575 inquam
2809 1548 2824 1573 ,
2875 1516 2982 1560 tam
3034 1508 3304 1562 tremenda
3337 1509 3544 1565 Veteris
3572 1519 3630 1567 ct

2037 1593 2172 1650 Novi
2220 1593 2550 1651 Testamentt
2601 1597 2905 1665 prsimonia.
2953 1597 3145 1667 quibus
3187 1599 3302 1653 heri
3361 1609 3416 1655 et
3468 1602 3631 1657 hodie

2038 1697 2205 1750 pauca
2229 1685 2798 1750 commemoravimus;
2824 1702 2929 1758 qua
2952 1688 3314 1744 satisfactione
3337 1690 3468 1745 iram
3493 1693 3628 1747 tauli

351 1801 475 1840 nam
503 1787 674 1842 cuivis
697 1786 782 1841 vel
811 1786 979 1841 semel
1027 1786 1141 1842 haec
1183 1786 1400 1852 audire,
1429 1785 1654 1841 cautela:
1683 1787 1930 1842 sullicerc

2036 1770 2236 1826 Iudicis
2265 1773 2494 1828 evadere
2526 1775 2794 1844 possimus
2816 1819 2830 1844 ,
2858 1777 3154 1833 videamus.
3188 1780 3397 1835 Domini
3421 1799 3481 1836 ac
3503 1783 3628 1836 Sal-

350 1878 556 1933 debuit.
606 1878 948 1948 Quapropter
1002 1877 1132 1932 nihil
1188 1877 1342 1931 nobis
1398 1877 1578 1932 utilius
1653 1877 1930 1942 sciamus,

349 1985 510 2039 quam
553 1976 612 2024 ut
651 1970 902 2025 omnibus
929 1969 1118 2025 diebus
1147 1968 1268 2022 vitro
1310 1978 1507 2024 nostrae
1537 1969 1700 2023 vitam
1731 1969 1936 2040 ancipi-

350 2067 458 2114 tem
487 2067 859 2126 retractantes,
890 2059 1247 2129 nosmetipsos
1275 2059 1514 2128 quotidie
1539 2060 1886 2116 discutiamus
1916 2078 1930 2127 ;

349 2157 405 2203 et
455 2150 740 2204 verborum
809 2151 1250 2219 cogitatuumque
1307 2159 1611 2206 nostrorum
1668 2152 1932 2207 rationem

349 2247 570 2307 agentes
594 2280 612 2306 ,
645 2247 701 2294 et
729 2240 1016 2294 humanam
1047 2241 1211 2294 vitam
1240 2241 1716 2310 perhorrescentes
1740 2284 1757 2309 ,
1790 2243 1934 2299 hunc

349 2346 510 2401 supra
540 2331 742 2387 dictum
772 2333 926 2388 istius
967 2334 1064 2388 via:
1090 2375 1106 2400 ,
1155 2334 1206 2389 id
1246 2343 1329 2390 est
1355 2335 1476 2389 vita:
1503 2347 1700 2389 nostra:
1727 2333 1887 2389 tinem
1913 2375 1930 2399 ,

347 2423 559 2478 «tactis
623 2427 819 2494 spretis
874 2426 1056 2482 mundi
1131 2427 1288 2496 hujus
1358 2427 1760 2498 voluptatibus,
1815 2430 1933 2482 sine

346 2512 740 2570 intermissione
792 2517 1108 2586 cogitemus.
1158 2517 1412 2573 Videmus
1440 2519 1642 2584 vitam,
1674 2519 1769 2573 sed
1809 2533 1926 2572 um-

347 2601 498 2673 bram
528 2611 583 2658 et
625 2605 911 2674 imaginem
956 2607 1247 2676 fugientem
1279 2618 1331 2664 et
1380 2609 1650 2664 fallentem
1693 2608 1932 2664 adverti-

347 2705 484 2746 mus.
517 2691 596 2748 Ne
641 2707 774 2763 ergo
821 2710 920 2749 nos
969 2696 1129 2750 fallax
1180 2704 1237 2751 et
1289 2697 1601 2764 seductrix,
1646 2697 1824 2752 brevis
1877 2706 1933 2752 et

347 2780 660 2850 temporalis
680 2821 696 2848 ,
725 2782 925 2839 caduca
957 2791 1012 2839 et
1041 2784 1241 2853 fragilis
1265 2827 1281 2852 ,
1329 2801 1514 2840 amara
1543 2801 1606 2842 ac
1632 2786 1798 2841 tristis
1823 2785 1930 2840 vita

345 2869 612 2942 decipiat;
640 2872 712 2927 de
739 2887 867 2936 vera
894 2883 948 2927 et
975 2882 1177 2930 mterna
1205 2891 1419 2946 semper
1441 2876 1740 2945 cogitemus
1763 2915 1779 2940 ,
1811 2891 1931 2946 qua:

347 2970 469 3029 post
515 2973 744 3019 mortem
784 2965 1111 3022 immortales
1151 2967 1325 3037 justos
1376 2969 1624 3026 habitura
1672 2971 1762 3026 sit.
1797 2969 1931 3026 Vide

345 3051 768 3112 vicissitudinem
813 3072 993 3113 rerum
1027 3076 1039 3112 :
1073 3059 1178 3118 vita
1226 3068 1353 3116 ante
1402 3069 1629 3117 mortem
1656 3101 1672 3128 ,
1719 3070 1776 3117 et
1807 3069 1930 3132 post

344 3151 574 3200 inertem
620 3147 730 3216 vita
761 3166 773 3201 :
801 3147 978 3216 ju-tus
1009 3149 1158 3220 prius
1196 3152 1331 3207 duas
1385 3153 1647 3222 possidet,
1702 3163 1757 3209 et
1801 3169 1923 3223 pec.
1959 3163 2002 3223 (ζ

343 3240 493 3304 pater
521 3235 714 3304 impius
743 3253 904 3292 unam
931 3239 1214 3296 ittfcliCilel'
1240 3242 1446 3308 habuit,
1475 3243 1698 3298 alteram
1721 3242 1932 3299 felicem

344 3323 614 3402 perdidit:
647 3337 769 3396 post
817 3329 1037 3385 brevem
1087 3332 1228 3392 enim
1275 3332 1477 3397 vitam,
1523 3333 1594 3389 de
1649 3342 1828 3389 morte
1876 3335 1930 3388 in

344 3421 572 3474 mortem
603 3415 752 3472 vadit
780 3418 833 3472 in
883 3419 1154 3474 interitum
1179 3462 1194 3485 ,
1245 3423 1313 3476 de
1341 3439 1450 3492 quo
1478 3423 1573 3479 Dei
1600 3424 1672 3491 pii
1717 3424 1932 3479 bonitas

344 3519 448 3568 nos
493 3506 742 3577 dignetur
769 3511 981 3582 eripere
1010 3527 1105 3582 per
1145 3512 1432 3569 Dominum
1473 3524 1715 3573 nostrum
1743 3514 1926 3574 Jesum

342 3596 648 3674 Christum,
679 3603 764 3659 cui
794 3603 964 3673 gloria
1019 3605 1072 3660 in
1123 3605 1321 3661 smcula
1362 3607 1700 3666 sceculorum.
1735 3607 1927 3664 Amen.

870 3734 1280 3793 INSTRUCTIO
1319 3736 1385 3792 Χ.

513 3849 587 3915 De
612 3850 830 3916 terribili
862 3853 1058 3905 venturi
1084 3850 1284 3908 Judicis
1313 3853 1393 3905 ira
1423 3851 1753 3909 declinanda.

413 3959 454 4032 ι.
494 3959 716 4023 Multum
747 3960 902 4022 nobis
929 3959 997 4016 de
1025 3959 1162 4027 ﬁne,
1197 3960 1388 4017 fratres
1415 3961 1737 4024 charissimi,
1771 3961 1930 4014 timo-

339 4065 456 4122 rem
499 4050 757 4108 Dominus
808 4052 860 4106 in
906 4051 1277 4121 superioribus
1329 4067 1426 4121 per
1465 4049 1814 4120 Evangelium
1874 4059 1930 4106 et

341 4141 563 4202 Paulum
593 4140 1010 4214 incussit.Qued
1040 4142 1193 4197 nobis
1223 4149 1344 4212 post
1373 4142 1484 4197 hate
1514 4151 1621 4196 tam
1647 4141 1923 4197 tremenda

337 4233 501 4305 divini
529 4233 753 4294 canonis
783 4221 1088 4297 testimonia
1116 4233 1377 4303 refugium
1399 4235 1518 4288 est?
1547 4234 1740 4302 quibus
1762 4233 1926 4308 Lcry-

338 4325 478 4403 mis,
523 4327 738 4396 quantis
766 4326 1014 4397 suspiriis
1040 4341 1177 4397 opus
1205 4328 1330 4382 est?
1375 4327 1622 4398 qualibus
1658 4343 1922 4400 compun-

338 4416 605 4486 ctionibus
645 4417 838 4474 durum
867 4427 923 4474 et
967 4417 1235 4489 lapideum
1275 4433 1371 4475 cor
1399 4419 1791 4476 conterendum
1817 4430 1918 4486 est,

2038 1863 2240 1917 vatoris
2271 1863 2437 1916 nostri
2462 1861 2584 1918 Jesu
2607 1863 2805 1920 Christi
2839 1869 3142 1924 meminisse
3163 1869 3418 1927 debemus
3437 1873 3638 1944 dicens,

2038 1951 2105 2005 tis
2139 1968 2152 2004 :
2187 1948 2285 2016 Qui
2331 1954 2435 2006 vult
2482 1956 2711 2008 animum
2757 1972 2904 2010 suam
2949 1958 3146 2012 salvam
3197 1961 3407 2031 facere,
3451 1964 3630 2032 perdet

2037 2057 2150 2097 eam
2180 2058 2198 2096 :
2229 2059 2349 2095 nam
2395 2044 2479 2112 qui
2520 2044 2799 2112 perdiderit
2845 2047 3072 2102 animam
3103 2066 3247 2103 suam
3276 2062 3484 2122 propter
3522 2069 3626 2118 mc,

2034 2132 2255 2186 inveniet
2281 2135 2426 2187 illaut
2454 2133 2665 2206 (Matth.
2699 2153 2804 2200 xvi,
2988 2139 3320 2194 Perdendum
3367 2156 3495 2210 ergo
3536 2151 3624 2200 est

2037 2219 2270 2277 libenter
2316 2223 2571 2292 quidquid
2623 2225 2889 2296 diligimus
2933 2237 3129 2297 praeter
3176 2228 3478 2298 Christum,
3522 2248 3627 2304 pro

2036 2314 2250 2372 Christo
2279 2335 2291 2370 :
2325 2317 2430 2371 vita
2463 2317 2694 2386 primum
2741 2334 2844 2388 qua
2887 2335 3084 2391 corpus
3127 2323 3317 2378 anima:
3361 2325 3625 2381 societate

2037 2404 2358 2475 viviﬁcatur,
2391 2409 2432 2462 si
2466 2409 2536 2462 ita
2571 2424 2790 2465 necesse
2833 2411 2942 2478 sit,
2992 2427 3090 2480 pro
3129 2410 3343 2468 Christo
3373 2417 3623 2488 martyri-

2037 2496 2280 2551 zantibus
2309 2499 2596 2568 prodatur;
2628 2509 2721 2556 aut
2759 2501 2803 2555 si
2836 2501 2954 2555 talis
2989 2502 3329 2560 beatitudinis
3359 2505 3498 2560 desit
3525 2523 3621 2562 oc-

2035 2586 2204 2653 casio,
2236 2603 2340 2641 non
2381 2599 2557 2642 tamen
2589 2589 2924 2645 voluntatum
2954 2591 3124 2646 deerit
3155 2591 3533 2662 mortiﬁcatio;
3565 2605 3623 2649 ut

2035 2678 2119 2749 qui
2150 2679 2294 2744 vivit,
2327 2695 2429 2732 non
2456 2680 2552 2733 sibi
2594 2681 2758 2746 vivat,
2789 2681 2882 2736 sed
2916 2682 2960 2735 ei
2996 2685 3081 2754 qui
3107 2700 3200 2753 pro
3241 2685 3353 2754 ipso
3391 2689 3621 2740 mortuus

2034 2778 2110 2822 est
2140 2767 2226 2840 (II
2252 2767 2371 2824 Cor.
2397 2787 2447 2836 v,
2474 2769 2580 2843 15).
2604 2771 2856 2828 Vivamus
2883 2787 3010 2842 e-go
3040 2775 3108 2839 ei,
3137 2775 3370 2846 quicum
3395 2777 3621 2832 n-oritur

2037 2877 2136 2931 pro
2181 2862 2372 2930 nobis,
2420 2864 2524 2917 vita
2580 2873 2697 2930 est;
2747 2880 2952 2934 nosque
2996 2867 3150 2922 nobis
3198 2868 3508 2934 moriamur,
3558 2879 3618 2924 ut

2033 2955 2253 3011 Christo
2279 2959 2518 3014 vivamus
2550 2975 2564 3012 :
2597 2959 2646 3013 ei
2677 2960 2817 3014 enim
2847 2962 3026 3017 vitere
3048 2978 3153 3016 non
3183 2979 3486 3032 possumus,
3517 2967 3616 3020 nisi

2037 3046 2191 3101 nobis
2221 3055 2364 3112 ante,
2399 3047 2502 3104 hoc
2527 3057 2628 3115 est,
2663 3051 2858 3105 nostris
2886 3050 3269 3116 voluntatibus,
3301 3057 3614 3114 moriamur.

2035 3136 2231 3192 Christi
2261 3141 2454 3203 simus,
2496 3157 2599 3195 non
2630 3143 2799 3196 nostri
2833 3160 2844 3193 :
2878 3140 2999 3196 Non
3028 3145 3164 3198 enim
3214 3162 3386 3200 sumus
3413 3149 3617 3213 nostri,

2037 3231 2194 3296 empti
2219 3232 2354 3284 enim
2382 3248 2556 3286 sumus
2580 3233 2742 3302 pretio
2771 3249 2958 3305 magno
2991 3233 3044 3306 (I
3073 3234 3190 3289 Cor.
3220 3253 3293 3303 vt,
3322 3237 3407 3300 l9,
3429 3235 3541 3306 ‘20),
3563 3246 3616 3294 ct

2038 3333 2164 3373 vere
2193 3334 2407 3389 magno,
2439 3323 2653 3391 quando
2683 3322 2939 3379 Dominus
2984 3340 3081 3394 pro
3123 3341 3310 3392 servo,
3357 3326 3473 3383 Rex
3516 3343 3617 3399 pro

2037 3409 2302 3477 ministro,
2334 3411 2474 3466 Deus
2503 3428 2600 3482 pro
2629 3413 2846 3469 homine
2873 3414 3046 3469 datur.
3072 3414 3207 3482 Quid
3235 3416 3491 3473 debemus
3515 3435 3618 3476 nos

2035 3503 2292 3570 reddere,
2318 3507 2362 3560 si
2392 3516 2607 3562 creator
2633 3509 2992 3564 universitatis
3021 3511 3289 3567 immerito
3327 3529 3425 3583 pro
3461 3515 3617 3571 nobis

2036 3595 2213 3667 impiis
2256 3598 2523 3668 (creatura
2573 3608 2751 3655 tamen
2795 3604 2913 3672 sua)
2956 3611 3197 3658 mortuus
3227 3608 3351 3661 est?
3383 3606 3617 3664 Putasne

2035 3705 2143 3744 non
2171 3689 2368 3744 debeas
2404 3691 2536 3745 mori
2587 3693 2856 3761 peccato?
2901 3703 3050 3749 certe
3096 3695 3280 3751 debes.
3324 3697 3618 3754 Moriamur

2035 3794 2187 3848 ergo,
2209 3780 2503 3834 moriamur
2533 3797 2628 3850 pro
2658 3783 2785 3848 vita,
2818 3784 2943 3853 quia
2976 3785 3082 3839 vita
3105 3787 3330 3840 moritur
3351 3804 3448 3857 pro
3471 3806 3616 3844 moro

2035 3870 2162 3936 tuis,
2193 3878 2250 3924 ut
2275 3885 2396 3925 eum
2425 3869 2590 3926 Paulo
2643 3872 2823 3929 dicere
2855 3875 3123 3943 possimus
3155 3894 3166 3928 :
3202 3871 3332 3931 Vivo
3360 3894 3481 3948 ego,
3499 3879 3614 3949 jam

2032 3979 2134 4016 non
2161 3980 2273 4032 ego,
2306 3964 2421 4017 vivit
2465 3980 2582 4019 vero
2621 3965 2674 4018 in
2720 3981 2798 4018 me
2843 3951 3077 4020 Christus
3105 3966 3245 4032 (Gal.
3277 3984 3342 4033 ιι,
3371 3968 3462 4038 20)
3484 4009 3498 4033 ,
3520 3969 3618 4026 ille

2031 4053 2124 4121 qui
2146 4068 2244 4122 pro
2266 4067 2350 4108 me
2372 4061 2614 4109 mortuus
2635 4061 2716 4107 est
2741 4071 2753 4108 :
2779 4053 3072 4110 electorum
3096 4057 3236 4112 enim
3260 4065 3342 4112 est
3363 4058 3460 4111 ista
3486 4074 3618 4114 vox.

2031 4145 2217 4200 Nullus
2247 4154 2425 4200 autem
2455 4153 2638 4215 potest
2663 4145 2876 4200 sibimet
2913 4147 3084 4213 mori,
3134 4147 3232 4202 nisi
3278 4147 3522 4202 Christus
3562 4149 3616 4203 in

2031 4234 2122 4288 illo
2160 4234 2310 4288 vivat
2355 4252 2367 4287 :
2414 4235 2460 4288 si
2503 4242 2682 4289 autem
2725 4233 2968 4290 Christus
3012 4238 3062 4290 in
3107 4237 3198 4292 illo
3241 4238 3348 4303 sit,
3399 4238 3617 4294 sibimet

2029 4325 2212 4379 vivere
2251 4340 2360 4378 non
2409 4331 2609 4395 potest.
2654 4322 2788 4378 Vive
2838 4322 2893 4378 in
2949 4324 3204 4392 Christo,
3257 4335 3316 4383 ut
3367 4325 3617 4382 Christus

2027 4416 2078 4469 in
2108 4425 2182 4471 te.

337 4515 396 4561 ut
444 4507 579 4564 iram
623 4506 824 4566 Iudicis
871 4519 1076 4564 tantam
1127 4509 1362 4579 elTugere
1411 4510 1716 4581 possimus?
1759 4527 1919 4581 quam

2094 4507 2183 4561 lll.
2213 4507 2320 4562 Sed
2349 4509 2543 4577 quaeris
2573 4511 2846 4579 quomodo
2891 4525 3079 4566 sensus
3116 4509 3262 4565 vivat
3304 4509 3355 4564 in
3398 4509 3522 4574 illo,
3558 4517 3615 4567 ut

340 4599 706 4662 universitatis
736 4611 949 4661 creator
975 4603 1117 4658 Deus
1145 4618 1210 4657 ac
1237 4603 1497 4658 Dominus
1524 4612 1708 4666 noster
1736 4619 1835 4673 per
1863 4619 1922 4659 se

284 4691 289 4696 ’
336 4706 402 4759 ac
434 4690 749 4761 Apostolum
799 4695 1207 4762 prophetasque
1248 4695 1484 4749 minatur
1513 4736 1529 4763 ,
1580 4695 1672 4764 qui
1702 4695 1919 4750 easdem

338 4783 514 4836 minas
542 4797 651 4837 non
678 4791 855 4841 tacent
882 4782 1110 4839 dicendo
1137 4801 1149 4835 :
1192 4783 1328 4840 Ecce
1360 4785 1470 4840 dies
1518 4785 1731 4844 Domini
1761 4787 1916 4851 venit,

336 4875 524 4929 ardens
572 4883 628 4928 ut
675 4875 940 4941 clibanus,
989 4885 1037 4932 et
1079 4887 1260 4930 exuret
1313 4888 1522 4932 eos:et
1568 4888 1719 4932 erunt
1746 4895 1921 4934 omnes

336 4965 637 5036 aiicnigeme
656 4975 704 5019 et
733 4983 908 5021 omnes
933 4966 1017 5038 qui
1041 4968 1238 5037 faciunt
1260 4968 1598 5040 iniquitatem,
1619 4976 1673 5020 ut
1697 4969 1921 5036 stipula;

333 5055 644 5109 ctincendct
680 5073 767 5120 eos
815 5057 924 5110 dies
977 5056 1069 5113 illa
1113 5072 1226 5126 qua
1273 5057 1448 5124 venit,
1503 5058 1628 5110 dicit
1669 5057 1923 5113 Dominus

335 5150 688 5219 amnipotens;
715 5161 762 5205 et
783 5168 887 5208 non
913 5151 1164 5222 relinquet
1187 5153 1340 5206 radix
1361 5162 1410 5206 et
1435 5169 1641 5223 germen
1665 5151 1920 5222 (Malae/1.

336 5254 408 5307 tv,
443 5240 526 5310 1).
559 5240 819 5296 Similiter
845 5251 900 5296 et
921 5243 1057 5296 alius
1087 5243 1219 5313 dicit
1266 5243 1531 5312 propheta
1563 5260 1575 5295 ε
1637 5241 1770 5295 Ecce
1790 5244 1925 5298 venit

339 5328 587 5397 Dominus
617 5332 936 5401 omnipotens
959 5348 975 5386 :
999 5342 1047 5386 et
1072 5333 1184 5402 quis
1209 5331 1480 5386 sustinebit
1510 5331 1646 5384 diem
1675 5331 1923 5386 adventus

333 5421 481 5488 ejus?
499 5421 599 5474 Aut
636 5425 752 5491 quis
780 5422 1099 5491 supportabit
1128 5432 1452 5493 conspectum
1479 5422 1634 5492 ejus?
1665 5419 1798 5485 Quia
1819 5425 1928 5492 ipse

335 5509 648 5580 ingredietur
671 5522 724 5565 ut
751 5515 883 5585 ignis
905 5515 1200 5584 conﬂatorii
1231 5512 1496 5585 (Malaclt.
1517 5500 1607 5579 (tu,
1635 5514 1688 5582 1,
1708 5513 1785 5583 2).
1821 5513 1925 5568 Sed

336 5612 389 5652 ct
415 5599 578 5656 isaias
610 5603 742 5658 dicit
783 5623 793 5656 :
828 5603 962 5658 Ecce
1002 5605 1111 5658 dies
1141 5604 1352 5658 Domini
1382 5605 1544 5657 veniet
1574 5605 1880 5658 insanabilis
1913 5647 1926 5669 ,

335 5687 443 5746 dies
468 5693 560 5748 ira:
577 5705 625 5748 et
649 5697 860 5765 furoris,
885 5698 995 5752 dies
1012 5695 1162 5751 nubis
1184 5706 1231 5753 et
1257 5696 1455 5755 nebula:
1477 5699 1732 5769 (Sep/ten.
1755 5716 1790 5765 ι,
1819 5698 1922 5770 15).

337 5779 396 5839 iit
430 5784 590 5852 paulo
620 5796 742 5854 post
771 5807 784 5842 :
826 5791 1016 5848 Cwlttm
1043 5795 1176 5852 enim
1198 5797 1469 5864 qua'iclttr,
1514 5804 1560 5849 et
1596 5805 1734 5849 terra
1766 5811 1926 5848 more-

2027 4608 2079 4654 te
2117 4599 2312 4654 doceat
2349 4599 2558 4656 tibimet
2599 4601 2737 4655 mori
2783 4612 2839 4656 et
2865 4601 3082 4657 Christo
3123 4601 3343 4656 vivere:
3375 4600 3457 4656 vel
3483 4640 3499 4666 ,
3556 4611 3616 4657 ut

2025 4689 2204 4746 verius
2234 4691 2518 4745 dicendum
2549 4699 2661 4755 est,
2696 4692 2793 4748 tibi
2823 4693 3006 4749 vivere
3040 4711 3050 4745 :
3087 4693 3178 4763 qui
3205 4693 3349 4747 enim
3381 4693 3615 4749 moritur

2027 4794 2125 4848 pro
2149 4778 2399 4844 Christo,
2442 4781 2556 4848 ipse
2583 4782 2749 4847 vivit;
2795 4790 2850 4836 et
2879 4783 2970 4852 qui
3009 4783 3110 4838 sibi
3149 4783 3318 4848 vivit,
3361 4783 3612 4841 moritur.

2028 4868 2267 4924 Mortalis
2295 4881 2377 4924 est
2420 4871 2561 4926 enim
2588 4913 2602 4938 ,
2652 4873 2696 4928 si
2736 4861 3099 4929 voluntatibus
3138 4876 3249 4929 suis
3295 4875 3425 4929 vivit
3460 4875 3614 4944 juxta

2033 4961 2160 5016 illud
2198 4960 2441 5030 Apostoli
2477 4979 2490 5014 :
2525 4961 2584 5016 Si
2622 4965 2756 5018 enim
2800 4965 3077 5019 secundum
3115 4981 3323 5020 carnem
3363 4967 3614 5029 vixeriJis,

2032 5055 2322 5108 moriemini
2350 5053 2526 5122 (Rom.
2557 5070 2672 5122 vui,
2709 5057 2811 5124 15).
2845 5055 3047 5111 Videtis
3085 5071 3215 5126 ergo
3239 5097 3254 5123 ,
3287 5057 3612 5123 charissimi,

2031 5144 2156 5214 quia
2206 5145 2257 5198 in
2293 5145 2483 5200 alienis
2521 5147 2826 5202 habitamus
2850 5185 2864 5210 ,
2895 5148 3019 5202 dum
3043 5148 3126 5202 vel
3153 5150 3262 5203 vita
3292 5159 3471 5204 nostra
3504 5165 3614 5204 non

2031 5246 2114 5292 est
2138 5245 2354 5292 nostra:
2386 5245 2439 5290 et
2468 5252 2576 5292 non
2604 5238 2760 5292 nobis
2788 5238 2971 5295 viuere
3000 5239 3285 5306 debemus;
3308 5249 3365 5296 et
3395 5241 3614 5311 grandis

2029 5330 2281 5394 violentia
2313 5337 2414 5395 est,
2445 5346 2543 5399 per
2569 5327 2807 5386 laborem
2850 5347 3124 5400 qurerere,
3155 5342 3211 5388 et
3239 5349 3336 5402 per
3377 5332 3612 5389 studium

2030 5423 2258 5488 habere,
2288 5423 2432 5493 quod
2461 5431 2650 5476 natura
2677 5423 2860 5477 vitiata
2903 5440 3009 5478 non
3047 5423 3360 5480 servaverit.
3389 5424 3493 5480 Sed
3523 5433 3612 5479 ta-

2029 5530 2150 5568 men
2196 5515 2402 5569 arbitrii
2441 5514 2796 5580 electionem,
2849 5515 3043 5569 amissa
3091 5515 3216 5569 licet
3253 5514 3608 5581 beatitudine,

2029 5622 2135 5659 non
2164 5607 2357 5660 amisit.
2391 5604 2521 5661 lude
2546 5620 2688 5660 nunc
2708 5619 2805 5675 per
2829 5605 2933 5658 vim
2967 5614 3022 5660 et
3048 5605 3355 5660 violentiam
3385 5619 3607 5674 regnum

2027 5699 2261 5767 rupimus
2288 5697 2546 5751 cmlorutn
2567 5735 2581 5761 ,
2611 5705 2668 5750 et
2695 5695 2824 5750 illud
2857 5695 3252 5767 quodammodo
3280 5696 3435 5768 quasi
3465 5695 3608 5750 inter

2027 5791 2229 5846 melius
2252 5791 2484 5847 hostium
2515 5804 2704 5845 manus
2727 5805 2756 5845 c
2787 5791 2964 5846 medio
2987 5795 3172 5861 agonis
3198 5807 3412 5864 campo,
3434 5797 3490 5847 et
3507 5803 3604 5847 seu
