3932 6184
261 359 368 413 Ξ-ίῦ

1178 352 1719 410 ΙΧΞΤΠΠΟΤΙΟΝΕΞ
1760 350 1999 404 νᾹΒΗί
2035 349 2189 404 SIVE
2228 334 2612 408 SERMONES.

3440 356 3547 413 250

264 472 577 529 tutatltittis
604 471 903 540 sanguineo
952 470 1105 537 solo,
1156 470 1544 532 abstrahimur,
1576 469 1702 523 dum
1743 483 1851 522 non
1881 472 1930 528 Α
1959 482 2105 530 mus;
2138 467 2280 536 quod
2304 469 2466 524 nobis
2508 469 2649 525 Deus
2688 470 2929 526 Christus
2958 479 3216 541 przcstare
3268 473 3541 542 dignetur,

264 564 434 619 solum
467 562 535 616 ab
567 560 908 626 adversariis,
938 561 1032 616 sed
1062 577 1092 615 a
1123 561 1278 615 nobis
1306 561 1435 631 ipsis
1461 561 1647 614 durius
1675 562 1852 630 impu-

266 669 496 722 gnantur
540 652 667 707 dum
710 652 1078 721 unusquisque
1120 652 1259 706 male
1286 652 1522 722 seipsum
1552 651 1722 720 diligit
1752 692 1769 718 ,
1802 660 1858 705 ct

268 748 318 797 in
346 760 414 798 eo
436 758 548 813 quo
577 742 771 813 diligit,
820 743 1058 811 seipsum
1090 752 1251 797 nocet
1282 760 1293 795 :
1327 743 1415 797 ille
1451 743 1591 796 enim
1617 742 1754 796 bene
1777 741 1859 795 di—

271 835 418 905 ligit,
460 837 553 905 qui
581 836 815 905 scipsum
856 834 1144 890 salubriter
1182 834 1329 900 odit,
1360 835 1467 890 hoc
1496 844 1596 899 est,
1633 833 1855 903 affligit;

270 931 361 999 qui
388 944 522 983 vero
547 928 661 983 suis
690 927 1011 981 adversariis
1030 928 1318 993 consentit,
1351 943 1456 982 non
1488 932 1635 981 recte
1656 941 1715 980 se
1737 925 1859 979 dili-

272 1036 396 1090 gere
424 1021 640 1075 dicitur.
671 1019 901 1074 Grandis
928 1034 1057 1088 ergo
1092 1020 1306 1074 miseria
1337 1028 1446 1085 est,
1487 1020 1579 1089 qui
1621 1019 1857 1087 seipsum

274 1124 476 1165 nocens
504 1125 611 1185 no/n
642 1109 830 1164 sentit.
860 1108 995 1164 Cum
1027 1110 1169 1181 enim
1214 1111 1329 1179 ipse
1375 1111 1478 1164 sibi
1521 1110 1682 1164 homo
1728 1124 1857 1163 con-

275 1200 472 1252 trarius
501 1208 619 1261 est,
652 1214 763 1253 non
805 1207 886 1253 est
926 1200 1163 1253 omnium
1210 1199 1290 1254 sic
1338 1199 1485 1253 illum
1539 1213 1767 1268 pacare,
1800 1207 1859 1251 ut

274 1304 397 1346 vere
426 1292 518 1360 qui
549 1291 786 1361 seipsum
834 1291 1038 1359 diligat.
1111 1290 1458 1360 Pugnandum
1488 1305 1617 1360 ergo
1647 1290 1734 1344 hic
1775 1298 1858 1343 est

272 1391 325 1437 et
344 1382 665 1437 certandum
694 1397 814 1436 cum
844 1382 987 1436 vitiis
1011 1383 1235 1443 nostris,
1271 1392 1330 1435 ut
1357 1382 1479 1435 alibi
1506 1395 1846 1434 coronemur.

272 1472 509 1543 Tempus
530 1472 675 1527 enim
698 1472 820 1536 hoc,
849 1481 1059 1541 tempus
1086 1473 1209 1526 belli
1232 1481 1348 1535 est;
1383 1471 1505 1525 ideo
1530 1472 1670 1526 enim
1697 1487 1857 1525 nemo

272 1572 423 1633 putet
470 1562 815 1617 securitatem
862 1562 915 1615 in
960 1562 1142 1627 bello,
1187 1564 1311 1632 quia
1357 1562 1535 1616 nullus
1576 1564 1772 1615 dormit
1802 1562 1853 1616 in

274 1656 430 1719 beilo,
450 1664 507 1710 et
529 1655 706 1708 nullus
726 1670 944 1710 securus
967 1654 1262 1723 ingreditur
1281 1655 1473 1709 aciem.
1500 1654 1655 1708 Acies
1678 1656 1856 1723 itaque

273 1746 429 1800 nobis
457 1745 737 1813 dirigenda
765 1754 848 1800 est
872 1754 1061 1799 contra
1091 1761 1251 1800 omne
1272 1746 1544 1811 vitiosum,
1572 1746 1854 1816 voluptuo-

1959 559 2050 626 qui
2092 574 2211 613 cum
2242 558 2402 614 Patre
2431 575 2644 629 semper
2686 568 2741 614 et
2784 560 2988 630 Spiritu
3036 570 3225 617 sancto
3278 570 3365 618 est
3412 579 3550 622 unus

1961 650 2100 704 Deus
2130 650 2182 703 in
2208 650 2402 705 saacula
2429 651 2773 705 saeculorum.
2806 653 2997 706 Amen.

2472 740 2880 797 INSTRUCTIO
2924 741 3018 796 XI.

2325 831 2402 886 De
2430 832 2703 887 dilectione
2732 832 2827 887 Dei
2858 832 3180 903 et'proximi.

2032 924 2073 977 l.
2109 923 2320 995 Moyses
2366 924 2417 977 in
2469 926 2586 993 lege
2629 924 2889 994 scripsit:
2929 923 3078 978 Fecit
3106 925 3246 980 Deus
3288 929 3548 985 hominem

1960 1017 2029 1069 ad
2052 1017 2325 1086 imaginem
2356 1025 2404 1069 et
2428 1015 2821 1069 similitudinem
2848 1032 2997 1069 suam
3028 1015 3181 1086 (Cen.
3208 1032 3246 1081 ι,
3267 1016 3381 1088 26).
3405 1019 3547 1074 Cou-

1959 1108 2209 1172 sidcrate,
2238 1122 2452 1176 quasso,
2489 1106 2615 1161 dicti
2646 1107 2805 1176 hujus
2834 1107 3171 1175 dignitatem.
3202 1106 3345 1162 Deus
3373 1111 3549 1162 omni-

1960 1208 2170 1271 potens,
2197 1199 2495 1264 invisibilis,
2543 1198 3117 1268 incomprehensibilis,
3155 1199 3547 1263 inenarrabilis,

1963 1292 2373 1357 intestimabilis,
2429 1291 2497 1346 de
2545 1292 2673 1346 limo
2704 1292 2974 1345 hominem
3017 1288 3257 1358 fingens,
3300 1290 3549 1360 imaginis

1958 1399 2067 1438 sum
2114 1384 2388 1461 dignitate
2423 1382 2746 1437 nobilitavit.
2800 1380 2937 1448 Quid
2985 1381 3189 1435 homini
3236 1380 3304 1435 ad
3338 1381 3549 1436 Deum?

1959 1475 2097 1540 Quid
2126 1475 2314 1527 linmso
2344 1472 2528 1546 [Forte
2550 1470 2725 1542 limo],
2755 1470 2810 1527 et
2829 1472 3084 1540 Spiritui?
3113 1469 3253 1524 Deus
3274 1471 3416 1525 enim
3440 1473 3549 1538 spi-

1959 1567 2089 1619 ritus
2117 1573 2192 1618 est
2222 1562 2401 1635 (Joan.
2432 1580 2503 1629 tv,
2527 1562 2642 1631 24).
2672 1562 2904 1618 Grandis
2937 1562 3205 1631 dignatio,
3237 1562 3381 1629 quod
3404 1561 3550 1616 Deus

1959 1670 2066 1709 sua:
2106 1654 2420 1709 aeternitatis
2442 1654 2750 1722 imaginem,
2779 1661 2835 1707 et
2863 1669 3074 1711 morum
3102 1667 3321 1707 suorum
3353 1652 3545 1707 simili-

1961 1746 2198 1799 tudinem
2228 1745 2431 1799 homini
2462 1744 2702 1799 donavit.
2736 1743 2923 1813 Magna
2955 1744 3185 1812 dignitas
3214 1744 3415 1798 homini
3448 1744 3543 1800 Dei

272 1852 412 1903 sum,
443 1836 585 1890 male
612 1836 883 1890 blandum.
917 1834 1127 1891 Suﬂicit
1164 1843 1342 1890 autem
1384 1838 1740 1905 pugnantibus
1769 1838 1856 1890 ad-
1887 1834 1933 1894 B
1959 1836 2248 1891 similitudo
2269 1874 2283 1899 ,
2316 1837 2359 1891 si
2390 1844 2771 1902 conservetur;
2803 1835 2895 1889 sed
2925 1836 3142 1905 grandis
3171 1836 3363 1889 iterum
3392 1835 3547 1889 dam-

272 1927 540 1980 versarios
559 1926 778 1981 vincere
801 1944 814 1981 :
847 1928 890 1981 si
914 1928 1141 1997 teipsum
1165 1929 1384 1993 viceris,
1419 1930 1659 1983 omnium
1686 1930 1857 1985 victor

272 2030 358 2080 es;
392 2016 439 2070 si
472 2030 603 2071 vero
636 2016 711 2070 tui
739 2017 911 2071 victor
931 2018 1179 2086 proprius
1204 2025 1289 2072 est.
1317 2018 1408 2072 tibi
1440 2028 1705 2083 mortuus,
1744 2020 1854 2075 Deo

272 2107 422 2162 vivus
450 2110 853 2177 comprobaris;
897 2111 1111 2178 quando
1141 2119 1319 2164 autem
1364 2120 1637 2167 mortuum
1678 2112 1850 2179 audis,

269 2216 371 2270 qua
421 2200 654 2255 audacia
703 2200 997 2256 intraturus
1042 2202 1107 2255 ad
1153 2202 1413 2269 judicium
1461 2202 1693 2269 Christi,
1744 2220 1856 2259 suc

269 2306 448 2348 causa:
474 2292 797 2347 advocatum
845 2302 900 2348 et
927 2294 1010 2347 sui
1050 2294 1300 2348 desiderii
1347 2306 1713 2364 suggestorem
1741 2338 1757 2363 ,
1801 2306 1856 2352 et

268 2381 348 2436 sui
392 2388 742 2451 contemptus
792 2382 1057 2446 ultorem,
1107 2386 1481 2454 unusquisque
1504 2402 1602 2455 pro
1640 2386 1855 2442 Christo

268 2472 628 2542 martyrizans
674 2487 735 2526 se
784 2473 954 2541 i;-sum
995 2473 1141 2528 facit.
1201 2476 1256 2528 Si
1306 2475 1448 2528 cnim
1490 2490 1615 2530 vere
1655 2476 1854 2531 Christi

268 2579 485 2618 crucem
529 2564 920 2633 assumpsisset,
955 2565 1085 2619 nihil
1116 2566 1164 2619 ei
1197 2567 1387 2620 horutn
1418 2567 1578 2622 licere
1608 2567 1854 2622 animad-

272 2663 529 2719 verteret,
559 2656 683 2724 quia
714 2664 767 2709 et
795 2654 1038 2711 Christus
1071 2657 1126 2710 in
1156 2657 1261 2712 hoc
1281 2659 1583 2727 exemplum
1606 2660 1773 2727 dedit,
1798 2668 1855 2714 ut

271 2746 446 2800 nullus
477 2746 623 2815 quod
654 2762 807 2800 suum
850 2755 934 2801 est
970 2756 1208 2815 quzcrat,
1262 2748 1489 2803 dicendo
1517 2768 1528 2802 :
1557 2749 1681 2804 Non
1724 2752 1857 2804 sicut

268 2856 357 2911 ego
388 2841 527 2904 volo,
556 2840 646 2893 sed
664 2840 795 2893 sicut
836 2848 887 2892 tu
923 2840 995 2893 eis
1023 2839 1235 2905 (Matth.
1268 2856 1412 2906 xxvi,
1446 2842 1559 2912 '59),
1593 2850 1647 2896 et
1677 2860 1689 2895 :
1725 2841 1858 2895 Des-

269 2934 415 2988 cendi
440 2950 545 2988 non
574 2943 629 2985 ut
657 2933 846 3004 faciant
878 2933 1190 2989 roluntatem
1210 2952 1375 2990 meam
1398 2979 1411 3003 ,
1436 2938 1526 2991 sed
1548 2939 1857 2992 voluntatem

269 3026 375 3094 ejus
403 3026 491 3096 qui
522 3024 659 3078 misit
686 3042 765 3077 me
793 3024 971 3095 (Joan.
1002 3041 1071 3089 vt,
1104 3025 1212 3096 58).

337 3117 426 3171 ιν.
460 3117 533 3172 Se
565 3118 930 3187 unusquisque
970 3118 1312 3181 consideret,
1344 3133 1413 3173 ne
1458 3118 1591 3173 liber
1620 3128 1674 3174 et
1701 3120 1856 3177 virus

1963 1930 2133 1995 natio,
2165 1928 2258 1982 Dei
2283 1929 2527 1997 imaginis
2552 1928 2791 1983 violatio.
2820 1928 2974 1994 Quod
2997 1929 3139 1981 enim
3162 1928 3326 1982 homo
3346 1927 3546 1997 accipit

1959 2022 2026 2076 de
2055 2021 2181 2075 ﬂatu
2210 2023 2324 2089 Dei,
2365 2023 2407 2076 si
2445 2023 2497 2075 in
2527 2023 2854 2077 contrarium
2884 2022 3258 2092 depravaverit
3283 2038 3458 2088 usum,
3490 2031 3545 2075 et

1958 2114 2274 2170 beneficium
2324 2124 2527 2169 natura;
2566 2116 3046 2179 contaminaverit;
3081 2124 3207 2170 tunc
3234 2115 3328 2169 Dei
3355 2115 3545 2169 simili-

1959 2206 2198 2260 tudinem
2248 2207 2562 2277 Corrumpit,
2606 2218 2661 2261 ct
2705 2216 2960 2276 quantum
3001 2208 3052 2261 in
3079 2222 3138 2261 se
3165 2216 3248 2261 est
3284 2206 3431 2262 dilet
3458 2225 3471 2259 :
3498 2207 3543 2262 si

1959 2306 2136 2351 autem
2168 2297 2359 2350 anima:
2392 2298 2561 2351 insitis
2586 2298 2869 2351 virtutibus
2892 2314 3018 2352 usus
3051 2296 3211 2352 fuerit
3238 2299 3288 2351 in
3312 2306 3540 2361 rectum,

1958 2396 2083 2442 tunc
2114 2387 2224 2441 Deo
2248 2387 2350 2441 erit
2376 2387 2581 2442 similis.
2615 2387 2972 2455 Quascunque
2997 2402 3126 2456 ergo
3150 2387 3288 2441 Deus
3310 2387 3361 2440 in
3388 2386 3543 2441 nobis

1960 2479 2011 2532 in
2041 2479 2216 2546 prima
2249 2487 2430 2532 n0stra
2460 2478 2772 2533 conditione
2801 2478 3028 2531 virtutes
3057 2476 3372 2543 seminavit,
3399 2476 3541 2544 ipsas

1958 2572 2007 2625 ci
2038 2571 2259 2624 reddere
2305 2585 2402 2624 nos
2449 2569 2728 2639 piteceptis
2771 2568 2975 2623 docuit.
3010 2568 3121 2621 lloc
3150 2575 3231 2621 cst
3260 2566 3489 2636 primum
3527 2585 3538 2619 :

1958 2664 2187 2736 Diligere
2208 2680 2271 2717 ea:
2293 2671 2397 2717 toto
2421 2662 2574 2718 corde
2595 2661 2759 2715 Deum
2780 2670 3011 2715 nostrum
3046 2658 3258 2731 (Matth.
3284 2674 3412 2723 xm,
3437 2657 3542 2722 57;

1960 2756 2129 2810 Marc.
2164 2771 2255 2818 xu,
2288 2754 2398 2823 '50),
2430 2755 2549 2825 quia
2575 2754 2685 2823 ipse
2711 2754 2855 2823 prior
2876 2751 3057 2805 dilexit
3091 2766 3181 2804 nos
3213 2748 3260 2821 (l
3286 2748 3442 2803 Joun.
3466 2763 3541 2812 Iv,

1960 2848 2047 2918 10)
2078 2848 2145 2901 ab
2174 2847 2324 2901 initio
2352 2838 2407 2901 et
2432 2854 2721 2913 antequam
2745 2860 3002 2899 essemus.
3029 2843 3119 2898 Dei
3141 2843 3283 2896 enim
3305 2841 3541 2906 dilectio,

1961 2937 2206 3008 imaginis
2236 2936 2351 3005 ejus
2380 2935 2679 2989 renovatio.
2709 2934 2875 2989 Deum
2910 2942 3087 2988 autem
3110 2933 3284 3000 diligit
3310 2931 3401 3001 qui
3422 2930 3541 2998 ejus

1961 3029 2213 3082 mandata
2243 3026 2510 3091 custodit;
2543 3027 2679 3079 dixit
2707 3026 2848 3080 enim
2883 3043 2896 3076 :
2930 3024 2990 3079 Si
3018 3024 3234 3093 diligitis
3265 3040 3364 3088 me,
3389 3039 3538 3075 man-

1960 3121 2084 3174 data
2114 3138 2224 3175 ιιι-α
2247 3129 2444 3175 servate
2470 3119 2642 3191 (Joan.
2674 3135 2780 3185 xw,
2814 3118 2927 3188 45);
2962 3119 3064 3173 hoc
3103 3127 3185 3173 est
3230 3116 3539 3171 mandatum

270 3210 318 3265 in
346 3211 469 3266 loco
497 3211 640 3265 servi
672 3220 727 3264 et
754 3211 997 3265 crucilixi
1028 3212 1363 3276 inveniatur;
1403 3220 1458 3266 et
1486 3214 1853 3282 unusquisque
1883 3191 1928 3253 (ἶ
1960 3212 2096 3281 ejus,
2127 3211 2346 3267 dileCtio
2374 3210 2622 3275 invicem,
2649 3209 2799 3278 juxta
2832 3208 2961 3261 illud
2996 3226 3009 3260 :
3044 3207 3158 3262 [loc
3199 3215 3274 3261 est
3313 3206 3537 3259 manda-

271 3302 319 3357 in
349 3317 459 3373 quo
491 3312 716 3357 vocatus
746 3311 848 3364 cst,
883 3303 935 3355 in
965 3319 1033 3357 eo
1061 3311 1377 3373 permaneat
1406 3303 1549 3375 apud
1583 3304 1767 3370 Deum,
1801 3298 1871 3361 et‘

270 3394 402 3448 sicut
429 3392 723 3461 Apostolus
744 3392 881 3447 dixit
904 3411 917 3446 :
942 3393 1060 3448 Sive
1081 3393 1226 3458 liber,
1250 3395 1354 3447 sive
1376 3395 1630 3465 subjectus
1654 3394 1707 3466 (1
1729 3395 1849 3451 Cor.

272 3501 359 3551 sn,
394 3485 484 3554 15)
517 3486 616 3539 sub
653 3485 784 3553 jugo
827 3484 1158 3549 humilitatis,
1201 3487 1354 3554 quasi
1381 3488 1520 3541 servi
1554 3488 1605 3540 in
1632 3488 1850 3543 Christo

270 3578 389 3632 sint.
406 3576 611 3632 Contra
634 3592 693 3632 se
714 3590 842 3646 ergo
864 3576 1229 3646 unusquisque
1249 3588 1508 3645 nostrum,
1529 3578 1846 3646 charissimi,

269 3669 447 3723 veniat
473 3686 488 3723 :
518 3684 641 3722 nam
672 3668 716 3722 si
746 3684 855 3723 non
894 3678 1081 3723 contra
1112 3669 1469 3739 nosmetipsos
1488 3709 1502 3735 ,
1531 3671 1625 3725 sed
1659 3680 1848 3725 contra

270 3764 461 3819 fratres
490 3764 766 3828 vivamus,
797 3772 853 3819 et
880 3763 924 3818 si
972 3764 1256 3833 loquamur
1299 3775 1359 3819 ut
1404 3766 1569 3831 libet,
1620 3783 1727 3822 non
1769 3776 1852 3835 est

271 3871 414 3921 vera,
447 3856 544 3911 sed
577 3856 707 3911 falsa
736 3858 925 3926 religio
955 3867 1159 3913 nostra.
1213 3859 1353 3913 Nihil
1401 3860 1582 3930 itaque
1623 3860 1847 3915 liberum

273 3948 321 4002 in
349 3949 524 4003 servis
553 3947 750 4004 Christi
776 3964 895 4003 esse
923 3950 1102 4014 debet,
1136 3957 1191 4005 et
1217 3950 1345 4004 nihil
1376 3951 1540 4004 altum
1567 3952 1617 4004 in
1650 3950 1805 4007 Chris
1832 3951 1847 4004 i

270 4053 383 4094 esse
413 4038 716 4095 humilitate
743 4048 978 4109 oportet.
1000 4039 1115 4094 Non
1138 4041 1303 4095 simus
1331 4056 1458 4108 ergo
1483 4041 1717 4111 superbi,
1742 4059 1849 4097 non

270 4129 430 4184 simus
457 4129 719 4198 protervi,
744 4146 852 4183 non
880 4130 1073 4195 liberi;
1095 4129 1189 4185 sed
1221 4131 1385 4185 simus
1407 4132 1653 4198 humiles,
1680 4133 1848 4197 lenes,

271 4218 529 4283 aﬂabiles,
556 4234 893 4285 communes,
920 4230 979 4275 ut
1005 4221 1117 4275 Rex
1141 4222 1377 4286 humilis,
1406 4223 1541 4278 alius
1572 4232 1770 4288 tamen,
1798 4226 1850 4279 in

271 4312 420 4367 nobis
443 4311 690 4366 Christus
717 4321 918 4380 regnet.
948 4312 1054 4367 Sed
1088 4322 1145 4368 ut
1168 4314 1305 4367 hanc
1326 4316 1591 4370 salubrem
1623 4326 1848 4370 mortem

273 4403 502 4471 quadam
529 4403 647 4472 spei
678 4403 943 4457 suavitate
968 4403 1252 4471 diligamus
1270 4444 1285 4469 ,
1319 4403 1475 4457 linem
1502 4410 1618 4472 ejus
1662 4405 1848 4459 audia-

276 4510 404 4549 mus.
464 4494 599 4560 Quis
625 4494 767 4548 cnim
799 4508 984 4548 revera
1027 4492 1234 4548 felicior
1260 4504 1343 4549 est
1381 4495 1472 4550 illo
1514 4496 1665 4564 cujus
1707 4512 1851 4549 mors

1960 3316 2065 3359 tum
2090 3322 2291 3370 meum,
2342 3314 2397 3357 ut
2441 3304 2670 3375 diligatis
2712 3303 2924 3357 invicem
2949 3344 2963 3368 ,
3008 3304 3137 3356 sicut
3168 3311 3218 3355 et
3245 3317 3339 3371 ego
3378 3301 3539 3353 dilexi

1956 3415 2041 3452 ros
2071 3397 2251 3467 (Joan.
2286 3413 2397 3461 xm,
2430 3395 2543 3463 54).
2590 3394 2817 3450 Dilectio
2862 3403 3039 3448 autem
3072 3407 3197 3446 vera
3246 3408 3348 3445 non
3392 3390 3539 3444 verba

1954 3497 2035 3544 est
2076 3498 2320 3554 tantum,
2369 3488 2460 3541 sed
2490 3503 2641 3557 opere
2668 3495 2717 3539 et
2744 3487 2955 3539 veritate
2984 3483 3035 3556 (Ι
3075 3484 3237 3538 Joan.
3280 3497 3375 3547 ιιι,
3424 3480 3536 3551 28).

1955 3581 2265 3636 Ιὶνᾱάειιιιιε
2294 3581 2478 3649 itaque
2527 3580 2640 3633 Deo
2685 3586 2872 3633 nostro
2896 3615 2910 3640 ,
2962 3576 3105 3629 Patri
3139 3582 3353 3632 nostro.
3384 3586 3537 3626 suam

1954 3678 2236 3746 imaginem
2266 3676 2575 3729 inviolatam
2604 3674 2654 3727 in
2682 3675 2983 3735 sanctitate,
3011 3670 3136 3739 quia
3174 3669 3263 3722 ille
3309 3675 3529 3721 sanctus

1953 3778 2056 3836 est,
2080 3769 2233 3837 juxta
2265 3766 2393 3820 illud
2421 3782 2437 3821 :
2469 3766 2653 3820 Sancti
2683 3772 2843 3817 estote
2862 3802 2875 3825 ,
2908 3762 3027 3831 quia
3062 3776 3155 3830 ego
3182 3768 3391 3812 sanctus
3422 3772 3535 3809 sum

1954 3860 2097 3929 (Lev.
2133 3875 2205 3926 ιιι,
2231 3857 2335 3923 44;
2371 3856 2398 3911 ι
2429 3855 2574 3909 Petr.
2608 3871 2646 3919 ι,
2680 3853 2771 3925 16)
2807 3872 2819 3905 :
2854 3853 2906 3906 in
2936 3851 3220 3915 charitate,
3253 3848 3378 3916 quia
3400 3846 3535 3901 cha-

1952 3950 2083 4005 ritas
2136 3956 2235 4013 est,
2278 3947 2428 4015 juxta
2481 3944 2610 3999 illud
2670 3940 3106 3997 Joanniszbeus
3166 3938 3395 3992 charitas
3460 3944 3537 3991 est

1953 4041 2007 4113 (Ι
2036 4041 2195 4096 Joan.
2228 4056 2296 4105 tv,
2328 4039 2383 4109 8)
2419 4057 2432 4092 :
2468 4040 2517 4093 in
2550 4038 2753 4109 pietate
2782 4044 2836 4092 et
2860 4036 3107 4102 veritate,
3138 4032 3263 4104 quia
3300 4032 3387 4087 ille
3414 4032 3535 4102 pius

1951 4143 2009 4190 ει
2038 4148 2197 4188 verax
2221 4140 2318 4186 est.

2021 4227 2087 4284 Il.
2118 4226 2195 4281 Ne
2239 4225 2406 4278 simus
2435 4223 2619 4277 aliena:
2649 4221 2893 4289 imaginis
2922 4220 3158 4289 pictores
3193 4236 3206 4271 :
3240 4214 3534 4288 tyranniczc

1954 4318 2096 4373 enim
2126 4315 2368 4383 imaginis
2398 4315 2572 4383 pictor
2596 4320 2696 4374 est,
2724 4311 2813 4379 q'ui
2837 4311 2979 4364 ferus
3000 4316 3102 4371 est,
3128 4306 3218 4376 qui
3246 4303 3535 4360 iracundus

1953 4420 2055 4476 est,
2084 4410 2173 4480 qui
2216 4408 2478 4475 Superbus
2504 4413 2605 4458 est.
2644 4404 2795 4458 Sicut
2822 4403 2963 4455 enim
2997 4399 3122 4455 falsa
3153 4388 3377 4454 scicntia
3404 4397 3535 4465 legi-

1956 4510 2073 4565 tur,
2102 4501 2180 4554 sic
2224 4497 2353 4550 falsa
2386 4496 2543 4549 etiam
2588 4495 2764 4561 imago
2805 4492 3047 4545 umbrata
3098 4488 3533 4559 deprehenditur.

274 4590 373 4644 vita
400 4599 501 4653 est,
531 4589 687 4657 cujus
711 4589 818 4641 vita
849 4586 1092 4643 Christus
1122 4596 1235 4652 est,
1266 4598 1323 4643 et
1359 4588 1608 4643 Salvator
1647 4603 1852 4641 merces
1887 4570 1931 4626 υ
1959 4591 2133 4645 Divisa
2162 4597 2243 4643 est
2272 4589 2414 4642 enim
2448 4585 2643 4639 veritas
2673 4600 2701 4636 a
2731 4583 2981 4648 falsitate,
3008 4580 3213 4649 justitia
3243 4581 3308 4634 ab
3343 4578 3535 4648 iniqui-

276 4688 381 4741 est;
414 4679 499 4732 cui
531 4677 726 4731 emittm
757 4676 1067 4729 humiliatur
1108 4685 1164 4730 et
1210 4677 1490 4743 paradisus
1535 4683 1717 4745 patet;
1764 4676 1849 4730 cui

276 4777 408 4821 terra
439 4766 703 4833 celestis,
734 4776 788 4819 et
820 4765 1057 4819 infernus
1085 4766 1264 4820 clusus
1285 4775 1393 4830 est;
1421 4767 1504 4820 cui
1529 4766 1693 4835 janna
1724 4782 1854 4835 ape-

274 4858 401 4912 ritur
428 4866 484 4912 et
511 4858 622 4910 vita
647 4872 756 4911 nun
785 4856 999 4921 linitur;
1031 4858 1115 4911 cui
1144 4857 1287 4911 Deus
1329 4856 1516 4923 Pater,
1548 4864 1604 4911 et
1630 4857 1851 4925 angelus

275 4950 543 5013 minister;
573 4949 666 5016 qui
697 4948 763 5001 de
792 4948 939 5001 brevi
968 4948 1184 5018 longum
1210 4989 1225 5011 ,
1257 4948 1325 5003 de
1373 4947 1568 5002 misero
1610 4949 1847 5011 beatum,

274 5038 336 5092 de
362 5038 569 5095 caduco
594 5048 876 5102 :clernum,
900 5038 967 5093 de
990 5039 1125 5093 tristi
1153 5040 1350 5101 Letum,
1379 5040 1444 5093 de
1466 5040 1648 5093 humili
1673 5041 1851 5095 excel-

275 5145 407 5192 sum,
444 5130 513 5185 de
546 5138 691 5184 terra
722 5130 936 5195 malum,
964 5131 1032 5185 de
1061 5132 1271 5205 mortali
1302 5130 1493 5199 Deum,
1523 5131 1664 5186 felici
1696 5148 1849 5186 com-

274 5224 472 5278 mercio
501 5222 770 5292 acquirit?
797 5222 852 5277 Si
882 5223 1062 5292 itaque
1099 5224 1379 5292 praesentia
1415 5223 1770 5293 deSpiciamus
1798 5231 1852 5275 et

277 5313 448 5368 futura
494 5313 835 5370 solummodo
887 5328 1229 5382 quaeramus,
1286 5314 1400 5369 hinc
1449 5314 1629 5368 omnia
1691 5328 1848 5382 supra

275 5403 411 5460 dicta
462 5404 516 5459 in
566 5405 759 5459 melius
788 5416 1200 5461 committamus.
1242 5406 1346 5462 Sed
1387 5408 1432 5460 si
1482 5406 1644 5477 (quod
1691 5407 1849 5474 absit)

276 5496 480 5564 potiora
505 5496 847 5551 inferioribus
866 5504 1274 5565 postponamus,
1299 5505 1525 5566 utraque
1550 5498 1664 5553 sine
1686 5497 1848 5551 dubio

277 5588 580 5654 perdemus.
613 5588 975 5655 Quamobrem
1016 5591 1059 5644 si
1098 5605 1217 5644 cum
1264 5588 1389 5645 Jcsu
1440 5591 1601 5643 vitam
1642 5604 1851 5658 qumra-

278 5692 413 5747 mus,
439 5687 467 5717 ιι
496 5687 559 5734 ιιι
585 5680 1050 5735 mortiﬁcationem
1077 5680 1193 5749 ejus
1221 5688 1346 5734 ante
1372 5681 1424 5734 in
1461 5680 1614 5735 nobis
1646 5680 1848 5733 habea-

1961 4690 2089 4743 tate,
2135 4679 2369 4734 charitas
2398 4693 2425 4730 a
2457 4675 2787 4743 malignitate
2812 4714 2826 4738 ,
2858 4673 3133 4742 diligentia
3164 4688 3192 4726 a
3222 4672 3532 4732 securitate,

1957 4775 2180 4846 :cquitas
2209 4789 2237 4826 a
2265 4773 2560 4842 pravitate,
2589 4769 2803 4824 dilectio
2833 4783 2861 4821 a
2890 4767 3233 4821 simulatione
3265 4783 3276 4815 :
3307 4771 3361 4817 et
3392 4771 3533 4815 utra-

1958 4882 2063 4937 que
2092 4864 2349 4932 imagines
2370 4860 2624 4932 quasdam
2651 4860 2701 4912 in
2727 4859 2879 4913 nobis
2906 4858 3150 4927 pingunt,
3175 4855 3274 4910 sibi
3303 4852 3531 4907 invicem

1958 4956 2276 5013 contrarias.
2310 4953 2485 5008 Pietas
2513 4953 2652 5006 enim
2684 4959 2737 5005 et
2766 4949 3030 5018 impietas,
3076 4962 3180 5017 pax
3228 4954 3282 5000 et
3325 4943 3531 4998 discor~

1956 5047 2041 5101 dia
2073 5044 2341 5100 contraria
2373 5043 2469 5096 sibi
2501 5049 2644 5095 sunt.
2688 5039 2764 5093 Nc
2792 5040 2929 5093 forte
2960 5039 3138 5104 itaque
3169 5034 3322 5087 nobis
3354 5042 3531 5102 tyran-

1959 5137 2104 5191 nicas
2132 5133 2531 5189 introducamus
2562 5131 2838 5198 imagines,
2863 5128 3105 5182 Christus
3134 5126 3185 5179 in
3217 5124 3369 5177 nobis
3408 5122 3531 5192 pin-

1954 5237 2044 5294 gat
2095 5240 2245 5279 suam
2293 5223 2618 5291 imaginem,
2674 5221 2763 5288 qui
2813 5220 2982 5289 pinxit
3033 5216 3259 5271 dicendo
3290 5233 3302 5268 :
3336 5214 3530 5267 Pacem

1954 5333 2117 5369 meam
2147 5316 2213 5369 do
2240 5316 2399 5380 vobis,
2423 5330 2599 5383 pacem
2619 5329 2781 5365 meum
2806 5312 3034 5381 relinquo
3055 5310 3192 5363 vobis
3218 5307 3394 5379 (Joan.
3421 5322 3531 5372 xtv,

1954 5407 2067 5479 Q7).
2110 5406 2215 5461 Sed
2245 5407 2370 5475 quid
2412 5406 2631 5475 prodest
2659 5404 2801 5474 quod
2847 5405 3043 5459 scimus
3071 5402 3196 5471 quia
3239 5416 3343 5469 pax
3390 5400 3530 5455 bona

1956 5509 2073 5564 est,
2123 5499 2168 5553 si
2217 5515 2323 5553 non
2371 5500 2508 5552 bene
2555 5498 2837 5553 servetur?
2880 5496 3031 5550 Solet
3073 5493 3215 5548 enim
3267 5492 3529 5562 optimum

1955 5592 2206 5661 quodque
2233 5590 2627 5659 fragilissimum
2659 5589 2801 5656 ﬁeri;
2826 5597 2878 5642 ct
2908 5586 3137 5657 pretiosa
3165 5601 3392 5657 quaeque
3413 5601 3527 5639 ma-

1955 5684 2056 5751 jori
2081 5681 2289 5736 cautela
2311 5689 2365 5735 et
2389 5680 2711 5749 diligentiori
2735 5679 2975 5735 custodia
3000 5678 3238 5747 indigent
3268 5697 3280 5733 :
3309 5677 3529 5747 nituiuut

350 5809 373 5837 ³
406 5800 472 5856 Ut
503 5804 696 5867 mortir.
732 5802 1181 5870 Prtcmittendum,
1210 5821 1334 5873 Opus
1365 5812 1459 5869 est,
1504 5811 1591 5857 aut
1614 5802 1737 5874 quid
1768 5803 1939 5858 simi'e
1968 5817 2180 5856 sensum
2212 5801 2505 5870 comp‘cn=.
