3978 6182
377 343 480 401 251

1608 335 1666 391 S.
1706 331 2098 391 COLUMBANI
2138 333 2425 392 ABBATIS

3534 340 3640 395 252

379 459 524 516 enim
552 455 737 527 fragile
764 459 864 518 est,
893 450 1039 521 quod
1064 448 1169 507 levi
1192 461 1445 506 sermone
1473 449 1736 518 perditur,
1766 455 1822 503 et
1853 448 1961 503 mi-
1987 446 2030 506 Α
2061 448 2323 518 inspirare
2351 451 2598 522 dignetur
2627 453 2882 511 Dominus
2911 462 3094 511 noster
3121 460 3176 509 et
3204 453 3453 510 Salvator
3480 452 3641 512 Jesus

380 551 525 606 nima
569 545 748 602 fratris
792 543 1013 599 laesione
1050 541 1280 613 deperit.
1336 540 1550 596 Nullum
1592 540 1736 595 enim
1786 540 1955 605 laedis,

379 637 593 710 quando
621 637 672 692 ei
698 634 967 700 adulat-is;
997 640 1053 689 et
1081 632 1213 688 nulli
1253 631 1512 688 blandiris
1530 670 1547 698 ,
1577 629 1792 700 quando
1835 645 1959 685 eum

379 728 631 800 despicis.
673 726 769 781 Dic
795 725 937 781 enim
973 724 1144 777 Fatue
1169 723 1385 788 (Matth.
1417 739 1469 788 v,
1500 721 1625 790 22),
1671 730 1726 777 et
1765 737 1958 793 pacem

378 819 615 887 violasti,
646 824 702 873 et
742 831 867 872 reus
898 814 1072 872 factus
1099 830 1159 870 es
1200 816 1478 881 gehennae.
1527 814 1831 870 Cavendum
1877 823 1961 870 est

378 913 564 982 itaque
588 908 931 964 dilectionem
956 904 1250 962 fraternam
1282 904 1618 962 studentibus
1662 904 1956 975 complere,

377 1001 529 1071 loqui
557 1006 617 1054 ut
644 998 815 1061 libet,
857 1004 912 1051 et
939 1011 1038 1065 pro
1062 994 1226 1055 animi
1253 1002 1403 1049 motu
1429 993 1666 1061 linguam
1708 1008 1958 1059 movere;

377 1093 504 1148 dum
535 1105 644 1145 non
670 1088 845 1144 solum
874 1087 944 1141 de
972 1085 1267 1154 injuriosis,
1317 1084 1410 1139 sed
1458 1085 1620 1139 etiam
1661 1084 1731 1139 de
1774 1084 1962 1141 otiosis

378 1180 720 1237 sermonibus
767 1179 1032 1233 rationem
1077 1176 1363 1232 reddemus
1408 1175 1624 1248 (Matth.
1675 1193 1753 1231 xu
1777 1216 1793 1241 ,
1842 1175 1956 1247 56).

380 1273 722 1344 Quapropter
745 1269 1066 1325 studendum
1097 1277 1181 1324 est
1209 1269 1263 1324 in
1287 1268 1470 1343 multis
1492 1268 1832 1324 sermonibus
1854 1283 1963 1323 non

380 1364 679 1432 immorari,
705 1363 799 1420 sed
825 1362 1128 1417 necessaria
1158 1376 1383 1431 quicque
1430 1361 1597 1430 loqui.
1642 1360 1785 1416 Nihil
1817 1361 1961 1415 enim

378 1455 597 1512 suavius
622 1452 950 1519 hominibus,
981 1462 1147 1522 quam
1171 1452 1345 1507 aliena
1373 1451 1520 1520 loqui
1567 1459 1622 1506 et
1661 1452 1835 1506 aliena
1864 1466 1961 1506 cu-

379 1559 503 1600 rare
521 1583 537 1609 ,
569 1552 626 1598 et
653 1542 827 1598 otiosa
856 1542 1055 1613 passim
1098 1542 1263 1599 verba
1295 1541 1557 1613 proferre,
1586 1549 1639 1598 et
1670 1543 1740 1598 de
1769 1543 1965 1599 absen-

383 1637 531 1692 tibus
557 1634 872 1699 detrahere;
917 1641 972 1689 et
1020 1633 1141 1689 ideo
1172 1635 1262 1705 qui
1310 1650 1418 1690 non
1469 1643 1695 1704 possunt
1733 1635 1957 1691 dicere:

379 1722 636 1781 Dominus
661 1724 806 1779 dedit
830 1724 955 1778 mihi
982 1728 1214 1794 linguam
1240 1724 1516 1789 eruditam,
1548 1731 1607 1777 ut
1649 1726 1841 1796 possim
1868 1743 1963 1780 su-

2058 537 2340 604 Christus,
2390 543 2481 612 qui
2535 543 2785 614 dignatus
2838 555 2922 601 est
2967 545 3097 600 dare
3123 584 3138 608 ,
3186 545 3336 616 pacis
3391 545 3642 601 conditor

2059 641 2114 688 et
2142 634 2418 690 charitatis
2446 634 2587 692 Deus
2606 674 2622 702 ,
2650 637 2736 693 cui
2764 637 2935 707 gloria
2977 638 3031 692 in
3071 639 3268 693 saecula
3294 637 3638 694 surculorum.

2061 726 2250 780 Amen.

2563 815 2973 875 l‘NSTRUCTlO
3014 821 3126 876 XII.

2030 906 2141 963 'De
2181 913 2568 981 compunctione
2605 922 2654 966 et
2701 915 2971 984 vigilantia
3013 933 3115 985 qua
3152 914 3354 970 Iudicis
3391 914 3643 971 adtentus

2593 987 2967 1055 exspectandus
3003 996 3099 1040 est.

2130 1092 2171 1149 ι.
2205 1092 2644 1166 Compunctionis
2685 1100 3000 1155 necessariae
3040 1098 3453 1154 insinuationem
3482 1063 3647 1168 stipe-

2063 1182 2296 1239 rioribus
2317 1188 2858 1245 sermocinationibus
2888 1197 3162 1259 utcunque
3203 1204 3494 1261 suggerere
3522 1198 3642 1245 ten—

2064 1272 2313 1337 tavimus,
2338 1283 2394 1329 et
2419 1276 2571 1344 qua~i
2592 1278 2907 1349 soliloquus,
2932 1279 3134 1350 proprii
3164 1281 3306 1345 licet,
3332 1281 3507 1335 omnis
3528 1289 3641 1334 tam

2065 1360 2250 1434 [Forte
2280 1366 2480 1438 tamen]
2526 1369 2703 1425 cordis
2741 1370 3008 1439 ignaviam
3039 1374 3302 1429 suscitare
3328 1373 3593 1428 voluimus
3626 1391 3640 1426 :

2063 1452 2160 1506 sed
2211 1455 2336 1522 quia
2388 1455 2510 1511 lidei
2557 1468 2847 1529 paupertas
2890 1468 2947 1516 et
2992 1463 3171 1517 carnis
3220 1463 3467 1518 voluntas
3514 1478 3640 1519 cum

2064 1542 2248 1599 mundi
2275 1545 2657 1615 cupiditatibus
2702 1550 2818 1606 haec
2862 1554 3275 1623 castigationum
3318 1555 3644 1611 documenta

2066 1633 2247 1703 tepide
2278 1636 2502 1693 audiens
2549 1642 2846 1696 contemnit
2872 1681 2889 1708 ,
2911 1658 3151 1715 persaepe
3179 1645 3370 1701 eadem
3399 1646 3643 1701 iteranda

2066 1737 2228 1780 sunt:
2258 1726 2303 1781 si
2330 1729 2474 1811 enim
2503 1728 2634 1786 [Ides
2659 1729 2820 1787 dubia
2867 1749 2974 1788 non
3002 1741 3186 1802 esset,
3232 1736 3317 1791 vel
3360 1752 3524 1792 unum
3573 1736 3645 1794 de

378 1817 568 1871 stinere
588 1832 703 1871 eum
731 1816 817 1886 qui
845 1814 1014 1868 lassus
1039 1822 1144 1879 est,
1175 1812 1323 1868 verbo
1354 1812 1490 1885 (Isa.
1519 1829 1581 1879 L,
1609 1812 1687 1883 4),
1721 1824 1956 1882 taceant,
1992 1823 2037 1882 Β
2062 1821 2382 1889 supradictis
2420 1823 2586 1879 divini
2627 1812 2828 1882 oraculi
2871 1828 3189 1883 testimoniis
3236 1828 3445 1884 abunde
3488 1828 3646 1886 sulti-

378 1910 507 1965 etsi
540 1908 668 1979 quid
702 1908 915 1973 dicant,
957 1906 1238 1976 pacilicum
1277 1906 1367 1960 sit.
1407 1905 1661 1973 Quamvis
1696 1907 1842 1962 enim
1871 1923 1960 1962 sa-

379 2004 555 2075 piens,
582 2002 757 2057 minus
776 2000 960 2071 paucis
987 1998 1211 2054 oﬂ'endit
1235 1998 1575 2055 sermonibus
1593 2038 1610 2063 ,
1639 2014 1799 2068 quam
1821 2001 1963 2056 mul-

381 2092 450 2148 tis
481 2108 494 2143 :
523 2090 736 2159 quando
764 2089 908 2143 enim
938 2087 1303 2158 unusquisque
1351 2089 1627 2151 mentitur,
1666 2090 1961 2156 maledicit,

381 2177 634 2240 detrahit,
685 2176 923 2246 seipsum
969 2176 1189 2247 proprio
1232 2190 1491 2233 mucrone
1525 2178 1752 2248 jugulat.
1826 2179 1966 2247 Quid

381 2276 563 2324 autem
590 2267 733 2322 aliud
765 2266 921 2321 nobis
958 2266 1160 2323 inimici
1185 2275 1483 2338 optassent,
1527 2269 1628 2323 nisi
1669 2278 1729 2325 ut
1766 2271 1966 2327 nostris

382 2357 548 2411 armis
570 2355 805 2427 propriis
832 2358 1342 2413 succumberemus?
1385 2355 1515 2413 Noli
1560 2361 1849 2425 detrahere,
1890 2363 1965 2416 ait
2034 2374 2042 2378 “

381 2445 692 2518 Scriptura,
742 2461 808 2500 ne
851 2446 1130 2501 eradicen's
1160 2446 1385 2519 (Psalm.
1418 2464 1613 2515 xxxvr,
1647 2449 1698 2515 8,
1732 2449 1807 2518 9).
1835 2450 1967 2506 Vide

381 2536 509 2608 quid
539 2536 817 2591 laboratur
861 2536 915 2590 in
964 2536 1218 2606 operibus
1262 2536 1882 2607 impietatis:habitatio
1911 2547 1968 2594 et

382 2627 665 2699 plantatio,
693 2642 853 2697 quam
878 2627 967 2681 vix
989 2628 1192 2697 magnis
1214 2643 1277 2684 ac
1299 2627 1495 2684 divinis
1521 2629 1795 2686 laboribus
1817 2633 1968 2703 plan-

390 2727 569 2773 tamus
590 2757 608 2783 ,
654 2731 764 2771 uno
807 2716 1156 2772 detractionis
1184 2718 1348 2774 verbo
1377 2719 1710 2788 eradicatur;
1744 2731 1798 2777 et
1823 2725 1968 2792 quod

386 2809 547 2878 longo
574 2807 761 2863 labore
787 2807 876 2863 vix
900 2816 1063 2878 queat
1104 2808 1360 2877 stabiliri,
1391 2811 1547 2866 unius
1575 2815 1838 2869 sermonis
1861 2815 1968 2869 im-

384 2907 511 2969 petu
535 2898 831 2955 subruitur.
862 2898 1061 2955 Caveat
1086 2914 1215 2971 ergo
1242 2903 1629 2973 unusquisque,
1659 2920 1726 2960 ne
1753 2920 1849 2962 sua
1876 2924 1968 2962 ra-

389 2988 482 3048 dix
510 2989 577 3046 de
614 2997 759 3045 terra
813 2989 1102 3046 viventium
1145 2993 1446 3049 eradicetur
1490 3011 1589 3066 pro
1636 2998 1745 3053 odii
1790 2999 1970 3055 detra-

383 3082 582 3138 ctione.
639 3081 828 3138 Nullus
888 3083 1030 3139 enim
1101 3101 1336 3157 unquam
1390 3087 1623 3145 detrahit
1661 3092 1751 3158 ei,
1808 3108 1967 3163 quem

2066 1921 2233 1967 ceret.
2283 1913 2521 1969 Credunt
2565 1931 2694 1986 ergo
2724 1925 2778 1973 et
2807 1934 2920 1987 non,
2937 1920 3184 1987 credunt,
3216 1922 3307 1992 qui
3336 1922 3516 1977 audita
3547 1938 3645 1978 ne-

2064 2002 2298 2072 gligunt;
2331 2005 2568 2074 alioquin
2612 2007 2658 2062 si
2707 1996 2801 2062 tibi
2831 2008 3009 2076 hodie,
3044 2008 3226 2077 Utare,
3253 2012 3469 2081 quidam
3496 2012 3645 2069 dice-

2066 2103 2166 2160 ret,
2194 2096 2337 2164 quod
2360 2095 2526 2166 judex
2552 2099 2734 2154 saeculi
2780 2099 2940 2169 hujus
2976 2101 3090 2156 vult
3117 2111 3170 2157 te
3198 2104 3435 2159 crastino
3462 2105 3644 2159 vivum

2065 2201 2322 2253 exurere;
2352 2188 2499 2259 quid,
2532 2203 2687 2258 rogo,
2717 2191 2813 2246 tibi
2847 2192 3244 2259 sollicitudinis,
3275 2195 3405 2262 quid
3435 2196 3646 2249 timoris

2065 2278 2415 2334 immineret?
2444 2278 2510 2333 Et
2534 2280 2617 2336 his
2644 2281 2875 2347 auditis,
2926 2282 2972 2338 si
3019 2293 3163 2338 esset
3210 2284 3305 2338 tibi
3338 2284 3495 2340 unius
3538 2284 3648 2344 diei

2065 2371 2298 2439 spatium
2345 2370 2574 2428 liberum
2598 2415 2614 2441 ,
2658 2382 2861 2443 quanta
2891 2373 3136 2431 faceres?
3165 2376 3436 2447 quomodo
3466 2376 3650 2431 accla-

2065 2463 2288 2525 mares?
2323 2472 2381 2517 et
2428 2478 2525 2533 per
2572 2478 2709 2534 quos
2737 2465 3113 2522 discurreres?
3140 2448 3302 2536 quam
3346 2468 3563 2523 humilis
3591 2477 3650 2522 et

2066 2565 2231 2620 quam
2263 2552 2452 2623 lugens
2481 2563 2536 2609 et
2563 2556 2815 2613 sordidus
2843 2558 3171 2614 oberrares?
3198 2558 3387 2615 Nonne
3406 2557 3651 2615 ell'unde-

2067 2656 2155 2696 res
2196 2658 2415 2698 omnem
2462 2646 2743 2714 pecuniam
2790 2657 2938 2703 tuam
2988 2649 3040 2702 in
3069 2664 3185 2714 eos,
3217 2664 3447 2718 quorum
3480 2650 3653 2705 inter-

2068 2732 2316 2789 cessione
2360 2734 2591 2792 evadere
2636 2752 2795 2807 posse
2840 2744 2896 2793 te
2938 2738 3233 2794 crederes?
3263 2753 3441 2795 nonne
3466 2740 3651 2795 omnia

2069 2821 2212 2878 bona
2243 2831 2333 2878 tua
2358 2823 2565 2882 faceres
2593 2826 3018 2897 redemptionem
3047 2830 3238 2883 anima:
3266 2837 3369 2883 tum
3414 2838 3469 2884 et
3513 2830 3652 2888 nihil

2071 2930 2398 2986 reservares,
2429 2917 2555 2973 licet
2582 2934 2776 2988 parcus
2803 2930 2859 2976 et
2882 2936 3076 2976 avarus
3105 2937 3290 2989 esses;
3339 2921 3435 2977 sed
3463 2921 3650 2977 omnia

2071 3005 2409 3078 disperderes
2430 3049 2445 3075 ,
2478 3011 2658 3067 omnia
2688 3012 2920 3068 donares
2946 3028 3044 3083 pro
3073 3014 3181 3068 vita
3211 3004 3343 3068 tina?
3369 3005 3437 3066 Et
3464 3014 3509 3069 si
3540 3013 3649 3067 ali-

2070 3099 2191 3169 quis
2211 3108 2265 3154 te
2291 3101 2569 3158 retardare
2595 3111 2689 3158 aut
2713 3104 2973 3175 impedire
3001 3105 3289 3162 tentaverit
3305 3146 3322 3172 ,
3358 3120 3539 3161 nonne
3562 3106 3649 3161 di—

383 3171 593 3241 diligit;
657 3172 921 3230 detractio
984 3177 1128 3231 enim
1154 3218 1171 3245 ,
1230 3178 1339 3234 odii
1403 3180 1791 3251 primogenitus
1845 3196 1926 3242 est
1950 3227 1968 3253 ,
1998 3185 2044 3247 C
2075 3203 2227 3245 ceres
2250 3208 2265 3245 :
2289 3192 2521 3248 Pereant
2543 3195 2723 3251 omnia
2746 3171 2843 3265 pro
2871 3196 3044 3251 salute
3063 3212 3203 3264 mea,
3226 3212 3294 3253 ne
3320 3195 3503 3270 [Forte
3523 3194 3652 3267 nec]

383 3272 436 3317 et
480 3262 602 3317 ideo
652 3263 774 3317 talis
823 3266 991 3333 patris
1040 3265 1179 3324 ﬁlius
1224 3269 1415 3325 merito
1452 3273 1806 3332 eradicandus
1843 3279 1967 3333 erit.

456 3353 542 3408 lll.
576 3353 884 3409 Periculosa
923 3356 1185 3413 habitatio
1207 3398 1223 3423 ,
1255 3359 1555 3417 cbarissimi
1578 3403 1594 3429 ,
1625 3365 1677 3418 in
1717 3382 1823 3436 qua
1868 3368 1968 3425 ista

384 3459 493 3500 non
522 3444 780 3498 vitantur.
815 3444 876 3499 Si
898 3446 1074 3515 enim,
1108 3456 1165 3501 ut
1191 3449 1268 3503 ait
1296 3450 1615 3521 Apostolus,
1645 3456 1859 3510 invicem
1887 3459 1970 3512 in-

384 3535 568 3590 videtis
605 3546 655 3591 et
693 3535 910 3593 inuicem
955 3541 1233 3612 mordetis,
1262 3544 1476 3602 invicem
1500 3548 1789 3615 detrahitis,
1821 3552 1965 3618 dico,

383 3630 547 3685 uidete
568 3647 632 3686 ne
650 3629 714 3684 ab
733 3632 944 3688 inuicem
970 3638 1342 3693 consumamini
1368 3637 1511 3710 (Gal.
1536 3657 1588 3711 v,
1611 3642 1725 3713 15).
1747 3641 1804 3699 Si
1825 3644 1968 3700 enim

382 3721 467 3791 qui
494 3736 598 3775 non
626 3721 815 3792 diligit,
838 3724 893 3780 in
919 3733 1082 3780 morte
1106 3736 1183 3781 est
1211 3726 1266 3798 (I
1285 3727 1441 3784 Joan.
1464 3747 1548 3801 ut,
1574 3730 1660 3799 M)
1679 3774 1694 3799 ,
1736 3735 1828 3790 ubi
1867 3736 1971 3791 erit

383 3809 473 3877 qui
499 3810 772 3866 detrahit?
798 3810 1074 3885 Lacrymis
1102 3816 1154 3871 in
1183 3817 1265 3873 his
1294 3834 1429 3889 opus
1450 3823 1634 3891 magis,
1662 3839 1822 3893 quam
1848 3843 1970 3881 ver-

384 3898 467 3954 bis
494 3906 597 3955 est.
634 3898 770 3966 Quid
800 3901 943 3956 enim
984 3904 1037 3958 di
1062 3905 1294 3974 igentius
1317 3947 1333 3973 ,
1382 3911 1578 3979 quidve
1607 3913 1969 3972 abundantius

385 3988 474 4044 lex
503 3987 595 4045 Dei
626 3993 934 4059 mandavit,
966 4009 1127 4064 quam
1154 3997 1538 4055 dilectionem?
1565 4000 1633 4056 Et
1661 4018 1784 4060 raro
1815 4005 1968 4063 inve-

384 4082 468 4136 nis
487 4097 815 4153 quemquam
836 4086 916 4142 sic
936 4087 1241 4144 facientem.
1267 4090 1404 4157 Quid
1427 4092 1663 4151 dicemus
1687 4113 1784 4167 pro
1806 4115 1971 4155 excu-

383 4176 640 4232 satione?
692 4177 942 4250 Nunquid
990 4192 1276 4250 possumus
1344 4186 1523 4243 dicere
1574 4206 1588 4243 :
1639 4190 1966 4250 laboriosum

383 4268 506 4319 est?
536 4267 726 4325 durum
770 4271 890 4325 est?
928 4270 1044 4327 Non
1076 4280 1159 4327 est
1184 4273 1340 4329 lahor
1367 4276 1583 4334 dilectio
1613 4297 1626 4334 :
1657 4281 1776 4351 plus
1804 4300 1969 4343 suave

384 4363 486 4421 est,
511 4357 628 4426 plus
654 4361 914 4417 medicale
934 4370 1035 4429 est,
1060 4364 1179 4435 plus
1201 4367 1415 4424 salubre
1435 4379 1518 4425 est
1542 4374 1693 4428 cordi
1722 4375 1964 4436 dilectio.

385 4446 445 4501 Si
476 4448 617 4502 enim
646 4452 788 4508 vitiis
816 4453 1126 4525 languidum
1157 4474 1263 4515 non
1291 4460 1455 4517 luerit
1481 4479 1595 4531 cor,
1625 4467 1794 4538 ipsius
1822 4473 1967 4528 sani-

2072 3280 2365 3351 quidquam
2408 3293 2716 3352 remaneat;
2747 3293 2955 3342 tantum
2987 3290 3194 3343 vivam?
3226 3287 3339 3344 Hoc
3371 3302 3537 3357 quare
3564 3286 3654 3341 fa-

2071 3374 2260 3427 ceres?
2287 3372 2419 3439 Quia
2441 3388 2549 3429 non
2570 3375 2841 3431 dubitares
2862 3376 3310 3449 [Prwmittendum
3332 3377 3480 3449 quin]
3495 3378 3655 3446 juxta

2072 3465 2397 3522 severissimi
2420 3464 2628 3523 Judicis
2652 3470 2976 3523 sententiam
3003 3469 3244 3526 ardores.
3268 3470 3369 3526 llic
3388 3485 3522 3526 vero
3546 3468 3658 3527 du-

2069 3553 2242 3620 bitas,
2284 3555 2428 3624 quod
2458 3570 2618 3624 quam
2662 3558 2770 3614 cito
2816 3557 3050 3613 futurum
3095 3558 3205 3628 sit,
3246 3559 3496 3628 ignoras;
3539 3574 3657 3616 non

2073 3644 2251 3701 nescis
2278 3654 2458 3700 tamen
2488 3646 2727 3702 futurum
2747 3689 2762 3713 ,
2795 3647 2924 3703 licet
2969 3649 3212 3719 negligis.
3262 3648 3657 3719 Erpergiscen-

2070 3734 2197 3790 dum
2227 3748 2355 3805 ergo
2385 3744 2502 3803 est,
2533 3738 2859 3807 vigilandum
2886 3746 2998 3803 est,
3031 3740 3293 3794 orandum
3331 3748 3414 3795 est
3434 3780 3450 3807 ,
3502 3739 3656 3808 juxta

2071 3825 2368 3884 Salvatoris
2396 3832 2565 3886 nostri
2595 3828 2719 3886 Jesu
2746 3830 2941 3887 Christi
2982 3830 3078 3887 Dei
3118 3832 3286 3887 nostri
3325 3840 3655 3903 praeceptum

2069 3916 2298 3973 dicentis
2330 3936 2343 3972 :
2374 3920 2630 3975 Attendite
2663 3932 2833 3977 autem
2873 3924 3046 3988 vobis,
3092 3940 3155 3977 ne
3199 3925 3332 3994 forte
3372 3931 3658 3993 graventur

2068 4010 2227 4063 corda
2252 4020 2417 4066 vestra
2445 4014 2657 4083 crapula
2682 4026 2731 4068 et
2756 4015 3019 4083 ebrietate,
3041 4026 3088 4071 et
3108 4017 3244 4070 curis
3265 4017 3417 4087 hujus
3444 4018 3579 4080 uitat,
3601 4024 3659 4071 et

2068 4103 2387 4163 superveniat
2410 4102 2460 4155 iu
2484 4119 2570 4157 vos
2591 4106 2698 4159 dies
2719 4105 2810 4159 illa
2832 4108 3097 4176 repentina
3119 4122 3136 4160 :
3159 4115 3404 4177 tanquam
3441 4106 3656 4176 laqueus

2070 4190 2205 4243 enim
2235 4194 2551 4261 superveniet
2592 4196 2649 4249 in
2695 4212 2904 4261 omnes,
2944 4186 3029 4268 qui
3064 4198 3243 4251 sedent
3270 4214 3422 4268 super
3462 4198 3654 4268 [aciem

2071 4283 2237 4335 omnis
2267 4290 2436 4337 terrm.
2476 4284 2698 4355 Vigilute
2726 4288 2896 4359 itaque
2925 4290 3065 4341 omni
3111 4298 3367 4359 tempore,
3408 4299 3460 4341 ut
3506 4289 3656 4360 digni

2069 4369 2360 4427 habeamiui
2382 4373 2603 4445 eﬂ'ugere
2624 4376 2722 4429 ista
2746 4377 2919 4430 omnia
2940 4393 3056 4446 quae
3079 4378 3254 4447 futura
3279 4385 3419 4447 sunt,
3440 4386 3488 4431 et
3512 4386 3656 4431 stare

2082 4470 2202 4517 ante
2230 4461 2424 4517 Filium
2453 4466 2675 4520 hominis
2706 4465 2856 4536 (Luc.
2889 4484 2999 4535 xxi,
3023 4462 3234 4538 54-56).

386 4545 471 4592 tas
497 4538 712 4596 dilectio
739 4553 841 4611 est,
869 4553 924 4600 et
946 4548 1091 4616 quod
1122 4548 1231 4605 Deo
1261 4552 1482 4610 charum
1511 4558 1611 4613 sit:
1640 4560 1771 4616 nihil
1792 4577 1971 4620 autem
2002 4561 2053 4621 D
2148 4552 2213 4611 Π·
2244 4555 2302 4610 Si
2329 4557 2442 4612 hinc
2484 4557 2763 4612 andiamus
2787 4566 2843 4614 ει
2875 4558 3161 4621 credimus,
3206 4557 3363 4613 ﬁdem
3412 4567 3656 4613 "03mm

292 4642 305 4659 ·
388 4629 502 4686 Deo
517 4630 634 4701 plus
649 4632 867 4688 charum
889 4645 1156 4705 est,quam
1172 4641 1702 4716 dilectio,spiritunlis
1716 4654 1969 4724 maxime;

388 4734 512 4775 cum
529 4735 642 4776 sua:
665 4724 794 4791 legis
812 4733 865 4780 et
884 4729 1121 4783 omnium
1140 4735 1512 4793 mandatorum
1530 4755 1748 4798 suorum
1764 4762 1969 4804 summa

387 4810 459 4864 sit
484 4809 640 4879 juxta
669 4812 797 4867 illud
822 4815 1067 4884 Apostoli
1100 4837 1113 4872 :
1147 4819 1248 4885 Qui
1271 4835 1440 4880 autem
1461 4828 1631 4901 diligit
1652 4837 1968 4905 proximum,

389 4900 551 5000 legem
578 4902 803 5000 implevit
834 4905 1010 5000 (liam.
1035 4926 1147 4978 xm,
1180 4912 1257 4983 8).
1291 4915 1393 4982 Qui
1416 4900 1746 4995 verolegem
1776 4900 1969 5000 imple;

389 4991 468 5045 vit
495 4992 675 5047 studio
704 4993 1028 5064 dilectionis,
1057 5001 1221 5057 habet
1250 5007 1409 5063 vitam
1438 4991 1715 5083 aeternam,
1747 4991 1886 5075 sicut
1914 5032 1972 5078 et

388 5082 626 5141 Joannes
653 5086 783 5142 dicit
815 5107 827 5141 :
862 5088 1100 5162 Fratres,
1136 5098 1326 5153 scimus
1353 5106 1594 5172 quoniam
1622 5108 1687 5162 de
1702 5082 1875 5166 morte
1901 5115 1970 5167 ad

390 5175 548 5228 vitam
581 5180 946 5247 transivimus,
977 5187 1097 5254 quia
1141 5187 1401 5260 diligimus
1443 5196 1632 5265 fratres
1663 5214 1682 5252 :
1710 5207 1798 5271 qui
1824 5204 1970 5259 enim

328 5332 332 5347 '
388 5285 493 5324 non
521 5270 711 5341 diligit,
736 5274 789 5328 in
817 5284 980 5330 morte
1002 5287 1096 5335 est.
1122 5279 1184 5334 Si
1207 5283 1320 5353 quis
1344 5294 1516 5340 autem
1537 5289 1646 5343 odit
1663 5330 1679 5356 ,
1713 5292 1972 5351 homicida

389 5370 485 5416 est.
521 5360 681 5416 Scitis
708 5373 895 5432 autem,
927 5370 1047 5437 quia
1076 5372 1243 5427 omnis
1265 5374 1523 5432 homicida
1563 5396 1667 5434 non
1711 5383 1859 5438 habet
1897 5390 1975 5442 vi-

394 5456 500 5547 tam
531 5460 780 5509 retentam
824 5457 878 5510 in
908 5474 961 5511 se
989 5470 1278 5517 manentem
1307 5463 1361 5534 (I
1389 5465 1545 5520 Joau.
1578 5485 1670 5537 ut,
1721 5470 1815 5539 Μ,
1862 5475 1974 5547 l5).

394 5536 501 5593 Aut
528 5556 659 5610 ergo
690 5546 817 5600 nihil
848 5550 1113 5618 agendum
1142 5561 1224 5607 est
1246 5595 1258 5616 ,
1307 5555 1405 5609 nisi
1445 5536 1692 5627 dilectio;
1723 5536 1816 5619 aut
1843 5536 1977 5626 nihil

391 5629 716 5727 sperandum
746 5642 848 5703 est,
880 5636 981 5693 nisi
1013 5655 1168 5710 poena
1196 5658 1209 5697 :
1237 5642 1514 5701 Plenitudo
1537 5650 1673 5705 enim
1699 5654 1827 5725 legis
1855 5658 1979 5712 cha-
2070 5652 2254 5711 losum
2282 5656 2549 5713 Christum
2579 5656 2767 5712 Filium
2796 5629 2952 5713 suum
2982 5658 3376 5726 infatigabiliter
3404 5629 3665 5727 depreceo

393 5717 525 5772 ritas
550 5717 727 5791 (Rom.
753 5740 865 5795 xm,
895 5727 974 5799 8),
1006 5745 1165 5801 quam
1190 5734 1345 5793 nob's
1374 5736 1462 5793 ille
1492 5740 1609 5810 pius
1640 5717 1976 5807 abundanter

2072 4654 2348 4725 vigilantia
2377 4664 2561 4710 nostra
2590 4654 2874 4722 ostendet,
2902 4670 2965 4711 ac
2991 4655 3244 4711 discussis
3285 4655 3653 4724 squalentibus

2075 4755 2237 4816 atque
2275 4744 2537 4815 torpentis
2564 4746 2825 4800 mortiferi
2853 4746 3052 4815 teporis
3094 4745 3423 4815 torporibus,
3461 4762 3656 4802 sensus

2075 4849 2289 4893 nostros
2318 4836 2528 4891 Domini
2549 4835 2845 4891 Salvatoris
2872 4838 3139 4890 sententia
3165 4836 3361 4904 vibret,
3387 4845 3443 4891 ut
3472 4838 3655 4892 otnui-
3690 4837 3698 4879 ἱ

2073 4928 2174 4984 bus
2203 4928 2345 4983 curis
2364 4927 2680 4982 mortalibus
2707 4926 2983 4999 depositis,
3014 4928 3183 4997 parati
3214 4943 3426 4997 semper
3452 4928 3657 4993 simus;

2074 5027 2450 5088 exspectantes
2476 5018 2680 5074 scilicet
2709 5018 2878 5073 ultimi
2917 5017 3025 5073 diei
3073 5017 3361 5072 adventum
3386 5057 3401 5081 ,
3433 5033 3540 5085 quo
3561 5025 3659 5071 aut

2073 5121 2232 5176 poena
2277 5114 2371 5162 aut
2398 5106 2566 5177 gloria
2595 5121 2695 5162 nos
2732 5107 3014 5177 suscipiet;
3046 5116 3312 5175 acuatqne
3352 5107 3658 5162 animorum

2074 5207 2379 5253 nostrorum
2430 5198 2573 5254 acies
2617 5196 2956 5268 supradictus
3010 5198 3219 5252 Domini
3270 5213 3489 5263 sermo,
3543 5212 3659 5266 qun

2074 5302 2175 5342 nos
2202 5287 2482 5356 vigilantes
2519 5296 2575 5343 et
2603 5298 2822 5345 orantes
2843 5288 3044 5358 jugiter
3071 5304 3190 5344 esse
3215 5288 3428 5352 docuit,
3461 5299 3519 5342 ut
3548 5303 3659 5357 non

2076 5378 2244 5434 simus
2286 5379 2438 5447 quasi
2487 5379 2769 5436 credentes
2792 5422 2810 5449 ,
2836 5388 2891 5435 ct
2918 5396 3025 5435 non
3055 5380 3336 5436 credentes
3359 5421 3376 5446 ,
3420 5388 3474 5435 et
3502 5377 3659 5447 quasi

2076 5471 2359 5527 audientes
2382 5480 2436 5527 et
2464 5487 2571 5527 non
2601 5472 2883 5529 audientes
2916 5492 2928 5527 :
2962 5481 3018 5527 et
3044 5472 3087 5526 D
3123 5474 3139 5526 i
3170 5473 3241 5543 pii
3272 5480 3328 5526 et
3364 5471 3491 5526 boni
3518 5466 3661 5537 incf-

2073 5560 2289 5618 fabilem
2314 5563 2738 5620 misericordiam
2766 5564 2835 5619 de
2866 5563 3132 5635 profundo
3154 5565 3334 5620 cordis
3359 5563 3528 5619 nostri
3560 5577 3661 5631 per

2075 5765 2214 5815 mur,
2250 5765 2520 5819 rogemus,
2551 5766 2770 5808 oremus
2794 5789 2808 5815 ,
2840 5761 2895 5807 ut
2924 5752 2995 5806 ita
3030 5751 3182 5806 nobis
3221 5767 3370 5807 suam
3410 5748 3662 5806 dilectio-

3677 4633 3701 4677 ί

3690 4692 3697 4699 ρ
