3932 6184
297 348 407 406 235

1217 338 1762 397 INSTIIUCTIONES
1804 336 2036 392 VAle
2077 338 2229 395 SIVE
2264 339 2653 397 SEIISIONES.

3462 341 3567 400 25!

299 477 423 515 nem
456 458 721 528 inspirare
751 456 999 525 dignetur
1021 495 1038 522 ,
1071 460 1127 507 ut
1172 470 1271 508 nos
1300 455 1349 510 ei
1380 455 1431 508 in
1461 463 1720 508 mter-num
1759 469 1890 507 con-
1918 454 1969 511 A
1996 456 2047 508 in
2091 456 2455 525 superioribus
2494 456 2603 525 jam
2652 456 2743 511 diu
2784 456 3152 527 ostendimus;
3181 470 3238 516 et
3264 461 3390 520 licet
3418 464 3559 521 forte

299 552 523 621 jungat,
580 546 1011 616 inseparabiliter
1047 544 1416 612 conglutinet,
1461 543 1623 597 humo
1676 543 1889 608 elevet,

297 641 437 698 malo
490 640 665 694 societ
710 637 926 692 interim
976 652 1165 691 sensus
1192 644 1432 701 nostros,
1464 635 1699 705 quandiu
1726 636 1891 688 simus

296 737 351 790 in
382 735 491 788 hoc
521 731 714 785 mortis
738 742 970 798 corpore
998 728 1307 792 constituti;
1341 736 1500 794 atque
1542 727 1619 782 sic
1647 726 1765 795 ejus
1796 725 1891 779 ad-

296 834 519 880 ventum
570 823 687 877 siue
735 818 953 888 querela
982 825 1357 888 exspectemus
1382 859 1396 882 ,
1427 834 1535 886 quo
1560 819 1609 871 ei
1640 834 1764 873 cum
1794 833 1891 887 ap-

299 915 570 987 paruerit,
601 927 722 968 cum
752 910 945 980 gaudio
962 919 1219 978 etmagna
1247 910 1527 964 cbaritatis
1559 909 1753 963 fiducia
1778 908 1891 977 pla—

299 1013 488 1059 centes
531 1016 898 1058 occurramus.
929 998 1101 1065 Quam
1144 1000 1305 1065 beati,
1330 1015 1491 1068 quam
1540 1000 1721 1054 felices
1760 1000 1891 1053 servi

303 1094 420 1159 illi,
463 1110 588 1164 quos
621 1108 735 1145 cum
786 1093 984 1145 venerit
1029 1091 1315 1159 Dominus,
1357 1092 1578 1145 inveniet
1622 1091 1891 1161 vigilantes

305 1188 455 1259 (Luc.
484 1204 578 1253 xu,
610 1186 733 1254 37)!
769 1187 931 1241 Beata
958 1187 1167 1255 vigilia,
1201 1201 1304 1256 qua
1336 1186 1401 1240 ad
1430 1186 1599 1240 Deum
1639 1182 1895 1238 universi-

305 1280 431 1334 tatis
458 1287 762 1342 auctorem,
793 1278 973 1331 omnia
1004 1277 1315 1347 implentem
1340 1286 1393 1331 et
1421 1276 1600 1331 omnia
1628 1275 1893 1330 exceden-

306 1380 438 1438 tem,
458 1369 727 1436 vigilatur.
758 1367 973 1422 Utinam
996 1384 1083 1423 me
1108 1383 1342 1438 quoque,
1370 1368 1529 1422 vilem
1556 1368 1699 1431 licet,
1731 1382 1888 1422 suum

306 1472 488 1516 tamen
539 1462 843 1525 servulum,
873 1462 946 1515 ita
977 1462 1292 1531 dignaretur
1339 1462 1404 1516 de
1457 1478 1646 1517 somno
1693 1462 1894 1515 inerti-.1:

308 1555 550 1610 excitare
576 1592 589 1615 ,
623 1552 691 1606 ita
724 1554 816 1607 illo
845 1553 1038 1607 divina:
1083 1553 1361 1607 charitatis
1414 1552 1533 1620 igne
1580 1552 1894 1614 accendere,

313 1663 420 1717 quo
450 1661 615 1716 supra
639 1644 813 1700 sidera
831 1645 1211 1699 exardesceret
1238 1658 1347 1697 suae
1368 1643 1647 1698 charitatis
1664 1641 1895 1706 flamina,

310 1752 419 1792 sure
451 1736 629 1789 nimia:
659 1735 963 1790 dilectionis
993 1734 1348 1799 desiderium,
1394 1748 1715 1803 semperque
1759 1732 1895 1786 divi-

1994 546 2261 617 superllua
2316 548 2435 602 aliis
2484 547 2727 602 videatur
2772 548 2873 603 ista
2923 557 3108 606 nostra
3158 552 3491 623 loquacitas,
3532 577 3562 614 a

1996 639 2149 691 nobis
2178 644 2355 692 tamen
2387 647 2686 709 opportune
2716 641 2867 695 nobis
2893 657 3070 698 sermo
3099 653 3247 700 ortus
3270 661 3390 702 esse
3419 647 3572 703 duci-

1997 736 2083 781 tur
2115 746 2127 780 :
2159 744 2265 784 non
2296 729 2437 783 enim
2470 738 2574 783 tam
2603 730 2829 784 alienam
2855 771 2869 795 ,
2900 746 3058 800 quam
3112 735 3383 804 propriam
3422 737 3572 791 cxci~

1997 825 2109 872 tare
2151 833 2409 873 conamur
2456 820 2752 886 ignaviam;
2786 835 2847 875 ac
2872 820 3089 890 insuper
3116 826 3361 890 quamvis
3391 827 3568 881 minus

1994 908 2247 976 perfectis
2292 911 2620 979 sapientibus
2671 910 2991 967 satisfecerit
3032 912 3132 967 ista
3162 917 3465 984 excogitata
3499 933 3567 972 ex

1996 1007 2147 1069 parte
2174 1001 2458 1069 sapientia,
2487 1002 2863 1072 incipientibus
2884 1012 3080 1068 tamen,
3106 1020 3171 1059 ac
3198 1014 3396 1062 nostra:
3424 1024 3575 1063 men-

1994 1105 2132 1143 sura:
2162 1090 2353 1160 tepidis
2381 1093 2679 1146 necessaria
2709 1102 2763 1147 et
2791 1094 2920 1147 satis
2962 1102 3087 1163 apta
3116 1094 3402 1149 videbitur.
3435 1097 3570 1162 Quia

1994 1179 2140 1247 quod
2168 1188 2327 1235 nocet
2354 1184 2634 1247 abscondi,
2669 1183 2812 1252 quod
2841 1194 2999 1239 nocet
3025 1186 3188 1251 sileri,
3223 1202 3328 1240 non
3361 1189 3577 1257 expedit

1996 1277 2199 1337 tegere,
2228 1285 2398 1337 neque
2426 1271 2639 1340 expedit
2659 1281 2871 1338 tacere;
2899 1273 3021 1328 inde
3041 1276 3183 1328 enim
3206 1275 3395 1330 melius
3419 1278 3575 1333 nobis

1995 1361 2140 1429 loqui
2169 1362 2338 1417 visum
2370 1371 2451 1418 est
2473 1404 2487 1428 ,
2537 1364 2827 1433 quamlibet
2874 1365 3143 1434 impolite,
3178 1380 3338 1435 quam
3369 1368 3528 1422 silere
3561 1387 3575 1423 :

1995 1454 2191 1507 etenim
2223 1468 2280 1507 re
2307 1470 2432 1507 vera
2462 1455 2623 1507 tutius
2652 1454 2717 1509 de
2749 1456 2862 1509 istis
2887 1499 2902 1522 ,
2933 1472 3092 1524 quam
3128 1466 3219 1511 aut
3263 1458 3330 1512 de
3373 1457 3579 1513 frivolis

1996 1542 2145 1608 aliis,
2189 1552 2280 1597 aut
2308 1544 2374 1598 de
2398 1545 2583 1599 otiosis
2612 1546 2974 1601 scrmocinare
2998 1546 3371 1615 judicavimus.
3394 1548 3580 1618 Itaque

1997 1631 2191 1695 adhuc,
2216 1630 2734 1698 fratrescharissimi,
2754 1635 2911 1687 dictis
2925 1636 3122 1690 nostris
3145 1650 3301 1691 aures
3323 1637 3577 1705 prasbetc,

2001 1722 2152 1790 quasi
2196 1722 2394 1792 aliquid
2422 1724 2780 1778 necessarium
2818 1724 3087 1791 audituri,
3132 1733 3187 1779 et
3218 1726 3382 1780 animi
3417 1728 3579 1780 vestri

311 1844 408 1882 nus
461 1827 599 1897 ignis
655 1826 793 1882 intra
846 1841 932 1881 me
981 1825 1214 1880 arderet.
1268 1823 1481 1879 Utinam
1522 1825 1647 1878 illud
1690 1825 1886 1892 lignum
1920 1809 1966 1868 B
1994 1815 2136 1867 sitim
2168 1813 2331 1868 divini
2354 1813 2515 1870 fontis
2541 1814 2698 1869 undis
2722 1815 2789 1869 de
2815 1830 2923 1883 quo
2950 1832 3093 1870 nunc
3111 1817 3291 1872 dicere
3313 1818 3580 1887 cupimus,

311 1918 582 1983 haberem,
607 1916 751 1985 quod
780 1916 871 1971 ille
900 1915 1250 1985 ignisjugiter
1277 1915 1536 1969 alteretur
1566 1913 1749 1987 [Forte
1777 1914 1891 1967 ale-

312 2008 500 2079 retur],
546 2013 897 2077 pasceretur,
949 2004 1392 2070 succenderetur;
1442 2014 1496 2059 et
1544 2005 1630 2058 illa
1683 2004 1893 2057 ﬂamma

312 2098 623 2160 nutriretur,
653 2110 772 2164 qua:
826 2093 1092 2163 exstingui
1146 2095 1398 2158 nesciret,
1443 2103 1498 2148 et
1550 2094 1735 2163 augeri
1786 2109 1892 2147 non

312 2187 562 2241 nesciret.
597 2184 812 2239 Utinam
837 2185 956 2239 talis
977 2199 1149 2239 essem
1179 2186 1402 2249 meritis,
1437 2193 1494 2239 ut
1524 2200 1641 2238 mea
1674 2185 1893 2239 lucerna

312 2292 522 2345 semper
569 2284 729 2331 nocte
780 2276 833 2329 in
892 2276 1093 2344 templo
1145 2275 1354 2329 Domini
1412 2276 1517 2329 mei
1570 2274 1805 2341 arderet,
1838 2285 1895 2329 ut

311 2369 557 2424 uninibus
586 2367 803 2422 domum
830 2366 920 2421 Dei
953 2367 1056 2421 mei
1089 2367 1415 2421 intrantibus
1445 2367 1667 2421 luceret.

380 2459 464 2511 Ill.
502 2458 765 2524 Domine,
816 2458 881 2510 da
932 2458 1060 2511 mihi
1086 2497 1101 2522 ,
1132 2472 1263 2526 rogo
1294 2467 1347 2512 te
1372 2500 1386 2524 ,
1414 2458 1467 2511 in
1511 2459 1726 2513 nomine
1770 2457 1896 2514 Jesu

313 2549 503 2603 Christi
535 2545 653 2602 Filii
683 2548 759 2601 tui
784 2589 798 2613 ,
833 2547 924 2601 Dei
969 2548 1072 2601 mei
1099 2588 1116 2614 ,
1146 2547 1288 2602 illam
1332 2562 1450 2615 qua:
1504 2548 1675 2603 nescit
1703 2548 1898 2604 cadere

315 2640 625 2694 charitatem
645 2680 660 2703 ,
702 2646 759 2691 ut
785 2653 901 2691 mea
930 2637 1147 2692 lucerna
1178 2638 1400 2694 accendi
1428 2639 1561 2692 sciat
1585 2678 1600 2704 ,
1628 2640 1896 2707 exstingui

314 2729 552 2793 nesciat;
602 2728 731 2783 mihi
776 2728 995 2793 ardeat,
1052 2728 1168 2782 aliis
1221 2728 1414 2782 luceat.
1465 2728 1583 2796 Tu,
1641 2728 1896 2797 Christe,

315 2821 557 2875 lucernas
578 2830 790 2875 nostras
811 2820 1104 2876 accendere
1124 2819 1355 2887 digneris
1372 2862 1386 2886 ,
1410 2821 1716 2876 dulcissime
1746 2820 1900 2877 nobis

316 2912 565 2966 Salvator
612 2920 824 2976 noster,
874 2927 993 2981 qua:
1043 2920 1303 2982 perpetuo
1332 2912 1543 2967 luceant
1590 2913 1641 2967 in
1695 2914 1898 2982 templo

315 3010 428 3069 tuo,
458 3017 522 3055 ac
542 3016 781 3070 perenne
803 3002 980 3055 lumen
1008 3016 1036 3054 a
1061 3009 1113 3055 te
1134 3001 1354 3071 perenni
1381 3002 1581 3055 lumine
1606 3002 1893 3071 accipiant,

316 3101 369 3144 ut
396 3090 635 3145 tenebrae
665 3099 862 3145 nostra:
889 3091 1257 3147 illuminentur
1279 3132 1293 3155 ,
1326 3091 1508 3144 mundi
1539 3100 1713 3144 autem
1744 3100 1896 3147 tene-

1997 1902 2325 1969 refocillate,
2382 1904 2479 1961 sed
2528 1921 2635 1959 non
2683 1906 3037 1974 exstinguite;
3079 1907 3284 1972 bibite,
3334 1910 3430 1964 sed
3472 1924 3579 1964 non

1996 1994 2303 2058 satiamini,
2346 1992 2454 2062 jam
2501 1995 2641 2047 enim
2690 2002 2847 2049 vocat
2873 2009 2972 2049 nos
3002 1996 3066 2047 ad
3111 2010 3170 2051 se
3214 1995 3356 2050 Fons
3387 1997 3577 2061 vivus,
3620 1986 3623 1991 ’

1998 2083 2140 2137 Fons
2168 2083 2321 2149 vitm,
2350 2091 2403 2136 et
2432 2083 2561 2137 dicit
2589 2100 2602 2135 :
2638 2081 2739 2147 Qui
2778 2084 2886 2136 sitit
2925 2086 3093 2137 veniat
3119 2085 3188 2137 ad
3216 2102 3296 2138 me
3316 2127 3330 2151 ,
3363 2096 3411 2138 et
3440 2085 3580 2139 bibat

1998 2175 2177 2245 (Joan.
2210 2191 2299 2241 vn,
2328 2174 2440 2245 57).
2468 2176 2605 2241 Quid
2633 2174 2829 2229 bibatis
2853 2214 2868 2239 ,
2908 2175 3206 2244 intelligite.
3241 2176 3391 2230 Dicat
3430 2177 3581 2232 vobis

1996 2267 2160 2320 Isaias
2192 2265 2341 2337 (Leg.
2389 2264 2695 2335 Jeremias),
2736 2266 2880 2321 dicat
2924 2266 3075 2321 vobis
3126 2252 3268 2320 Fons
3298 2269 3411 2336 ipse
3443 2284 3455 2318 :
3489 2265 3581 2319 Me

1998 2369 2165 2413 autem
2190 2359 2562 2429 dereliquemnt
2588 2358 2809 2413 Fontcm
2827 2375 2974 2430 aqua:
2994 2360 3137 2425 vivet,
3174 2359 3298 2411 dicit
3328 2357 3579 2410 Dominus

2000 2448 2131 2518 (Jer.
2160 2466 2216 2513 ιι,
2252 2448 2360 2517 15).
2392 2449 2647 2502 Dominus
2677 2463 2805 2517 ergo
2852 2449 2966 2518 ipse
2987 2487 3001 2511 ,
3032 2448 3171 2500 Deus
3211 2456 3394 2500 noster
3421 2445 3579 2500 Iesus

1999 2538 2259 2603 Christus,
2289 2547 2372 2593 est
2412 2537 2555 2594 Fons
2603 2539 2742 2605 vitm,
2774 2546 2829 2593 et
2870 2538 2993 2592 ideo
3041 2538 3230 2592 invitat
3261 2552 3359 2593 nos
3406 2537 3471 2590 ad
3520 2552 3582 2590 se

1999 2629 2255 2695 Fontem,
2287 2638 2345 2685 ut
2390 2631 2537 2685 illum
2584 2631 2847 2686 bibamus.
2900 2630 3039 2685 Bibit
3093 2644 3216 2685 eum
3264 2629 3353 2698 qui
3399 2636 3579 2693 amat;

1999 2722 2131 2775 bibit
2177 2722 2265 2790 qui
2312 2722 2405 2776 Dei
2444 2722 2609 2777 verbo
2637 2723 2893 2789 satiatur,
2924 2722 3013 2791 qui
3046 2722 3177 2776 satis
3205 2721 3413 2788 diligit,
3449 2720 3581 2776 satis

1998 2813 2298 2879 desiderat;
2331 2814 2463 2868 bibit
2508 2813 2597 2881 qui
2642 2814 2917 2885 sapientite
2946 2828 3131 2867 amore
3172 2812 3377 2881 ﬂagrat.
3412 2810 3581 2865 Avide

2000 2920 2128 2974 ergo
2155 2921 2253 2959 nos
2281 2914 2466 2973 gentes
2496 2906 2761 2970 bibamus,
2795 2904 2935 2973 quod
2963 2902 3127 2956 .Iuda-i
3154 2901 3575 2969 dereliquerunt.

1998 2995 2074 3048 De
2120 2995 2272 3048 nobis
2315 2995 2457 3048 enim
2510 3010 2630 3047 cum
2686 2995 2931 3061 gentibus
2988 2992 3125 3047 forte
3174 2992 3377 3045 dictum
3429 2999 3513 3045 est
3562 3007 3578 3044 :

2003 3086 2246 3140 Prwcidit
2273 3087 2326 3139 in
2353 3096 2559 3155 stupore
2583 3086 2786 3151 mentis,
2804 3086 2975 3152 capita
2996 3085 3274 3152 potentium
3298 3082 3577 3136 movebun-

314 3186 417 3239 bra:
440 3199 471 3237 a
502 3183 659 3237 nobis
690 3183 912 3254 fugiant.
943 3184 1033 3237 Sic
1060 3184 1238 3238 lumen
1271 3194 1416 3237 tuum
1450 3199 1581 3238 mea:
1607 3184 1846 3253 largiaris
1873 3227 1887 3251 ,
1919 3177 1965 3240 C
1996 3188 2096 3242 tur,
2140 3193 2231 3230 nec
2269 3177 2336 3230 ad
2362 3177 2714 3246 adaperientes
2743 3175 2987 3228 maxillas
3018 3190 3166 3239 suas,
3206 3174 3353 3242 quasi
3384 3188 3579 3242 pauper

313 3289 473 3343 rogo,
503 3274 635 3330 Jesu
675 3275 780 3337 mi,
831 3275 1079 3339 lucernae,
1112 3285 1171 3330 ut
1219 3276 1358 3331 illius
1406 3276 1524 3331 luce
1573 3276 1660 3330 illa
1709 3286 1892 3333 sancta

311 3374 618 3420 sanctorum
649 3365 779 3419 mihi
809 3374 1133 3435 appareant,
1167 3380 1285 3435 qua:
1309 3375 1360 3421 te
1384 3386 1413 3419 u
1432 3358 1640 3421 ternum
1672 3366 1893 3422 Pontili-

312 3472 421 3511 cem
453 3467 787 3511 mlernorum
842 3458 891 3509 in
932 3456 1143 3509 antibus
1183 3457 1360 3524 magni
1402 3457 1541 3510 illius
1591 3458 1663 3511 tui
1710 3458 1893 3527 templi

312 3549 415 3603 illic
442 3550 737 3602 intrantem
768 3547 1036 3612 habeant,
1068 3562 1174 3616 quo
1202 3559 1254 3601 te
1288 3546 1486 3616 jugiter
1522 3550 1893 3604 tantummodo

310 3638 560 3705 videam,
594 3637 891 3707 aspiciam,
942 3637 1281 3704 desiderem;
1340 3647 1544 3692 tantum
1603 3648 1656 3693 te
1708 3655 1894 3695 amans

310 3727 659 3795 entispiciam,
691 3725 1010 3791 desiderem,
1036 3736 1364 3795 exspectem,
1390 3744 1454 3783 ac
1482 3744 1663 3783 coram
1695 3739 1747 3785 te
1773 3746 1891 3785 mea

311 3833 523 3887 semper
552 3818 770 3872 lucerna
802 3818 998 3883 luceat,
1032 3820 1234 3873 ardeat.
1271 3819 1440 3874 Tuum
1472 3822 1572 3885 sit,
1604 3835 1809 3889 quaeso,
1840 3831 1894 3878 te

312 3910 463 3963 nobis
489 3908 829 3979 pulsantibus
858 3919 1187 3974 monstrare,
1223 3910 1590 3967 amantissime
1614 3911 1889 3978 Salvator,

310 4010 365 4055 ut
414 4011 466 4055 te
516 4002 896 4070 inlelligentes,
944 4009 1149 4056 tantum
1178 4010 1230 4056 te
1278 4018 1556 4071 amemus,
1614 4013 1666 4059 te
1717 4005 1892 4059 solum

309 4107 575 4159 amemus,
600 4100 655 4145 te
681 4091 853 4145 solum
878 4091 1263 4157 desideremus,
1296 4101 1349 4146 te
1375 4095 1547 4148 solum
1575 4095 1895 4151 meditemur

312 4183 394 4236 die
443 4197 507 4237 ac
556 4192 712 4236 nocte
736 4224 751 4249 ,
798 4197 1011 4251 semper
1059 4192 1110 4237 te
1143 4185 1438 4252 cogitemus
1466 4203 1480 4252 ;
1512 4194 1568 4240 et
1596 4187 1647 4240 in
1684 4196 1892 4242 tantum

311 4274 461 4327 nobis
489 4284 640 4326 tuum
672 4274 933 4342 inspirare
971 4274 1202 4342 digneris
1241 4290 1479 4330 amorem
1505 4316 1520 4341 ,
1551 4289 1809 4347 quantum
1840 4289 1894 4332 te

312 4362 473 4416 amari
491 4362 660 4415 Deum
684 4362 840 4416 decet
868 4378 930 4417 ac
958 4363 1134 4432 diligi;
1162 4366 1414 4419 utomnia
1437 4367 1689 4422 interiora
1709 4378 1891 4423 nostra

310 4462 397 4505 tua
445 4460 678 4522 occupet
731 4453 975 4520 dilectio,
1020 4462 1267 4522 totosque
1315 4471 1413 4510 nos
1458 4465 1580 4511 tuus
1622 4459 1892 4527 possideat

312 4559 477 4608 amor,
512 4552 659 4598 totos
705 4552 916 4599 nostros
962 4559 1150 4599 sensus
1174 4556 1261 4600 tua
1287 4547 1507 4617 impleat
1536 4551 1796 4617 cbaritas,
1834 4562 1888 4607 ut

313 4644 502 4700 przcter
530 4643 584 4688 te
612 4634 756 4687 aliud
802 4649 982 4689 amare
1029 4636 1361 4704 nesciamus,
1390 4638 1483 4707 qui
1530 4641 1888 4709 sempiternus

313 4739 404 4787 es;
447 4740 557 4793 quo
608 4732 753 4778 tanta
776 4726 1010 4779 charitas
1040 4727 1193 4795 aquis
1235 4728 1415 4783 multis
1452 4730 1608 4798 hujus
1646 4732 1806 4800 aeris,
1834 4742 1889 4787 et

315 4813 464 4881 hujus
496 4823 673 4879 terra},
694 4824 745 4869 et
768 4816 924 4883 hujus
948 4818 1112 4871 maris
1134 4820 1397 4885 exstingui
1414 4820 1464 4872 in
1485 4821 1636 4874 nobis
1658 4832 1887 4891 nequeat

313 4901 454 4969 juxta
487 4902 614 4957 illud
649 4920 662 4956 :
692 4903 759 4956 Et
781 4921 928 4975 aqua:
953 4906 1128 4958 multa:
1158 4924 1259 4958 non
1278 4916 1545 4973 potuerunt
1565 4910 1887 4980 exstinguere

314 4993 615 5047 charitatem
660 4993 831 5063 (Cant.
881 5011 1006 5062 vtu,
1038 4997 1115 5063 7).
1154 4995 1305 5061 Quod
1363 4997 1414 5050 in
1470 4998 1623 5052 nobis
1675 5015 1888 5067 quoque

317 5083 567 5151 compleri
601 5083 683 5136 vel
724 5098 789 5137 ex
836 5095 988 5152 parte
1030 5086 1236 5153 pinsit,
1281 5093 1335 5138 te
1381 5086 1615 5140 donante
1663 5088 1887 5143 Domino

316 5181 495 5226 nostro
550 5170 676 5227 .Icsu
723 5172 973 5240 Christo,
1005 5175 1088 5229 cui
1134 5174 1300 5241 gIOria
1333 5176 1383 5228 in
1433 5176 1625 5229 saecula
1664 5178 1888 5233 steculo-

318 5280 451 5321 rum.
482 5267 673 5321 Amen.

808 5355 1214 5411 INSTRUCTIO
1252 5355 1384 5410 XIII.

422 5447 494 5503 De
517 5452 658 5515 fonte
686 5450 792 5502 vivo
822 5448 1027 5503 Christo
1055 5448 1179 5501 Jesu
1209 5449 1446 5503 adeundo
1470 5460 1517 5502 et
1540 5452 1787 5519 potando.

386 5540 423 5592 Ι.
465 5541 799 5607 Quotidiana:
847 5540 1191 5609 experienti-.e
1241 5540 1737 5597 ratiocinationibus
1786 5543 1889 5595 hu-

322 5646 484 5685 mana:
512 5633 634 5686 vitae
669 5631 881 5685 miseria
922 5631 1174 5694 collecta,
1208 5646 1272 5685 ac
1309 5630 1502 5684 divinis
1530 5632 1685 5685 simul
1718 5633 1887 5686 territi

319 5725 569 5793 oraculis,
599 5724 879 5779 temerarie
904 5724 1058 5780 licet.
1090 5724 1406 5794 parvitatem
1436 5724 1685 5794 ingenioli
1717 5727 1884 5782 nostri

1995 3270 2149 3323 edens
2175 3311 2190 3336 ,
2221 3270 2275 3322 in
2305 3266 2552 3321 absconso
2571 3284 2588 3331 ;
2621 3274 2674 3319 et
2701 3267 2853 3335 quasi
2901 3265 2969 3319 de
3012 3264 3164 3318 nobis
3210 3277 3425 3331 quoque
3454 3277 3577 3316 cum

1994 3359 2250 3431 perfectis
2306 3359 2610 3427 quibusque
2657 3358 2724 3411 de
2767 3355 2960 3425 quibus
3010 3356 3111 3409 hoc
3142 3355 3403 3423 scriptum
3452 3361 3576 3415 est,

1993 3456 2279 3509 diceretur.
2313 3454 2617 3523 Aperiamus
2664 3453 2938 3522 (tanquam
2968 3464 3159 3518 panem
3201 3447 3348 3501 illum
3391 3444 3479 3515 qui
3510 3445 3579 3499 de

1993 3545 2131 3597 cazlo
2183 3543 2494 3607 descendit,
2539 3542 2769 3612 edendo)
2827 3540 3088 3593 interioris
3140 3538 3359 3590 hominis
3412 3538 3578 3589 nostri

1994 3638 2260 3702 maxillas,
2278 3644 2333 3686 ut
2355 3635 2580 3687 edaciter
2603 3634 2834 3696 edamus,
2860 3643 2909 3685 et
2925 3630 3302 3701 quodammodo
3318 3630 3574 3687 velociter,

1994 3745 2057 3782 ne
2086 3745 2177 3782 nos
2208 3729 2319 3798 quis
2353 3726 2519 3779 videat
2545 3767 2560 3791 ,
2592 3725 2739 3793 quasi
2770 3725 2822 3777 in
2848 3723 3098 3776 absconso
3129 3721 3477 3773 comedamns.
3510 3715 3576 3772 Ut

1994 3837 2185 3891 panem
2216 3834 2343 3889 ergo
2373 3820 2595 3874 edamus
2618 3857 2633 3883 ,
2666 3826 2724 3870 ut
2764 3816 2965 3869 fontem
3012 3813 3258 3868 bibamus
3281 3854 3294 3878 ,
3327 3810 3577 3866 eumdem

1992 3912 2277 3967 Dominum
2328 3918 2568 3964 nostrum
2615 3906 2795 3961 Iesum
2830 3905 3103 3958 Christum
3128 3945 3142 3969 ,
3180 3903 3270 3973 qui
3299 3903 3532 3970 seipsum
3559 3938 3575 3964 ,

1995 4004 2149 4057 nobis
2176 4002 2328 4071 quasi
2358 3999 2673 4056 sumendum
2699 4038 2713 4063 ,
2747 4013 2930 4067 panem
2962 3995 3090 4049 dicit
3129 3996 3291 4048 vivum
3310 4033 3324 4055 ,
3352 3994 3435 4063 qui
3484 3993 3575 4044 dat

1992 4097 2145 4150 vitam
2188 4095 2315 4149 huic
2368 4093 2556 4146 mundo
2612 4091 2788 4162 (Joan.
2837 4105 2908 4154 vr,
2954 4087 3081 4155 '53);
3123 4101 3289 4154 seque
3333 4082 3574 4137 similiter

1992 4187 2193 4240 fontem
2232 4185 2605 4239 demonstrans
2630 4181 2704 4234 ait
2733 4198 2745 4232 :
2792 4180 2887 4243 Qui
2916 4179 3024 4230 sitit
3047 4219 3062 4243 ,
3093 4178 3259 4229 veniat
3283 4174 3351 4226 ad
3376 4190 3454 4226 me
3476 4215 3491 4237 ,
3523 4179 3573 4226 et

1993 4274 2132 4329 bibat
2163 4275 2344 4344 (Joan.
2372 4290 2463 4341 vn,
2488 4272 2600 4337 37).
2628 4269 2703 4323 De
2732 4284 2837 4339 quo
2870 4269 3015 4321 fonte
3042 4275 3095 4319 et
3122 4264 3385 4333 Propheta
3408 4264 3570 4318 dicit:

1995 4362 2253 4427 Quoniam
2283 4363 2421 4431 apud
2450 4372 2496 4414 te
2518 4370 2593 4413 est
2622 4362 2738 4429 fons
2768 4359 2883 4410 vitae
2905 4355 3127 4426 (Psalm.
3155 4369 3315 4416 xxxv,
3353 4352 3462 4421 10).

2064 4454 2125 4508 ll.
2159 4452 2350 4507 Videte
2379 4452 2519 4505 unde
2548 4450 2650 4504 iste
2679 4448 2796 4500 fons
2826 4454 3007 4498 manat
3040 4463 3051 4496 :
3097 4443 3217 4497 inde
3246 4443 3388 4497 enim
3431 4443 3573 4497 unde

1990 4554 2045 4601 et
2073 4545 2225 4614 panis
2249 4540 2556 4605 descendit;
2581 4538 2705 4607 quia
2730 4538 2867 4591 idem
2896 4544 2977 4589 est
3004 4536 3094 4605 qui
3124 4534 3282 4588 Panis
3308 4542 3363 4587 et
3389 4533 3530 4588 Fons
3553 4573 3568 4599 ,

1991 4637 2154 4691 Filius
2184 4634 2371 4687 unicus
2390 4675 2404 4699 ,
2439 4632 2578 4685 Deus
2606 4640 2788 4684 noster
2810 4628 3054 4683 Christus
3082 4627 3340 4682 Dominus
3364 4669 3379 4693 ,
3408 4640 3568 4695 quem

1990 4740 2203 4794 semper
2226 4724 2429 4779 esurire
2447 4722 2732 4786 debemus;
2761 4721 2886 4775 licet
2914 4736 3037 4774 eum
3064 4720 3285 4773 edamus
3313 4716 3565 4780 amando,

1990 4818 2310 4881 devoremus
2365 4817 2490 4869 licet
2542 4812 2940 4878 desiderando,
2999 4812 3175 4865 adhuc
3238 4826 3361 4864 eum
3413 4808 3566 4878 quasi

1991 4910 2289 4965 esurientes
2319 4907 2701 4961 desideremus.
2726 4902 2896 4957 Simili
2923 4901 3081 4955 modo
3110 4910 3165 4954 ut
3188 4898 3411 4961 fontem,
3441 4910 3564 4949 eum

1990 5015 2201 5069 semper
2227 4998 2530 5053 dilectionis
2560 4996 2855 5057 nimietate,
2888 4994 3131 5047 bibamus
3156 5009 3170 5056 ;
3202 5005 3324 5043 eum
3353 5000 3568 5055 semper

1988 5090 2237 5145 desiderii
2266 5088 2592 5159 plenitudine
2631 5087 2874 5139 bibamus
2896 5124 2910 5147 ,
2944 5093 2998 5138 et
3027 5082 3289 5136 suavitate
3333 5076 3565 5146 quadam

1990 5180 2104 5249 ejus
2149 5180 2444 5234 dulcedinis
2491 5177 2865 5231 delectemur:
2897 5174 3066 5228 dulcis
3095 5171 3237 5225 enim
3285 5176 3340 5223 et
3386 5168 3566 5222 suavis

1992 5273 2287 5327 Dominus:
2321 5271 2444 5324 licet
2486 5284 2605 5323 eum
2656 5270 2877 5321 edamus
2900 5307 2914 5331 ,
2947 5276 3002 5319 et
3047 5263 3328 5325 bibamus;
3382 5267 3562 5313 tamen

1990 5378 2200 5431 semper
2238 5360 2534 5415 esuriamus
2559 5367 2613 5412 et
2639 5358 2878 5411 sitiatnus
2902 5397 2917 5422 ,
2948 5355 3069 5423 quia
3101 5353 3248 5407 cibus
3298 5358 3481 5403 noster
3509 5358 3564 5403 et

1991 5463 2150 5522 potus
2175 5492 2190 5516 ,
2225 5466 2329 5505 non
2362 5459 2506 5505 totus
2550 5464 2785 5519 unquam
2835 5446 2969 5499 sumi
3014 5452 3193 5513 potest
3222 5450 3276 5494 et
3305 5440 3409 5495 bibi
3432 5458 3446 5507 ;
3468 5441 3563 5509 qui

1990 5540 2114 5597 licet
2142 5543 2368 5596 sumitur
2389 5581 2405 5606 ,
2460 5557 2566 5606 non
2616 5537 2948 5593 consumitur
2974 5575 2989 5599 ,
3023 5534 3145 5587 licet
3186 5533 3382 5586 bibitur
3404 5572 3419 5595 ,
3453 5547 3561 5585 non

1990 5635 2261 5697 adimitur,
2290 5635 2408 5703 quia
2460 5632 2611 5701 panis
2654 5638 2835 5683 noster
2881 5636 3114 5681 attentus
3169 5634 3287 5691 cst,
3334 5634 3388 5679 et
3418 5623 3562 5679 Fons

1990 5734 2171 5779 noster
2217 5722 2466 5793 perennis
2512 5728 2611 5787 est,
2659 5719 2777 5773 fons
2831 5727 3012 5774 noster
3052 5717 3222 5773 dulcis
3261 5724 3383 5782 est;
3423 5714 3563 5769 unde
