3978 6182
338 343 442 400 ΞΒῖ
523 385 534 400 .

1574 338 1631 394 S.
1674 337 2064 396 COLUMBANI
2106 341 2386 397 ABBATIS

3503 353 3610 406 236

339 457 467 512 dicit
491 453 754 525 Propheta
783 452 1107 520 :Quisititis,
1131 454 1199 507 ite
1219 453 1288 506 ad
1316 451 1694 520 Fontem(lsa.
1722 454 1920 522 Lv,‘t);
1951 459 1991 514 Α
2025 469 2144 508 cum
2189 453 2390 524 Spiritu
2446 464 2634 511 sancto
2682 456 2856 512 unitas
2905 466 2988 513 est
3045 459 3095 514 in
3144 463 3342 518 saecula
3389 463 3611 518 saeculo-

339 546 631 601 sitientium
657 544 819 608 enim,
851 559 956 599 non
987 545 1342 616 salutantium
1371 544 1472 599 iste
1500 543 1644 601 Fons
1670 561 1684 610 ;
1717 556 1771 600 et
1800 545 1920 600 ideo

339 635 673 697 esurientes,
727 649 863 703 quos
907 633 1032 688 alibi
1087 633 1442 700 beatiticavit,
1497 635 1565 690 ad
1611 649 1672 690 se
1723 640 1919 702 vocat;

339 725 532 792 quibus
584 739 859 794 nunquam
904 724 1090 779 bibere
1140 725 1270 780 satis
1299 725 1398 791 sit,
1440 725 1533 780 sed
1563 732 1762 794 quanto
1805 726 1923 794 plus

339 813 648 877 hauserint,
683 822 833 870 tanto
876 815 996 885 plus
1038 815 1240 870 sitient.
1272 815 1483 878 Merito,
1533 815 1744 881 fratres,
1777 814 1924 870 Fons

337 905 607 972 sapientiae
643 903 864 958 Verbum
895 904 990 959 Dei
1010 905 1064 958 in
1091 899 1306 959 excelsis
1339 905 1524 976 (Eccli.
1557 922 1595 970 ι,
1629 904 1683 976 5)
1713 921 1741 960 a
1773 905 1925 960 nobis

246 984 249 986 ’
339 994 726 1051 desiderandus
749 1035 766 1062 ,
795 996 1136 1064 quaarendus,
1189 1011 1403 1066 semper
1431 996 1690 1052 amandus
1734 997 1837 1063 sit,
1871 997 1924 1051 in

338 1103 446 1158 quo
485 1097 641 1154 sunt,
687 1087 837 1156 juxta
886 1087 1131 1157 Apostoli
1187 1089 1418 1152 dictum,
1469 1105 1646 1143 omnes
1701 1089 1926 1143 thesauri

338 1178 605 1249 sapientia:
641 1186 688 1231 et
727 1179 955 1233 scientia:
1002 1178 1288 1232 absconditi
1339 1178 1558 1249 (Coloss.
1593 1195 1648 1240 ιι,
1681 1178 1761 1247 '5),
1790 1194 1927 1247 quos

339 1267 554 1323 haurire
581 1275 739 1323 vocat
764 1268 856 1337 qui
885 1268 1091 1322 sitiunt.
1119 1267 1174 1322 Si
1203 1268 1338 1333 sitis,
1370 1269 1493 1323 bibe
1520 1268 1744 1323 Fontem
1773 1269 1926 1335 vitat;

339 1361 382 1416 si
412 1361 586 1417 esuris
608 1399 625 1425 ,
654 1361 753 1414 ede
787 1361 982 1414 Panem
1011 1361 1150 1414 vita).
1183 1360 1370 1426 Beati,
1395 1361 1485 1431 qui
1515 1362 1759 1416 esuriunt
1789 1360 1930 1416 hunc

342 1448 559 1512 Panem,
592 1457 648 1503 et
674 1448 860 1503 sitiunt
900 1449 1039 1504 hunc
1066 1449 1289 1504 Fontem
1313 1467 1328 1516 ;
1355 1465 1570 1520 semper
1594 1451 1735 1505 enim
1767 1450 1929 1505 eden-

341 1548 424 1595 tes
451 1549 504 1595 et
532 1540 778 1596 bibentes
801 1581 817 1606 ,
854 1540 1026 1595 adhuc
1057 1541 1219 1596 edere
1268 1550 1323 1596 et
1373 1542 1558 1597 bibere
1603 1541 1927 1614 desiderant.

342 1632 508 1688 Dulce
537 1633 682 1688 enim
710 1633 868 1688 nimis
895 1641 996 1697 est,
1023 1634 1164 1703 quod
1189 1649 1404 1704 semper
1427 1635 1603 1688 editur
1629 1643 1685 1689 et
1707 1635 1928 1695 bibitur.

343 1730 402 1777 et
445 1736 659 1792 semper
713 1722 946 1777 esuritur
981 1731 1032 1778 et
1081 1723 1280 1788 sititnr,
1333 1738 1548 1792 semper
1596 1732 1842 1793 gustatur
1876 1734 1932 1780 et

2023 559 2162 600 runt.
2196 544 2384 600 Amen.

2519 637 2927 695 INSTRUCTIO
2963 640 3099 696 XIV.

2343 727 2505 782 Varia
2528 730 2810 797 spiritualis
2840 733 2955 784 vita:
2980 732 3309 788 documenta.

2096 815 2136 872 Ι.
2170 817 2300 872 Cum
2345 817 2455 887 jam
2492 819 2558 873 de
2589 820 2826 874 moribus
2872 821 3274 891 moralibusque
3319 822 3617 895 disciplinis

2025 906 2115 962 diu
2163 907 2420 973 dixerim,
2451 911 2643 964 iterum
2690 924 2848 979 rogas
2872 951 2887 976 ,
2923 911 2994 966 ﬁli
3047 912 3368 980 irnbuende,
3410 915 3613 971 doceri.

2028 998 2231 1055 Audisti
2257 1002 2384 1070 quid
2411 1003 2668 1072 scriptum
2697 1012 2780 1058 est
2813 1022 2825 1056 :
2863 1003 2957 1057 Cui
2986 1021 3153 1075 pauca
3177 1023 3280 1061 non
3308 1009 3581 1078 sufﬁciunt
3601 1051 3616 1074 ,

2027 1092 2177 1160 plura
2217 1110 2319 1147 non
2349 1094 2650 1164 proderunt.
2683 1095 2884 1166 Scripsi
2927 1097 3019 1150 tibi
3050 1105 3207 1152 antea
3255 1098 3323 1153 de
3368 1101 3622 1156 serietate

2029 1197 2091 1237 ac
2132 1184 2405 1252 pudicitia,
2438 1185 2526 1240 cui
2571 1186 2860 1254 nimirum,
2890 1195 2947 1242 ut
2997 1197 3122 1258 apte
3177 1190 3414 1259 quidam,
3461 1195 3621 1246 etiam

2031 1280 2138 1324 tuta
2162 1273 2333 1327 timeo.
2363 1273 2468 1328 Sed
2508 1275 2633 1344 quia
2664 1276 2963 1333 admonitio
2990 1280 3308 1348 quibusdam
3339 1284 3581 1337 custodia
3604 1327 3621 1352 ,

2029 1367 2345 1434 quibusdam
2377 1369 2676 1425 consolatio
2695 1411 2710 1435 ,
2741 1371 3060 1440 quibusdam
3082 1373 3349 1442 perfectio
3367 1375 3618 1440 efﬁcitur,

2031 1456 2304 1512 intellecta
2360 1458 2570 1514 scilicet
2639 1461 3074 1530 complentibus;
3132 1463 3254 1518 ideo
3311 1463 3622 1534 frequenter

2030 1547 2256 1602 docendi
2286 1558 2411 1602 sunt
2456 1565 2520 1604 ac
2561 1551 2834 1605 imbuendi
2883 1549 2976 1606 ﬁlii
3025 1552 3360 1621 dulcissimi,
3416 1565 3474 1609 ut
3526 1571 3619 1624 per

2030 1635 2288 1703 quasdam
2319 1637 2647 1694 deiectiones
2671 1639 2992 1706 litterarum,
3023 1656 3146 1696 suas
3173 1643 3388 1699 vincere
3412 1645 3624 1714 possint

2031 1723 2098 1778 de
2155 1726 2411 1781 intestino
2461 1729 2847 1785 amaritudines
2897 1729 3058 1785 bello.
3111 1731 3318 1785 Bellum
3366 1733 3527 1802 igitur
3567 1742 3624 1789 et

339 1827 555 1881 semper
583 1811 955 1900 desideratur;
988 1813 1129 1868 unde
1160 1829 1254 1868 rex
1303 1814 1566 1884 preplicta
1611 1814 1741 1869 dicit
1771 1833 1784 1869 :
1819 1815 1926 1870 Gu-
1960 1841 1999 1900 Β
2031 1820 2324 1876 belluintnu
2346 1822 2503 1876 vince
2525 1864 2541 1888 ,
2572 1824 3035 1893 concupiscentias
3059 1825 3267 1880 scilicet
3297 1842 3361 1881 ac
3383 1828 3626 1896 superci~

337 1909 470 1955 state
484 1909 534 1954 et
547 1902 732 1964 videte,
752 1885 912 1972 quam
929 1902 1100 1958 dulcis
1114 1911 1213 1967 est,
1233 1921 1382 1976 quam
1401 1905 1569 1959 suavis
1584 1915 1659 1959 est
1672 1905 1925 1962 Dominus

342 1992 566 2062 (Psalm.
617 2008 805 2059 xxxru,
855 1993 933 2064 9).
987 1992 1302 2064 Propterea.
1332 1995 1543 2062 fratres,
1592 1998 1929 2052 vocationem

340 2083 480 2139 hanc
532 2098 839 2154 sequamur,
872 2099 978 2155 qua
1031 2085 1097 2140 ad
1150 2086 1271 2140 vitae
1323 2085 1549 2142 Fontem
1603 2103 1861 2142 vocamur
1898 2105 1927 2143 a

342 2157 462 2226 Vita
487 2212 505 2239 ,
535 2174 625 2242 qui
657 2184 740 2230 est
767 2174 911 2230 Fons
935 2213 951 2240 ,
993 2191 1098 2231 non
1148 2177 1321 2233 solum
1348 2191 1498 2246 aqua:
1547 2178 1683 2232 viva:
1705 2218 1720 2243 ,
1751 2178 1846 2234 sed
1875 2189 1930 2234 et

339 2261 482 2318 Fons
505 2271 721 2320 aeterna:
741 2264 882 2332 vitm,
905 2265 1048 2320 Fons
1078 2266 1232 2335 lucis,
1256 2267 1396 2323 idem
1421 2277 1476 2323 et
1495 2268 1637 2326 Fons
1667 2269 1884 2325 luminis
1912 2289 1923 2324 :

339 2352 525 2408 abillo
568 2355 710 2409 enim
741 2355 855 2412 haec
895 2357 1075 2412 omnia
1121 2365 1281 2422 sunt,
1315 2359 1575 2428 sapientia
1600 2399 1616 2424 ,
1655 2361 1763 2415 vita
1789 2403 1804 2428 ,
1835 2361 1928 2416 lux

338 2451 560 2498 eterna.
611 2445 814 2500 Auctor
857 2447 1014 2512 vitas,
1048 2446 1191 2503 Fons
1221 2450 1343 2504 vita:
1387 2461 1504 2518 est,
1532 2451 1665 2506 lucis
1692 2460 1924 2520 creator,

340 2531 483 2590 Fons
511 2535 726 2592 luminis
754 2546 838 2593 est
866 2556 880 2592 :
911 2548 967 2593 et
995 2539 1117 2595 ideo
1140 2549 1392 2613 contemp
1419 2542 1463 2596 is
1489 2542 1572 2597 bis
1595 2558 1717 2611 quae
1741 2544 1926 2598 viden-

341 2632 459 2689 tur,
510 2633 826 2684 transcenso
852 2627 1038 2702 [Forte
1078 2630 1418 2702 transcensu]
1457 2632 1511 2686 in
1559 2625 1928 2703 superioribus

339 2714 620 2780 cmlorum,
653 2715 879 2772 Fontem
927 2716 1182 2784 luminis,
1213 2719 1440 2775 Fontem
1492 2723 1646 2791 vitm,
1698 2722 1926 2779 Fontem

337 2818 493 2872 aqua:
545 2805 700 2873 vivat,
751 2814 811 2860 ut
863 2809 1212 2866 rationabiles
1264 2819 1318 2867 et
1367 2811 1694 2880 sagacissimi
1751 2814 1926 2883 pisces

337 2910 660 2965 quaeramus,
689 2907 748 2953 ut
775 2899 1020 2957 bibamus
1049 2917 1244 2972 aquam
1269 2905 1442 2959 vivam
1472 2913 1527 2960 et
1555 2905 1838 2962 salientem
1869 2907 1926 2962 in

336 2986 502 3040 vitam
530 2995 788 3044 aeternam
819 2987 1000 3058 (Joan.
1026 3009 1099 3059 tv,
1132 2993 1241 3065 14).

405 3074 493 3131 lll.
535 3076 750 3135 Utinam
777 3095 862 3135 me
906 3081 1033 3136 illuc
1076 3082 1326 3152 dignares
1353 3083 1652 3140 adscrscere
1679 3086 1745 3140 ad
1776 3085 1922 3140 illum

2030 1909 2244 1976 liosum,
2275 1911 2420 1965 utilis
2449 1910 2633 1983 [Forte
2663 1910 2852 1984 virilis]
2883 1922 2999 1968 esto
3030 1913 3082 1967 in
3113 1914 3436 1979 humilitate,
3466 1914 3622 1971 inﬁr-

2030 2018 2256 2074 musque
2306 2003 2359 2057 in
2407 2004 2763 2069 auctoritate,
2795 2005 3022 2075 simplex
3075 2007 3128 2060 in
3187 2007 3312 2076 ﬁde,
3343 2008 3536 2064 doctus
3567 2011 3622 2065 iu

2029 2094 2307 2162 moribus,
2338 2094 2561 2149 mordax
2609 2096 2662 2150 in
2709 2095 2921 2161 alienis,
2971 2097 3228 2154 remissus
3271 2099 3324 2153 in
3356 2101 3620 2170 propriis,

2030 2202 2196 2254 purus
2223 2187 2275 2240 in
2304 2187 2560 2253 amicitia,
2591 2187 2817 2242 callidus
2842 2188 2895 2243 in
2919 2187 3145 2258 insidiis,
3173 2191 3337 2248 durus
3367 2194 3416 2246 in
3443 2194 3620 2248 mollis

2031 2276 2150 2343 bus,
2181 2277 2358 2332 mollis
2405 2278 2458 2332 in
2507 2278 2673 2335 duris.
2715 2279 2909 2335 Varius
2957 2281 3009 2334 in
3055 2282 3268 2351 planis,
3321 2283 3512 2353 planus
3568 2285 3623 2340 in

2033 2368 2212 2433 variis,
2245 2368 2510 2436 jocundus
2539 2370 2591 2424 in
2623 2371 2823 2426 amaris
2848 2414 2864 2438 ,
2895 2372 3060 2428 tristis
3109 2375 3160 2428 in
3197 2374 3470 2443 jocundis.
3504 2377 3622 2432 Dis-

2029 2475 2152 2514 cors
2175 2459 2227 2514 in
2251 2461 2592 2527 necessariis,
2621 2462 2842 2530 aequalis
2872 2463 2924 2517 in
2956 2464 3116 2518 veris.
3151 2463 3382 2521 Severus
3413 2467 3464 2521 in
3493 2483 3622 2522 sua-

2029 2555 2202 2618 ribus,
2231 2549 2403 2612 dulcis
2434 2557 2482 2609 in
2515 2555 2981 2612 amaritudinibus.
3026 2557 3206 2614 Fortis
3235 2559 3287 2614 in
3320 2561 3618 2616 tribulatio-

2029 2647 2216 2714 nibus,
2246 2656 2300 2702 et
2347 2648 2628 2704 imbecillis
2649 2649 2706 2726 [in
2735 2649 3044 2717 discordiis,
3069 2650 3254 2705 tardus
3283 2652 3350 2705 ad
3384 2651 3618 2708 irascen~

2029 2740 2177 2805 dum,
2209 2739 2364 2794 velox
2397 2739 2465 2795 ad
2496 2740 2829 2806 discendum,
2867 2742 3045 2796 tardus
3068 2757 3284 2812 quoque
3309 2746 3378 2798 ad
3407 2746 3621 2816 loquen-

2029 2832 2151 2886 dum
2181 2831 2318 2903 (Jac.
2352 2848 2390 2901 ι,
2418 2832 2523 2903 19),
2557 2844 2616 2887 ιιι
2643 2843 2863 2888 sanctus
2894 2834 2969 2888 ait
3005 2833 3267 2900 Jacohus,
3296 2835 3444 2890 velox
3471 2837 3620 2890 simi-

2027 2921 2152 2976 liter
2199 2923 2269 2976 ad
2315 2923 2645 2977 audiendum.
2697 2922 2898 2979 Efticax
2950 2925 3004 2980 in
3035 2925 3312 2996 profectu,
3355 2927 3520 2982 hebes
3567 2927 3620 2981 in

2028 3011 2288 3076 vindicta,
2317 3022 2505 3068 cautus
2532 3015 2584 3068 in
2608 3015 2803 3082 verbo,
2852 3026 3134 3087 proruptus
3155 3018 3207 3072 in
3240 3033 3424 3089 opere.
3458 3018 3621 3073 Ama-

2027 3105 2150 3161 bilis
2202 3106 2412 3176 probis,
2463 3108 2738 3177 squalidus
2793 3109 3124 3177 inhonestis,
3173 3110 3308 3165 lenis
3359 3110 3619 3176 inﬁrmis,

334 3160 578 3270 Ροηίθῑξιτ
608 3168 747 3270 Dei-15
776 3171 1083 3270 ηιίεῆΐίεοΐε
1103 3213 1118 3239 9
1152 3173 1239 3244 Die
1269 3174 1491 3270 90min?
1513 3215 1528 3270 τ
1554 3183 1612 3270 ξι
1639 3176 1710 3270 ibi
1738 3184 1793 3231 οι
1821 3190 1922 3245 θΒο
1949 3203 1998 3268 c
2028 3160 2219 3252 durus.
2246 3160 2454 3252 stolidis
2487 3160 2524 3262 ,Ἰ
2571 3207 2750 3254 rectus
2810 3201 3006 3255 erectis
3038 3240 3053 3267 ,
3101 3160 3316 3256 humilis
3364 3200 3616 3270 dejectis.

333 3271 459 3312 cum
488 3259 793 3316 sitientibus
840 3263 945 3318 tuis
990 3265 1165 3318 vivam
1198 3266 1392 3320 undam
1423 3268 1525 3322 vivi
1554 3267 1742 3322 Fontis
1771 3283 1923 3337 aqua:

334 3344 473 3402 viva:
525 3346 807 3416 biberem,
866 3351 1021 3420 cujus
1076 3353 1240 3408 nimia
1295 3355 1575 3411 dulcedine
1627 3356 1925 3424 delectatus

334 3449 544 3490 sursum
572 3452 786 3508 semper
807 3439 856 3494 ei
885 3441 1145 3496 haererem
1175 3451 1230 3498 et
1254 3443 1489 3500 dicerem
1515 3463 1528 3498 :
1553 3445 1723 3513 Quam
1754 3446 1924 3502 dulcis

333 3533 420 3581 est
446 3525 592 3584 Fons
638 3544 804 3599 aequae
840 3532 990 3597 vivat,
1021 3533 1172 3603 cujus
1201 3551 1309 3590 non
1350 3536 1534 3593 deficit
1561 3553 1696 3609 aqua
1725 3539 1924 3596 saliens

333 3615 387 3670 in
415 3617 578 3672 vitam
609 3627 864 3676 aeternam
895 3621 1084 3694 (Ibid.)
1108 3624 1119 3676 !
1145 3623 1188 3678 Ο
1220 3625 1464 3694 Domine,
1504 3637 1560 3684 tu
1591 3644 1651 3684 es
1684 3631 1798 3700 ipse
1819 3631 1922 3687 iste

331 3705 473 3764 Fons
494 3724 708 3780 semper
721 3720 775 3767 et
791 3729 1004 3784 semper
1028 3714 1432 3785 desiderandus,
1463 3719 1634 3793 [Fort.
1669 3723 1793 3776 add.
1824 3739 1921 3778 vox

329 3795 611 3872 bibendus]
659 3817 872 3874 semper
916 3805 1041 3860 licet
1095 3821 1311 3876 semper
1339 3809 1702 3864 hauriendus.
1756 3811 1920 3867 Nobis

327 3903 542 3960 semper
565 3893 656 3958 da,
687 3894 914 3952 Domine
941 3896 1171 3963 Christe,
1205 3901 1338 3954 Itane
1366 3917 1553 3971 aquam
1583 3901 1770 3973 (Ibid.,
1805 3904 1918 3975 15),

329 3989 390 4063 ιιι
409 3983 481 4036 sit
508 3982 562 4037 in
585 3984 739 4040 nobis
767 4001 981 4058 quoque
1009 3987 1152 4045 Fons
1177 4005 1328 4060 aqua~
1358 3992 1486 4046 viva:
1517 4001 1570 4047 et
1591 3994 1832 4048 salientis
1863 3996 1915 4050 in

327 4071 494 4126 vitam
521 4081 799 4129 atternam.
830 4076 1018 4146 Magna
1048 4079 1264 4148 quidem
1293 4097 1458 4151 posco
1477 4124 1492 4150 ,
1521 4085 1642 4154 quis
1670 4086 1918 4140 neseiat?

326 4161 435 4218 Sed
479 4172 554 4229 tu,
591 4163 705 4220 Rex
734 4166 942 4235 gloriae,
991 4184 1184 4238 magna
1220 4172 1424 4228 donare
1453 4175 1594 4228 nosti
1623 4182 1677 4229 et
1723 4191 1915 4244 magna

328 4256 621 4325 promisisti
654 4276 666 4310 :
697 4259 827 4313 nihil
859 4265 912 4312 te
932 4258 1123 4328 majus,
1147 4269 1202 4315 et
1231 4269 1282 4316 te
1308 4263 1463 4317 nobis
1484 4263 1715 4328 donasti,
1744 4275 1794 4319 te
1817 4282 1916 4334 pro

328 4348 485 4402 nobis
535 4348 750 4404 dedisti.
801 4349 952 4406 Unde
999 4359 1054 4405 te
1082 4366 1360 4421 rogamus,
1393 4362 1452 4407 ut
1494 4354 1726 4410 sciamus
1771 4356 1915 4424 quod

330 4453 595 4505 amamus,
619 4442 742 4509 quia
773 4441 907 4496 nihil
936 4443 1078 4497 aliud
1106 4452 1298 4512 praeter
1319 4453 1370 4499 te
1400 4445 1554 4500 nobis
1578 4445 1688 4500 dari
1723 4456 1912 4517 postu-

326 4527 544 4583 lamus:
595 4537 650 4583 tu
690 4545 750 4586 es
788 4533 929 4587 enim
975 4534 1154 4588 omnia
1201 4543 1408 4603 nostra,
1439 4537 1544 4590 vita
1584 4546 1789 4606 nostra,
1821 4540 1910 4594 lux

326 4625 530 4683 nostra,
572 4621 718 4675 salus
770 4631 972 4686 nostra,
1022 4625 1174 4679 cibus
1220 4633 1431 4692 noster,
1483 4635 1641 4696 potus
1691 4639 1907 4694 noster,

327 4708 470 4764 Deus
496 4718 698 4765 noster.
730 4711 933 4782 Inspira
954 4715 1114 4770 corda
1147 4724 1349 4781 nostra,
1373 4733 1525 4787 rogo,
1553 4717 1678 4774 Jesu
1705 4730 1905 4786 noster,

323 4798 412 4854 illa
442 4801 514 4854 tui
542 4799 773 4870 Spiritus
791 4818 943 4868 aura,
974 4812 1030 4858 et
1057 4805 1272 4860 vulnera
1294 4816 1503 4862 nostras
1526 4817 1613 4862 tua
1646 4810 1909 4866 charitate

322 4889 560 4956 animas,
594 4899 648 4945 ut
680 4893 850 4962 possit
890 4893 1304 4967 uniuscujusque
1347 4907 1587 4953 nostrum
1637 4901 1811 4954 anima
1851 4903 1905 4957 in

325 4980 550 5035 veritate
573 4980 753 5038 dicere
786 5001 797 5035 :
825 4981 1010 5038 Indica
1037 4985 1163 5038 mihi
1188 5004 1337 5058 quem
1376 4989 1556 5043 dilexit
1586 4992 1763 5064 anima
1790 5008 1902 5046 mea

323 5073 498 5140 (Cant.
531 5092 570 5141 ι,
601 5077 677 5148 6),
713 5079 966 5146 quoniam
1014 5079 1290 5136 vulnerata
1335 5082 1598 5139 cltaritate
1636 5100 1736 5152 ego
1764 5101 1904 5140 sum.

320 5163 463 5232 Opto
512 5165 602 5220 illa
630 5167 848 5223 vulnera
893 5169 946 5223 in
993 5185 1080 5224 me
1124 5173 1250 5236 sint,
1285 5171 1530 5228 Domine.
1580 5174 1743 5228 Beata
1785 5176 1904 5231 talis

319 5257 517 5322 anima,
550 5273 668 5328 que
706 5259 969 5316 cltaritate
1016 5263 1094 5318 sic
1139 5264 1448 5320 vulneratur
1477 5283 1493 5320 ε
1527 5267 1646 5328 talis
1677 5267 1902 5322 Fontem

317 5349 529 5417 qumrit,
560 5348 682 5404 talis
707 5350 859 5416 bibit,
889 5367 1103 5422 semper
1125 5362 1301 5409 tamen
1324 5356 1434 5410 sitit
1461 5357 1697 5412 bibendo
1715 5400 1731 5424 ,
1754 5375 1898 5414 sctu-

316 5451 414 5499 per
439 5437 615 5494 haurit
644 5441 1020 5509 desiderando,
1039 5460 1196 5510 quem
1223 5461 1439 5515 semper
1467 5448 1600 5502 bibit
1625 5449 1893 5517 sitiendo;

316 5526 392 5583 sic
420 5544 633 5600 semper
659 5534 849 5602 quaerit
869 5536 1122 5604 amando,
1145 5551 1262 5604 quae
1284 5547 1504 5600 sanatur
1527 5540 1893 5607 vulnerando;

313 5632 424 5686 quo
448 5620 671 5676 salutari
693 5625 914 5680 vulnere
941 5626 1133 5680 animm
1166 5637 1362 5683 nostra:
1390 5629 1642 5684 interiora
1676 5631 1816 5686 Deus
1843 5643 1897 5689 et

315 5703 574 5763 Dominus
597 5718 779 5765 noster
805 5711 958 5769 Jcsus
984 5713 1248 5786 Christus,
1278 5717 1398 5786 pius
1427 5719 1514 5773 ille
1541 5721 1896 5792 salutarisque

315 5794 557 5864 medicus
610 5799 891 5858 vulnerare
954 5803 1244 5874 dignetur,
1299 5809 1382 5864 cui
1437 5825 1558 5865 cum
1632 5810 1789 5869 Patre
1840 5824 1894 5871 et

2029 3288 2254 3342 Sobrius
2319 3288 2553 3358 ubique,
2619 3299 2802 3346 castus
2867 3292 3065 3361 ubique
3105 3333 3120 3358 ,
3181 3293 3405 3362 pudicus
3473 3308 3617 3349 sem-

2026 3397 2143 3451 rer,
2174 3383 2382 3451 patiens
2431 3389 2587 3437 tenus
2634 3383 2749 3438 zelo
2775 3425 2788 3448 ,
2816 3386 3039 3456 cupidus
3087 3401 3358 3457 nunquam
3385 3426 3400 3452 ,
3438 3386 3617 3456 largus

2025 3485 2261 3540 semper,
2290 3471 2372 3525 sin
2420 3486 2546 3540 ope,
2574 3473 2658 3527 vel
2688 3472 2888 3528 animo.
2913 3472 3262 3545 Opportunus
3285 3477 3336 3530 in
3360 3477 3614 3547 jejuniis,

2026 3561 2366 3631 importunus
2396 3563 2451 3618 in
2477 3564 2691 3633 vigiliis.
2725 3564 2997 3624 Discretus
3024 3569 3075 3623 in
3108 3567 3301 3625 ofﬁciis
3324 3609 3340 3634 ,
3371 3579 3531 3626 tenax
3561 3572 3615 3626 in

2023 3661 2107 3706 stu
2127 3652 2233 3718 liis,
2278 3663 2534 3710 constans
2562 3655 2614 3709 in
2660 3655 2978 3725 fragoribus,
3012 3659 3162 3714 hctus
3186 3659 3237 3714 in
3269 3662 3613 3717 rnmroribus.

2025 3745 2212 3798 Aulax
2239 3746 2290 3800 in
2319 3762 2478 3801 causa
2509 3749 2778 3814 veritatis,
2809 3751 3027 3806 timidus
3057 3753 3109 3806 in
3140 3755 3573 3811 contentionibus
3593 3798 3613 3824 ,

2022 3834 2246 3904 supplex
2271 3837 2425 3892 bonis
2450 3879 2465 3904 ,
2494 3838 2868 3909 insuperabilis
2897 3843 3052 3899 malis
3073 3885 3088 3911 ,
3116 3845 3260 3900 mitis
3288 3845 3340 3898 in
3373 3846 3612 3900 liberali-

2024 3933 2134 3982 tate
2158 3967 2174 3993 ,
2206 3926 2547 3997 infatigabilis
2588 3932 2641 3984 in
2681 3931 2944 3990 charitate
2971 3975 2987 4000 ,
3019 3933 3202 4003 justus
3245 3935 3296 3989 iu
3341 3936 3609 4001 omnibus,

2021 4019 2140 4092 pius
2163 4017 2354 4088 dignis,
2387 4022 2691 4079 misericors
2715 4026 3059 4094 pauperibus.
3092 4026 3300 4082 Memor
3321 4029 3609 4085 beneﬁcio-

2019 4123 2168 4174 rum,
2224 4110 2505 4166 iunnemor
2558 4113 2893 4181 injuriarum.
2946 4116 3170 4172 Amator
3215 4118 3608 4185 mediocrium,

2022 4201 2177 4254 nolus
2205 4217 2387 4271 opum,
2416 4204 2575 4258 animi
2606 4205 2918 4276 depressor,
2950 4209 3335 4277 cogitationum
3367 4213 3608 4281 publica-

2021 4297 2126 4344 tor.
2177 4289 2493 4349 Senioribus
2534 4295 2830 4360 obediens,
2882 4297 3189 4366 junioribus
3236 4315 3604 4365 concurrens.

2018 4381 2377 4449 comqualibus
2396 4397 2702 4452 corquans.
2735 4383 2994 4441 Perfectis
3021 4397 3341 4444 concertans
3366 4429 3381 4454 ,
3415 4389 3605 4445 melio-

2018 4473 2165 4528 ribus
2216 4489 2321 4528 non
2377 4474 2656 4542 invidens,
2705 4479 3156 4546 pratcurrentibus
3206 4497 3315 4535 non
3364 4481 3556 4536 dolens
3586 4523 3602 4548 ,

2020 4564 2415 4620 remorantibus
2444 4581 2550 4621 non
2579 4566 2893 4633 detrahens,
2924 4573 3340 4639 provocantibns
3369 4588 3605 4629 consen-

2023 4653 2178 4715 tiens,
2206 4654 2376 4710 lassus
2405 4655 2529 4710 licet
2575 4672 2682 4711 non
2723 4655 2983 4714 deﬁciens
3005 4700 3019 4725 ,
3050 4657 3184 4715 ﬂens
3209 4660 3366 4715 simul
3391 4671 3447 4716 et
3473 4677 3606 4730 gau—

2019 4746 2170 4809 dens,
2206 4761 2302 4814 pro
2345 4745 2555 4801 fervore
2583 4763 2646 4802 ac
2675 4764 2810 4819 spe;
2852 4749 3045 4805 timens
3086 4765 3300 4822 semper
3329 4767 3428 4820 pro
3476 4751 3600 4818 ﬁne,

2017 4832 2143 4887 licet
2171 4835 2481 4904 proﬁciens,
2507 4837 2730 4891 incerto.

2087 4924 2148 4978 ll.
2191 4925 2268 4979 En
2302 4936 2470 4994 tuum,
2518 4944 2550 4983 ο
2579 4944 2712 4997 puer
2740 4929 2969 4986 amande
3015 4933 3364 5002 ministertu
3405 4933 3598 4998 dulcis,

2014 5016 2434 5078 monimentum;
2487 5019 2609 5073 talis
2655 5021 2700 5086 si
2740 5021 2834 5087 sis,
2886 5021 3041 5076 nimis
3067 5023 3255 5077 beatus
3279 5025 3414 5088 eris,
3470 5025 3597 5094 quia

2016 5121 2109 5175 per
2135 5122 2390 5177 prospera
2411 5117 2468 5163 et
2487 5109 2710 5164 adversa
2739 5111 2879 5166 idem
2927 5113 3054 5176 eris,
3103 5124 3320 5184 paratus
3367 5115 3431 5169 ad
3459 5131 3598 5170 etin-

2012 5205 2118 5263 eta,
2159 5198 2380 5266 singulis
2405 5214 2711 5265 occurrens,
2764 5209 3068 5273 temperans
3105 5213 3310 5274 gestus,
3352 5206 3600 5262 nutriens

2010 5291 2324 5355 crescendo,
2368 5291 2677 5348 interimens
2727 5294 3114 5363 decrescendo,
3147 5299 3385 5369 levigans
3413 5300 3596 5371 dispe-

2008 5391 2122 5437 rata
2155 5383 2337 5454 (Forte
2365 5388 2598 5454 aspera),
2629 5401 2953 5455 exasperans
2995 5389 3296 5459 vituperata
3319 5433 3333 5456 ,
3381 5407 3596 5460 semper

2003 5473 2282 5539 sollicitus,
2307 5490 2519 5545 semper
2545 5491 2813 5541 crescens,
2836 5493 3048 5548 semper
3076 5481 3392 5550 acquirens,
3447 5467 3596 5536 sem-

2000 5580 2097 5635 per
2128 5565 2348 5623 tendens
2377 5567 2441 5621 ad
2474 5583 2955 5639 superna,semper
2983 5585 3204 5626 currens
3233 5572 3301 5627 ad
3324 5573 3593 5640 brevium,

1999 5672 2211 5726 semper
2239 5657 2476 5713 cmlestia
2508 5659 2839 5727 desiderans,
2893 5677 3107 5739 semper
3153 5664 3333 5719 divina
3380 5665 3591 5721 sitiens.

2003 5748 2135 5803 Ecce
2158 5749 2458 5806 doctrinam
2485 5771 2497 5805 :
2532 5752 2596 5806 da
2626 5755 3009 5821 sequacitatem
3033 5758 3075 5811 si
3101 5767 3272 5827 potes,
3301 5766 3364 5813 ut
3391 5758 3595 5815 habeas

2001 5837 2309 5894 fclicitatcm
2370 5850 2423 5895 ct
2477 5851 2816 5920 ,oteJatem,
2871 5863 2993 5900 cum
3041 5849 3266 5918 puerilia
3321 5848 3591 5906 desideria
