3932 6184
312 314 416 371 237

1238 315 1773 372 INSTRUCTIUNES
1815 316 2046 374 VARI/li
2088 318 2243 376 SIVE
2283 324 2667 384 SERMONES.

3491 335 3596 391 2:38

312 428 545 496 rugiens,
576 438 774 494 corpus
803 425 881 482 sic
916 425 968 480 in
1000 432 1323 495 potestatem
1362 427 1582 495 spiritus
1631 426 1902 494 redegeris
1933 432 1978 490 Α
2011 428 2345 500 rediguntur,
2385 444 2439 488 et
2470 436 2625 491 nobis
2666 438 2716 491 in
2761 454 2915 493 usum
2945 439 3143 495 munde
3180 452 3595 512 componuntur.

308 531 368 575 et
397 528 448 575 te
477 519 670 573 vadem
720 534 817 588 pro
860 518 963 573 tuis
1012 517 1295 573 tradideris
1346 520 1611 588 peccatis,
1670 519 1723 573 in
1757 519 1908 574 brevi

308 611 634 667 militantem
659 625 759 680 pro
783 610 1000 665 mternis
1024 609 1326 679 stipendiis.
1363 611 1407 664 0
1438 621 1489 666 te
1518 612 1757 667 felicem!
1792 628 1826 667 0
1857 620 1911 668 te

308 700 562 757 beatum!
617 714 761 769 oque
809 698 1111 754 mirabilem
1144 708 1199 755 te
1232 714 1482 769 puerum,
1533 701 1579 756 si
1609 701 1724 755 hmo
1757 716 1906 756 com-

310 796 546 866 pleveris
578 793 857 849 universa!
890 792 947 848 Si
985 794 1129 848 enim
1156 793 1208 847 in
1239 794 1321 849 his
1352 793 1633 862 diligenter
1662 795 1911 849 onmibus

313 886 483 941 fueris
509 900 671 941 sensu
712 892 767 939 et
796 899 962 954 opere
984 894 1299 955 occupatus,
1352 902 1460 941 non
1490 886 1706 941 vacabis
1734 902 1909 957 neque

314 979 468 1031 vanis
490 978 771 1047 vagisque,
821 990 998 1044 neque
1032 976 1276 1045 turpibus
1319 977 1765 1046 cogitationibus;
1814 977 1909 1032 sed

314 1070 470 1139 quasi
501 1069 764 1138 incipiens
793 1082 1009 1137 semper
1049 1068 1146 1122 tibi
1183 1068 1283 1139 ipsi
1314 1070 1684 1139 congregabis,
1717 1070 1910 1139 quibus

316 1160 371 1214 in
395 1168 717 1231 perpetuum
749 1157 1003 1212 fruiturus
1032 1158 1159 1225 eris,
1195 1160 1354 1217 unius
1383 1162 1464 1215 vir
1495 1161 1766 1216 vocandus
1793 1162 1908 1216 ani-

314 1252 408 1316 mi,
433 1260 486 1305 et
509 1250 796 1319 singularis
820 1250 1172 1306 emolumenti
1197 1252 1474 1321 qmesitor,
1495 1253 1740 1321 egregius
1761 1254 1910 1323 regni

313 1343 621 1411 negotiator
667 1342 875 1397 :eterni.
925 1340 1261 1399 Convertere
1317 1342 1481 1411 igitur
1528 1354 1580 1399 te
1629 1353 1801 1400 totum
1854 1346 1909 1400 in

314 1436 452 1500 haec,
474 1436 602 1504 quia
625 1435 792 1490 habes
815 1436 1079 1511 inquibus
1111 1443 1255 1490 tuam
1276 1451 1532 1493 exerceas
1549 1438 1905 1507 juventutcm,

313 1527 591 1593 virtutem,
623 1526 943 1593 eﬂicaciam,
974 1527 1382 1595 strenuitatem;
1439 1544 1506 1583 ne
1536 1530 1587 1583 in
1626 1531 1911 1586 contrariis

315 1621 396 1673 ba:
435 1619 637 1674 fuerint
662 1620 990 1683 exercitatae,
1042 1628 1269 1689 pereant
1296 1636 1415 1691 quae
1441 1637 1537 1691 per
1560 1623 1664 1676 vim
1696 1624 1911 1693 rapiunt

314 1724 540 1779 regnum
564 1709 823 1765 cmlorum
853 1708 1068 1779 (Matth.
1097 1727 1169 1773 ιι,
1212 1711 1325 1783 12).

833 1799 1245 1856 INSTRUCTIO
1273 1801 1388 1855 XV.

702 1892 778 1948 De
828 1898 1025 1965 fervore
1080 1897 1330 1950 serviendi
1388 1897 1513 1952 Deo.

388 1986 427 2041 Ι.
488 1986 544 2040 ln
574 1985 815 2042 Ecclesia
853 1987 964 2053 Dei,
1015 1988 1209 2044 fratres
1242 1990 1368 2056 mei,
1416 2007 1680 2047 summum
1732 1993 1907 2049 locum

314 2093 412 2149 per
458 2078 554 2133 Dei
602 2077 1029 2133 misericordiam
1086 2095 1270 2135 sumus
1321 2082 1668 2138 obtinentes:
1721 2102 1912 2140 curare

313 2183 660 2238 summopere
685 2168 979 2236 debemus,
1032 2178 1091 2224 ut
1134 2171 1277 2239 quod
1307 2174 1477 2227 semel
1510 2180 1909 2245 proposuimus,

312 2259 500 2314 sedula
548 2260 849 2314 intentione
897 2269 1195 2326 teneamus,
1251 2264 1469 2332 etquod
1508 2267 1746 2321 exterius
1781 2284 1907 2337 pro~

314 2352 599 2418 mittimus,
630 2368 725 2422 per
745 2353 982 2408 studium
1013 2354 1141 2410 boni
1181 2357 1359 2426 operis
1388 2359 1752 2415 exbibeamus.
1796 2362 1911 2429 Qua

316 2441 366 2494 in
394 2456 453 2496 re
485 2457 707 2496 necesse
733 2451 836 2508 est,
874 2452 931 2497 ut
959 2446 1181 2501 remotis
1206 2446 1272 2501 de
1301 2448 1551 2504 cordibus
1592 2452 1787 2505 nostris
1833 2453 1912 2505 fa-

316 2532 423 2588 tuis
453 2542 508 2587 et
533 2533 731 2603 ineptis
758 2534 1193 2602 cogitationibus,
1249 2537 1543 2593 secundum
1570 2538 1913 2609 perfectionis

313 2625 439 2678 vita:
468 2624 709 2692 regulam
742 2624 883 2679 viam
915 2625 1008 2680 Dei
1033 2626 1417 2695 ingrediamnr,
1467 2638 1522 2684 et
1550 2645 1575 2681 a
1621 2632 1911 2699 gradiendo

315 2716 365 2770 in
389 2731 455 2771 ea
487 2732 610 2786 qua:
639 2726 764 2771 ante
789 2728 935 2786 sunt,
959 2719 1110 2773 obliti
1136 2721 1518 2791 posteriorum,
1551 2722 1600 2776 id
1630 2732 1740 2787 est,
1775 2735 1914 2779 tem-

315 2806 604 2877 poralium,
639 2822 760 2862 cum
790 2809 1053 2878 Apostolo
1079 2808 1339 2881 (Philipp.
1373 2829 1451 2881 ut,
1484 2814 1571 2885 15)
1605 2832 1703 2871 nos
1728 2826 1913 2872 exten-

316 2898 527 2961 damus,
579 2897 822 2953 dicentes
870 2898 1136 2955 conditori
1180 2909 1410 2956 nostro:
1460 2904 1628 2959 Trlth
1669 2923 1762 2960 nos
1800 2917 1915 2978 post

317 2998 407 3052 te;
438 3006 702 3043 curremus
758 2990 916 3044 simul
971 2992 1025 3044 in
1069 2992 1277 3045 odorem
1306 3004 1681 3063 unguentorum
1712 3006 1914 3051 tuorum

319 3078 497 3147 (Cant.
529 3095 565 3145 ι,
591 3078 669 3147 5).
724 3078 826 3134 Per
853 3095 952 3135 nos
981 3081 1196 3151 quidem
1226 3082 1293 3135 ad
1342 3084 1483 3137 viam
1515 3086 1760 3140 veritatis
1792 3104 1914 3157 per-

317 3170 545 3238 tingere,
601 3170 687 3224 vel
726 3170 779 3224 in
833 3185 897 3226 ea
959 3170 1225 3241 proficisci
1252 3188 1357 3227 non
1402 3189 1711 3243 possumus,
1752 3186 1913 3246 atque

318 3262 443 3317 ideo
470 3263 701 3331 gratiam
726 3263 1141 3332 prtevenientem
1166 3274 1409 3335 petamus
1432 3267 1672 3322 dicentes
1696 3285 1710 3325 :
1746 3267 1915 3326 Tralie

316 3368 416 3407 nos
445 3361 561 3421 post
590 3360 656 3413 te,
685 3362 740 3405 ut
770 3352 847 3407 sic
867 3368 1149 3409 curramus
1175 3354 1241 3408 ad
1271 3366 1320 3409 te
1353 3372 1366 3408 :
1420 3365 1473 3409 et
1510 3369 1745 3424 congrue
1768 3359 1915 3428 prius

317 3443 518 3498 dicitur
578 3461 590 3497 :
645 3442 815 3499 Tro/ie
856 3462 947 3500 nos
994 3457 1112 3516 post
1157 3455 1240 3515 te,
1298 3457 1354 3502 et
1405 3446 1599 3504 deinde
1651 3452 1912 3519 sequitur,

316 3552 611 3598 curremus;
651 3536 777 3605 quia
815 3536 915 3591 nisi
956 3537 1133 3592 divina
1176 3539 1348 3609 gratia
1387 3554 1485 3594 nos
1530 3542 1911 3610 praeveniente,

318 3642 461 3696 opus
489 3626 691 3681 bonum
718 3625 995 3692 inchoare,
1024 3639 1077 3684 et
1108 3630 1298 3685 eadem
1326 3631 1707 3701 subsequente,
1741 3634 1913 3703 ipsum

315 3733 702 3774 consummare
729 3735 836 3774 non
863 3720 1131 3786 valemus;
1167 3722 1308 3777 unde
1338 3723 1535 3779 dicitur
1571 3725 1623 3779 in
1669 3728 1915 3782 oratione

314 3806 411 3860 illa
444 3824 457 3859 :
493 3804 560 3859 Et
590 3817 676 3861 tua
698 3825 814 3871 nos,
844 3806 1081 3875 Domine,
1113 3811 1281 3881 gratia
1301 3814 1578 3882 prteveniat
1602 3823 1648 3868 et
1673 3824 1915 3882 sequatur

316 3898 501 3969 (Orat.
528 3897 682 3953 Dom.
710 3914 795 3953 xvt
827 3910 943 3970 post
969 3901 1228 3973 Pentcc.).
1275 3901 1421 3957 Bene
1443 3912 1621 3958 autem
1645 3906 1913 3974 congruit,

313 3990 467 4059 quod
523 3989 735 4057 dicitur,
788 4008 1093 4046 curremus:
1132 4008 1255 4047 nam
1303 3992 1359 4047 in
1402 3995 1486 4048 via
1522 3994 1612 4049 Dei
1671 4011 1778 4050 non
1834 4007 1916 4050 est

314 4080 477 4136 nobis
500 4080 649 4136 lento
668 4080 836 4150 gradu
864 4082 1238 4147 incedendum,
1271 4084 1361 4139 sed
1380 4100 1501 4139 cum
1524 4098 1716 4153 magna
1738 4087 1917 4140 exsul-

315 4173 530 4228 tatione
574 4177 659 4227 vel
709 4172 1051 4230 festinatione
1082 4176 1423 4231 currendum.
1478 4176 1584 4232 Sed
1630 4176 1916 4247 Apostolus

314 4263 577 4319 admonet
631 4263 817 4319 dicens
879 4283 890 4318 :
960 4265 1050 4320 Sic
1101 4268 1291 4321 currite
1359 4278 1413 4321 ut
1473 4269 1915 4339 compre/tendatis

318 4355 376 4429 (I
409 4356 530 4412 Cor.
554 4373 631 4421 ιχ,
665 4356 777 4427 54).
804 4355 984 4412 Currit
1003 4373 1153 4424 vero,
1176 4359 1266 4428 qui
1290 4360 1415 4415 totis
1442 4361 1643 4417 viribus
1659 4361 1725 4416 ad
1746 4361 1915 4417 Deum

316 4448 686 4522 proﬁciscitur
712 4468 725 4503 :
757 4452 924 4505 currit
952 4452 1042 4521 qui
1087 4452 1141 4506 in
1168 4453 1312 4507 bono
1337 4467 1501 4521 opere
1531 4470 1635 4508 non
1663 4454 1910 4519 lassatur,

315 4542 457 4599 sicut
486 4550 539 4595 et
570 4540 636 4596 de
687 4540 901 4597 Christo
948 4542 1076 4597 dicit
1126 4543 1393 4613 Propheta

317 4636 467 4703 gigas
516 4634 588 4686 ad
630 4634 937 4688 currendum
986 4637 1118 4690 riam
1172 4636 1343 4701 (Psal.
1398 4652 1543 4702 xvttt,
1602 4636 1678 4708 6).
1734 4638 1913 4693 Currit

318 4722 508 4793 (Forte
534 4724 791 4794 cucurrit}
816 4726 1012 4796 quippe
1052 4726 1300 4782 Christus
1336 4727 1476 4781 viam
1511 4728 1621 4794 Dei,
1683 4729 1805 4799 quia
1856 4731 1912 4783 in

317 4816 400 4867 ria
442 4825 769 4885 peccatorum
799 4833 901 4871 non
930 4819 1067 4871 stetit
1125 4818 1295 4887 (I’sal.
1321 4834 1357 4884 ι,
1385 4819 1463 4888 1),
1522 4819 1574 4874 id
1615 4830 1718 4887 est,
1765 4822 1912 4877 nulla

320 4908 611 4976 gravedine
642 4909 850 4979 peccati
880 4917 963 4965 est
990 4918 1310 4965 remoratus.

395 4995 456 5050 ll.
486 4996 823 5051 Currendum
856 5014 985 5054 vero
1008 5000 1162 5055 nobis
1192 5010 1305 5064 est;
1354 5000 1445 5055 sed
1486 5002 1756 5071 quomodo
1785 5018 1911 5057 cur-

322 5087 588 5141 rendum?
637 5087 832 5142 Audite
858 5090 1150 5157 quomodo.
1219 5090 1518 5158 Curramus,
1574 5092 1811 5162 inquam,
1857 5093 1911 5147 in

324 5180 531 5233 odarem
560 5189 936 5250 unguentorum
969 5191 1193 5236 tuorum.
1226 5182 1356 5249 Qua:
1382 5193 1505 5237 sunt
1535 5195 1828 5254 unguenta,
1856 5188 1911 5243 in

324 5285 553 5339 quorum
586 5270 809 5325 odorem
840 5281 961 5341 post
988 5271 1257 5328 Christum
1306 5276 1603 5332 currimus?
1632 5275 1911 5348 Unguenta

324 5371 450 5416 sunt
474 5371 781 5417 sanctorum
836 5364 1250 5434 praecedentium
1302 5368 1569 5437 exempla.
1631 5367 1911 5438 Unguenta

324 5454 394 5508 de
422 5455 583 5509 variis
636 5455 797 5510 simul
851 5458 1022 5512 mistis
1058 5456 1279 5514 floribus
1303 5460 1388 5514 vel
1428 5460 1706 5530 speciebus
1757 5463 1908 5517 liunt.

326 5543 561 5600 Diversa:
598 5545 833 5615 species,
890 5546 1117 5602 diversa:
1154 5558 1278 5604 sunt
1330 5559 1642 5604 sanctorum
1668 5552 1911 5619 virtutes,

321 5650 448 5705 quae
471 5638 623 5709 quasi
651 5638 948 5694 redolentia
978 5648 1216 5695 aromata
1243 5656 1338 5711 per
1363 5642 1614 5697 virtutem
1639 5643 1916 5699 cbaritatis

404 5805 429 5834 ⁸
470 5795 742 5864 Nunquid.
791 5794 955 5853 Forte
983 5812 1084 5851 non
1112 5796 1255 5868 quid.
1303 5796 1559 5867 Sequitur
1604 5800 1746 5857 enim
1801 5802 1911 5857 sed.

1448 4561 1459 4596 :
1513 4543 1805 4599 Exsultacit
1856 4556 1911 4600 ut
1943 4579 1985 4638 υ

2011 519 2088 575 De
2137 521 2229 575 tali
2269 536 2538 593 unguento
2568 527 2763 582 dicitur
2795 548 2808 583 :
2856 529 3054 586 Musca:
3082 534 3357 588 morientes
3382 534 3602 605 perdunt

2009 614 2314 668 suavitatem
2359 619 2606 688 unguenti
2636 618 2831 689 (Eccle.
2864 638 2916 681 χ,
2959 622 3034 693 1).
3067 621 3263 678 Μυεοω
3310 626 3603 681 morientes

2009 712 2134 758 sunt
2161 720 2311 759 vana:
2348 707 2702 775 cogitationes
2749 709 2896 764 cordi
2929 719 3111 768 nostro
3144 716 3427 782 irruentes,
3465 731 3602 786 quas

2010 796 2260 850 nimirum
2286 812 2382 868 per
2402 798 2636 853 studium
2659 802 3102 871 orationis,quasi
3128 805 3356 874 quodam
3388 804 3602 863 flabello

2010 890 2245 957 abjicere
2274 889 2556 956 debemus,
2615 907 2682 946 ne
2712 893 2938 962 perdant
2982 902 3037 947 et
3083 895 3237 950 nobis
3282 898 3602 952 suavitatem

2011 980 2286 1050 unguenti.
2328 980 2662 1037 Suavitatem
2713 984 2915 1039 etenim
2967 1000 3018 1038 tn
3078 984 3299 1039 odorem
3349 988 3600 1055 unguenti

2012 1084 2208 1123 musca:
2239 1070 2531 1125 morientes
2559 1071 2807 1140 perdunt,
2838 1072 3053 1142 quando
3076 1088 3225 1127 vante
3250 1074 3605 1143 cogitationes

2007 1158 2397 1229 jucunditatem
2446 1158 2702 1215 virtutum
2751 1169 2808 1215 et
2853 1162 3068 1230 regulas
3138 1162 3385 1233 obsequii
3435 1162 3604 1218 divini

2011 1264 2149 1318 quas
2180 1250 2247 1303 ab
2275 1250 2509 1320 antiquis
2538 1252 2778 1320 patribus
2815 1250 3112 1320 didicimus,
3148 1255 3437 1324 perimunt.
3496 1254 3606 1310 Nos

2014 1340 2176 1407 igitur
2203 1339 2609 1409 diligentissime
2635 1351 2944 1397 sanctorum
2976 1344 3393 1414 prtecedentium
3422 1360 3607 1401 exem~

2012 1433 2098 1502 pla
2142 1433 2437 1498 intuentes,
2492 1436 2792 1504 festinemus
2839 1437 3041 1508 ingredi
3085 1440 3139 1492 in
3192 1439 3341 1492 illam
3380 1441 3604 1512 requiem

2016 1521 2203 1592 (Hebr.
2230 1522 2427 1594 1v,ll).
2459 1523 2749 1581 Curramus
2768 1535 2823 1581 et
2850 1527 2902 1582 in
2930 1538 3110 1598 empto
3132 1544 3237 1584 non
3270 1529 3601 1595 deficiamus,

2011 1621 2279 1681 quatenus
2317 1630 2438 1669 cum
2480 1615 2742 1685 Apostolo
2799 1618 2978 1674 dicere
3034 1621 3352 1676 valeamus:
3401 1622 3601 1677 Bonum

2014 1713 2272 1756 certamen
2302 1707 2623 1769 certavimus,
2674 1723 2879 1760 cursum
2908 1712 3390 1775 consummavimus,
3443 1720 3501 1764 ut
3540 1711 3604 1765 ile

1943 1823 1984 1881 Β
2014 1804 2200 1849 αιτιοι-ο
2226 1796 2453 1864 reposita
2480 1798 2545 1850 sit
2568 1798 2721 1853 nobis
2751 1815 2943 1853 corona
2963 1801 3202 1871 justitiaz,
3246 1819 3398 1872 quam
3426 1803 3604 1855 reddet

2015 1885 2161 1940 nobis
2182 1887 2235 1939 in
2265 1887 2411 1940 illum
2440 1888 2575 1942 diem
2591 1891 2764 1959 justus
2784 1890 2957 1945 Judea:
2980 1890 3224 1948 Christus
3253 1893 3340 1962 (II
3372 1893 3505 1948 Tim.
3531 1909 3600 1959 tv,

2012 1976 2067 2042 7,
2091 1975 2171 2041 8),
2228 1978 2318 2046 qui
2350 1989 2433 2031 est
2462 1994 2625 2049 super
2652 1980 2831 2035 omnia
2853 1981 3169 2039 benedictus
3199 1984 3252 2038 in
3282 1983 3477 2039 saecula
3504 1998 3604 2039 sm-

2012 2084 2031 2120 ι
2045 2067 2276 2122 ulorum.
2312 2069 2501 2125 Amen.

2505 2160 2920 2243 lNSTRUCTlO
2964 2164 3101 2220 xvr.

2439 2251 2577 2318 Quid
2601 2265 2675 2309 est
2697 2300 2711 2323 ,
2769 2268 2859 2311 aut
2885 2258 3008 2329 quid
3047 2260 3174 2313 erit?

2085 2341 2127 2399 l.
2193 2341 2399 2414 Cogita,
2433 2353 2457 2381 α
2507 2347 2743 2417 nunquid
2793 2364 2852 2403 es
2897 2350 3061 2404 miser
3114 2351 3307 2418 homo,
3356 2350 3449 2405 sed
3477 2349 3605 2421 quid

2014 2437 2157 2489 eris?
2208 2437 2331 2506 quia
2379 2436 2522 2507 quod
2577 2453 2634 2493 es
2689 2448 3022 2495 momentum
3066 2450 3167 2508 est,
3210 2450 3264 2497 et
3300 2442 3446 2511 quod
3497 2444 3605 2499 eris

2013 2541 2246 2596 Semper.
2301 2525 2416 2582 Non
2442 2528 2517 2583 sis
2544 2543 2674 2599 ergo
2698 2530 2816 2600 ipse
2846 2531 2939 2586 tibi
2963 2532 3129 2601 piger,
3156 2548 3349 2588 exerce
3376 2534 3428 2588 in
3456 2534 3604 2590 brevi

2014 2618 2156 2685 quod
2180 2616 2230 2670 in
2258 2628 2517 2672 mternum
2542 2620 2874 2689 possidehis;
2924 2623 3152 2691 repellat
3198 2624 3601 2693 pigritationem

2015 2708 2216 2763 laboris
2246 2712 2557 2780 temporalis
2586 2712 2907 2767 desiderium
2942 2716 3301 2784 praemiorum.
3336 2716 3604 2788 Spiritua-

2016 2799 2084 2854 lis
2114 2810 2252 2867 esto,
2315 2801 2359 2856 si
2392 2803 2542 2871 piger
2570 2819 2678 2859 non
2702 2819 2792 2871 es;
2847 2808 2940 2860 sed
2972 2807 3017 2862 si
3058 2808 3289 2864 mundus
3330 2817 3381 2865 te
3408 2810 3604 2879 irritat,

2015 2892 2137 2947 vide
2163 2893 2303 2961 quod
2326 2893 2517 2961 fugias,
2576 2896 2723 2964 quod
2778 2899 3038 2966 sequaris,
3082 2907 3139 2952 et
3164 2899 3305 2968 quod
3330 2915 3604 2970 nunquam

2016 2982 2168 3050 fugit,
2193 3000 2291 3037 cur
2312 3001 2419 3038 non
2448 2987 2710 3054 sequaris.
2736 2986 2917 3052 Quare
2945 2989 3229 3057 impatiens
3251 3005 3308 3044 es
3334 2990 3387 3043 in
3412 2990 3605 3045 viliori-

2018 3074 2134 3135 bus,
2166 3072 2257 3141 qui
2288 3073 2579 3142 pretiosior
2608 3083 2827 3143 poteras
2849 3091 2967 3130 esse
2995 3077 3048 3130 in
3080 3077 3427 3133 melioribus?
3483 3077 3604 3133 Noli

1943 3202 1988 3263 ρ
2019 3178 2137 3219 esse
2165 3164 2400 3218 incertus
2422 3164 2487 3217 de
2514 3166 2675 3219 certis
2706 3165 3035 3231 melioribus,
3067 3173 3123 3220 et
3147 3166 3257 3222 noli
3286 3181 3404 3222 esse
3428 3176 3605 3223 certus

2018 3253 2085 3307 de
2112 3253 2350 3308 caducis.
2386 3252 2622 3324 Respicis
2650 3254 2703 3307 in
2734 3254 2853 3309 aliis
2877 3255 3021 3324 quod
3049 3256 3139 3310 alii
3170 3256 3223 3311 in
3253 3265 3305 3311 te
3325 3256 3605 3311 videbunt.

2015 3344 2151 3412 Quid
2181 3346 2397 3415 prodest
2436 3347 2486 3399 in
2516 3347 2669 3417 aquis
2710 3347 2951 3401 umbram
2981 3335 3164 3402 videre
3208 3347 3607 3403 obiectantem?

2015 3435 2152 3505 Quill
2188 3437 2279 3493 tibi
2311 3438 2587 3493 exsultare
2635 3448 2727 3492 aut
2778 3440 3013 3508 gaudere
3061 3455 3157 3510 per
3202 3440 3454 3497 somnia?
3499 3439 3606 3495 Sed

2016 3536 2194 3581 tamen
2239 3527 2353 3583 btec
2401 3529 2629 3595 somnia,
2683 3529 2840 3599 longa
2896 3531 3041 3599 licet,
3095 3531 3386 3602 unicuique
3423 3531 3607 3587 brevia

2015 3626 2160 3682 sunt,
2182 3632 2242 3671 ea
2262 3618 2314 3671 di
2336 3617 2522 3685 (Forte
2542 3628 2597 3674 et
2613 3620 2749 3689 dies)
2763 3621 2901 3674 enim
2918 3622 3080 3676 totius
3094 3620 3274 3676 mundi
3288 3622 3440 3692 quasi
3453 3623 3608 3680 unius

2016 3712 2191 3763 noct's
2221 3709 2568 3765 obscurrimze
2601 3708 2782 3782 (Forte
2803 3711 3214 3783 obscurissimae)
3248 3720 3362 3780 est;
3421 3722 3608 3771 noctes

2015 3815 2146 3855 vero
2176 3800 2385 3855 somnia
2415 3808 2559 3854 sunt.
2616 3800 3003 3872 Expergisrere
3030 3815 3178 3870 ergo,
3213 3818 3246 3858 ο
3273 3803 3369 3869 liii,
3417 3803 3486 3859 de
3510 3819 3609 3859 non

2016 3899 2134 3955 cte;
2182 3889 2359 3944 lumen
2391 3905 2573 3959 qurere
2621 3899 2681 3944 ut
2728 3890 2959 3947 videaris
3005 3901 3061 3948 et
3103 3893 3317 3958 videas;
3369 3891 3609 3949 accende

2016 3980 2290 4035 lucernam
2337 3990 2392 4036 et
2436 3981 2588 4050 lege;
2640 3998 2773 4038 cave
2817 3999 2885 4039 ne
2934 3985 3191 4052 dormias,
3224 4000 3290 4040 ne
3320 4000 3350 4040 a
3382 3985 3608 4041 somniis

2016 4070 2308 4137 seducaris,
2334 4081 2388 4125 et
2407 4071 2642 4127 falsitate
2671 4073 2961 4142 imaginata
2986 4075 3296 4146 decipiaris,
3326 4084 3386 4130 ut
3418 4076 3609 4133 credas

2016 4176 2142 4217 vera
2172 4178 2291 4218 esse
2311 4178 2433 4232 qua:
2454 4163 2583 4218 falsa
2615 4172 2761 4235 sunt,
2790 4175 2845 4221 et
2873 4181 3096 4236 surgens
3113 4176 3297 4236 postea
3323 4168 3609 4237 deceptum

2019 4269 2072 4312 te
2100 4257 2305 4313 doleas.
2337 4258 2450 4313 Tua
2473 4260 2579 4313 vita
2602 4269 2721 4315 rota
2745 4269 2847 4321 est,
2899 4262 3139 4330 quotidie
3159 4262 3343 4329 currit,
3400 4277 3511 4318 non
3552 4269 3606 4317 te

2018 4358 2339 4417 exspectat:
2386 4350 2518 4403 vade
2560 4366 2680 4405 cum
2710 4365 2797 4405 ea.
2846 4350 3010 4418 Igitur
3049 4351 3173 4404 hinc
3212 4367 3455 4422 praepara
3510 4353 3605 4409 tibi

2016 4449 2295 4509 sumptus;
2328 4455 2392 4494 ex
2433 4454 2563 4508 agro
2589 4442 2765 4496 alieno
2794 4441 3048 4497 secedere
3088 4441 3325 4511 juberis;
3377 4444 3500 4501 vide
3536 4462 3607 4503 ne

2018 4540 2168 4587 tuum
2195 4532 2416 4588 vendas.
2469 4532 2567 4587 llic
2597 4534 2728 4588 nihil
2756 4533 2943 4600 habes,
2988 4536 3224 4601 ohomo,
3271 4536 3325 4591 in
3357 4544 3497 4593 terra
3538 4538 3607 4593 de

2016 4636 2122 4690 qua
2190 4621 2367 4676 nudus
2416 4630 2575 4677 natus
2603 4638 2679 4688 es,
2713 4632 2768 4678 et
2797 4623 2848 4677 in
2876 4639 2979 4694 qua
3006 4624 3227 4694 pulvere
3255 4625 3565 4682 dissolveris
3591 4646 3605 4695 ;

2017 4726 2085 4766 ne
2106 4712 2304 4766 vendas
2335 4712 2527 4766 coelum
2551 4753 2567 4778 ,
2614 4714 2703 4767 ubi
2732 4722 2933 4769 :eterna
2961 4714 3244 4771 haereditas
3269 4724 3373 4783 est,
3426 4725 3601 4773 tamen

2015 4800 2061 4855 si
2091 4816 2196 4855 non
2225 4800 2526 4870 perdidisti.
2580 4801 2831 4871 Alioquin
2887 4802 2934 4857 si
2986 4805 3284 4873 perdidisti,
3328 4814 3381 4861 te
3426 4804 3599 4876 ipsum

2015 4890 2187 4945 vende
2210 4898 2268 4944 ut
2298 4891 2471 4960 possis
2492 4891 2753 4962 recipere.
2786 4890 2925 4959 Quid
2947 4893 3079 4958 dixi,
3110 4903 3162 4949 te
3191 4896 3364 4965 ipsum
3393 4895 3603 4951 vende?

2016 4984 2143 5038 vitia
2170 4992 2259 5038 tua
2306 4983 2497 5047 vende,
2550 4992 2604 5038 et
2645 4998 2764 5039 eme
2813 4986 2997 5040 vitam.
3047 4984 3252 5051 Quaaris
3301 4985 3440 5039 forte
3484 4999 3603 5055 qua:

2018 5075 2165 5130 sint?
2210 5074 2516 5144 superbiam
2547 5074 2777 5145 primum
2817 5076 2969 5144 quasi
3022 5081 3205 5129 vitium
3256 5075 3431 5143 primo
3477 5083 3603 5130 ante

2019 5165 2199 5220 omnia
2220 5164 2413 5230 vende,
2444 5174 2499 5220 et
2535 5180 2653 5221 eme
2683 5165 2806 5220 inde
2826 5165 3054 5221 feliciter
3080 5165 3455 5229 humilitatem,
3494 5180 3601 5235 qua

2019 5257 2092 5311 sis
2119 5254 2334 5312 Christo
2357 5256 2546 5312 similis
2577 5255 2773 5311 dicenti
2808 5274 2819 5307 :
2880 5255 3074 5309 Discite
3102 5273 3133 5309 a
3163 5272 3261 5321 me,
3319 5254 3439 5326 quia
3464 5256 3602 5313 mitis

2021 5366 2131 5402 sum
2160 5358 2208 5403 et
2232 5349 2438 5403 humilis
2472 5348 2625 5403 corde
2673 5346 2886 5417 (Matth.
2915 5362 2988 5411 XI,
3015 5345 3128 5415 29).
3176 5345 3417 5400 Breviori
3445 5360 3601 5401 com-

2018 5439 2216 5509 pendio
2246 5439 2345 5494 ista
2374 5454 2438 5494 ex
2471 5437 2680 5508 integro
2706 5438 2923 5503 vendita
2950 5438 3268 5505 vendentur,
3309 5442 3365 5492 et
3391 5437 3596 5493 minora

2018 5531 2310 5602 cupiditate
2362 5529 2594 5586 habendi
2646 5538 2987 5599 contempta,
3039 5530 3164 5597 quia
3203 5528 3386 5586 radice
3420 5528 3598 5586 excisa

2018 5621 2299 5692 cujuslibet
2328 5621 2556 5689 arboris,
2587 5636 2694 5678 non
2723 5620 2899 5691 magni
2926 5620 3229 5692 penduntur
3250 5621 3406 5681 rami.
3451 5620 3598 5681 Scitn
