3978 6182
397 313 496 368 259
757 337 759 339 ι
1255 267 1273 282 '
1609 297 1665 352 s.
1707 291 2098 350 COLUMBANI
2141 267 2429 349 ABBATIS
3567 281 3670 335 eeo

395 441 513 495 quae
541 425 733 480 vendas
759 422 822 474 ad
845 419 1000 486 hujus
1025 415 1294 470 interitmn
1323 425 1517 473 carnis,
1546 417 1597 461 ut
1627 410 1837 476 spiritus
1861 405 1966 459 sal-
2003 416 2047 468 Α
2078 404 2215 457 Deus
2242 406 2544 492 adversatur
2589 405 2729 476 (Jac.
2781 421 2857 470 tv,
2919 403 2983 469 6;
3047 399 3073 454 Ι
3122 399 3267 454 Petr.
3321 413 3377 466 ν,
3435 396 3515 466 5).
3567 394 3668 450 Et:

397 487 484 567 ous
511 515 578 566 sit
605 514 658 565 in
685 511 820 562 diem
849 506 1056 560 Domini
1095 505 1256 558 nostri
1295 500 1418 553 Jesu
1447 496 1635 552 Christi
1689 494 1737 553 tl
1771 494 1893 549 Cor.
1922 510 1974 555 v,
2085 495 2186 560 Qui
2203 514 2260 551 se
2279 487 2580 552 multaverit
2601 499 2954 553 humiliabitur
2979 495 3195 568 (Matth.
3228 509 3380 559 xxnt,
3414 491 3524 563 12).
3549 491 3674 549 [ltro

399 604 486 671 5);
517 602 716 670 gulam,
739 598 1108 667 cupiditatem,
1154 591 1558 647 fornicationem
1579 629 1592 652 ,
1627 589 1780 648 iram,
1814 584 1982 637 tristi-
2085 587 2247 654 igitur
2267 588 2506 642 omnium
2527 589 2760 658 origines
2780 597 2835 644 et
2861 604 3036 644 causa:
3061 594 3188 643 sunt
3206 584 3506 650 malorum;
3557 597 3677 654 quae

400 691 561 754 tiam,
625 686 862 741 acediam
887 723 902 748 ,
965 699 1156 737 vanam
1207 680 1431 748 gloriam
1455 718 1470 741 ,
1524 677 1807 740 invidiam;
1865 687 1984 741 quae
2084 679 2160 734 sic
2181 685 2306 732 sunt
2331 678 2567 735 Sananda
2590 694 2687 748 per
2706 680 2991 735 contraria.
3023 677 3160 732 Gula
3195 675 3391 746 triplex
3416 673 3677 728 vincenda

401 779 590 833 melius
643 775 818 832 fuerat
865 777 911 830 si
958 772 1281 844 perdidisses
1307 811 1322 838 ,
1381 770 1506 824 licet
1556 769 1601 823 si
1641 767 1772 822 nihil
1826 781 1984 821 acce-
2087 778 2172 823 est
2201 783 2296 839 per
2332 770 2711 828 abstinentiam
2736 771 2925 841 jejunii
2975 771 3042 825 de
3069 772 3203 824 hora
3233 784 3376 824 nona
3404 768 3459 822 in
3492 769 3680 824 horam

403 869 592 940 pisses.
2092 876 2307 924 nonam,
2337 871 2392 916 et
2414 863 2728 931 parcitatem
2757 863 2971 932 cibique
2994 860 3282 916 utilitatem
3315 858 3463 931 (Leg.
3499 858 3680 912 vilita~

889 951 1298 1010 INSTRUCTlO
1347 951 1504 1005 XVII.
2093 953 2244 1022 tem).
2306 951 2607 1009 Fornicatio
2671 964 2842 1008 autem
2887 963 2936 1008 et
2992 953 3158 1007 omnis
3210 951 3537 1007 immunditia
3590 967 3684 1005 nec

777 1044 857 1098 De
887 1054 999 1099 octo
1030 1045 1163 1097 vitiis
1207 1041 1596 1110 principalibus.
2091 1043 2411 1098 nominanda
2455 1045 2509 1097 in
2539 1044 2678 1098 vobis
2707 1045 2833 1112 sint,
2877 1045 3009 1097 sicut
3035 1044 3178 1095 decet
3217 1051 3422 1095 sanctos
3462 1039 3681 1109 (Ephes.

475 1138 608 1192 Otto
637 1145 759 1190 sunt
787 1137 912 1190 vitia
945 1135 1274 1206 principalia,
1308 1149 1426 1202 qua:
1456 1139 1700 1202 mergunt
1719 1130 1992 1185 hominem
2091 1151 2143 1200 v,
2169 1136 2243 1204 5),
2291 1151 2388 1204 per
2415 1141 2719 1192 castitatem
2749 1146 2805 1191 et
2833 1135 3222 1191 continentiam
3252 1133 3535 1188 sollicitam
3557 1174 3572 1200 ,
3625 1140 3684 1188 et

406 1231 458 1282 in
491 1229 760 1282 interitum
787 1245 798 1280 :
831 1228 973 1295 gula,
1001 1226 1300 1290 fornicatio,
1325 1223 1612 1292 cupiditas,
1638 1222 1734 1288 ira,
1757 1221 1990 1288 tristitia,
2095 1242 2307 1298 semper
2335 1229 2634 1285 iimemem,
2666 1228 2944 1299 Cupiditas
2972 1243 3102 1283 vero
3125 1225 3255 1281 nihil
3281 1225 3528 1280 habendo
3559 1239 3688 1292 pro-

405 1319 610 1380 acedia.
663 1332 795 1371 Valla
838 1317 1028 1384 gloria.
1064 1316 1335 1385 Sllpel‘bia-
1391 1312 1465 1368 De
1518 1311 1640 1381 SUla
1687 1310 1993 1378 εθεῑίὲθηάἓι
2094 1321 2270 1389 prium
2298 1320 2545 1387 vincitur,
2590 1330 2647 1376 et
2669 1321 2850 1376 omnia
2877 1318 3180 1375 communia
3211 1315 3552 1384 possidendo.
3595 1313 3680 1366 Ira

406 1411 635 1464 dicitur:
669 1408 843 1463 Nolite
869 1409 987 1462 duci
1010 1410 1064 1463 in
1087 1410 1359 1461 saturitate
1380 1406 1562 1460 ventris
1589 1403 1776 1475 (Eccli.
1809 1419 1995 1469 xxxvr,
2097 1411 2355 1480 patientia
2384 1419 2438 1466 et
2489 1421 2768 1465 mansueta
2810 1410 3032 1464 lenitate
3085 1405 3386 1476 superanda
3414 1411 3515 1458 est.
3561 1401 3687 1457 Tri-

410 1501 524 1571 20).
560 1502 635 1556 De
658 1500 1012 1556 fornicatione
1044 1518 1056 1554 :
1102 1499 1468 1554 Fornicatores
1494 1508 1662 1551 autem
1716 1506 1763 1550 et
1794 1496 1995 1548 adulte-
2097 1503 2242 1557 stitia
2269 1518 2400 1557 vero
2429 1503 2614 1557 laetitia
2634 1501 2902 1571 spirituali
2933 1508 2986 1554 et
3037 1513 3131 1569 spe
3162 1498 3351 1552 futura:
3384 1494 3688 1550 beatudinis

407 1609 494 1648 ros
510 1593 645 1647 Deus
668 1593 926 1663 judicabit
955 1592 1270 1664 (Ilebr.xm,
1297 1590 1372 1659 4).
1402 1591 1476 1645 De
1501 1589 1791 1659 cupiditate
1817 1595 1997 1641 autem
2098 1594 2360 1650 vincenda
2411 1603 2513 1649 est.
2560 1593 2886 1648 lnstabilitas
2915 1600 3092 1646 autem
3123 1589 3345 1652 acediac,
3369 1594 3687 1642 mansuetu-

408 1682 604 1751 legitur
629 1701 641 1734 :
673 1682 848 1736 Radix
871 1685 1096 1737 omnium
1117 1682 1372 1736 malorum
1396 1681 1648 1751 cupiditas
1671 1687 1747 1733 est
1776 1677 1830 1750 (Ι
1860 1677 1990 1730 Tim.
2103 1685 2227 1741 dine
2247 1685 2443 1751 stabili,
2500 1692 2556 1739 et
2577 1685 2734 1740 unius
2763 1684 2868 1738 loci
2895 1682 3228 1737 habitatione
3256 1677 3572 1747 corrigenda
3601 1685 3687 1731 est

409 1789 482 1838 v1,
516 1773 625 1842 10).
670 1772 746 1827 De
785 1774 861 1826 ira
898 1791 909 1826 :
965 1772 1065 1836 Qui
1110 1774 1350 1826 irascitur
1401 1771 1551 1842 fratri
1578 1787 1693 1835 suo,
1745 1785 1862 1822 rcus
1892 1770 1984 1822 erit

2094 1792 2192 1847 per
2220 1777 2591 1844 sobrietatem,
2623 1774 2900 1846 Scriptura
2929 1773 3176 1828 dicente:
3227 1771 3287 1824 Si
3317 1771 3526 1840 spiritus
3550 1777 3689 1838 patec

409 1865 652 1934 gehennae
694 1865 826 1935 ignis
857 1862 1070 1936 (Matth.
1103 1879 1154 1927 v,
1181 1861 1294 1932 22).
1342 1862 1416 1916 De
1451 1861 1662 1914 tristitia
1689 1877 1702 1912 :
1759 1857 1984 1913 Tristitia

2095 1877 2276 1920 statem
2333 1867 2568 1921 habentis
2604 1866 2892 1920 ascenderit
2922 1881 3073 1935 super
3099 1871 3147 1916 te
3167 1904 3183 1929 ,
3238 1862 3405 1916 locant
3454 1871 3590 1913 tuum
3619 1875 3688 1913 ne

409 1965 578 2008 autem
613 1956 785 2023 seaculi
814 1964 1028 2010 mortem
1055 1964 1297 2022 operatur
1351 1953 1435 2023 (Il
1477 1952 1594 2007 Cor.
1629 1969 1719 2016 vn,
1755 1951 1864 2022 l0).
1920 1951 1996 2006 De
2097 1957 2353 2010 dimiseris
2385 1954 2576 2027 (Eccle.
2611 1971 2668 2019 x,
2700 1954 2776 2025 4).
2825 1953 2974 2008 Vana
3005 1952 3174 2023 gloria
3202 1965 3417 2020 quoque
3439 1957 3494 2004 ct
3521 1947 3688 2002 elatio

410 2047 636 2100 acedia:
684 2045 854 2101 Multa
901 2047 1041 2101 mala
1071 2047 1241 2100 docuit
1279 2047 1514 2100 otiositas
1562 2043 1750 2114 (Eccli.
1808 2061 1997 2111 xxxiii,
2097 2045 2369 2101 immunda
2394 2054 2558 2114 atque
2580 2044 2853 2114 superbia,
2883 2057 3010 2097 vera
3055 2041 3357 2096 humilitate
3405 2047 3461 2094 et
3505 2037 3688 2093 cordis

410 2132 520 2202 29).
563 2133 637 2188 De
653 2151 785 2189 vana
809 2136 976 2204 gloria
1011 2155 1024 2188 :
1058 2121 1309 2189 Ascendet
1339 2137 1472 2204 fetor
1495 2135 1658 2202 illius,
1682 2136 1765 2205 qui
1789 2136 1995 2206 magni-
2099 2135 2424 2192 contritione
2451 2151 2549 2205 per
2578 2135 2674 2191 Dei
2696 2136 2941 2190 timorem
2978 2134 3285 2189 vincuntur.

412 2222 536 2292 ﬁcat
561 2241 718 2293 opera
746 2242 839 2279 sua
871 2226 1026 2293 (Joel.
1062 2241 1120 2289 ιι,
1143 2223 1256 2295 20).
1297 2224 1370 2279 De
1401 2224 1652 2293 superbia
1685 2243 1696 2276 :
1749 2223 1998 2294 Superbis

2563 2350 3680 2380 __—._.—————-——

1146 2497 1816 2613 SANCTI
1891 2496 1984 2611 (ὲ

2091 2493 2960 2610 ιῙιΠΜΒΔΝῙ

1601 2706 1866 2759 ABBATIS
1911 2707 1991 2758 ET
2033 2706 2455 2759 CONFESSORIS
2522 2711 2524 2714 ’

702 2853 1632 2983 EPISTOLZE
1733 2849 2066 2979 SEX
2159 2840 2409 2978 AD
2502 2846 3374 2974 DIVERSOS

1302 3060 1452 3122 PRO
1497 3053 1940 3120 TEMPORUM
1983 3053 2340 3116 RATIONE
2387 3051 2776 3114 DIGESTIE.

2014 3283 2060 3344 ο
2093 3277 2205 3346 (tua
2232 3274 2382 3348 [Hs.,
2414 3273 2514 3345 tui]
2546 3282 2721 3330 tamen
2747 3289 2880 3346 pace
2903 3275 3105 3332 dictum
3134 3274 3225 3347 sit)
3255 3291 3361 3332 non
3391 3291 3511 3333 esse
3533 3277 3673 3332 Pas-

2089 3367 2212 3433 cha,
2261 3366 2510 3420 nimirum
2556 3366 2903 3422 tenebrosum
2968 3382 2998 3421 a
3063 3367 3243 3422 multis
3287 3367 3678 3439 comprobatur

2093 3457 2540 3513 ccalcalenteris?
2568 3457 2685 3511 Non
2715 3457 2844 3512 latet
2868 3458 3030 3524 enim,
3059 3466 3120 3514 ut
3148 3458 3334 3526 credo,
3377 3458 3678 3514 efficaciam

895 3285 1225 3342 EPISTOLA
1261 3284 1496 3339 PRIMA.

839 3391 904 3430 Δί)
943 3391 987 3431 8.
1027 3390 1327 3432 GREGORIUM
1366 3389 1556 3430 PAPAI.

415 3465 639 3523 Domino
665 3473 873 3530 sancto,
914 3474 969 3519 et
1009 3465 1062 3518 in
1091 3465 1307 3520 Christo
1353 3465 1498 3519 Patri
1523 3473 1548 3501 ι
1587 3463 1832 3519 Romano
1860 3462 1983 3532 pul-

479 3555 744 3614 cherrimo
775 3552 1031 3611 Ecclesia:
1052 3555 1255 3623 decori,
1277 3555 1442 3610 totius
1464 3553 1689 3623 Europae
1712 3551 1988 3608 flaccentis

479 3647 848 3717 augustissimo
885 3647 1038 3717 quasi
1077 3646 1286 3702 cuidam
1334 3647 1472 3711 llori,
1521 3647 1737 3718 egregio
1789 3661 1984 3716 specu-

479 3739 666 3803 latori,
699 3738 905 3793 theoria
948 3747 1135 3808 utpote
1163 3739 1344 3794 divina
1369 3737 1396 3778 δ
1427 3737 1746 3794 castulitatis
1775 3736 1982 3807 potito,

479 3842 580 3897 ego
610 3838 633 3866 ο
663 3828 916 3894 bargoma
945 3827 1062 3882 vilis
1090 3826 1350 3884 Columba
1378 3828 1431 3882 in
1460 3825 1679 3882 Christo
1706 3826 1862 3882 mitto
1893 3839 1984 3880 sa-

486 3917 671 3970 lutem.

480 4004 520 4058 Ι.
569 4004 748 4058 Gratia
795 4005 889 4058 tibi
936 4013 992 4060 et
1035 4018 1146 4076 pax
1188 4022 1219 4060 a
1269 4006 1380 4061 Deo
1429 4005 1588 4061 Patre
1628 4013 1814 4061 nostro
1859 4006 1986 4061 Jesu

413 4095 641 4150 Christo.
676 4094 829 4149 Libet
855 4109 961 4159 me,
989 4111 1022 4150 ο
1051 4103 1240 4150 sancte
1265 4109 1404 4165 papa
1424 4136 1438 4160 ,
1473 4095 1876 4166 hyperbolicum
1909 4107 1986 4150 te-

411 4201 530 4239 cum
568 4200 676 4240 non
716 4186 788 4240 sit
824 4185 1258 4255 interrogandum
1295 4184 1364 4240 de
1411 4186 1617 4240 Pascha
1660 4186 1814 4256 juxta
1859 4187 1986 4242 illud

409 4275 685 4333 Canticum
711 4276 1014 4349 :Interroga
1031 4287 1230 4346 patrem
1251 4287 1411 4344 tuum,
1437 4287 1485 4331 et
1505 4278 1830 4332 annuntiabit
1860 4277 1986 4342 tibi;

411 4369 630 4439 majores
661 4379 805 4434 tuos,
861 4379 909 4424 et
956 4371 1128 4423 dicent
1175 4368 1264 4423 tibi
1312 4368 1487 4440 (Deut.
1522 4384 1692 4436 χχχιι,
1726 4369 1801 4441 7).
1835 4370 1986 4425 Licet

413 4460 552 4513 enim
582 4461 730 4524 mihi,
761 4461 1010 4515 nimirum
1034 4459 1352 4530 micrologo,
1384 4459 1513 4515 illud
1533 4459 1804 4528 cujusdam
1831 4473 1986 4528 egre-

411 4547 554 4614 gium
576 4549 828 4618 sapientis
847 4550 1098 4618 elogium,
1121 4550 1266 4620 quod
1285 4551 1484 4606 dixisse
1509 4551 1675 4606 fertur
1699 4550 1982 4621 quamdam

416 4636 596 4690 videns
629 4637 652 4673 ἀ
682 4639 1043 4708 contupictam
1083 4657 1097 4692 :
1129 4639 1254 4694 Non
1282 4641 1514 4695 admiror
1542 4649 1728 4707 artem,
1760 4641 1853 4694 sed
1879 4642 1977 4695 ad-

413 4727 572 4779 miror
599 4727 853 4796 frontem;
883 4727 951 4781 ad
976 4736 1030 4784 te
1056 4729 1258 4784 clarum
1289 4745 1318 4784 a
1348 4746 1434 4785 me
1461 4731 1553 4785 vili
1580 4732 1862 4786 scribendo
1887 4747 1987 4801 po—

416 4827 516 4872 test
547 4819 683 4873 inuri
716 4836 729 4873 :
761 4827 940 4874 tamen
966 4829 1070 4876 tuae
1097 4822 1417 4889 evangelica:
1443 4823 1758 4878 humilitatis
1791 4821 1986 4878 fiducia

415 4906 598 4973 fretus,
644 4909 736 4964 tibi
779 4911 1013 4966 scribere
1046 4926 1345 4980 prmsumo,
1377 4921 1432 4968 et
1459 4915 1562 4969 mei
1592 4915 1795 4969 doloris
1819 4929 1985 4984 nego-

415 5001 544 5053 tium
587 5000 822 5071 injungo.
872 5000 1089 5058 Vanitas
1130 5017 1359 5073 namque
1391 5006 1657 5060 scribendi
1694 5008 1838 5062 nulla
1878 5017 1983 5075 est,

413 5087 503 5144 ubi
532 5093 820 5147 necessitas
849 5092 992 5160 cogit
1031 5093 1278 5161 quamvis
1316 5093 1610 5163 majoribus
1633 5096 1812 5151 scribi.
1845 5097 1985 5162 Quid

410 5193 541 5248 ergo
579 5180 714 5236 dicis
751 5181 819 5236 de
860 5181 1063 5237 Pascha
1107 5199 1200 5237 xxx
1236 5193 1329 5238 aut
1357 5201 1465 5240 χχιι
1500 5184 1672 5252 lunzn,
1704 5186 1849 5255 quod
1871 5186 1984 5256 jam

484 5340 509 5406 ξ
541 5331 796 5406 Romano.
828 5333 986 5406 Forte
1014 5335 1209 5391 mendo
1239 5335 1438 5390 librarii
1477 5337 1733 5391 omissum
1759 5353 1930 5406 papae.

483 5398 511 5438 ι’
542 5402 987 5478 Qastqlitatisilta
1017 5421 1116 5460 ms.

431 5483 507 5545 mc
542 5469 818 5545 Barg'oma.
863 5474 953 5529 Sic
994 5490 1060 5528 cx
1119 5491 1218 5530 ms.
1275 5475 1600 5543 Fleniingus.
1648 5473 1880 5545 Gangius
1925 5475 1980 5529 in

411 5539 681 5618 glossario
708 5545 774 5597 ad
789 5545 1180 5618 _hanc_vocem,
1211 5553 1365 5618 putat
1389 5539 1669 5618 legendum
1696 5539 1977 5616 barginna,

414 5609 466 5661 id
492 5618 581 5683 est
595 5614 924 5677 peregrinus.
957 5613 1128 5683 Ipsum
1150 5609 1370 5669 consule
1396 5609 1464 5668 νζ
1481 5614 1765 5669 ΒΑΜΙΝΝΑ.

485 5676 510 5712 ἀ
541 5676 908 5753 Cbntupictam.
939 5676 1117 5738 Editur
1140 5685 1359 5752 conjicit
1385 5696 1581 5753 compte
1610 5685 1819 5753 pictam.
1845 5685 1987 5743 Can-

415 5747 530 5817 gius
556 5762 684 5805 vero
708 5747 794 5806 vel
822 5764 1092 5822 comptam,
1118 5754 1202 5810 vel
1233 5747 1326 5808 acu
1356 5747 1628 5826 comptam.

2089 3556 2252 3614 tuam,
2299 3554 2553 3618 quantum
2615 3547 2918 3613 Anatolius,
2965 3549 3116 3602 mira:
3158 3549 3420 3604 doctrinae
3463 3549 3565 3615 vir,
3614 3556 3677 3602 ut

2088 3649 2306 3695 sanctus
2337 3639 2412 3693 ait
2440 3638 2815 3711 Hieronymus,
2854 3639 3008 3709 cujus
3035 3639 3294 3696 Eusebius
3324 3639 3678 3697 Caesariensis

2087 3731 2372 3802 episcopus
2396 3731 2450 3785 in
2475 3731 2838 3788 ecclesiastica
2873 3729 3138 3800 Excerpta
3184 3730 3409 3786 inseruit
3435 3730 3676 3786 Historia

2089 3821 2232 3892 (sic),
2248 3829 2302 3875 et
2321 3829 2539 3877 sanctus
2560 3820 2913 3893 Hieronymus
2929 3821 2983 3874 in
2995 3837 3093 3877 suo
3110 3823 3214 3877 hoc
3229 3821 3373 3878 idem
3387 3823 3453 3878 de
3466 3821 3676 3878 Pascha

2086 3927 2224 3982 opus
2251 3913 2573 3968 collaudavit
2600 3912 2882 3982 Catalogo,
2913 3912 2981 3968 de
3020 3914 3123 3969 hac
3151 3913 3290 3968 luna:
3325 3921 3485 3969 aetate
3521 3914 3670 3968 vitu-

2086 4002 2326 4072 perando
2370 4001 2636 4072 disputet;
2678 4002 2772 4072 qui
2827 4011 3017 4057 contra
3058 4001 3363 4058 Gallicanos
3403 4001 3675 4060 Himerius

2086 4091 2154 4146 de
2182 4091 2406 4158 Pascha,
2435 4101 2495 4146 ut
2523 4093 2619 4160 ait,
2649 4102 2927 4160 errantes,
2958 4093 3283 4148 horrendam
3321 4093 3508 4148 intulit
3547 4109 3676 4148 sen-

2088 4185 2310 4238 tentiam
2350 4201 2364 4237 :
2397 4183 2563 4250 Certe,
2604 4185 2871 4255 inquiens,
2913 4187 2959 4240 si
2987 4202 3145 4256 usque
3185 4187 3256 4239 ad
3292 4186 3510 4239 duarum
3540 4183 3676 4255 vigi-

2087 4273 2276 4326 liarum
2317 4275 2588 4327 terminum
2615 4276 2751 4345 quod
2788 4277 2954 4330 noctis
2994 4277 3216 4330 medium
3256 4276 3474 4341 indicat,
3522 4285 3670 4329 ortus

2088 4364 2225 4418 luna:
2251 4364 2548 4430 tardaverit,
2579 4382 2683 4420 non
2712 4367 2803 4421 tua:
2832 4367 3083 4434 tenebras,
3123 4368 3215 4422 sed
3249 4369 3410 4422 lucem
3441 4366 3673 4424 tenebrae

2086 4464 2365 4522 superant;
2395 4455 2530 4526 quod
2557 4467 2745 4510 certum
2779 4467 2853 4512 est
2879 4458 2934 4511 in
2964 4457 3167 4512 Pascha
3195 4475 3300 4512 non
3337 4475 3447 4513 esse
3475 4458 3672 4529 proba-

2088 4545 2204 4612 bile,
2238 4555 2295 4599 ut
2322 4547 2496 4618 aliqua
2541 4564 2663 4614 pars
2693 4548 3014 4602 tenebrarum
3060 4550 3163 4602 luci
3191 4550 3507 4617 dominetur,
3541 4552 3669 4620 quia

2013 4669 2061 4730 υ
2087 4641 2383 4696 solemnitas
2412 4641 2685 4695 dominica:
2708 4643 3094 4696 resurrectionis
3121 4643 3213 4696 tua:
3243 4649 3337 4708 est,
3368 4651 3419 4696 et
3460 4653 3563 4696 non
3591 4654 3672 4696 est

2087 4723 2480 4787 communicatio
2511 4734 2612 4786 luci
2642 4749 2755 4787 cum
2785 4733 3026 4789 tenebris.
3062 4732 3130 4787 Et
3151 4735 3198 4788 si
3226 4736 3280 4787 in
3321 4735 3474 4787 tertia
3495 4734 3677 4804 vigilia

2086 4825 2210 4877 luna
2236 4825 2583 4888 excanduerit,
2615 4840 2720 4878 non
2748 4833 2824 4878 est
2849 4823 3056 4878 dubium
3084 4825 3260 4878 lunam
3302 4841 3391 4879 ut
3434 4824 3510 4878 vel
3552 4839 3670 4880 xm

2085 4923 2321 4967 exortam
2361 4929 2491 4980 esse,
2517 4914 2577 4966 in
2606 4930 2705 4984 qua
2747 4930 2919 4967 verum
2952 4914 3159 4968 Pascha
3186 4931 3290 4968 non
3319 4924 3395 4967 est
3422 4913 3671 4983 possibile

2083 5006 2362 5058 immolari.
2394 5004 2537 5058 Nam
2566 5007 2651 5073 qui
2693 5005 2789 5058 hac
2828 5006 2966 5059 luna;-
2991 5014 3142 5060 astate
3167 5005 3373 5058 Pascha
3416 5005 3674 5071 deﬁniunt

2085 5094 2326 5164 possibile
2353 5095 2622 5162 celebrari,
2653 5113 2754 5149 non
2780 5095 2945 5150 solum
2971 5097 3101 5150 illud
3131 5097 3440 5150 auctoritate
3479 5095 3675 5151 divini:

2089 5184 2373 5255 Scriptum
2413 5187 2683 5256 afﬁrmare
2710 5204 2811 5241 non
2841 5195 3075 5254 possunt,
3113 5188 3204 5240 sed
3228 5197 3279 5240 et
3316 5187 3580 5256 sacrilegii
3619 5193 3674 5253 et

2087 5278 2422 5330 contumacia:
2449 5277 2638 5330 crimen
2669 5287 2717 5330 et
2739 5278 3032 5331 animarum
3058 5277 3341 5347 periculum
3371 5278 3670 5341 incurrunt;

2162 5415 2184 5443 ο
2213 5407 2602 5461 Calcalenteris.
2630 5407 2685 5462 Si
2705 5407 2963 5474 Cangium
2990 5408 3194 5473 audias,
3228 5407 3508 5476 legendum
3531 5407 3676 5462 forte

2091 5477 2506 5540 calculatoribus,
2556 5479 2656 5532 nisi
2710 5479 2862 5532 malis
2904 5477 3261 5545 chalcenteris,
3309 5479 3359 5533 id
3405 5488 3508 5543 est,
3538 5478 3676 5536 .viris

2091 5547 2264 5602 doctis
2298 5565 2311 5600 :
2351 5563 2458 5616 quo
2505 5548 2664 5601 titulo
2709 5550 3145 5616 cognominatum
3186 5549 3352 5604 fuisse
3380 5545 3673 5615 Origenem

2096 5617 2359 5671 novimus.
2386 5616 2454 5669 At
2482 5627 2668 5671 neutra
2702 5620 3006 5686 conjectura
3047 5618 3268 5674 eruditis
3311 5617 3674 5673 Benedictinis

2097 5687 2388 5758 probatur;
2441 5688 2534 5755 qui
2581 5687 2799 5741 mallent
2843 5688 3180 5757 calendariis,
3233 5689 3325 5758 qui
3375 5695 3676 5758 supputant

2104 5752 2366 5810 Kalendas
2380 5763 2444 5815 .et
2457 5752 2738 5827 tempora.
