3978 6182
426 227 521 282 96!

426 344 543 396 dum
570 343 845 413 afﬁrmant
886 362 1055 398 ceram
1087 349 1250 401 lucem
1277 369 1422 420 posse
1451 356 1710 410 immolari
1748 374 1860 412 cum
1903 361 2003 415 ali-

423 452 519 504 qua
557 434 913 489 donunalione
958 439 1299 505 tenebrarum,
1351 462 1464 513 quia
1510 448 1743 501 erunibus
1788 452 2007 505 tenebris

424 524 736 579 demittatur.
785 526 896 582 Nec
941 545 1047 583 non
1082 532 1133 584 in
1174 536 1346 587 sancti
1376 535 1641 607 dogmatis
1689 543 1914 610 legimus
1942 545 2010 598 li-

423 617 518 671 bro
555 636 568 669 :
602 619 827 685 Pascha,
858 620 908 674 id
937 632 1038 689 est,
1068 625 1366 679 soiennilas
1385 630 1654 686 dominij
1677 639 2009 692 resurrectio-

422 710 500 762 nis
528 717 649 763 ante
678 720 1058 782 transgressum
1090 718 1308 771 vernalis
1353 724 1645 787 wquinortii
1677 741 1760 778 xvr
1800 726 2006 783 initium

422 815 523 852 non
553 810 718 869 potest
746 803 1015 871 celebrari,
1044 817 1096 859 ut
1128 810 1319 863 scilicet
1345 814 1701 882 wquinoctium
1730 833 1832 871 non
1859 829 2007 874 ante-

421 899 605 956 cedat;
626 895 769 962 quod
798 898 983 966 utique
1010 898 1278 956 Victorius
1308 902 1359 956 in
1389 917 1487 957 suo
1530 919 1893 976 transgressus
1922 920 2005 965 est

422 989 605 1060 (lycio,
637 999 692 1043 et
720 1006 813 1059 per
837 992 940 1045 hoc
960 992 1143 1047 Galliae
1166 991 1277 1062 jam
1307 994 1503 1049 dudum
1536 998 1737 1054 invexit
1765 1018 2002 1059 errorem

420 1098 535 1145 seu,
569 1093 626 1136 ut
651 1083 902 1137 humilius
924 1083 1117 1150 dicam,
1136 1085 1474 1143 conﬁrmavit
1499 1091 1761 1147 inclitum.
1795 1094 2003 1166 Quippe

420 1187 524 1241 qua
556 1175 763 1229 ratione
790 1185 1014 1244 utraque
1042 1187 1185 1232 stare
1226 1190 1466 1247 possunt,
1496 1191 1553 1237 ut
1580 1185 1789 1241 scilicet
1816 1202 1998 1241 resur-

418 1264 590 1318 rectio
615 1264 818 1319 Domini
849 1276 974 1322 ante
1004 1284 1150 1322 suazn
1175 1270 1477 1327 celebretur
1501 1276 1824 1344 passionem,
1851 1279 1999 1348 quod

418 1356 504 1409 vel
546 1358 720 1425 putari
751 1358 1041 1413 absurdum
1087 1370 1207 1427 est;
1253 1371 1346 1417 aut
1384 1376 1589 1435 septem
1619 1368 1753 1433 dies,
1789 1371 2001 1427 Domini

415 1447 655 1514 iussione
701 1449 753 1502 in
804 1449 920 1518 lege
950 1452 1176 1518 sanciti,
1210 1454 1263 1509 in
1296 1457 1489 1523 quibus
1522 1467 1726 1514 tantum
1758 1462 1995 1533 legitime

418 1537 588 1593 Phase
620 1539 829 1595 Domiai
855 1544 1063 1599 comedi
1100 1547 1408 1602 mandatum
1439 1559 1521 1603 est
1550 1551 1661 1619 (qui
1693 1568 1721 1606 a
1752 1570 1840 1609 xxv
1872 1556 1997 1639 luna

416 1646 585 1699 usque
632 1633 695 1686 ad
745 1650 814 1687 xx
863 1639 1177 1697 numerandi
1220 1640 1365 1710 sunt)
1422 1652 1610 1697 contra
1661 1645 1750 1712 jus
1812 1633 1996 1716 fasque

1337 239 1686 298 EPISTOlmE
1724 246 1857 300 SEX
1900 247 1989 301 AD
2036 248 2393 306 DIVERSOS.
2436 283 2505 295 --
2549 254 2764 315 EPIST.
2809 262 2847 316 Ι.

3590 279 3698 334 283

2036 367 2078 418 Α
2109 375 2139 414 e
2172 359 2413 429 Pascha;
2446 376 2499 419 et
2529 384 2634 424 non
2659 374 2835 441 potius
2858 375 2951 431 Dei
2981 377 3148 449 ipsius
3170 382 3499 445 instituentis
3529 390 3705 453 Phase

2113 465 2230 505 esse
2262 450 2534 510 fatendum
2564 470 2667 528 est,
2708 465 3035 537 scientisque
3069 472 3237 528 solius
3268 478 3333 530 ad
3363 494 3553 548 purum
3592 501 3705 554 quo

2112 543 2366 610 mysterio
2401 562 2487 600 xw
2526 550 2644 603 luna
2675 553 2740 605 ad
2779 563 3141 615 transcensum
3187 564 3358 621 electa
3390 578 3473 625 est
3496 574 3518 625 ?
3545 572 3700 640 Quod

2110 628 2248 685 forte
2276 638 2607 703 sapientibus
2637 651 2689 694 et
2728 644 2802 696 tui
2830 648 3093 704 similibus
3136 653 3525 724 aliquantulum
3554 628 3696 733 pras-

2109 722 2302 779 luceat.
2374 728 2473 794 Qui
2524 730 2626 786 hoc
2677 747 2995 807 opponunt,
3041 742 3162 797 licet
3216 722 3330 802 sine
3376 722 3698 812 auctoritate

2108 813 2220 869 Deo
2250 816 2634 888 improperent,
2682 839 2848 891 quare
2895 844 2999 883 non
3046 848 3138 886 sua
3170 840 3501 903 prtescientia
3535 854 3694 902 antea

2110 914 2235 960 tunc
2263 912 2576 976 prmcaverit
2598 912 2903 971 Judzeorum
2928 927 3344 994 contumaciam,
3375 940 3431 985 ut
3458 935 3503 988 si
3533 938 3699 992 nollet

2109 1011 2206 1049 nos
2238 1014 2360 1052 cum
2393 1000 2473 1053 eis
2506 1001 2709 1059 Pascha
2736 1006 2931 1075 facere,
2962 1028 3151 1067 novem
3176 1017 3289 1071 dies
3315 1036 3619 1089 azymorum
3643 1028 3696 1082 in

2105 1086 2248 1154 Lege
2278 1091 2610 1161 praeciperet,
2647 1105 2703 1150 ut
2732 1099 2815 1151 vel
2865 1110 3060 1157 nostra?
3091 1106 3445 1165 solemnitatis
3486 1114 3691 1170 initium

2107 1177 2264 1232 liuent
2292 1182 2646 1239 solemnitatis
2672 1202 2858 1242 eorum
2891 1208 2996 1245 non
3030 1196 3350 1253 excederet?
3373 1200 3505 1254 Nam
3536 1205 3578 1257 si
3600 1222 3691 1261 xx:

2105 1279 2199 1323 aut
2220 1287 2330 1326 xxu
2362 1274 2558 1330 Pascha
2578 1278 2982 1347 celebrandum,
3015 1300 3044 1338 a
3066 1302 3153 1339 xxv
3177 1304 3345 1358 usque
3360 1292 3424 1347 ad
3456 1310 3567 1349 ml
3600 1313 3697 1351 no-

2104 1375 2224 1414 vem
2250 1363 2360 1417 dies
2385 1368 2841 1435 computabuntur
2865 1390 2877 1437 ;
2904 1384 3107 1445 septem
3136 1380 3341 1437 scilicet
3369 1399 3397 1436 a
3421 1384 3530 1441 Deo
3558 1403 3696 1456 pra:-

2104 1450 2267 1519 c«'pti,
2282 1460 2336 1505 et
2356 1452 2461 1506 duo
2477 1455 2543 1508 ab
2557 1457 2859 1515 hominibus
2877 1465 3039 1517 aucti.
3064 1464 3167 1520 Sed
3184 1469 3228 1522 si
3253 1471 3375 1526 licet
3392 1450 3695 1533 hominibus

2104 1552 2302 1607 augere
2335 1558 2433 1611 per
2458 1559 2515 1599 se
2555 1546 2754 1615 aliquid
2786 1550 2978 1606 divinae
2999 1570 3259 1627 censurae,
3294 1563 3589 1636 interrogo,
3628 1586 3695 1625 ne

2105 1627 2241 1684 forte
2269 1632 2518 1689 videatur
2548 1641 2875 1694 contrarium
2907 1658 3027 1700 esse
3056 1647 3127 1701 illi
3153 1648 3544 1712 Deuteronomii
3571 1676 3693 1715 sen-

418 1723 900 1779 transcendantur?
942 1727 1089 1781 Luna
1122 1738 1298 1784 autem
1344 1748 1433 1786 xxx
1463 1742 1557 1787 aut
1589 1751 1694 1789 xxu
1723 1746 1872 1791 extra
1910 1738 1996 1807 jus
2033 1732 2074 1791 Β
2104 1721 2281 1813 mlum
2332 1740 2344 1775 τ
2392 1723 2543 1791 Ecce.
2603 1728 2795 1797 inquit,
2838 1733 3043 1790 verbum
3088 1741 3224 1808 (Ιαοά
3273 1745 3362 1797 “bi
3407 1748 3491 1813 d0,
3534 1766 3692 1813 "emta

416 1814 549 1870 lucis
577 1824 678 1881 est,
714 1826 898 1887 utpote
931 1828 1054 1888 post
1096 1821 1333 1876 medium
1367 1827 1540 1880 noctis
1588 1835 1713 1881 tunc
1744 1833 2004 1898 temporis

410 1913 600 1959 exorta
628 1924 641 1971 ;
671 1916 723 1960 et
743 1910 978 1964 tenebris
1006 1910 1175 1965 lucem
1207 1916 1610 1985 superantibus,
1640 1918 1772 1973 lucis
1800 1921 1999 1975 solem-

409 1999 551 2055 uitas
574 2001 723 2055 nefas
752 2012 852 2065 est,
891 2012 948 2058 ut
977 2006 1146 2072 aiunt,
1178 2010 1285 2078 agi.

480 2088 542 2142 ll.
568 2090 747 2157 Quare
777 2108 905 2163 ergo
936 2104 993 2149 tu
1024 2111 1132 2151 tam
1164 2100 1399 2169 sapiens,
1431 2100 1679 2160 nimirum
1714 2110 1863 2175 cujus
1885 2111 1998 2167 cla-

408 2180 615 2235 rissima
658 2199 756 2252 per
784 2186 1001 2254 orbem,
1044 2198 1105 2243 ut
1133 2192 1429 2262 antiquitus
1449 2236 1463 2259 ,
1488 2200 1631 2252 sacri
1658 2203 1858 2268 Ingenii
1889 2203 1995 2257 dil-

406 2273 522 2325 fusa
574 2284 701 2328 sunt
744 2275 942 2331 lumina
970 2321 983 2345 ,
1024 2280 1226 2336 Pascha
1270 2287 1616 2342 tenebrosum
1664 2292 1838 2346 colis?
1894 2293 1993 2348 Mi-

405 2375 518 2426 ror,
549 2361 740 2429 fateor,
767 2380 794 2417 a
830 2374 881 2420 te
921 2367 1063 2425 hunc
1096 2368 1278 2427 Gallia:
1321 2389 1590 2441 errorem,
1620 2395 1684 2433 ac
1710 2382 1752 2435 si
1788 2382 1996 2453 Schyn-

406 2458 662 2518 tcncum,
718 2455 831 2523 jam
898 2458 988 2513 diu
1043 2478 1147 2517 non
1202 2463 1364 2521 fuisse
1419 2484 1638 2537 rasum;
1707 2473 1807 2527 nisi
1856 2474 1994 2530 forte

401 2552 617 2617 putem,
648 2550 794 2618 quod
842 2550 929 2603 vix
976 2554 1194 2610 credere
1238 2573 1478 2631 possum,
1525 2565 1650 2620 dum
1695 2582 1819 2624 eum
1867 2586 1993 2630 con-

403 2645 511 2691 stat
560 2654 589 2692 a
641 2648 693 2694 te
749 2656 855 2696 non
913 2642 1075 2700 fuisse
1123 2652 1502 2720 emendatum,
1560 2660 1703 2729 apud
1763 2673 1815 2719 te
1869 2682 1991 2725 esse

401 2728 707 2797 probatum.
765 2732 935 2788 Aliter
996 2745 1173 2793 tamen
1236 2752 1292 2796 et
1342 2745 1622 2805 honestius
1679 2761 1771 2809 tua
1821 2773 1989 2816 excu-

401 2821 513 2873 sari
544 2831 718 2889 potest
747 2827 960 2895 peritia,
1010 2829 1136 2885 dum
1184 2832 1323 2890 forte
1374 2846 1557 2897 notam
1601 2846 1781 2903 subire
1833 2853 1990 2910 times

402 2905 585 2977 [Forte
610 2913 823 2986 timens]
848 2916 1240 2991 llermagoricze
1263 2929 1534 2997 novitatis,
1561 2944 1982 3013 antecesserunt,

403 3005 458 3049 et
502 3001 733 3056 maxime
777 3019 928 3076 papae
978 3007 1172 3066 Leonis
1206 3020 1528 3076 auctoritate
1569 3036 1857 3086 contentus
1906 3050 1980 3089 es.

2106 1812 2321 1883 adjicias
2352 1818 2421 1869 ad
2449 1818 2599 1887 illud,
2633 1838 2792 1893 neque
2820 1828 3029 1896 auferas
3059 1832 3122 1884 ab
3152 1850 3209 1886 eo
3241 1835 3418 1905 (Deut.
3449 1812 3520 1904 1v,
3551 1842 3628 1911 2).

2171 1905 2256 1959 lll.
2282 1906 2387 1963 Sed
2418 1909 2532 1965 huic
2560 1915 2729 1982 magis
2751 1920 3053 1985 procaciter
3074 1940 3233 1992 quam
3263 1928 3536 1987 humiliter
3558 1905 3691 1989 scri-

2101 1996 2252 2061 bcns,
2294 2001 2404 2056 scio
2436 2005 2669 2073 turipum
2710 2015 3138 2081 prmsumptionis
3178 2019 3502 2079 difﬁcillima:
3544 2029 3674 2083 mihi

2100 2089 2332 2157 nexisse,
2366 2095 2758 2164 enavigandum
2800 2101 2915 2157 fore
2941 2103 3120 2172 irogus
3166 2108 3350 2179 [Forte
3381 2115 3680 2191 ignorans].

2098 2177 2209 2234 Nec
2253 2180 2358 2235 loci
2406 2200 2659 2257 namque,
2711 2206 2810 2246 nec
2854 2194 3057 2251 ordinis
3103 2208 3203 2265 est,
3249 2211 3309 2255 ut
3348 2220 3551 2276 magna:
3585 2218 3685 2264 tua)

2098 2273 2405 2328 auctoritati
2454 2276 2655 2347 aliquid
2706 2285 2859 2351 quasi
2909 2286 3244 2349 discutiendo
3286 2273 3582 2367 inrogetur,
3632 2310 3686 2358 ct

2096 2362 2383 2420 ridlculose
2440 2375 2491 2423 te
2536 2372 2640 2425 mei
2681 2373 2951 2441 (nimirum
2999 2382 3139 2436 Petri
3185 2362 3494 2443 cathedram
3544 2406 3683 2461 apo-

2096 2455 2219 2509 stoli
2244 2466 2297 2511 et
2326 2459 2654 2517 clavicularii
2686 2465 2922 2534 legitime
2950 2470 3287 2549 insidentem)
3305 2477 3679 2541 Occidentales

2095 2548 2273 2617 apices
2303 2551 2368 2605 de
2400 2551 2604 2610 Pascha
2633 2558 2944 2617 sollicitent.
2979 2564 3085 2619 Sed
3115 2574 3172 2622 tu
3204 2548 3310 2626 non
3344 2580 3449 2627 tam
3482 2591 3567 2631 me
3595 2577 3680 2632 vi-

2093 2635 2200 2692 lem
2224 2640 2275 2693 iu
2310 2640 2413 2696 hac
2441 2659 2519 2711 re,
2541 2660 2703 2715 quam
2737 2650 2935 2707 multos
2957 2663 3011 2708 et
3035 2654 3316 2717 defunctos
3337 2670 3393 2716 et
3419 2664 3679 2734 viventes,

2094 2725 2209 2781 haec
2240 2728 2426 2784 eadem
2453 2748 2575 2801 quae
2619 2739 2821 2803 notavi,
2855 2740 3133 2801 ﬁrmantes
3162 2750 3465 2820 magistros,
3496 2757 3679 2813 consi-

2092 2815 2284 2871 derare
2305 2817 2489 2888 debes,
2521 2832 2574 2879 et
2595 2828 2747 2895 quasi
2772 2844 2893 2884 cum
2923 2833 3000 2888 eis
3032 2844 3082 2889 te
3113 2815 3324 2896 trahere
3352 2844 3678 2915 colloquium

2092 2906 2254 2961 crede
2290 2926 2302 2960 :
2335 2911 2423 2979 pie
2452 2930 2683 2985 namque
2712 2936 2819 2984 me,
2862 2924 3000 2979 scito
3031 2926 3155 2982 licet
3197 2932 3462 2989 saltuatim
3492 2949 3545 2992 et
3576 2941 3677 3011 hy-

2093 2994 2387 3064 perbolice,
2443 3001 2705 3059 chilosum
2756 3024 2817 3063 os
2859 3013 3089 3080 aperire.
3137 3016 3309 3073 Tuum
3361 3023 3538 3093 itaque
3584 2994 3678 3084 aut

404 3085 525 3141 Noli
556 3098 627 3154 te,
658 3108 860 3161 quceso,
905 3097 956 3150 in
999 3100 1088 3155 tali
1118 3106 1416 3171 quaestione
1445 3111 1732 3173 humilitati
1776 3130 1983 3180 tantum
2014 3097 2059 3159 Ο
2092 3099 2288 3142 excusa
2316 3099 2409 3144 am
2449 3092 2642 3149 damna
2679 3097 2994 3169 vmonum’
3025 3121 3202 3164 solens
3229 3126 3274 3165 Si
3304 3113 3453 3169 mum
3493 3118 3677 3175 lauda-

403 3188 499 3233 aut
544 3172 790 3248 gravitati
839 3190 1081 3260 credere,
1122 3206 1426 3270 qure‘sznpe
1474 3203 1750 3265 falluntur.
1800 3213 1990 3271 Melior

400 3270 544 3327 forte
589 3285 665 3328 est
712 3294 856 3334 came
908 3298 1044 3337 mvus
1100 3301 1154 3340 in
1208 3292 1545 3358 problemate
1588 3298 1735 3356 leone
1782 3319 1985 3364 mortuo

401 3361 599 3433 (Eccle.
629 3382 703 3433 ix,
730 3368 805 3438 4).
851 3370 1011 3429 Vivus
1055 3393 1288 3449 namque
1315 3396 1536 3445 sanctus
1575 3396 1863 3453 emendare
1889 3417 1988 3469 po-

398 3460 528 3515 test,
578 3470 694 3525 quze
736 3459 803 3513 ab
832 3461 1007 3518 altero
1053 3468 1260 3538 majore
1301 3476 1590 3535 emendata
1620 3499 1730 3538 non
1761 3459 1979 3545 luerim.

396 3545 555 3604 Scias
597 3567 829 3623 namque
877 3561 1073 3616 nostris
1115 3566 1384 3635 magistris
1427 3580 1483 3626 et
1512 3572 1810 3635 Hibernicis
1839 3586 1982 3639 anti-

396 3639 539 3705 quis,
570 3641 905 3715 pbilosophis
950 3657 1004 3703 et
1033 3654 1443 3722 sapientissimis
1474 3671 1834 3735 componendi
1866 3675 1981 3727 cal-

394 3729 503 3784 culi
528 3737 893 3803 computariis,
911 3738 1204 3799 Victorlum
1235 3762 1343 3803 non
1369 3749 1532 3808 fuisse
1560 3768 1860 3829 receptum,
1888 3765 1983 3820 sed

394 3822 568 3890 magis
620 3824 730 3879 risu
776 3828 861 3881 vel
908 3832 1064 3886 venia
1112 3834 1373 3909 dignum,
1423 3858 1584 3912 quam
1635 3852 1978 3910 auctoritate.

392 3912 603 3971 Idcirco
645 3918 773 3973 mihi
807 3920 1014 3989 timido,
1065 3932 1351 3998 peregrino
1382 3937 1572 4006 magis,
1602 3955 1765 4008 quam
1788 3946 1979 4014 sciolo,

393 4014 501 4061 tua:
522 4008 685 4078 dirige
710 4010 937 4069 fulcrum
953 4022 1252 4090 sementim,
1276 4034 1331 4079 et
1351 4036 1557 4086 mature
1583 4031 1709 4102 [Με.
1744 4039 1976 4110 matura]

390 4111 647 4171 punctutn
680 4114 783 4160 tua:
825 4109 1204 4177 placabilitatis
1244 4117 1367 4175 huic
1392 4128 1698 4193 tempestati
1728 4143 1831 4186 nos
1871 4109 1977 4186 cir?

387 4192 663 4249 cumdanti
704 4203 1133 4272 compescendae,
1183 4192 1547 4270 transmittere
1576 4232 1684 4272 non
1716 4219 1974 4289 dedigne-

388 4284 505 4347 ris;
550 4286 672 4353 quia
721 4304 827 4344 non
877 4292 1005 4349 mihi
1035 4297 1295 4354 satisfecit
1325 4312 1447 4371 post
1493 4312 1672 4362 tantos
1702 4324 1841 4379 quos
1870 4313 1973 4384 legi

385 4386 657 4443 auctores,
682 4397 786 4436 una
818 4384 1046 4442 istorum
1073 4395 1337 4449 sententia
1369 4398 1742 4470 episcoporum
1775 4405 1964 4461 dicen-

386 4467 518 4522 tium
549 4480 752 4527 tantum
784 4493 797 4528 :
831 4476 960 4532 Cum
987 4481 1184 4540 Judceis
1214 4486 1421 4544 Pascha
1446 4502 1472 4529 ⁸
1501 4467 1672 4561 [acere
1692 4515 1792 4553 non
1818 4501 1970 4556 debe-
1998 4478 2052 4538 D

384 4573 520 4614 mus.
552 4561 695 4617 Dixit
718 4564 823 4623 hoc
852 4570 978 4624 olim
1017 4582 1071 4628 et
1107 4575 1283 4632 Victor
1317 4582 1639 4654 episcopus;
1668 4591 1761 4644 sed
1809 4608 1968 4652 nemo

382 4644 738 4709 Orientalium
763 4673 918 4714 suum
948 4666 1151 4735 recepit
1182 4682 1579 4743 commentum;
1610 4680 1703 4733 sed
1729 4681 1834 4738 hoc
1879 4700 1968 4742 so-

382 4757 581 4809 porans
625 4747 778 4816 spina
810 4751 1061 4847 Dagqnis,
1108 4760 1211 4815 hoc
1252 4762 1460 4822 imbibit
1506 4769 1704 4826 bubum
1743 4790 1964 4836 erroris.

384 4832 584 4903 Qualis,
609 4853 760 4908 rogo,
792 4843 903 4898 hzec
930 4832 1117 4903 frivola
1137 4861 1189 4906 et
1218 4861 1323 4909 tam
1353 4858 1613 4929 impolita,
1639 4867 1797 4925 nullis
1825 4874 1967 4928 scili-

382 4934 467 4978 cet
489 4927 680 4983 divina:
704 4930 995 5003 Scriptura:
1016 4937 1143 4995 fulta
1168 4927 1484 5004 testimoniis
1506 4927 1767 5011 sententia
1797 4978 1809 5012 :
1838 4962 1964 5018 Cum

382 5012 576 5071 Iudaeis
624 5018 832 5076 Pasc/ta
876 5028 1048 5095 facere
1096 5049 1197 5087 non
1246 5037 1527 5095 debemus?
1576 5044 1715 5111 Quid
1757 5012 1961 5110 ad

382 5108 607 5171 pertinet
627 5111 927 5184 ?.Nunquid
955 5118 1123 5177 Judmi
1149 5130 1361 5195 reprobi
1394 5108 1615 5191 Paschav
1638 5138 1815 5198 facere
1844 5108 1964 5201 cre-V

379 5196 533 5253 deudi
561 5213 688 5257 sunt
731 5221 896 5275 nunc,
929 5221 1117 5283 utpote
1148 5217 1264 5274 sine
1310 5223 1526 5295 templo,
1560 5238 1710 5285 extra
1739 5231 1959 5293 Jerusa-

381 5286 502 5355 lem,
526 5291 742 5351 Cbristo
765 5307 889 5354 tunc
911 5301 1159 5375 ﬁgurato,
1183 5310 1250 5363 ab
1266 5314 1329 5368 iis
1349 5286 1646 5376 crucilixo?
1669 5324 1792 5383 Aut.
1820 5345 1958 5385 nun-

378 5381 503 5447 quid
528 5385 766 5455 ipsorum
796 5401 879 5447 est
898 5408 1044 5454 reete
1071 5403 1395 5462 credendum
1427 5412 1542 5481 (sic)
1566 5425 1647 5471 est
1670 5435 1757 5473 xxv
1780 5420 1805 5459 δ
1833 5423 1959 5481 luna

451 5523 474 5604 ξ
500 5516 720 5604 facere.
746 5523 911 5604 Deest
936 5531 1041 5590 hoc
1070 5512 1289 5596 verbum
1322 5544 1375 5599 in
1404 5545 1502 5604 Ms.

447 5585 967 5693 iiunamemP-afclia:
1012 5606 1172 5670 Forte
1206 5613 1345 5671 [ante
1372 5585 1596 5693 Page/ta,
1622 5636 1713 5685 aut
1742 5632 1867 5690 luna
1902 5646 1954 5693 et

375 5652 601 5716 Pascha.
632 5661 749 5721 Non
779 5652 975 5739 placet.

2094 3180 2258 3243 veris,
2310 3183 2453 3238 inter
2500 3194 2553 3241 te
2591 3197 2645 3242 et
2685 3206 2844 3260 supra
2878 3194 3082 3252 dictum
3124 3200 3509 3277 Hieronymum
3552 3211 3675 3267 lidei

2090 3266 2327 3325 futurum
2358 3272 2474 3329 fore
2502 3280 2799 3351 negotium,
2834 3285 2925 3353 qui
2954 3287 3202 3345 nimirum
3232 3292 3536 3352 Anatolium
3561 3300 3677 3355 lau-

2090 3357 2236 3414 davit
2265 3362 2389 3419 huic
2415 3370 2778 3436 contrarium;
2814 3374 2887 3429 ita
2918 3385 2978 3431 ut
3005 3380 3096 3448 qui
3128 3397 3288 3438 unum
3318 3397 3534 3444 secutus
3562 3390 3677 3449 fue—

2088 3446 2179 3512 rit,
2211 3450 2438 3506 alterum
2470 3458 2711 3526 recipere
2742 3477 2850 3517 non
2882 3446 3101 3534 poterit.
3137 3471 3247 3527 Tua
3277 3474 3457 3545 itaque
3487 3484 3674 3538 consi-

2088 3532 2242 3590 deret
2289 3538 2587 3608 vigilantia,
2637 3549 2771 3602 utin
2803 3532 2906 3607 fide
2946 3555 3173 3613 duorum
3210 3532 3485 3622 auctorum
3514 3585 3672 3640 supra

2087 3626 2376 3699 dictorum,
2395 3634 2495 3688 sibi
2520 3636 2748 3694 invicem
2772 3648 3188 3717 contrariorum,
3205 3656 3500 3729 probanda,
3525 3665 3672 3722 nulla

2087 3714 2157 3768 sit
2198 3716 2336 3772 inter
2370 3729 2422 3775 te
2460 3731 2514 3777 et
2561 3724 2944 3801 Hieronymum
2986 3735 3039 3790 in
3079 3742 3341 3798 sententia
3373 3753 3669 3816 promenda

2084 3806 2449 3881 dissonantia;
2480 3832 2547 3872 ne
2578 3821 2732 3878 nobis
2760 3825 2998 3896 undique
3021 3830 3128 3885 sint
3153 3806 3429 3905 angustia),
3475 3851 3534 3897 ut
3565 3854 3663 3901 aut

2085 3896 2204 3964 tibi,
2233 3909 2324 3954 aut
2353 3902 2427 3956 illi
2454 3912 2873 3970 consentiamus.
2902 3917 3068 3975 Parce
3096 3921 3150 3976 in
3194 3923 3298 3979 hoc
3326 3927 3572 4003 inﬁrmis,
3599 3950 3670 3991 ne

2083 3991 2398 4048 scandalum
2447 3996 2776 4059 diversitatis
2823 4010 3095 4066 ostendas.
3143 4012 3473 4086 Simpliciter
3523 3991 3667 4083 eitim

2081 4094 2181 4148 ego
2248 4082 2344 4138 tibi
2382 4087 2663 4157 confiteor,
2715 4098 2857 4164 quod
2899 4112 3084 4157 contra
3134 4082 3306 4163 sancti
3355 4109 3666 4187 Hieronymi

2078 4175 2450 4233 auctoritatem
2484 4183 2723 4251 veniens,
2749 4191 2890 4257 apud
2911 4190 3482 4267 Occidentisecclesias
3497 4206 3665 4263 haere-

2080 4264 2218 4321 ticus
2248 4284 2341 4324 seu
2370 4276 2706 4342 respuendas
2732 4282 2834 4333 erit
2859 4300 2870 4333 :
2905 4284 2979 4338 illi
3009 4287 3151 4342 enim
3184 4306 3280 4359 per
3301 4296 3480 4351 omnia
3509 4300 3663 4357 indu-

2077 4353 2299 4411 bitatam
2350 4360 2403 4413 in
2450 4361 2739 4435 Scripturis
2784 4371 2977 4428 divinis
3021 4353 3429 4442 accommodant
3479 4390 3659 4450 iidem.

2076 4444 2182 4499 Sed
2214 4448 2327 4504 haec
2355 4450 2422 4505 de
2452 4452 2657 4510 Pascha
2686 4459 2975 4519 suﬂiciant.

2145 4539 2512 4599 lV.C:eterum
2542 4546 2609 4603 de
2637 4551 2905 4623 episcopis
2943 4558 3047 4613 illis
3073 4563 3201 4631 quid
3223 4565 3454 4638 judicas,
3487 4575 3658 4634 inter-

2072 4642 2226 4698 rogo,
2251 4632 2340 4701 qui
2369 4644 2556 4691 contra
2578 4655 2812 4699 canones
2839 4648 3171 4721 ordinantur,
3206 4658 3256 4713 id
3279 4671 3383 4730 est,
3405 4677 3612 4733 quaestu
3640 4688 3655 4724 :

2071 4721 2398 4795 simoniacos
2426 4737 2481 4780 et
2526 4726 2694 4787 Giltas
2722 4745 2913 4809 auctor
2952 4752 3129 4809 pestes
3168 4749 3470 4818 scripsistis.
3504 4756 3657 4813 Nun-

2070 4811 2199 4879 quid
2248 4828 2367 4868 cum
2417 4816 2522 4874 illis
2579 4827 3080 4888 communicandum
3131 4840 3259 4893 est?
3306 4840 3462 4911 Quia,
3510 4850 3653 4915 quod

3515 4894 3653 4915 τ-ν-

2068 4894 2285 4970 gravius
2306 4917 2408 4971 est,
2432 4912 2585 4966 multi
2608 4914 2659 4968 in
2690 4916 2793 4973 hac
2813 4924 3089 4989 provincia
3118 4930 3253 4985 tales
3281 4946 3399 4989 esse
3419 4950 3653 4991 noscunc

2069 5001 2195 5049 tur:
2227 5006 2319 5052 aut
2364 5000 2432 5056 de
2484 5005 2619 5071 aliis,
2653 5010 2743 5076 qui
2794 5011 2846 5065 in
2875 5012 3158 5071 diaconatu
3213 5022 3411 5088 violati,
3456 5036 3644 5095 postea

2066 5086 2133 5140 ad
2163 5089 2537 5160 episcoporum
2563 5102 2784 5165 gradum
2817 5102 3133 5172 eliguntur?
3173 5110 3310 5166 Sunt
3336 5086 3478 5169 enim
3521 5133 3651 5187 quo-

2064 5192 2183 5231 rum
2214 5180 2267 5233 in
2298 5181 2379 5235 his
2408 5187 2653 5241 novimus
2681 5194 3059 5263 conscientias,
3084 5208 3138 5253 et
3164 5216 3283 5256 cum
3313 5216 3497 5261 nostra
3525 5224 3649 5279 par-

2064 5269 2230 5325 vitate
2261 5273 2311 5325 id
2344 5275 2702 5343 conlerentes,
2736 5292 2942 5340 certum
2986 5288 3124 5344 scire
3153 5292 3427 5359 volebant,
3458 5297 3503 5351 si
3528 5298 3647 5355 sine

2072 5361 2309 5428 periculo
2340 5375 2461 5435 post
2489 5368 2592 5424 hoc
2619 5381 2639 5408 ο
2676 5374 2899 5443 possint,
2932 5378 2984 5432 id
3011 5389 3114 5445 est,
3138 5392 3231 5436 aut
3272 5394 3394 5454 post
3421 5389 3646 5457 gradum

2065 5450 2250 5508 solidis
2278 5464 2537 5526 eruptura,
2583 5471 2674 5516 aut
2699 5473 2822 5533 post
2850 5466 2903 5519 in
2931 5467 3216 5527 diaconatu
3259 5450 3580 5536 adulterium
3622 5500 3639 5538 :

2136 5597 2156 5623 ε
2194 5583 2420 5669 Possint.
2452 5588 2610 5647 Deest
2638 5593 2835 5664 aliquid
2857 5597 2999 5664 quod
3022 5605 3343 5664 sententiam
3371 5611 3649 5685 compleat

2056 5652 2216 5725 forte,
2250 5659 2568 5717 ministrare.

3204 5820 3233 5849 ι
