3978 6182
366 292 479 352 265

1608 282 1667 336 S.
1708 275 2105 338 COLUMBANI
2142 279 2429 341 ABBATIS

3526 301 3631 365 εει

371 405 687 462 absconsum
730 406 912 452 tamen
954 394 1076 450 dico
1104 406 1228 449 cum
1272 390 1532 447 clientelis
1578 391 1896 447 adulterium
1929 409 1942 444 :
1974 395 2021 452 Α
2050 393 2306 461 volueris,
2349 395 2607 466 temporis
2651 397 2972 469 antiquitate
3013 401 3268 460 roborata
3295 406 3490 464 mutari
3529 423 3639 470 non

373 493 514 567 quod
545 489 682 560 apud
727 493 941 541 nostros
971 483 1256 554 magistros
1294 497 1403 537 non
1446 483 1670 539 minoris
1695 493 1948 540 censetur

373 600 492 642 esse
539 579 807 637 facinoris.
838 577 1038 645 ,Tertio
1069 575 1504 646 interrogationis
1532 575 1654 630 loco
1681 575 1951 644 responde

372 675 565 741 adhuc,
593 685 796 740 qumso,
821 669 867 723 si
897 683 1002 722 non
1033 668 1317 723 molestum
1345 675 1450 735 est,
1476 667 1602 737 quid
1645 666 1950 722 faciendum

371 777 453 824 est
480 766 548 820 de
593 763 874 819 monachis
904 761 1033 826 illis,
1083 760 1174 830 qul
1222 774 1323 830 pro
1369 758 1463 814 Dei
1507 759 1704 814 intuitu
1744 767 1801 814 et
1830 759 1953 814 vitae

371 854 714 927 perfectionis
752 851 1018 906 desiderio
1038 849 1250 906 accensi
1292 843 1627 905 contra'vota
1649 848 1948 916 venientes,

371 946 557 1016 primm
577 941 949 998 conversionis
969 938 1090 994 loca
1120 938 1431 1008 relinquunt
1456 946 1510 992 et
1538 937 1720 992 invitis
1743 936 1952 992 abbati-

371 1036 490 1100 bus,
523 1033 732 1086 fervore
762 1031 1151 1086 monachorum
1178 1037 1424 1097 cogente,
1457 1036 1552 1081 aut
1580 1027 1832 1081 laxantur
1857 1034 1953 1081 attt

371 1124 435 1177 ad
464 1123 674 1178 deserta
705 1120 932 1188 fugiunt.
966 1118 1274 1174 Vennianus
1316 1125 1506 1173 auctor
1527 1116 1725 1171 Giltam
1763 1117 1832 1172 de
1867 1117 1951 1172 his

372 1212 746 1283 interrogavit,
794 1220 850 1267 et
899 1210 1300 1278 elegantissime
1356 1209 1433 1264 illi
1490 1209 1800 1280 rescripsit;
1857 1209 1952 1264 sed

371 1314 548 1360 tamen
597 1303 837 1360 discendi
883 1303 1125 1358 studioso
1168 1317 1381 1372 semper
1423 1302 1597 1373 major
1635 1309 1809 1358 metus
1855 1316 1950 1357 ac-

371 1398 585 1454 crescit.

444 1490 502 1548 ν.
533 1490 797 1546 Humilius
825 1496 880 1544 et
929 1489 1116 1560 purius
1152 1489 1270 1544 haec
1295 1489 1476 1546 omnia
1503 1495 1558 1543 et
1595 1486 1767 1544 multo
1796 1487 1951 1558 plura

369 1595 486 1651 quae
525 1579 829 1649 epistolaris
857 1580 1092 1635 brevitas
1141 1593 1248 1633 non
1286 1577 1545 1645 admittit,
1587 1591 1685 1648 per
1717 1592 1953 1648 prmsen-

371 1673 498 1727 tiam
528 1670 905 1740 interroganda
935 1678 1110 1737 erant,
1142 1670 1245 1725 nisi
1274 1669 1519 1740 corporis
1545 1669 1849 1734 infirmitas,
1892 1676 1948 1723 et

2053 496 2234 551 posse,
2265 485 2547 540 manifeste
2575 487 2826 558 antiquus
2853 505 3008 546 error
3036 502 3155 561 est;
3186 496 3278 550 sed
3303 511 3520 570 semper
3544 515 3640 559 att-

2055 572 2254 641 tiquior
2277 583 2364 628 est
2388 575 2587 631 veritas
2615 593 2734 646 qua:
2765 579 2910 633 illum
2944 584 3307 652 reprehendit.

2619 665 2950 725 EPISTULA
2987 671 3051 727 ll.

2052 770 2121 809 AD
2159 771 2360 810 PATRES
2397 771 2579 813 SYNODI
2630 773 2893 816 CUJUSDAM
2935 779 3246 822 σΑιιιςΑκκε
3283 780 3450 825 SUPER
3488 787 3639 836 θυι-

2417 864 2606 906 ετιοΝΕ
2646 867 2860 908 ΡΑεεηΑς
2901 871 3282 918 ιΣΟΝϐΙιΕῦΑΤΑΕ.

2052 935 2292 994 Dominis
2335 940 2553 1007 sanctis,
2584 948 2640 995 et
2658 940 2712 995 in
2741 942 2958 999 Christo
2983 944 3248 1014 Patribus,
3273 949 3357 1005 vel
3388 951 3640 1008 fratribus

2123 1031 2406 1100 episcopis,
2441 1032 2788 1102 presbyteris,
2818 1038 3137 1106 ueterisque
3163 1049 3361 1096 sancta:
3385 1042 3638 1100 Ecclesia:

2123 1119 2428 1186 ordinibus,
2477 1119 2740 1178 Columba
2779 1133 3035 1194 peccator
3069 1130 3296 1187 salutem
3339 1131 3393 1188 in
3411 1133 3636 1192 Christo

2123 1211 2410 1280 praemitto.

2123 1301 2164 1355 1.
2207 1301 2420 1358 Gratias
2444 1319 2546 1376 ago
2575 1304 2686 1363 Deo
2715 1322 2857 1375 meo,
2885 1311 3028 1379 quod
3052 1313 3158 1369 mei
3193 1330 3355 1371 causa
3385 1317 3439 1373 in
3468 1335 3635 1376 unum

2052 1390 2188 1444 tanti
2209 1395 2518 1462 congregati
2544 1404 2669 1450 sunt
2688 1399 2859 1453 sancti
2886 1400 2952 1454 de
2982 1400 3104 1458 fidei
3133 1411 3187 1458 et
3215 1405 3478 1462 bonorum
3499 1425 3634 1480 ope-

2051 1496 2170 1535 rum
2192 1483 2417 1539 veritate
2439 1491 2738 1555 tractaturi,
2757 1499 2813 1544 et
2833 1501 2891 1545 ut
2907 1491 3042 1548 tales
3057 1493 3232 1566 decet,
3256 1513 3352 1569 per
3370 1493 3636 1560 exercita-

2055 1579 2138 1627 tos
2177 1586 2368 1628 sensus
2405 1575 2472 1630 ad
2502 1575 2881 1635 discretionem
2929 1581 3054 1638 boni
3083 1600 3147 1640 ac
3187 1589 3336 1657 mali,
3365 1591 3431 1646 de
3456 1592 3633 1648 discu«

2055 1663 2247 1718 tiendis
2269 1662 2416 1733 justo
2439 1665 2641 1735 judicio
2691 1668 2997 1738 judicaturi.
3050 1671 3262 1731 Utinam
3312 1680 3504 1749 smpius
3531 1682 3636 1739 hoc

371 1776 610 1817 ineorum
638 1775 767 1816 cura
800 1760 1341 1831 comperegrinorum
1378 1759 1526 1814 domi
1575 1773 1663 1814 me
1709 1758 1949 1813 vinctum
1983 1758 2030 1820 B
2055 1755 2285 1823 ageretis
2318 1773 2331 1809 :
2364 1764 2420 1812 et
2459 1757 2586 1814 licet
2633 1757 2785 1827 juxta
2839 1775 3072 1819 canones
3100 1767 3267 1822 semel
3316 1778 3410 1824 aut
3453 1770 3536 1826 bis
3578 1773 3632 1828 in

373 1863 399 1891 ει
431 1853 498 1907 ad
523 1861 578 1908 te
605 1853 786 1918 eundi,
813 1859 871 1906 ut
888 1851 1030 1905 illam
1053 1851 1385 1922 spiritualem
1415 1849 1517 1905 vivi
1546 1848 1708 1905 fontis
1730 1863 1949 1916 venam,

371 1946 652 2014 vivamque
697 1944 895 1998 undam
947 1943 1189 1998 scientiae
1237 1942 1451 1998 cmlitus
1504 1940 1739 2011 fluentis,
1782 1955 1845 1996 ac
1897 1941 1950 1994 in

371 2043 623 2088 aeternam
669 2033 834 2088 vitam
876 2031 1118 2087 salientis
1163 2029 1188 2069 ι’
1229 2031 1467 2087 haurire.
1511 2030 1581 2086 Et
1627 2031 1674 2086 si
1713 2031 1950 2085 animum

371 2141 568 2196 corpus
611 2132 930 2194 sequeretur
969 2122 1142 2178 Roma
1172 2123 1257 2179 sui
1287 2124 1482 2178 iterum
1520 2137 1632 2176 rem
1662 2123 1954 2184 sustineret

372 2223 732 2287 contemptus,
747 2224 806 2270 ut
828 2213 1298 2286 quomodo,;docto
1324 2221 1578 2269 narrante
1600 2212 1949 2286 Hieronymo,

373 2307 617 2375 legimus,
651 2306 911 2378 quosdam
954 2305 1022 2362 de
1050 2306 1252 2362 ultimis
1277 2306 1490 2363 lleuhni
1531 2307 1727 2363 littoris
1759 2305 1951 2362 finibus

371 2396 500 2451 olim
528 2399 739 2453 venisse
768 2395 1014 2462 Romam,
1044 2396 1120 2462 in,
1163 2405 1219 2450 et
1260 2395 1446 2468 [Forte
1473 2396 1620 2458 dein.
1651 2394 1729 2467 et]
1759 2396 1951 2451 mirum

371 2487 536 2555 dictu,
569 2488 714 2543 aliud
743 2497 895 2543 extra
920 2487 1145 2542 Romam
1173 2489 1432 2557 quaesisse
1459 2505 1472 2555 ;
1505 2489 1575 2543 ita
1607 2497 1662 2543 et
1689 2501 1790 2557 ego
1811 2503 1954 2544 nunc

375 2588 428 2635 te
450 2620 466 2646 ,
498 2594 605 2635 non
635 2578 864 2636 Romam
915 2579 1226 2635 desiderans
1248 2621 1262 2645 ,
1289 2579 1436 2635 salva
1465 2588 1770 2636 sanctorum
1798 2593 1954 2634 reve-

371 2671 545 2727 rentia
592 2670 830 2725 cinerum
868 2678 1208 2740 expeterem;
1255 2670 1382 2727 licet
1421 2671 1564 2726 enim
1595 2686 1704 2727 non
1744 2685 1832 2726 me
1857 2684 1951 2726 ea-

372 2761 630 2830 pientem,
669 2759 764 2815 sed
793 2774 914 2816 esse
943 2761 1215 2816 sitientem
1259 2760 1432 2817 fateor
1460 2762 1566 2817 hoc
1603 2762 1743 2817 idem
1772 2761 1952 2818 facere

373 2853 419 2909 si
470 2860 706 2908 vacaret.
757 2851 884 2922 Legi
933 2853 1126 2908 librum
1177 2863 1326 2908 tuum
1386 2851 1658 2910 Pastorale
1712 2858 1952 2927 regimen

371 2945 742 3002 continentem
757 2946 898 3016 stylo
916 2946 1156 3014 brevem,
1174 2946 1418 3002 doctrina
1437 2947 1724 3018 prolixum,
1747 2960 1951 3023 myste-

371 3034 464 3090 riis
505 3034 779 3105 refertum,
801 3035 960 3092 melle
998 3035 1203 3093 dulcius
1231 3038 1408 3106 egenti
1448 3054 1581 3109 opus
1603 3054 1722 3095 esse
1743 3041 1948 3110 fateor;

2053 1858 2198 1901 anno
2229 1861 2326 1916 pro
2350 1848 2714 1906 ‘tumultuosis
2740 1851 2901 1921 hujus
2926 1854 3022 1907 aevi
3053 1854 3470 1917 dissensionibus
3498 1878 3634 1918 sem-

2052 1951 2151 2006 per
2175 1936 2253 1992 sic
2295 1953 2510 1995 servare
2550 1957 2646 2018 vos
2684 1958 2793 1999 non
2828 1952 3002 2011 vacat,
3033 1948 3118 2002 vel
3163 1965 3325 2021 quam
3352 1953 3633 2012 celerrime

2052 2027 2297 2096 quamvis
2347 2031 2521 2086 rarius
2563 2032 2896 2101 potissimum
2925 2037 3030 2094 hoc
3058 2039 3240 2094 debuit
3260 2041 3411 2098 vobis
3455 2044 3634 2104 inesse

2003 2187 2010 2192 ι
2053 2121 2312 2188 studium,
2333 2137 2441 2192 quo
2461 2125 2812 2194 negligentes,
2843 2132 3042 2202 quique
3070 2133 3318 2190 timorem
3350 2136 3631 2204 haberent,

2054 2222 2111 2268 et
2154 2215 2384 2271 studiosi
2433 2217 2500 2272 ad
2546 2219 2805 2288 majorem
2854 2235 3277 2294 provocarentur
3313 2229 3630 2300 profectum.

2053 2302 2194 2360 Ecce
2239 2306 2478 2378 inquam,
2507 2307 2617 2365 Deo
2645 2313 2837 2380 gratia,
2867 2315 3013 2384 quod
3049 2316 3132 2372 vel
3175 2334 3272 2388 pro
3300 2335 3388 2375 me
3414 2321 3481 2376 de
3504 2321 3634 2378 Pas-

2053 2397 2215 2452 chate
2251 2398 2589 2456 discutiendo
2635 2405 2850 2460 occasio
2899 2407 3052 2462 vobis
3092 2419 3276 2466 saneta
3305 2410 3505 2482 effecta
3550 2424 3636 2470 est

2034 2490 2310 2561 .synodus.
2345 2491 2603 2550 Dominus
2643 2505 2826 2554 noster
2851 2497 3006 2556 Jesus
3047 2500 3310 2572 Christus,
3359 2505 3449 2562 ille
3486 2508 3635 2578 prin-

2055 2596 2182 2651 ceps
2201 2592 2477 2652 pastorum
2504 2594 2740 2656 prmstet,
2771 2596 2830 2644 ut
2851 2590 2918 2646 ad
2941 2607 3052 2647 sua:
3074 2592 3330 2652 Ecclesia:
3351 2598 3632 2655 utilitatem

2055 2682 2294 2729 vestrum
2328 2676 2498 2744 prosit
2545 2680 2863 2750 consilium;
2905 2691 2961 2738 et
3007 2684 3121 2755 ipse
3149 2685 3309 2755 Deus,
3355 2688 3443 2759 qui
3489 2697 3637 2748 stare

2054 2764 2194 2820 solet
2243 2766 2296 2820 in
2323 2783 2587 2840 synagoga
2639 2771 2852 2826 deorum
2904 2773 3122 2846 (Psalm.
3161 2792 3344 2843 um,
3374 2778 3447 2847 1),
3501 2794 3634 2851 pra:-

2055 2872 2183 2913 sens
2210 2857 2434 2929 inspiret
2461 2861 2625 2916 corda
2665 2878 2911 2932 suorum,
2943 2867 3005 2921 ad
3035 2883 3188 2924 suam
3212 2884 3279 2924 ex
3307 2870 3513 2940 integro
3542 2887 3634 2929 vo-

2054 2947 2313 3004 luntatem
2336 2952 2663 3020 sequendam
2689 2969 2754 3009 ex
2779 2954 2976 3011 virtute
3004 2957 3406 3028 mandatorum;
3439 2969 3496 3016 ut
3524 2978 3633 3019 nou

2054 3039 2123 3093 de
2161 3039 2279 3095 solo
2308 3038 2528 3096 Pascha:
2574 3043 2793 3112 negotio
2823 3045 2988 3115 (quod
3025 3046 3137 3117 jam
3179 3049 3269 3106 diu
3293 3053 3631 3119 ventilatum,

371 3125 502 3180 mihi
549 3125 751 3181 idcirco
800 3134 891 3181 tua
939 3126 1142 3182 sitienti
1191 3127 1406 3198 largire,
1454 3132 1652 3198 precer
1695 3132 1951 3200 opuscula
1981 3135 2026 3197 ε
2057 3143 2121 3183 ac
2159 3130 2251 3183 diu
2298 3130 2446 3187 varie
2485 3148 2516 3187 a
2557 3132 2785 3190 diversis
2825 3138 3136 3194 auctoribus
3180 3140 3479 3209 judicatutn
3527 3146 3632 3215 est)

370 3230 490 3285 quae
527 3215 583 3269 in
613 3215 950 3272 Ezechielem
989 3217 1151 3287 miro,
1192 3226 1252 3274 ut
1294 3219 1490 3284 audivi,
1535 3221 1820 3279 elaborasti
1857 3225 1943 3279 in-

371 3304 549 3374 genio.
580 3303 710 3372 Legi
739 3303 1051 3377 Hieronymi
1079 3323 1174 3362 sex
1205 3309 1258 3362 in
1301 3309 1450 3364 illum
1488 3310 1683 3378 libros;
1723 3313 1820 3368 sed
1852 3330 1952 3371 nec

372 3394 610 3450 medium
625 3397 892 3474 exposuit.
917 3397 1042 3464 Sed,
1059 3400 1106 3454 si
1126 3401 1380 3469 dignaris,
1402 3403 1578 3472 aliqua
1603 3405 1756 3460 nobis
1769 3407 1833 3462 de
1850 3409 1952 3464 tuis

373 3489 674 3544 transmitte
722 3489 939 3545 relectis
989 3491 1043 3546 in
1096 3493 1400 3559 civitatem,
1455 3506 1697 3563 extrema
1748 3499 1952 3555 scilicet

372 3579 490 3634 libri
528 3581 772 3651 exposita
811 3583 1133 3653 transmitte,
1181 3595 1236 3642 et
1260 3586 1484 3644 Cantica
1515 3590 1860 3646 Canticorum
1883 3594 1950 3647 ab

369 3672 463 3728 illo
493 3673 614 3728 loco
639 3674 693 3728 in
723 3689 832 3745 quo
878 3675 1124 3732 dicit.....
1160 3676 1254 3734 Ibo
1285 3680 1353 3733 ad
1383 3690 1606 3736 montem
1647 3685 1872 3755 myrrha:
1899 3694 1949 3738 et

369 3765 551 3820 collem
599 3764 760 3821 thuris
801 3764 976 3836 (Cant.
1020 3783 1091 3835 tv,
1132 3767 1243 3839 16),
1290 3785 1459 3839 usque
1506 3772 1562 3826 in
1609 3773 1809 3841 finem;
1858 3784 1950 3828 aut

369 3857 620 3924 aliorum,
651 3867 745 3913 aut
773 3859 877 3914 tuis
900 3859 1076 3915 brevis
1097 3860 1334 3929 deposco
1361 3870 1530 3918 tracta
1559 3867 1870 3934 sententiis;
1895 3875 1950 3922 et

371 3957 429 4003 ut
450 3957 615 4003 totam
640 3964 880 4018 exponas
901 3951 1284 4006 obscuritatem
1309 3952 1600 4017 Zachariae,
1628 3956 1946 4012 absconsum

370 4040 616 4110 propala,
647 4051 705 4094 ut
735 4041 828 4093 tibi
856 4041 1202 4096 occidentalis
1233 4043 1285 4097 in
1326 4044 1406 4099 his
1436 4049 1641 4113 gratias
1679 4056 1803 4115 agat
1845 4063 1950 4103 cae-

367 4131 523 4184 citas.
575 4128 883 4199 lmportuna
929 4131 1142 4200 postulo
1182 4139 1239 4187 et
1278 4147 1469 4202 magna
1511 4135 1788 4203 sciscitor;
1826 4137 1947 4207 quis

367 4223 572 4278 nesciat
592 4224 615 4277 ‘I
637 4221 743 4278 Sed
772 4231 826 4277 et
856 4231 910 4278 tu
936 4237 1126 4293 magna
1148 4224 1370 4292 habens,
1399 4227 1520 4296 quia
1549 4226 1732 4299 [Forte
1759 4230 1944 4298 habes,

367 4313 480 4386 qui]
508 4316 575 4371 de
603 4331 769 4386 parvo
798 4316 997 4386 minus,
1020 4328 1075 4371 et
1102 4317 1169 4372 de
1197 4319 1366 4376 multo
1393 4321 1512 4391 plus
1533 4322 1670 4377 bene
1696 4324 1805 4379 scis
1828 4341 1946 4380 esse

369 4405 732 4460 f'enerandum.
767 4405 1083 4462 Rescribere
1109 4416 1160 4463 te
1185 4411 1470 4480 persuadet
1497 4413 1750 4478 charitas,
1779 4431 1938 4485 expo-

2053 3222 2332 3292 tractetis;
2371 3222 2467 3281 Sed
2505 3223 2666 3278 etiam
2697 3225 2768 3281 de
2800 3227 3061 3283 universis
3106 3233 3422 3287 necessariis
3451 3235 3633 3288 obser-

2050 3313 2357 3369 Vationibus
2406 3315 2866 3387 cauonicisrqua:
2911 3332 2942 3372 a
2993 3319 3172 3374 multis
3209 3322 3373 3391 (quod
3417 3325 3634 3394 gravius

2051 3407 2154 3474 est)
2204 3413 2472 3475 corrupta:
2525 3415 2690 3472 sunt;
2739 3415 2794 3463 et
2844 3406 2973 3478 dum
3013 3409 3127 3466 dies
3174 3412 3358 3480 judicii
3414 3414 3633 3486 propior

2050 3510 2193 3550 nunc
2215 3503 2334 3559 est,
2387 3510 2548 3564 quam
2602 3505 2763 3564 tunc,
2827 3497 3028 3569 aliquid
3107 3499 3282 3556 adhuc
3343 3502 3632 3558 districtius

2050 3588 2373 3654 evangelica:
2402 3587 2675 3658 religionis
2696 3598 2749 3643 et
2774 3592 3086 3660 apostolica:
3111 3592 3410 3650 traditLonis
3447 3597 3632 3652 consi-

2051 3676 2181 3731 lium
2207 3677 2415 3733 iniretis
2449 3679 2531 3732 :si
2559 3677 2701 3733 enim
2731 3680 3039 3748 evangelica
3071 3683 3321 3739 mandata
3351 3685 3654 3753 diligente!"

2050 3772 2349 3843 inquiratis,
2378 3789 2488 3830 non
2514 3775 2681 3830 miror
2708 3777 2854 3846 quod
2894 3777 2951 3832 in
2981 3780 3061 3834 eis
3090 3779 3484 3852 aliquantorum
3514 3797 3630 3839 mo-

2050 3863 2197 3920 ribus
2225 3866 2496 3921 contraria
2519 3866 2879 3923 inveniantur.
2909 3869 3014 3925 Sed
3042 3871 3274 3928 sufficiat
3301 3874 3629 3944 significasse

2051 3970 2486 4025 unumquemque
2537 3957 2606 4013 ad
2649 3959 2733 4013 sui
2766 3958 3142 4030 Redemptoris
3183 3966 3509 4036 exemplum,
3565 3982 3631 4022 ac

2049 4047 2162 4102 veri
2189 4049 2416 4118 pastoris
2437 4047 2664 4104 formam
2690 4049 2808 4105 fore
2832 4051 3260 4117 informandum;
3291 4056 3381 4125 qui
3414 4057 3628 4117 humili-

2050 4147 2215 4194 tatem
2265 4140 2494 4210 primum
2534 4143 2847 4211 praedicans,
2903 4153 3220 4214 septemque
3273 4146 3630 4208 beatitudines

2050 4232 2235 4302 primm
2258 4233 2589 4302 paupertatis
2632 4234 2851 4304 spiritus
2874 4235 3104 4306 jungens
3127 4237 3180 4291 in
3211 4245 3415 4292 tantum
3445 4239 3627 4295 docuit

2050 4324 2323 4379 hominem
2351 4340 2446 4380 sua
2485 4327 2636 4394 sequi
2660 4327 2900 4396 vestigia,
2930 4337 2990 4382 ut
3011 4328 3076 4384 ad
3107 4345 3285 4385 veram
3315 4332 3492 4387 octavi
3519 4332 3624 4389 diei

2050 4415 2552 4483 circumcisionem,
2620 4417 2881 4488 justitiam
2934 4423 3212 4491 sequendo
3281 4423 3620 4493 perveniret;

370 4508 500 4548 nere
546 4510 652 4548 non
705 4494 960 4564 impediat
1012 4497 1210 4554 chartae
1260 4504 1542 4572 asperitas,
1592 4506 1714 4574 quia
1750 4523 1855 4562 aera
1891 4508 1942 4563 in
1975 4503 2024 4562 D
2049 4507 2173 4576 quia
2212 4506 2489 4562 beatitudo
2515 4516 2702 4564 octava
2733 4511 2989 4581 martyrio
3021 4514 3352 4582 terminatur,
3382 4530 3450 4572 eo
3476 4515 3622 4585 quod

367 4600 604 4639 errorem
629 4586 744 4651 fuit,
762 4595 816 4639 et
835 4589 1225 4648 honordebitus
1240 4595 1385 4649 cordi
1402 4605 1528 4651 esta
1551 4613 1638 4653 me
1669 4600 1763 4654 tibi
1791 4601 1903 4656 dari
1926 4621 1938 4656 :

366 4691 542 4729 meum
574 4675 673 4730 fuit
699 4693 1025 4746 provocare,
1057 4682 1410 4755 interrogare,
1440 4703 1670 4757 rogare;
1695 4700 1872 4761 tuum,
1897 4695 1943 4749 si

364 4766 550 4834 gratiis
596 4777 817 4837 accepta
868 4784 974 4824 non
1017 4787 1234 4841 negare,
1265 4776 1525 4832 talentum
1558 4779 1820 4849 fenerari,
1847 4799 1942 4852 pe-

365 4859 497 4914 tenti
515 4867 566 4914 te
577 4875 768 4929 panem
786 4861 1062 4934 doctrinm,
1079 4865 1290 4924 Christo
1309 4873 1648 4944 prmcipiente
1661 4877 1806 4934 dare.
1830 4879 1939 4935 Pax

363 4948 480 5014 tibi,
511 4951 748 5019 tuisque;
778 4968 910 5008 meae
939 4954 1152 5025 indulge
1181 4960 1321 5028 quod
1346 4963 1426 5018 sic
1451 4964 1709 5022 audacter
1727 4969 1933 5041 scripsi,

355 5051 530 5108 rogo,
561 5043 896 5111 procacitati,
938 5044 1094 5100 beate
1125 5064 1285 5118 papa,
1316 5059 1370 5105 et
1406 5068 1503 5109 oro
1534 5063 1592 5109 ut
1620 5073 1717 5127 pro
1747 5073 1835 5114 me
1861 5060 1940 5114 vi-

364 5129 566 5184 lissimo
597 5142 881 5201 peccatore
908 5134 993 5189 vel
1023 5138 1190 5193 semel
1233 5139 1286 5194 in
1319 5142 1422 5197 tuis
1449 5146 1646 5201 sanctis
1674 5150 1938 5204 orationi-

362 5219 461 5274 bus
508 5219 577 5274 ad
614 5237 952 5279 communem
1003 5227 1286 5286 Dominum
1333 5247 1470 5288 ores.
1505 5235 1936 5307 Persuperflnum

362 5321 492 5380 puto
522 5316 887 5371 commendari
918 5319 1012 5374 tibi
1039 5336 1211 5390 meos,
1257 5339 1392 5393 quos
1419 5326 1668 5385 Salvator
1694 5331 1847 5400 quasi
1881 5334 1930 5388 in

360 5417 459 5458 suo
487 5407 703 5462 nomine
730 5409 1095 5479 ambulantes,
1125 5415 1462 5485 recipiendos
1503 5434 1622 5475 esse
1647 5421 1888 5478 decernit
1915 5442 1930 5492 ;

359 5502 416 5547 ct
443 5496 506 5562 si,
529 5506 587 5551 ut
605 5498 781 5554 audivi
809 5515 840 5555 a
866 5510 1053 5558 sancto
1074 5501 1315 5561 Candide
1339 5515 1452 5563 tuo.
1479 5508 1583 5563 hoc
1609 5512 1935 5582 respondere

438 5651 567 5737 δεμ
595 5661 644 5706 te
669 5656 842 5737 eundi.
865 5655 1035 5737 Deest
1073 5660 1160 5716 hic
1211 5660 1409 5729 aliquid
1460 5678 1472 5714 :
1532 5660 1688 5732 forte,
1722 5675 1929 5737 feneret,

362 5719 600 5789 cupidum
626 5725 694 5775 ad
725 5735 794 5793 te,
825 5735 930 5781 etc.

2048 4617 2157 4656 non
2181 4599 2354 4655 solum
2377 4601 2584 4669 agendo
2609 4602 2801 4671 justus,
2847 4603 2941 4657 sed
2971 4605 3134 4659 etiam
3175 4622 3272 4675 pro
3292 4607 3497 4674 iustitia
3526 4624 3620 4664 su-

2045 4692 2294 4748 stinendo
2341 4700 2564 4764 martyr,
2615 4693 2766 4759 regni
2814 4694 3064 4749 nimirum
3094 4697 3329 4753 ctelestis
3371 4699 3620 4769 cupidus,

2045 4793 2140 4838 aut
2165 4800 2274 4839 non
2324 4783 2474 4856 [Leg.
2525 4780 2673 4854 cuni]
2716 4785 2961 4841 similiter
3016 4790 3347 4846 certantibus
3392 4806 3620 4848 corona-

2048 4883 2153 4929 tur.

2113 4966 2178 5020 ll.
2207 4966 2338 5020 Dum
2367 4980 2512 5036 ergo,
2546 4969 2684 5023 sicut
2730 4971 2989 5040 scriptum
3029 4981 3130 5037 est,
3159 4971 3262 5036 Qui
3299 4975 3423 5028 dicit
3467 4992 3524 5029 se
3563 4979 3621 5031 in

2044 5059 2247 5113 Christo
2285 5061 2510 5125 credere,
2549 5061 2697 5116 debet
2727 5077 2777 5117 et
2795 5064 2905 5133 ipse
2930 5064 3212 5134 ambulare,
3247 5068 3380 5120 sicut
3405 5077 3454 5122 et
3475 5065 3620 5122 Chri-

2039 5161 2148 5207 stus
2183 5151 2535 5225 ambulavitU
2561 5155 2720 5210 Joan.
2763 5173 2816 5221 Il,
2850 5156 2928 5227 6),
2977 5157 3028 5211 id
3057 5167 3158 5224 est,
3199 5168 3254 5213 et
3291 5175 3510 5230 pauper,
3565 5173 3618 5216 ει

2040 5243 2294 5311 humilis,
2349 5252 2404 5298 et
2457 5246 2736 5299 veritatem
2790 5261 3006 5316 semper
3067 5263 3189 5303 cum
3243 5250 3617 5318 persecutione

2041 5335 2318 5390 hominum
2373 5337 2714 5404 przedicans;
2781 5349 2837 5393 et
2883 5339 3074 5394 iterum
3103 5381 3117 5403 ,
3184 5339 3284 5403 Qui
3330 5343 3503 5396 volunt
3560 5343 3615 5397 in

2044 5424 2246 5480 Christo
2266 5426 2350 5496 pie
2369 5428 2550 5492 vivere,
2575 5429 2971 5496 persecutionem
2991 5431 3253 5499 patientur
3277 5431 3330 5491 (1
3338 5433 3360 5485 Ι
3382 5431 3512 5488 Tim.
3538 5450 3616 5496 ut.

2044 5514 2166 5588 12);
2193 5527 2248 5572 et
2272 5517 2394 5588 quia
2419 5515 2578 5570 Fides
2607 5520 2716 5573 sine
2743 5519 2976 5590 aper-ibus
3005 5532 3206 5576 mortua
3243 5533 3317 5578 est
3345 5526 3397 5579 in
3427 5536 3610 5580 semet-

2115 5674 2140 5714 ι’
2173 5673 2418 5730 llam-ire.
2450 5674 2608 5733 Forte
2636 5677 2953 5745 addendum,
2979 5696 3197 5748 possem.
