3932 6184
264 301 372 358 965

1227 301 1575 358 EPISTULA}
1618 303 1706 357 AD
1747 296 2097 357 DIVERSOS.
2133 330 2198 340 —
2241 300 2450 357 EPIST.
2492 299 2552 355 ll.

3416 296 3516 351 Qﬁ‘i

262 416 379 483 ipsa
403 410 546 483 (Jac.
592 429 648 477 It,
683 411 767 475 l7,
796 409 887 478 '20,
919 409 1036 475 26),
1068 420 1122 465 et
1154 411 1402 469 Dominus
1424 412 1579 467 fatuis
1598 416 1712 467 sola
1744 414 1846 468 fide
1875 417 1920 475 Α
1950 415 2126 469 verior
2152 414 2222 469 sit
2258 414 2490 478 traditio,
2521 420 2698 467 vestra
2740 424 2809 468 an
2853 413 3076 466 fratrum
3124 422 3422 467 wstrorum
3468 414 3521 468 in

261 502 533 560 contentis
553 502 843 571 respondet
875 519 888 553 :
928 502 1060 566 Quia
1085 518 1188 554 non
1226 505 1341 557 novi
1378 520 1466 557 vos
1495 503 1704 573 (Matth.
1739 520 1846 567 vn,

262 595 355 663 25)
378 595 611 650 :etbene
625 594 985 659 credentibus,
999 603 1052 649 et
1068 593 1305 663 Domine,
1323 595 1542 651 Domine
1556 598 1714 667 (Ibid.
1728 637 1744 662 ,
1757 598 1847 669 21)

262 686 565 740 dicentibus
614 684 859 753 promisit
900 686 1044 754 quod
1085 701 1190 739 non
1228 687 1499 742 intrabunt
1526 689 1578 742 in
1626 704 1849 758 regnum

263 775 545 831 calorum.
581 773 650 828 Et
677 774 802 829 dum
832 790 939 829 non
968 784 1209 845 possunt,
1231 775 1313 830 vel
1340 778 1420 831 sui
1446 793 1564 833 esse
1583 778 1847 848 discipuli,

265 865 351 920 vel
378 864 526 933 digni
571 879 654 928 se,
701 864 793 933 qui
838 878 945 918 non
990 864 1409 919 renuntiaverint
1450 867 1698 921 omnibus
1732 881 1851 935 qua:

266 955 581 1025 possident,
611 953 978 1024 unusquisque
1003 968 1063 1010 se
1089 954 1427 1021 consideret;
1458 963 1513 1009 et
1540 956 1583 1010 si
1607 956 1720 1012 hac
1747 954 1853 1011 ﬁxe

268 1044 559 1111 complevit
593 1051 689 1096 aut
731 1042 1006 1106 sustinuit,
1037 1056 1106 1096 ne
1159 1042 1367 1098 alienus
1395 1043 1462 1097 sit
1500 1058 1530 1096 a
1579 1044 1851 1113 discipulis

272 1132 479 1187 Domini
525 1132 693 1188 nostri
718 1129 842 1185 Jesu
885 1130 1103 1193 Christi,
1134 1130 1260 1199 quia
1292 1146 1398 1185 non
1428 1130 1589 1185 debet
1616 1132 1852 1200 degener

267 1240 387 1279 esse
421 1222 580 1286 filius,
628 1230 685 1277 et
710 1220 1003 1291 discipulus
1029 1219 1283 1289 Magistro
1311 1236 1419 1275 non
1446 1220 1606 1276 debet
1632 1230 1849 1277 contra-

265 1317 343 1370 ria
389 1314 702 1386 prxdicare.
753 1313 855 1377 Qui
901 1315 1039 1368 enim
1081 1330 1185 1368 non
1229 1315 1389 1367 intrat
1421 1331 1513 1385 per
1540 1315 1761 1384 januam
1795 1317 1848 1369 in

265 1407 397 1461 ovile
424 1407 614 1471 ovium,
642 1405 730 1458 ille
758 1406 844 1475 [ur
881 1412 1032 1457 estet
1068 1402 1203 1457 latro
1247 1401 1426 1473 (Joan.
1474 1420 1531 1468 ι,
1564 1403 1637 1471 1).
1667 1402 1729 1457 Et
1760 1405 1850 1474 qui

267 1496 404 1563 fugit
450 1493 748 1563 castigandi
787 1501 841 1547 et
873 1492 1077 1547 vitiosis
1118 1491 1395 1547 resistendi
1432 1493 1688 1558 laborem,
1720 1508 1853 1548 mer-

266 1586 518 1642 cenarius
546 1592 647 1648 est,
679 1598 787 1637 non
821 1581 959 1637 filius
1007 1596 1222 1651 semper
1267 1581 1318 1634 in
1352 1579 1591 1636 Ecclesia
1638 1597 1853 1637 mansu-

268 1693 381 1732 rus.
417 1674 544 1731 Haec
574 1673 772 1730 idcirco
793 1673 1028 1729 breviter
1067 1673 1238 1741 tetigi,
1270 1684 1326 1727 ut
1353 1673 1398 1728 si
1427 1673 1720 1738 volueritis,
1754 1690 1852 1729 nos

1950 502 2258 558 Occidente.
2300 502 2497 557 Omnes
2541 503 2683 557 enim
2736 502 2974 557 ecclesia:
3020 503 3185 557 totius
3220 502 3523 559 Occidentis

1949 594 2113 663 (sicut
2153 594 2206 649 in
2238 602 2386 649 tomo
2432 592 2796 662 responsionis
2826 608 2957 648 mea:
2992 607 3151 662 quem
3199 594 3352 649 vobis
3381 610 3525 649 nunc

1951 682 2091 747 misi,
2140 682 2266 737 licet
2315 690 2442 737 ante
2488 682 2773 736 triennium
2810 682 3083 750 scriptum,
3128 681 3377 751 iudicavi)
3416 698 3522 737 non

1946 771 2241 840 respiciunt
2269 772 2389 843 [An.
2423 771 2688 840 recipiunt
2706 769 2750 841 ?]
2781 770 2894 824 ﬁcri
2923 770 3121 825 debere
3149 771 3521 826 Resurrectio-

1951 876 2073 916 nem
2123 868 2249 917 ante
2296 860 2643 924 Passionem,
2713 860 2765 914 id
2814 869 2924 926 est,
2976 869 3101 914 ante
3144 862 3522 931 :equinoctium

1950 948 2175 1017 Pascha,
2215 959 2269 1005 et
2293 950 2599 1020 vigesimam
2629 949 2807 1004 lunam
2837 965 2942 1004 non
2972 949 3256 1016 excedunt,
3308 966 3376 1005 ne
3403 952 3523 1006 sine

1951 1041 2267 1096 auctoritate
2314 1041 2509 1095 veteris
2565 1038 2892 1094 Testamenti
2946 1049 3337 1095 sacramentum
3393 1040 3528 1096 Novi

1951 1130 2275 1186 Testamenti
2313 1139 2493 1201 agant.
2522 1129 2628 1188 Sed
2673 1131 2784 1187 haec
2810 1130 2961 1195 alias,
2993 1128 3230 1199 alioquin
3259 1129 3384 1197 quid
3408 1130 3531 1198 qui-

1950 1220 2074 1277 dem
2115 1222 2191 1277 illi
2218 1223 2458 1277 sentiunt
2502 1222 2571 1277 de
2600 1221 2805 1277 Pascha
2850 1221 2960 1277 sive
2990 1235 3139 1291 papa:
3177 1236 3272 1291 per
3302 1230 3410 1275 tres
3440 1231 3525 1275 to-

1951 1329 2070 1397 mos
2109 1313 2335 1376 innotui,
2376 1322 2431 1368 et
2475 1312 2651 1368 adhuc
2695 1320 2883 1368 sancto
2920 1311 3071 1366 fratri
3117 1318 3295 1367 vestro
3341 1310 3524 1381 Arigio

1952 1405 2102 1459 brevi
2127 1404 2307 1459 libello
2330 1404 2432 1460 hoc
2458 1404 2597 1459 idem
2626 1404 2859 1459 scribere
2887 1403 3221 1473 praesumpsi.

2019 1493 2108 1549 IV.
2157 1493 2330 1550 Unum
2375 1495 2556 1565 itaque
2584 1495 2817 1565 deposco
2843 1510 2874 1549 a
2903 1505 3083 1550 vestra
3125 1495 3429 1559 sanctitate,
3474 1504 3532 1550 ut

1952 1601 2072 1642 cum
2102 1600 2234 1656 pace
2271 1595 2327 1641 et
2370 1588 2632 1642 charitate
2683 1601 2857 1641 meam
2887 1587 3237 1657 comportetis
3266 1587 3526 1657 insipien-

1954 1678 2107 1746 tiam,
2136 1692 2202 1733 ac
2222 1678 2526 1749 superbam,
2560 1687 2619 1732 ut
2643 1679 2792 1732 aiunt
2819 1677 3057 1747 quidam,
3084 1678 3352 1733 scribendi
3398 1694 3530 1747 pne-

272 1764 429 1835 quasi
467 1762 769 1827 inferiores,
795 1777 889 1821 vos
918 1771 1097 1833 patres
1124 1762 1342 1827 docere,
1365 1761 1501 1818 hanc
1528 1778 1713 1817 vocem
1738 1763 1849 1819 veri
1883 1767 1926 1827 Β
1954 1766 2333 1836 sumptionem,
2362 1781 2522 1835 quam
2568 1767 2858 1822 necessitas
2885 1766 3128 1831 extorsit,
3160 1781 3266 1820 non
3298 1768 3530 1835 vanitas,

266 1858 507 1914 Pastoris
531 1866 589 1913 et
630 1857 683 1912 in
728 1871 892 1928 opere
923 1864 977 1911 et
1010 1855 1063 1909 in
1104 1869 1199 1911 ore
1248 1855 1488 1910 habeatis
1509 1895 1523 1920 ,
1555 1870 1713 1923 quam
1747 1871 1855 1912 sure

266 1957 570 2019 agnoscunt
600 1964 730 2005 oves
756 1966 769 2002 :
801 1947 924 2003 Non
951 1950 1090 2002 enim
1114 1949 1331 2002 audiunt
1359 1965 1527 2003 vocem
1551 1949 1855 2014 alienarunt,

274 2040 366 2093 sed
407 2039 613 2111 fugiunt
641 2036 705 2091 ab
749 2054 808 2092 eo
837 2036 1024 2107 (Ibid.,
1055 2036 1132 2107 5),
1156 2037 1306 2105 cujus
1335 2053 1521 2093 vetem
1552 2054 1658 2092 non
1686 2054 1854 2109 agno-

266 2135 447 2191 scunt,
479 2141 599 2197 qua:
631 2126 732 2181 nisi
764 2126 986 2181 actualis
1014 2126 1101 2191 sit,
1129 2127 1246 2181 voci
1277 2127 1390 2181 veri
1429 2142 1535 2182 non
1566 2128 1858 2183 concordat

266 2221 523 2290 pastoris.
552 2218 662 2275 Nec
686 2219 882 2290 poterit
912 2234 1090 2275 sermo
1113 2216 1404 2274 efficaciter
1428 2228 1714 2289 penetrare
1736 2220 1854 2274 ani-

267 2327 388 2367 mos
412 2310 881 2382 disciplinatorum
912 2309 979 2363 ab
1006 2325 1101 2363 ore
1126 2309 1364 2379 prolatus
1390 2310 1728 2373 mercenarii,
1755 2310 1857 2365 hoc

265 2400 486 2472 signum
515 2400 738 2466 habens,
762 2397 905 2468 quod
934 2397 1046 2468 ipse
1076 2398 1278 2468 primus
1306 2414 1413 2452 non
1443 2396 1593 2453 audit
1619 2398 1763 2467 quod
1791 2400 1857 2455 ab

265 2506 335 2545 eo
373 2506 485 2545 non
534 2488 768 2545 auditur.
800 2487 868 2542 Et
894 2487 1038 2557 quod
1082 2487 1231 2558 prior
1276 2488 1485 2543 actibus
1534 2491 1858 2559 contempsit

268 2577 529 2648 Magister
555 2578 699 2633 nudo
726 2593 832 2633 non
888 2586 1064 2650 potest
1104 2578 1314 2634 tradere
1345 2580 1505 2637 verbo
1535 2579 1600 2634 ad
1641 2596 1858 2638 conser-

275 2669 439 2728 vandi
471 2669 797 2739 exemplum.

332 2763 424 2818 lll.
456 2760 627 2817 Simul
652 2775 782 2831 ergo
812 2776 1017 2828 omnes,
1051 2762 1164 2816 sive
1192 2761 1374 2816 clerici
1398 2803 1413 2830 ,
1443 2762 1557 2817 sive
1583 2762 1855 2825 monachi,

265 2856 405 2911 istos
440 2852 674 2924 primum
720 2867 957 2908 canones
997 2867 1154 2907 veros
1199 2867 1263 2907 ac
1315 2852 1612 2921 singulares
1647 2849 1858 2907 Domini

268 2947 445 3003 nostri
465 2943 593 3002 Jesu
633 2944 829 3001 Christi
868 2944 1114 3000 similiter
1142 2945 1527 3014 compleamus,
1574 2954 1631 3000 et
1654 2945 1731 2999 sic
1759 2960 1854 3015 po-

268 3046 389 3093 stea
439 3045 655 3091 tumore
701 3035 965 3106 superbire
1013 3034 1283 3107 deposito,
1334 3050 1498 3091 unum
1547 3035 1602 3089 in
1640 3034 1859 3104 reliquis

1961 1863 2019 1909 ut
2041 1856 2153 1924 ipsa
2185 1856 2373 1925 prohat
2415 1855 2592 1911 vilitas
2640 1856 2765 1925 (An.
2795 1856 2996 1910 utilitas
3011 1852 3055 1925 ?]
3081 1873 3096 1921 ;
3128 1864 3184 1911 et
3224 1856 3348 1924 quia
3378 1856 3535 1925 hujus

1955 1944 2281 2000 diversitatis
2308 1953 2497 1999 auctor
2518 1960 2622 1999 non
2648 1944 2771 2009 sim,
2796 1959 2860 2001 ac
2887 1959 2984 2014 pro
3010 1942 3223 2000 Christo
3252 1944 3534 2001 Salvatore

1955 2036 2227 2092 currimuni
2265 2034 2602 2101 Domino,ac
2647 2036 2755 2092 Deo
2784 2036 2838 2091 in
2888 2039 2983 2092 has
3019 2046 3188 2093 terras
3219 2038 3532 2108 peregrinus

1956 2125 2337 2195 processerim,
2359 2124 2622 2193 deprecor
2644 2140 2734 2181 vos
2757 2141 2852 2195 per
2871 2141 3207 2182 communem
3222 2128 3525 2193 Dominum,

1958 2224 2012 2269 et
2040 2230 2136 2284 per
2189 2230 2311 2270 eum
2364 2218 2449 2286 qui
2496 2216 2823 2286 judicaturus
2871 2227 2947 2270 est
3017 2218 3151 2271 vivos
3198 2234 3259 2271 ac
3304 2227 3530 2272 mortuos

1959 2304 2047 2377 (II
2079 2305 2210 2361 Tim.
2244 2323 2316 2375 tv,
2351 2308 2403 2370 l)
2426 2307 2641 2377 adjuro,
2669 2308 2711 2362 si
2741 2309 3054 2363 mereamini
3087 2310 3154 2364 ab
3183 2324 3248 2364 eo
3287 2311 3529 2377 agnOs-ci,

1958 2399 2049 2469 qui
2094 2398 2275 2453 multis
2321 2398 2507 2453 dicet:
2540 2400 2696 2453 Amen
2729 2398 2842 2453 dico
2889 2400 3060 2465 vobis,
3106 2402 3226 2471 quia
3274 2417 3533 2472 nunquam

1959 2489 2076 2542 novi
2104 2505 2191 2545 vos
2221 2487 2433 2558 (Matth.
2465 2505 2556 2553 vn,
2588 2489 2702 2557 25),
2732 2497 2789 2543 ut
2835 2489 2963 2543 mihi
3019 2490 3175 2544 liceat
3210 2506 3330 2547 cum
3360 2503 3538 2548 vestra

1958 2594 2095 2648 pace
2115 2587 2171 2634 et
2194 2579 2456 2634 charitate
2497 2580 2547 2633 in
2592 2580 2671 2633 his
2699 2580 2845 2634 silvis
2881 2580 3040 2636 silere
3086 2588 3141 2636 et
3181 2582 3357 2637 vivere
3382 2585 3536 2652 juxta

1960 2683 2083 2724 ossa
2122 2679 2429 2724 nostrorum
2471 2668 2693 2724 fratrum
2733 2668 2918 2724 decem
2944 2679 2998 2724 et
3017 2677 3221 2740 septem
3253 2670 3531 2728 defuncto-

1959 2777 2099 2827 rum,
2132 2763 2271 2818 sicut
2300 2776 2469 2831 usque
2509 2777 2651 2817 nunc
2682 2762 2829 2819 licuit
2856 2764 3012 2820 nobis
3050 2763 3190 2819 inter
3216 2780 3313 2820 vos
3348 2766 3540 2822 vixisse

1960 2851 2241 2907 duodecim
2266 2854 2446 2919 annis,
2472 2862 2533 2908 ut
2552 2870 2648 2925 pro
2672 2856 2853 2920 vobis,
2882 2856 3018 2911 sicut
3046 2869 3214 2925 usque
3240 2872 3380 2911 nunc
3410 2856 3537 2912 feci‘

1961 2959 2099 3009 mus,
2132 2956 2350 2999 oremus
2400 2952 2459 2998 ut
2508 2945 2782 3000 debemus.
2815 2944 3005 3016 Capiat
3052 2961 3150 3001 nos
3188 2946 3366 3014 simul,
3415 2962 3537 3013 oro,

1961 3031 2153 3100 Gallia,
2182 3048 2317 3103 quos
2356 3035 2533 3104 capiet
2559 3049 2779 3104 regnum
2809 3036 3097 3104 caelorum,
3143 3040 3187 3091 si
3216 3038 3344 3093 boni
3371 3040 3535 3094 simus

266 3128 533 3184 scribere.
589 3125 646 3180 Si
696 3140 885 3181 omnes
913 3124 1143 3181 humiles
1170 3125 1340 3180 simus
1377 3132 1433 3179 et
1468 3138 1732 3195 pauperes
1760 3140 1857 3196 pro
1883 3142 1929 3204 ρ
1963 3124 2161 3179 meriti.
2186 3122 2361 3178 Unum
2393 3125 2534 3179 enim
2568 3137 2786 3194 regnum
2816 3124 3075 3181 habemus
3117 3127 3456 3195 promissum,
3485 3135 3537 3182 et

267 3218 488 3275 Christo
540 3215 853 3281 voluntarii,
902 3215 987 3287 qui
1028 3232 1121 3286 pro
1159 3214 1305 3270 nobis
1342 3230 1538 3287 pauper
1563 3216 1731 3283 factus
1759 3224 1856 3279 est,

264 3323 383 3361 cum
410 3306 553 3360 dives
584 3316 719 3359 esset
745 3303 832 3377 (ΙΙ
861 3303 982 3360 Cor.
1024 3321 1113 3359 vm
1136 3344 1152 3370 ,
1181 3302 1265 3374 9);
1298 3314 1483 3376 postea
1515 3321 1614 3375 per
1642 3304 1856 3360 humili-

267 3408 438 3454 tatem
464 3399 532 3454 de
556 3404 700 3452 terra
728 3397 1005 3466 vitiorum,
1032 3412 1096 3452 ac
1116 3412 1211 3466 per
1239 3396 1593 3469 voluntariam
1623 3412 1855 3466 evange-

268 3491 388 3545 liae
415 3489 800 3553 admonitionis
827 3496 1199 3560 paupertatem
1227 3487 1453 3544 diversis
1478 3488 1858 3559 cupiditatibus

269 3582 557 3653 depositis,
589 3581 839 3651 curisque
867 3579 1182 3637 mortalibus
1220 3578 1471 3645 detrusis,
1495 3579 1642 3635 velut
1670 3594 1858 3649 ampu-

265 3673 396 3728 tatis
422 3671 753 3727 diversitatis
789 3685 853 3725 ac
879 3669 1161 3725 discordiae
1189 3669 1385 3733 causis,
1413 3684 1599 3726 omnes
1639 3669 1731 3725 filii
1762 3671 1856 3727 Dei

265 3779 455 3819 veram
512 3777 699 3833 pacem
739 3770 795 3816 et
852 3761 1113 3830 integram
1153 3760 1469 3817 charitatem
1514 3776 1611 3831 per
1648 3776 1855 3816 morum

265 3852 681 3907 similitudinem
702 3892 718 3919 ,
740 3859 792 3905 et
820 3850 981 3905 unius
1011 3849 1298 3904 voluntatis
1326 3849 1687 3917 tequalitatem
1718 3850 1857 3905 inter

263 3957 327 3997 se
343 3941 577 3996 invicem
596 3940 887 3996 habebunt.
904 3938 1127 3995 Multqu
1150 3953 1380 4008 namque
1398 3939 1577 3994 nocuit
1593 3948 1857 4011 nocetque

263 4031 648 4087 ecclesiasticae
693 4031 813 4101 paci
841 4045 1047 4085 morum
1077 4029 1378 4096 diversitas,
1410 4039 1465 4084 et
1487 4029 1719 4083 varietas
1744 4038 1854 4083 tra-

264 4124 532 4181 ditionum
555 4142 570 4191 ;
594 4123 690 4179 sed
726 4133 906 4180 tamen
936 4124 1003 4191 si,
1030 4131 1091 4178 ut
1118 4120 1249 4188 dixi,
1271 4136 1479 4177 venena
1507 4122 1773 4192 superbiae
1801 4131 1855 4178 et

267 4214 503 4281 invidiae,
535 4229 688 4268 vana:
728 4213 1019 4284 gloriaeque
1070 4227 1166 4283 per
1195 4210 1490 4267 Salvatoris
1519 4212 1683 4267 nostri
1713 4228 1854 4282 prae-

264 4314 482 4375 ceptum
533 4304 601 4359 ad
647 4304 950 4373 exemplum
1000 4302 1225 4357 dicentis
1258 4301 1490 4356 :Discite
1532 4319 1564 4356 a
1607 4319 1687 4355 me
1733 4303 1855 4373 quia

266 4398 404 4451 mitis
434 4413 549 4451 sum
576 4406 625 4451 et
648 4396 854 4450 humilis
884 4396 1036 4450 corde
1067 4393 1280 4467 (Matth.
1303 4411 1375 4459 χι,
1407 4392 1521 4464 29),
1545 4403 1599 4448 et
1624 4394 1849 4462 reliqua,

1964 3232 2125 3272 unam
2156 3232 2305 3286 spem
2348 3216 2644 3271 vocationis
2692 3217 2741 3271 in
2772 3216 3008 3281 Cluisto,
3055 3231 3306 3287 cumquo
3344 3234 3534 3273 conre-

1958 3310 2240 3379 gnabimus
2270 3308 2353 3380 (ll
2398 3308 2531 3364 Tim.
2581 3325 2640 3375 ιι,
2692 3308 2913 3378 11,12),
2965 3309 3009 3364 si
3050 3317 3227 3364 tamen
3277 3310 3422 3380 prius
3453 3310 3538 3367 hic.

1959 3418 2083 3457 cum
2108 3416 2176 3456 eo
2200 3401 2485 3472 patiamur,
2516 3408 2576 3453 ut
2612 3408 2667 3454 et
2709 3399 2865 3454 simul
2907 3415 3027 3454 cum
3067 3414 3134 3455 eo
3160 3398 3536 3468 gloriﬁcemur.

1959 3491 2069 3561 Ego
2111 3493 2224 3548 scio
2266 3491 2410 3561 quod
2453 3491 2633 3545 multis
2660 3489 2927 3560 superflua
2956 3489 3227 3546 videbitur
3268 3491 3382 3547 lucc
3417 3507 3538 3547 mea

1958 3583 2291 3654 loquacitas;
2337 3582 2431 3636 sed
2474 3580 2665 3635 melius
2706 3580 2964 3650 judicavi,
2992 3589 3051 3634 ut
3087 3590 3142 3635 et
3185 3596 3281 3637 vos
3329 3582 3538 3636 sciretis

1957 3690 2076 3743 qua:
2125 3689 2223 3729 nos
2276 3682 2331 3728 et
2369 3672 2456 3728 hic
2493 3680 2786 3727 tractamus
2816 3680 2871 3726 et
2907 3672 3205 3740 cogitamus
3232 3672 3372 3727 int--r
3413 3688 3530 3726 nos.

1959 3764 2023 3818 lli
2047 3773 2171 3820 sunt
2196 3764 2340 3818 enim
2367 3764 2537 3818 nostri
2572 3776 2829 3825 canones,
2857 3760 3125 3817 dominica
3155 3770 3209 3815 et
3237 3762 3536 3831 apostolica

1957 3854 2205 3910 mandata
2240 3864 2304 3908 ελ
2332 3854 2385 3908 in
2418 3853 2547 3908 fides
2594 3859 2774 3907 nostra
2805 3860 2925 3907 est:
2954 3850 3070 3908 haec
3107 3866 3274 3917 arma,
3324 3860 3533 3907 scutum

1956 3954 2007 4001 et
2054 3944 2323 4014 gladium:
2361 3944 2473 3997 haec
2520 3943 2805 4013 apologia:
2838 3942 2954 3997 haec
3005 3956 3102 3996 nos
3149 3952 3431 3996 moverunt
3472 3942 3540 3996 de

1954 4036 2130 4106 patria
2157 4054 2170 4089 :
2201 4035 2313 4089 haec
2333 4041 2389 4088 et
2415 4034 2503 4088 hic
2525 4047 2743 4088 servare
2762 4030 3155 4094 contendimus,
3176 4031 3300 4086 licet
3330 4031 3535 4100 tepide;

1955 4129 2007 4181 in
2038 4126 2121 4180 his
2152 4140 2321 4196 usque
2358 4123 2425 4179 ad
2472 4132 2701 4179 mortem
2744 4137 3089 4193 perseverare
3130 4132 3184 4177 et
3211 4137 3448 4185 oramus,
3482 4130 3537 4176 et

1954 4229 2223 4290 optamus,
2239 4219 2377 4273 sicut
2397 4225 2451 4272 et
2470 4217 2708 4273 seniores
2722 4225 2934 4271 nostros
2947 4213 3121 4269 facere
3132 4214 3533 4283 conspeximus.

2024 4310 2092 4364 ν.
2119 4310 2229 4367 Vos
2253 4324 2402 4375 vero,
2431 4307 2617 4363 Patres
2644 4307 2834 4373 sancti,
2865 4305 3041 4360 videte
3078 4303 3204 4373 quid
3234 4303 3441 4359 faciatis
3470 4308 3537 4361 ad

1955 4400 2090 4456 istos
2128 4408 2412 4454 veteranos
2458 4411 2721 4468 pauperes
2772 4404 2829 4450 et
2874 4394 3187 4466 peregrinos
3235 4408 3435 4448 senes:
3480 4406 3538 4446 ut

267 4484 587 4539 humilitatis
607 4484 1034 4540 verteexercitiis
1055 4498 1245 4540 curare
1265 4484 1493 4555 primum
1517 4481 1847 4552 festinemus,
1880 4504 2057 4571 nego
2117 4489 2383 4565 arbitror,
2430 4487 2621 4542 melius
2672 4485 2827 4540 vobis
2884 4484 2987 4539 erit
3042 4484 3164 4540 illos
3227 4484 3537 4540 conlortare

264 4576 380 4632 sine
402 4577 517 4631 ullo
541 4576 798 4647 deinceps
819 4575 1096 4643 seandalo,
1121 4590 1309 4631 onmes
1328 4574 1572 4645 perfecti,
1603 4575 1727 4633 odio
1755 4577 1851 4633 de-

265 4668 357 4723 leti
388 4666 576 4742 [Forte
596 4667 818 4740 deleto],
842 4668 982 4727 sicut
1008 4667 1253 4737 discipuli
1283 4666 1494 4722 Domini
1526 4668 1695 4721 nostri
1721 4665 1849 4723 Jesu

270 4757 490 4824 Christi,
541 4775 644 4816 nos
672 4760 904 4816 invicem
931 4776 999 4816 ex
1039 4768 1153 4815 toto
1189 4759 1353 4816 corde
1381 4744 1682 4828 diligemus.
1730 4758 1849 4816 Etsi

268 4850 447 4919 aliqua
474 4850 545 4904 sit
567 4849 914 4905 traditionum
937 4849 1240 4917 diversitas,
1253 4849 1392 4905 sicut
1411 4859 1466 4905 et
1480 4849 1548 4905 de
1565 4848 1845 4914 Paschate,

265 4940 391 4996 dum
437 4956 550 4997 non
587 4952 813 5012 possunt
854 4941 1082 4997 humiles
1120 4940 1467 5005 contendere,
1507 4958 1667 5010 neque
1695 4943 1845 4995 talem

261 5034 687 5088 consuetudinem
717 5031 868 5086 habet
909 5030 1142 5087 Ecclesia
1176 5030 1231 5103 (1
1260 5030 1378 5087 Cor.
1424 5047 1476 5086 ιι
1497 5073 1514 5098 ,
1552 5030 1683 5101 16);
1720 5031 1844 5085 dum

263 5124 377 5178 cito
405 5124 621 5179 veriora
665 5130 995 5192 cognoscent
1039 5122 1129 5191 qui
1181 5121 1371 5177 eodem
1419 5120 1718 5193 proposito,
1757 5134 1850 5173 eo-

261 5215 497 5283 demque
556 5214 824 5269 desiderio
880 5213 1121 5269 veritatis
1167 5212 1549 5282 agnoscenda,
1604 5211 1849 5266 similiter

261 5313 515 5374 quaerunt
551 5303 697 5375 quod
734 5303 935 5359 rectius
960 5312 1271 5374 sequantur,
1295 5300 1512 5373 quando
1540 5316 1699 5357 nemo
1727 5300 1845 5353 vin-

261 5397 409 5452 citur
439 5399 540 5453 nisi
579 5413 753 5464 error,
796 5404 851 5453 et
878 5399 1091 5469 quando
1117 5398 1294 5454 nullus
1322 5398 1375 5452 in
1424 5412 1502 5463 se,
1531 5395 1629 5451 sed
1660 5397 1711 5449 in
1745 5396 1846 5450 Do-

262 5490 416 5544 mino
443 5489 735 5558 gloriatur;
766 5505 1064 5558 quaeramus
1098 5492 1278 5559 itaque
1306 5490 1485 5557 simul,
1511 5504 1692 5559 quaeso
1732 5506 1844 5553 vos,

262 5601 305 5638 ο
342 5584 685 5639 amantissimi
716 5594 898 5654 patres
934 5600 997 5640 ac
1043 5585 1254 5655 fratres,
1286 5595 1341 5642 et
1374 5584 1651 5641 videamus
1678 5584 1851 5655 qualis

1955 4596 2112 4652 quam
2141 4580 2481 4635 conturbare.
2508 4575 2618 4645 Ego
2660 4586 2840 4629 autem
2889 4576 2957 4629 ad
3001 4590 3098 4630 vos
3128 4575 3206 4629 ire
3236 4590 3340 4628 non
3372 4590 3536 4629 ausus

1951 4687 2095 4741 sum,
2124 4685 2193 4725 ne
2233 4667 2372 4723 forte
2395 4666 2778 4723 contenderem
2806 4681 3043 4737 praesens
3073 4674 3259 4721 contra
3292 4666 3533 4735 Apostoli

1950 4763 2148 4819 dictum
2179 4759 2406 4815 dicentis
2439 4777 2452 4813 :
2486 4757 2614 4814 Noli
2644 4758 2807 4813 verbis
2851 4758 3160 4813 contendere
3189 4756 3374 4829 (Ibid.,
3403 4756 3530 4823 li);

1950 4872 1999 4917 et
2024 4861 2216 4914 iterum
2241 4875 2254 4911 :
2288 4856 2349 4912 Si
2376 4857 2487 4929 quis
2516 4856 2862 4910 contentiosus
2891 4862 2986 4918 est,
3014 4870 3107 4907 nos
3134 4852 3291 4907 talem
3320 4869 3532 4906 consuc~

1952 4951 2178 5006 tudinem
2206 4964 2311 5002 non
2339 4944 2599 5012 habemus,
2626 4961 2785 5015 neque
2814 4942 3051 4997 Ecclesia
3083 4941 3179 4995 Dei
3212 4940 3263 5009 (Ι
3289 4940 3407 4994 Cor.
3434 4953 3530 5010 x1,-

1952 5038 2063 5110 l6).
2094 5037 2200 5093 Sed
2243 5034 2503 5092 conﬁteor
2545 5033 2885 5089 conscientia:
2926 5046 3057 5084 mea:
3096 5039 3323 5088 secreta.
3381 5024 3528 5096 quod

1952 5129 2071 5200 plus
2104 5127 2266 5185 credo
2312 5126 2581 5182 traditioni
2631 5125 2815 5195 patriae
2862 5137 2994 5177 mere
3017 5121 3170 5189 juxta
3212 5119 3426 5181 Do.....,
3471 5127 3527 5172 et

1953 5219 2215 5277 calculum
2242 5234 2437 5273 Lxmv
2466 5232 2729 5272 annorum
2759 5223 2815 5270 et
2844 5214 3170 5278 Anatolium,
3200 5211 3267 5265 ab
3295 5209 3525 5264 Eusebio

1952 5308 2342 5365 Ecclesiastieze
2372 5306 2617 5361 Historire
2663 5312 2885 5358 auctore
2922 5302 3197 5373 episcopo,
3227 5307 3284 5352 et
3338 5305 3528 5351 sancto

1952 5399 2191 5469 Catalogi
2226 5398 2488 5467 scriptore
2514 5395 2841 5465 Hieronymo
2879 5392 3174 5452 laudatum,
3196 5387 3401 5441 Pascha
3430 5401 3527 5441 ce-

1953 5492 2182 5555 lebrare,
2214 5504 2374 5557 quam
2397 5487 2548 5557 juxta
2571 5486 2867 5541 Victoriam
2904 5498 3073 5552 nuper
3096 5481 3259 5535 dubie
3288 5478 3529 5536 scriben-

1956 5591 2085 5649 tem,
2114 5589 2169 5634 et
2214 5579 2303 5633 ubi
2348 5592 2570 5634 necesse
2597 5585 2731 5643 erat,
2763 5574 2891 5629 nihil
2920 5572 3285 5640 detinientem,
3315 5580 3373 5625 ut
3414 5571 3529 5640 ipse

346 5723 367 5749 ³
405 5712 463 5767 lu
500 5715 623 5785 ﬁde.
656 5714 771 5768 Vox
808 5715 862 5768 in
911 5716 1231 5784 importuna.
1282 5714 1589 5786 Legendum
1629 5714 1860 5770 arbitror
1898 5713 2004 5768 hac
2032 5711 2387 5782 utsequentia
2408 5709 2621 5767 docent.

554 5829 826 5889 Parnm.
878 5829 1138 5890 LXXX.

3054 5821 3091 5881 9
