3978 6182
357 299 460 358 26⁵1

1599 290 1658 347 S.
1697 288 2086 349 COLUMBANI
2123 291 2413 350 ABBA'I'IS

3525 302 3632 360 268

360 420 413 474 in
475 431 574 471 suo
637 419 862 469 testatus
914 417 997 465 est
1047 408 1274 480 prologo
1307 424 1320 460 :
1365 406 1458 476 qui
1518 413 1643 476 post
1700 413 1944 478 tempora
1975 407 2026 468 Α
2050 405 2298 463 detrahat
2326 405 2524 464 silentii
2567 407 2758 476 bonis;
2789 386 2891 466 nisi
2916 412 3065 468 enim
3113 420 3410 484 tepescant,
3437 420 3632 475 secreti

362 506 426 561 D.
457 503 687 567 Martini,
720 509 776 556 et
811 499 880 556 D.
928 497 1264 569 Hieronymi,
1294 504 1352 552 et
1376 509 1527 567 papae
1556 495 1791 563 Damasi,
1820 505 1942 566 post

359 606 576 655 centum
605 603 659 650 et
700 601 810 649 tres
847 606 1016 649 annos
1055 592 1154 648 sub
1183 589 1365 646 llilaro
1397 590 1631 660 scripsit.
1661 589 1772 648 Vos
1811 604 1942 647 vero

365 689 542 760 eligite
558 687 656 756 ipsi
680 699 840 756 quem
860 683 1012 755 sequi
1035 683 1282 749 malletis,
1306 690 1362 738 et
1381 683 1465 738 cui
1487 681 1682 738 melius
1709 681 1943 739 credatis

358 782 506 849 juxta
537 777 667 832 illud
690 774 930 848 Apostoli
961 793 973 827 :
1001 774 1194 828 Omnia
1212 773 1457 845 probate;
1489 773 1626 846 quod
1652 773 1840 828 bonum
1868 780 1944 828 est

361 879 522 924 tenete
541 867 595 940 (Ι
617 867 797 922 Thess.
819 881 871 934 v,
893 866 1006 938 2i).
1033 866 1185 922 Absit
1204 875 1262 920 ut
1280 879 1380 936 ego
1402 873 1588 921 contra
1608 880 1707 921 vos
1727 873 1945 921 conten-

355 962 482 1016 dam
517 959 993 1030 congrediendum,
1020 966 1078 1017 ut
1111 958 1382 1026 gaudeant
1421 956 1620 1012 inimici
1663 957 1833 1012 nostri
1874 955 1944 1011 de

358 1061 541 1108 nostra
566 1051 990 1108 Christianorum
1017 1049 1379 1115 contentione,
1404 1047 1571 1103 Judaei
1595 1045 1828 1114 scilicet,
1853 1053 1944 1100 aut

359 1145 618 1210 haeretici,
646 1144 758 1199 sive
779 1142 970 1214 pagani
994 1140 1240 1213 gentiles.
1264 1139 1416 1195 Absit
1435 1153 1589 1206 sane,
1614 1137 1787 1206 absit;
1810 1137 1945 1192 alio-

357 1235 486 1304 quin
517 1234 672 1288 alitcr
725 1233 875 1306 [Leg.
910 1230 1070 1302 inter]
1100 1247 1198 1286 nos
1222 1237 1400 1302 potest
1422 1229 1742 1297 convenire,
1774 1236 1833 1283 ut
1851 1235 1945 1281 aut

360 1328 701 1399 unusquisque
747 1326 800 1380 in
846 1339 946 1396 quo
1012 1331 1220 1378 vocatus
1291 1329 1387 1389 est,
1444 1322 1500 1376 in
1555 1336 1615 1375 eo
1643 1327 1968 1396 permaneat.

359 1419 415 1492 (1
459 1419 579 1474 Cor.
626 1434 718 1484 vtt,
748 1415 841 1488 20)
879 1415 1020 1487 apud
1064 1414 1371 1481 Dominum,
1418 1413 1464 1468 si
1519 1419 1747 1482 utraque
1798 1409 1941 1466 bona

356 1521 440 1568 est
479 1511 696 1568 traditio
731 1528 744 1565 :
774 1517 867 1565 aut
917 1524 1039 1566 cum
1068 1521 1200 1579 pace
1235 1515 1293 1563 et
1333 1504 1636 1561 humilitate
1674 1503 1792 1559 sine
1820 1501 1943 1571 julla

359 1603 708 1660 contentione
744 1602 866 1657 libri
894 1601 1142 1670 legantur
1169 1599 1416 1670 utrique;
1443 1605 1499 1654 et
1535 1611 1656 1668 qua:
1684 1596 1804 1667 plus
1837 1592 1945 1651 Ve-

359 1693 458 1748 teri
490 1700 548 1748 et
570 1691 720 1748 Novo
749 1690 1098 1748 Testamento
1125 1690 1490 1758 concordant,
1518 1688 1637 1744 sine
1666 1687 1827 1743 ullius
1855 1686 1940 1742 in-

2047 498 2239 553 melius
2269 498 2456 554 vivunt
2491 513 2652 569 quam
2697 501 2915 572 publici,
2941 513 3169 576 excepta
3209 509 3510 565 austeriore
3537 509 3636 566 ad-

2048 589 2155 646 huc
2191 589 2322 658 vita,
2354 599 2382 628 ι
2410 606 2530 663 qua;
2555 593 2816 664 majorem
2841 595 2969 652 licet
3006 598 3331 655 mercedem.
3358 599 3460 656 Ubi
3489 604 3634 660 enim

2045 678 2232 736 durior
2256 694 2459 752 pugna,
2506 681 2580 738 ibi
2627 683 2916 754 gloriosior
2956 686 3228 743 invenitur
3255 705 3481 748 corona.
3529 693 3634 765 ipsi

2044 782 2174 840 ergo
2231 786 2342 828 non
2379 771 2609 842 credunt
2655 772 2811 830 bonis
2857 776 3081 832 secretis
3134 777 3235 850 (ut
3286 791 3507 838 sanctus
3559 783 3637 838 ait

2043 859 2358 934 Gregorius)
2383 862 2474 934 qui
2507 863 2720 934 publica
2761 866 2900 922 mala
2931 882 3038 923 non
3073 869 3334 927 devitant.
3362 872 3488 928 Inde
3511 890 3639 930 san-

2043 963 2163 1011 ctus
2190 953 2553 1028 Hieronymus
2579 957 2694 1014 haec
2721 958 2900 1015 sciens
2937 959 3098 1030 jussit
3124 962 3408 1033 episcopos
3436 966 3636 1022 imitari

2045 1047 2354 1117 apostolos,
2382 1050 2679 1104 monachos
2704 1064 2834 1104 vero
2880 1050 3065 1106 docuit
3110 1054 3264 1123 sequi
3296 1053 3484 1110 Patres
3513 1073 3639 1127 per-

2043 1137 2234 1195 fectos.
2264 1139 2381 1196 Alia
2410 1141 2553 1196 enim
2580 1149 2708 1196 sunt
2733 1149 2789 1198 et
2831 1141 2935 1196 alia
2977 1143 3299 1200 clericorum
3341 1155 3397 1202 et
3444 1162 3637 1203 mona-

2044 1231 2269 1287 chorum
2297 1231 2646 1300 documenta,
2674 1239 2731 1287 et
2775 1231 2936 1303 longe
2980 1231 3049 1288 ab
3090 1233 3321 1289 invicem
3361 1247 3631 1307 separata.

2047 1319 2427 1392 Unusquisque
2453 1321 2596 1392 quod
2633 1322 2879 1392 arripuit,
2914 1329 3115 1391 servet,
3143 1323 3238 1379 sed
3267 1325 3362 1380 toti
3389 1327 3637 1394 Evange-

2044 1411 2174 1467 lium
2210 1420 2266 1467 et
2293 1413 2528 1500 ut/rique,
2580 1425 2646 1468 ac
2670 1412 2717 1467 si
2763 1413 2924 1469 unius
2964 1414 3206 1485 corporis
3245 1417 3485 1472 membra
3526 1432 3635 1473 una

2044 1504 2396 1560 consonantia
2423 1503 2696 1561 Christum
2728 1505 2966 1562 omnium
3006 1515 3170 1580 caput
3206 1519 3504 1581 sequantur
3541 1526 3640 1582 per

2039 1609 2144 1653 sua
2189 1597 2407 1668 propria
2449 1597 2724 1666 mandata,
2767 1612 2888 1669 quae
2921 1608 3048 1656 sunt
3091 1600 3161 1656 ab
3199 1617 3267 1659 eo
3313 1611 3528 1660 ostensa
3580 1603 3639 1659 in

2045 1700 2180 1758 pace
2197 1694 2253 1743 et
2279 1687 2543 1744 cbaritate
2570 1689 2808 1759 perfecta
2837 1705 2978 1747 esse.
3011 1689 3140 1759 Quae
3163 1693 3272 1749 duo
3301 1692 3486 1764 perﬁci
3515 1708 3640 1765 per-

359 1782 501 1838 vidia
530 1789 830 1838 serventur.
863 1780 998 1836 Nam
1031 1780 1078 1837 si
1099 1795 1167 1836 ex
1213 1779 1324 1836 Deo
1352 1789 1457 1848 est,
1486 1787 1546 1834 ut
1589 1793 1678 1833 me
1705 1777 1832 1833 hinc
1875 1776 1943 1833 de
1974 1781 2018 1844 Β
2046 1777 2186 1836 lecte
2214 1795 2323 1836 non
2343 1789 2572 1854 possunt
2613 1781 2714 1839 nisi
2743 1797 2775 1838 a
2802 1782 2947 1839 veris
2991 1784 3300 1855 humilibus,
3325 1793 3382 1843 et
3407 1787 3476 1843 ah
3501 1802 3638 1842 una-

359 1875 481 1930 loco
509 1872 706 1930 deserti
733 1888 893 1944 quem
940 1886 1040 1943 pro
1080 1871 1306 1927 Domino
1331 1885 1453 1927 meo
1475 1867 1602 1926 Jesu
1630 1867 1850 1926 Christo
1877 1866 1946 1923 de

360 1970 662 2018 transmare
711 1962 970 2032 expetivi,
1032 1961 1376 2033 prepellatis,
1403 1975 1608 2028 ,meum
1665 1957 1769 2016 erit
1817 1956 1948 2014 illud

361 2057 733 2129 propheticum
763 2055 944 2112 dicere
968 2075 982 2112 :
1015 2057 1075 2113 Si
1102 2065 1311 2128 propter
1334 2072 1415 2111 me
1439 2055 1549 2111 haec
1576 2060 1853 2125 tmpestas
1872 2059 1949 2106 est

362 2167 514 2221 super
549 2166 658 2215 vos,
691 2151 851 2206 tollite
877 2165 977 2217 me,
1001 2157 1051 2203 et
1078 2149 1264 2203 mittite
1310 2163 1392 2203 me
1433 2148 1488 2201 in
1533 2161 1697 2212 mare,
1728 2152 1781 2198 ut
1811 2158 1952 2197 com-

363 2244 519 2296 motio
547 2240 656 2295 htec
683 2241 909 2310 quiescat
937 2257 969 2294 a
995 2237 1136 2294 vobis
1179 2237 1322 2310 (Jan.
1355 2251 1392 2303 ι,
1426 2235 1534 2307 1‘2).
1566 2234 1818 2292 Vestrum
1865 2240 1949 2288 ta-

365 2348 490 2388 men
533 2332 681 2402 prius
725 2332 795 2387 sit
842 2346 995 2388 more
1032 2330 1250 2386 illorum
1297 2337 1580 2384 nautarum
1633 2324 1951 2396 naufragum

365 2428 551 2484 conari
576 2427 788 2499 eripere
807 2424 1096 2481 visceribus
1124 2423 1357 2495 pietatis,
1375 2432 1430 2479 et
1447 2423 1514 2478 ad
1536 2429 1732 2478 terram
1761 2433 1951 2475 navem

365 2515 604 2584 trahere,
627 2517 767 2572 sicut
812 2515 911 2583 illi,
947 2515 1073 2572 licet
1117 2514 1339 2582 ethnici,
1385 2512 1629 2572 fecerunt
1675 2511 1952 2581 Scriptura

366 2620 620 2666 narrante
661 2627 674 2664 :
709 2609 776 2663 Et
803 2608 1125 2664 conabantur
1149 2607 1244 2662 uiri
1282 2607 1475 2674 redire,
1514 2603 1703 2675 inquit,
1745 2603 1818 2657 ad
1846 2611 1950 2658 ter-

366 2718 500 2765 ram,
532 2709 580 2754 et
631 2716 730 2755 non
763 2705 1030 2768 poterant,
1069 2697 1190 2767 quia
1219 2712 1363 2750 mare
1400 2694 1528 2762 ibat,
1567 2702 1616 2748 et
1645 2692 1953 2764 exsurgebat

366 2792 533 2861 magis
552 2791 742 2861 ﬂuctus
770 2787 876 2861 (Ibi
899 2792 958 2855 t.,
992 2786 1105 2856 l5).
1140 2786 1420 2842 Postremo
1449 2784 1501 2840 in
1522 2784 1672 2841 calce
1698 2782 1851 2852 dicti,
1886 2781 1953 2838 li-

369 2891 457 2937 cet
507 2887 954 2953 prtesumptuose,
1004 2891 1254 2948 suggero,
1294 2885 1353 2932 ut
1392 2877 1516 2947 quia
1560 2875 1615 2932 in
1659 2874 1745 2930 via
1793 2873 1954 2945 hujus

366 2972 548 3026 surculi
595 2971 831 3042 spatiosa
861 2967 1075 3039 (Matth.
1116 2984 1210 3038 vn,
1241 2967 1330 3034 i5,
1380 2967 1493 3039 14),
1520 2967 1648 3033 lata,
1699 2973 1757 3022 et
1793 2964 1953 3048 multi

368 3062 707 3118 ambulantes
755 3067 978 3116 currunt
1019 3058 1087 3114 ad
1127 3064 1378 3129 computa
1407 3056 1658 3132 medius,
1691 3051 1952 3128 compita]

2049 1875 2268 1932 nimiter
2290 1875 2658 1948 spiritualibus
2687 1875 2888 1934 Christi
2926 1877 3178 1934 mandata
3219 1878 3639 1950 complentibus,

2050 1967 2280 2026 Domino
2319 1969 2440 2041 ipso
2471 1976 2703 2026 testante
2732 1986 2746 2024 :
2779 1969 2842 2026 Si
2870 1969 3088 2043 diligitis
3119 1987 3220 2039 me,
3250 1971 3499 2026 mandata
3526 1987 3642 2025 utea

2048 2069 2248 2116 servate
2277 2060 2458 2133 (Jean.
2491 2059 2609 2128 nv,‘
2633 2059 2744 2133 l5).
2773 2060 2890 2126 Hoc
2915 2072 2992 2116 est
3017 2063 3322 2117 mandatum
3354 2080 3543 2130 meum,
3583 2073 3642 2118 ut

2051 2151 2281 2225 diligatis
2309 2152 2527 2206 invicem
2547 2151 2678 2206 sicut
2706 2159 2756 2207 et
2777 2167 2871 2224 ego
2899 2151 3060 2207 dilexi
3087 2169 3174 2209 vos
3197 2151 3375 2225 (Joan.
3403 2169 3491 2219 xv,
3533 2152 3639 2223 12).

2053 2240 2118 2296 I-n
2151 2242 2244 2296 hoc
2269 2241 2408 2297 enim
2433 2244 2597 2298 scient
2639 2259 2816 2299 omnes
2852 2245 2974 2314 quia
3013 2246 3114 2299 mei
3154 2244 3394 2316 discipuli
3420 2248 3563 2314 estis,
3593 2247 3643 2301 si

2050 2349 2140 2390 vos
2166 2334 2380 2389 invicem
2425 2333 2654 2406 diligatis
2683 2332 2863 2406 (loan.
2898 2349 3015 2403 xm,
3055 2333 3173 2407 35).
3205 2335 3355 2393 Tunc
3380 2351 3510 2406 ergo
3539 2353 3641 2408 po-

2055 2431 2160 2480 test
2186 2431 2338 2480 certa
2377 2439 2499 2480 esse
2545 2423 2674 2480 unio
2719 2425 3042 2491 animorum,
3071 2433 3130 2481 et
3177 2440 3283 2496 pax
3315 2434 3372 2482 et
3407 2426 3642 2482 charitas

2053 2529 2151 2587 per
2177 2513 2438 2585 Spiritum
2467 2525 2715 2572 sanctum
2739 2515 2926 2572 diffusa
2955 2516 3248 2573 visceribus
3287 2517 3640 2584 credentium,

2052 2605 2269 2676 quando
2315 2603 2568 2662 similiter
2615 2605 2867 2662 mandata
2910 2606 3092 2663 divina
3137 2608 3410 2681 complere
3452 2622 3642 2666 omnes

2053 2696 2359 2754 desiderant
2399 2715 2414 2752 :
2456 2713 2583 2754 nam
2627 2707 2828 2768 quanta
2871 2699 2942 2756 sit
2979 2700 3427 2757 dissimilitudinis
3464 2701 3518 2757 in
3548 2716 3644 2757 ac-

2055 2787 2288 2843 tualibus
2314 2785 2504 2844 studiis
2528 2801 2777 2844 mensura
2795 2829 2813 2857 ,
2843 2796 2990 2844 tanta
3021 2789 3126 2845 erit
3156 2790 3300 2856 pacis
3327 2796 3384 2846 et
3411 2790 3642 2846 cbarita-

2054 2875 2124 2934 tis
2152 2879 2292 2934 inter
2317 2877 2657 2949 imperfectos
2677 2879 2886 2936 fictura.
2914 2879 2984 2936 Ut
3010 2892 3140 2950 ergo
3165 2879 3220 2936 in
3243 2881 3507 2938 cbaritate
3528 2897 3639 2939 non

2055 2967 2181 3025 ficta
2209 2983 2309 3025 nos
2333 2969 2563 3026 invicem
2592 2983 2854 3037 amemus,
2884 2969 3096 3026 Domini
3127 2970 3294 3026 nostri
3322 2968 3451 3026 Jesu
3480 2967 3639 3026 Chri-

2055 3059 2125 3118 sti
2168 3067 2436 3131 prtecepta
2474 3058 2759 3130 diligenter
2803 3060 3225 3128 consideremus,
3275 3069 3331 3118 et
3369 3061 3638 3118 intellecta

369 3162 539 3222 arcta,
563 3143 608 3209 si
637 3153 799 3222 aliqui
829 3152 984 3223 pauci
1013 3151 1377 3216 inveniuntur,
1400 3149 1492 3218 qui
1541 3163 1640 3219 per
1668 3156 1952 3219 angustam
1983 3154 2031 3219 ο
2060 3149 2334 3221 complere
2388 3148 2721 3218 festinemus,
2750 3158 2808 3206 ut
2855 3165 2954 3222 per
3006 3165 3159 3206 suam
3205 3149 3504 3208 doctrinam
3533 3164 3642 3208 uno

368 3254 581 3316 portam
623 3254 679 3300 et
725 3251 927 3298 arctam
956 3258 1075 3314 quae
1114 3243 1265 3298 ducit
1293 3241 1360 3296 ad
1389 3241 1572 3308 vitam,
1608 3237 1774 3311 'juxta
1820 3254 1957 3313 prte-

370 3350 586 3412 ceptum
610 3337 821 3394 Domini
851 3336 1184 3407 gradiantur,
1226 3333 1410 3405 potius
1447 3347 1478 3389 a
1507 3332 1662 3389 vobis
1691 3333 1759 3388 ad
1794 3333 1958 3388 vitam

372 3429 823 3496 transmittuntur,
860 3441 1022 3497 quam
1051 3425 1475 3498 prohibeantur;
1505 3439 1573 3480 ne
1603 3422 1744 3480 forte
1772 3431 1828 3479 et
1861 3437 1960 3480 vos

371 3535 495 3576 cum
535 3517 817 3575 Pharisaeis
845 3531 1025 3573 sermo
1069 3515 1281 3572 Domini
1309 3515 1523 3586 sugillet
1550 3513 1826 3571 dicentis:
1867 3513 1960 3572 Vat

370 3611 529 3676 vobis,
555 3610 755 3667 Scriba:
781 3619 831 3665 et
863 3609 1139 3676 Pharisaei,
1167 3607 1285 3681 quia
1330 3607 1572 3663 clauditis
1609 3623 1822 3679 regnum
1859 3622 1961 3661 cte-

371 3707 540 3760 lorum
569 3714 688 3758 ante
733 3703 985 3768 homines,
1016 3710 1066 3756 et
1113 3718 1206 3756 nec
1253 3716 1339 3756 vos
1381 3701 1613 3768 intratis,
1655 3717 1749 3756 nec
1787 3701 1959 3756 sinitis

373 3794 686 3850 introeuntes
714 3775 910 3848 intrare
939 3791 1156 3864 (Matth.
1189 3806 1339 3856 χχιιι,
1371 3790 1483 3862 1⁸5).

448 3884 531 3940 γι.
561 3884 668 3940 Sed
705 3884 845 3939 dicet
873 3883 1064 3954 aliquis
1095 3900 1109 3935 :
1156 3879 1401 3951 Nunquid
1432 3896 1531 3936 nos
1555 3895 1665 3936 non
1694 3881 1960 3938 intramus

377 3978 431 4033 in
460 3991 684 4047 regnum
723 3976 984 4031 ccelorum
1008 3976 1030 4028 ?
1059 3973 1238 4040 Quare
1279 3988 1385 4028 non
1416 3975 1639 4044 potestis
1663 3974 1816 4043 juxta
1839 3989 1961 4045 gra-

376 4069 507 4124 tiam
537 4066 766 4132 Domini,
791 4066 837 4119 si
858 4065 1160 4135 efﬁciamini
1188 4065 1320 4117 sicut
1345 4063 1543 4134 parvuli
1568 4063 1782 4135 (Matth.
1814 4083 1956 4131 xvnt,

375 4153 458 4227 Ξ),
503 4151 729 4210 humiles
754 4151 959 4206 scilicet
999 4156 1056 4205 et
1083 4147 1215 4204 casti
1240 4165 1256 4215 ;
1283 4148 1539 4218 simplices
1568 4155 1622 4205 et
1646 4149 1960 4207 innocentes

376 4254 432 4308 in
470 4250 628 4314 malo,
681 4247 954 4318 prudentes
1002 4253 1174 4298 tamen
1221 4243 1274 4298 in
1305 4243 1438 4297 bono
1490 4240 1670 4314 (Rom.
1710 4244 1958 4316 “1.19):

378 4344 668 4419 placabiles
694 4352 750 4399 et
777 4343 910 4398 iram
940 4340 994 4396 in
1034 4337 1198 4397 corde
1223 4353 1332 4394 non
1373 4337 1651 4394 tenentes?
1680 4335 1786 4393 Sed
1808 4351 1959 4394 com-

379 4437 531 4512 plcrc
573 4437 690 4493 inec
715 4435 898 4492 omnia
945 4432 1199 4489 mulieres
1237 4424 1380 4500 saepe
1415 4428 1680 4498 videntes,
1719 4435 1773 4484 et
1816 4428 1960 4484 circa

2062 3241 2268 3310 impetu
2290 3238 2516 3296 fervoris
2539 3240 2690 3296 nimii
2717 3247 2831 3297 tota
2867 3241 2932 3297 ad
2953 3240 3192 3300 ctelestia
3216 3241 3429 3298 festinet
3456 3241 3642 3298 Eccle-

2058 3332 2157 3388 sia.
2192 3330 2415 3388 Prtestet
2450 3333 2556 3390 hoc
2583 3333 2738 3390 nobis
2761 3349 2857 3390 sua
2885 3334 3115 3404 gratuita
3153 3333 3344 3405 gratia,
3368 3345 3429 3392 ut
3455 3351 3644 3392 omnes

2060 3425 2317 3482 mundum
2349 3424 2687 3491 horreamus,
2721 3433 2776 3481 et
2803 3423 2951 3482 illum
2974 3425 3147 3482 solum
3181 3441 3442 3496 amemus,
3465 3427 3644 3482 illum-

2059 3527 2165 3583 que
2195 3527 2316 3569 cum
2362 3511 2522 3570 Patre
2563 3522 2620 3571 et
2646 3512 2848 3586 Spiritu
2891 3521 3083 3572 sancto
3123 3514 3507 3583 desideremus,
3553 3517 3643 3573 cui

2059 3603 2228 3673 gloria
2269 3603 2323 3659 in
2352 3604 2544 3660 saecula
2591 3604 2932 3660 saeculorum.
2957 3604 3148 3661 Amen.
3187 3604 3263 3662 De
3289 3615 3504 3672 cetero,
3535 3603 3642 3661 Pa-

2061 3702 2196 3761 tres,
2227 3702 2385 3749 orate
2429 3707 2530 3764 pro
2558 3693 2732 3762 nobis,
2779 3694 2920 3751 sicut
2939 3702 2995 3752 et
3024 3711 3120 3753 nos
3147 3694 3390 3766 facimus,
3418 3697 3552 3753 viles
3575 3696 3646 3752 li-

2061 3793 2167 3851 cet,
2195 3799 2294 3854 pro
2320 3785 2493 3854 vobis,
2547 3794 2602 3842 et
2647 3786 2818 3843 nolite
2847 3801 2947 3844 nos
2986 3803 3018 3843 a
3047 3789 3200 3846 vobis
3227 3789 3434 3847 alienos
3483 3806 3642 3862 repu-

2061 3883 2210 3942 tare;
2241 3876 2400 3932 unius
2440 3875 2584 3932 enim
2615 3892 2798 3934 sumus
2838 3878 3082 3949 corporis
3107 3881 3490 3947 Commembra,
3526 3881 3642 3936 sive

2062 3963 2221 4030 Galli,
2253 3966 2368 4021 sive
2395 3963 2656 4033 Britanni,
2699 3967 2815 4023 sive
2841 3965 3000 4035 lberi,
3029 3968 3144 4025 sive
3180 3983 3406 4040 quaeque
3433 3976 3640 4038 gentes.

2062 4054 2186 4109 ideo
2214 4052 2542 4124 gaudeamus
2568 4067 2757 4109 omnes
2781 4063 2970 4124 gentes
3006 4055 3063 4110 in
3100 4058 3390 4128 cognitione
3429 4057 3554 4128 ﬁdei
3591 4068 3644 4113 et

2061 4144 2323 4213 agnitione
2338 4142 2466 4198 Filii
2481 4142 2576 4198 Dei
2594 4143 2811 4215 (Ephes.
2826 4144 2996 4216 tv,13)
3017 4164 3031 4213 ;
3049 4154 3105 4202 et
3117 4146 3429 4203 festinemus
3453 4162 3641 4203 omnes

2061 4246 2328 4290 omurrere
2348 4233 2403 4289 in
2424 4236 2588 4289 virum
2612 4238 2915 4307 perfectum,
2944 4238 2998 4291 in
3021 4253 3314 4292 mensuram
3337 4239 3506 4293 relatis
3531 4239 3645 4306 plo-

2061 4324 2310 4380 nitudinis
2336 4321 2461 4380 Jesu
2489 4323 2712 4390 Christi;
2743 4325 2797 4379 in
2834 4341 2944 4396 quo
2982 4340 3081 4382 nos
3107 4326 3335 4382 invicem
3379 4339 3644 4396 amemus,

2062 4415 2292 4472 invicem
2339 4415 2652 4484 laudemus,
2703 4415 2932 4473 invicem
2981 4417 3365 4486 emendemus,
3411 4417 3642 4475 invicem

382 4505 565 4584 mundi
614 4526 893 4582 facultates
919 4524 1114 4595 saepius
1141 4523 1381 4578 rixantes
1409 4527 1466 4576 et
1495 4519 1788 4575 irascentes
1815 4518 1954 4573 ditii-

2059 4505 2361 4576 visitemus,
2412 4505 2640 4562 invicem
2705 4522 2944 4576 oremus,
2988 4515 3046 4563 ut
3086 4521 3210 4563 cum
3248 4523 3316 4565 eo
3359 4521 3646 4579 regnetnus

383 4620 580 4680 cillime
617 4622 860 4689 possunt.
888 4614 1092 4670 idcirco
1121 4611 1292 4668 nostri
1336 4609 1506 4666 semel
1535 4609 1737 4664 mundo
1763 4624 1960 4664 renun-

386 4712 602 4776 tiantes,
647 4716 702 4764 et
729 4719 918 4763 causas
959 4704 1210 4758 vitiorum
1252 4714 1316 4758 ac
1345 4699 1558 4756 fomites
1584 4699 1880 4770 jurgiorum
1907 4699 1961 4756 in

385 4798 570 4872 primis
621 4801 980 4865 amputantes,
1037 4789 1242 4846 facilius
1291 4787 1503 4854 nudos,
1556 4803 1717 4859 quam
1772 4787 1964 4844 divites

385 4904 688 4948 sermonem
716 4884 927 4943 Domini
955 4895 1115 4954 posse
1143 4879 1418 4950 complere
1445 4879 1794 4934 arbitrantur.
1825 4879 1965 4936 Ante

386 4983 516 5039 istas
541 4979 740 5036 etenim
771 4983 1002 5048 quatuor
1026 4987 1114 5030 res
1134 4986 1358 5042 regnum
1387 4970 1646 5027 ctelorum
1667 4984 1775 5027 non
1798 4971 1964 5026 intra-

387 5083 495 5140 tur,
535 5071 675 5127 sicut
700 5069 757 5124 S.
788 5065 1144 5137 Hieronymus
1171 5061 1333 5116 trium
1377 5062 1531 5118 testis
1572 5067 1674 5126 est,
1704 5069 1760 5117 et
1787 5059 1965 5132 quarti

388 5161 638 5230 Basilius,
675 5158 766 5230 qui
789 5156 940 5228 juxta
968 5151 1260 5223 evangelici
1287 5149 1394 5206 vim
1420 5149 1550 5206 dicti
1589 5166 1770 5207 mores
1797 5166 1967 5222 expo-

389 5263 523 5310 nunt
559 5250 856 5307 infantium.
885 5246 1064 5303 infans
1109 5243 1254 5299 enim
1295 5240 1512 5298 humilis
1539 5248 1643 5306 est,
1673 5255 1780 5295 non
1808 5239 1964 5297 laesus

389 5345 655 5414 meminit,
721 5357 827 5397 non
883 5338 1166 5395 mulierem
1221 5335 1409 5390 videns
1460 5331 1806 5403 concupiscit,
1855 5347 1963 5388 non

389 5435 534 5492 aliud
561 5449 655 5490 ore
691 5431 834 5487 aliud
879 5429 1042 5485 corde
1071 5426 1253 5482 habet.
1320 5423 1468 5490 Qum,
1501 5423 1640 5478 sicut
1680 5422 1811 5487 disi,
1853 5437 1968 5478 mc-

391 5528 493 5583 lins
537 5524 773 5582 servabit
797 5537 1015 5588 vacans,
1063 5527 1119 5574 et
1171 5517 1360 5570 videns
1388 5515 1533 5583 quod
1557 5512 1699 5570 Deus
1739 5515 1853 5586 ipse
1897 5516 1967 5570 sit

392 5619 670 5684 Dominus,
715 5630 875 5685 quam
929 5613 1140 5669 diversa
1190 5607 1377 5664 videns
1413 5614 1468 5662 et
1511 5606 1754 5664 audiens.
1785 5607 1968 5666 Nullus

465 5760 491 5789 ι
533 5747 679 5817 Quor,
711 5757 816 5805 etc.
849 5746 1045 5803 Deesse
1075 5739 1275 5813 aliquid
1309 5741 1536 5797 videtur.

2064 4597 2316 4663 invicem,
2341 4605 2396 4653 et
2429 4596 2778 4655 exsultemus.
2806 4597 2962 4668 Date,
3006 4609 3218 4670 quaeso,
3246 4599 3459 4654 veniam
3510 4614 3647 4656 mese

2063 4687 2376 4762 loquacitati
2429 4703 2494 4746 ac
2544 4689 2860 4760 procacitati
2917 4702 3080 4760 supra
3141 4689 3285 4745 vires
3355 4689 3643 4751 laboranti,

2063 4777 2438 4848 patientissimi
2502 4787 2667 4848 atque
2718 4777 3042 4834 sanctissimi
3095 4777 3284 4835 Patres
3342 4778 3543 4851 quique
3591 4783 3646 4830 et

2065 4867 2278 4926 fratres.

2628 4937 2960 4996 EPISTULA
2997 4937 3082 4994 lli.
3152 4935 3164 4948 ’

2592 5045 2658 5085 ΑΙ)
2697 5043 3009 5086 BONIPACIUI
3047 5044 3119 5086 ιν.

2067 5119 2292 5176 Domino
2318 5128 2507 5177 sancto
2544 5129 2602 5176 et
2638 5121 2692 5175 in
2728 5121 2940 5176 Christo
2965 5120 3268 5192 apostolico
3295 5120 3440 5177 Patri
3468 5135 3625 5196 papa

2278 5210 2538 5268 Columba
2575 5219 2830 5282 peccator
2856 5212 2908 5267 in
2937 5211 3156 5268 Christo
3183 5211 3431 5268 salutem.

2133 5323 2252 5382 Jatn
2272 5325 2363 5381 diu
2389 5340 2575 5382 omnes
2593 5325 2706 5382 sedi
2734 5325 3042 5396 apostolica
3065 5325 3426 5396 prtesidentes,
3458 5326 3652 5382 dulcis-

2067 5421 2234 5476 simos
2249 5421 2492 5476 omnibus
2513 5418 2764 5491 praesules
2785 5417 3047 5485 fidelibus,
3065 5435 3128 5476 ac
3149 5421 3341 5476 merito
3367 5418 3650 5489 apostolici

2069 5511 2290 5567 honoris
2342 5509 2814 5568 reverendissimos
2861 5508 3054 5567 Patres
3096 5511 3312 5567 visitare
3362 5509 3552 5581 spiritu
3591 5519 3652 5565 et

2068 5603 2349 5661 consolare
2395 5601 2650 5673 cupiens,
2701 5616 2843 5659 nunc
2892 5616 3062 5673 usque
3103 5604 3242 5660 votis
3285 5617 3382 5676 pro
3422 5601 3652 5660 diversis
