3932 6184
290 330 404 386 269

1255 322 1609 379 EPISTULIE
1654 322 1743 377 AD
1787 320 2138 377 DIVERSOS.
2180 350 2249 363 -—
2290 320 2506 377 EPIST.
2546 320 2632 375 IV.

3470 320 3579 376 970

299 442 460 511 hujus
487 439 586 493 aevi
618 437 924 505 frigoribus,
951 442 1006 489 et
1047 433 1388 489 tumultuosis
1417 434 1655 501 gentium
1682 434 1898 487 setlitin-
1928 439 1973 496 Α
2004 430 2262 486 ecclesias
2305 429 2399 484 Dei
2446 431 2498 483 in
2539 429 2778 484 barbaris
2806 428 3053 497 gentibus
3080 430 3402 485 constitutas
3429 471 3446 497 ,
3469 431 3580 486 suis

298 533 460 588 nibus
490 526 947 597 interjacrntium,
976 539 1039 579 ac
1065 525 1107 580 si
1140 525 1344 579 marina
1376 525 1528 579 trabe
1556 523 1891 587 interclusus,

293 616 609 680 satisfacere
639 636 747 675 non
780 636 816 691 p
838 618 951 685 itui,
985 617 1193 671 insuavi
1223 616 1449 681 scilicet,
1482 614 1894 670 intransmeabi-

295 713 482 786 lique,
524 730 631 769 non
681 722 791 769 tam
841 713 1001 767 thetis
1041 712 1303 775 visibilis,
1341 725 1503 780 quam
1552 708 1897 780 intelligibilis

298 804 497 873 dorso,
521 803 665 875 quod
693 803 898 873 optime
932 802 1101 857 nostis
1126 845 1140 868 ,
1186 801 1343 856 nobis
1371 801 1639 870 opposito.
1679 799 1896 854 ‘ldcirco

298 896 470 953 semel
500 905 557 951 et
589 896 670 951 bis
697 895 926 950 Satanas
956 892 1237 962 impedivit
1266 892 1560 963 portitores
1588 898 1897 947 nostrorum

300 986 368 1042 ad
399 986 554 1042 bonae
582 984 857 1041 memoria:
896 999 1090 1054 papam
1124 983 1552 1052 conscriptorum
1580 980 1895 1051 Gregorium

301 1078 432 1132 olim
472 1078 684 1148 apicum
718 1076 771 1130 in
800 1074 1055 1143 subjectis
1094 1074 1414 1144 positorum,
1443 1074 1545 1143 qui
1565 1073 1656 1127 tibi
1682 1087 1899 1141 quoque

301 1168 565 1226 oﬂ'crendi
615 1166 1045 1235 discutiendique
1074 1181 1105 1219 a
1135 1171 1320 1219 nostra
1368 1162 1797 1218 transmittuntur
1821 1163 1898 1217 vi-

300 1262 476 1326 litate,
508 1274 616 1314 non
647 1267 759 1312 tam
786 1257 1038 1327 superba,
1068 1264 1128 1309 ut
1157 1269 1253 1325 per
1281 1254 1445 1309 verba
1477 1252 1896 1319 demonstratur,

296 1350 568 1407 diabolica
598 1348 1039 1420 praesumptione,
1066 1361 1225 1417 quam
1267 1354 1462 1401 nostra:
1504 1347 1738 1415 regionis
1768 1346 1899 1401 ritus

298 1447 661 1503 observantia:
684 1443 871 1519 [Forte
893 1441 1287 1515 observantia],
1317 1457 1436 1514 qum
1463 1444 1738 1503 calcarcnt
1757 1458 1899 1499 vera:

296 1535 1035 1609 computationisnecessaria
1058 1533 1395 1606 probatione,
1411 1535 1535 1590 dum
1558 1550 1662 1592 non
1682 1534 1898 1591 eosdem

298 1627 565 1683 terminos
594 1625 856 1681 scandunt
879 1624 997 1682 libri
1028 1635 1223 1680 nostra:
1250 1624 1558 1695 provincias,
1590 1634 1645 1680 et
1672 1625 1898 1680 istorum

299 1716 439 1771 liber
479 1714 782 1781 Gallorum,
813 1713 958 1784 quia
987 1714 1187 1771 nostris
1213 1715 1344 1770 viris
1377 1729 1483 1771 non
1520 1715 1776 1785 recipitur
1804 1728 1900 1785 per

1999 522 2180 575 vivere
2211 522 2415 590 legibus
2436 520 2571 575 sicut
2594 521 2813 575 edoctas
2843 535 2871 573 a
2903 520 3146 575 Patribus
3182 520 3508 590 iudicantes.

2560 620 2889 675 EPISTOLA
2936 622 3025 676 IV.

2311 720 2378 757 ΑΒ
2408 717 2704 757 ιηεειρυιοέ
2734 718 2801 755 ΕΤ
2830 718 3102 756 NONACIIOS
3132 720 3273 759 ευος.

2000 794 2331 850 Dnlcissimis
2378 796 2490 849 suis
2544 796 2696 861 liliis,
2739 795 3172 866 discentibusque
3220 798 3581 868 charissimis,

2070 887 2324 941 fratribus
2351 887 2383 939 ι.
2399 885 2664 955 ugalibus,
2692 886 2900 941 cunctis
2941 887 3097 940 simul
3138 890 3413 945 monachis
3451 891 3583 956 suis,

2071 976 2334 1032 Columba
2358 983 2614 1046 peccator
2640 975 2692 1029 in
2720 975 2938 1030 Christo
2961 976 3191 1031 salutem
3225 978 3405 1031 mittit.

2071 1070 2111 1125 l.
2159 1069 2275 1123 Pax
2304 1068 2441 1123 vobis
2489 1068 2690 1137 (Joan.
2720 1084 2832 1135 xx,
2876 1066 3103 1139 19-21),
3151 1070 3291 1123 sicut
3334 1068 3589 1125 Dominus

2003 1170 2196 1231 optans
2216 1160 2350 1214 dixit
2368 1158 2643 1229 discipulis
2662 1159 2773 1213 suis
2790 1198 2804 1222 ,
2843 1159 2913 1212 sit
2939 1166 2993 1213 et
3022 1159 3169 1213 salus
3191 1166 3240 1213 et
3264 1160 3588 1229 sempiterna

2005 1251 2257 1306 charitas.
2312 1250 2435 1306 Harc
2480 1250 2580 1304 tria
2637 1251 2838 1305 tribuat
2875 1250 3029 1306 vobis
3075 1248 3307 1307 Trinitas
3353 1267 3476 1307 cum
3523 1267 3591 1309 eo

2003 1340 2184 1411 [Forte
2206 1340 2314 1413 ea],
2337 1348 2392 1395 et
2421 1340 2561 1395 inter
2580 1355 2677 1396 vos
2703 1340 2971 1396 custodiat
2996 1357 3115 1396 cum
3145 1351 3272 1396 voto
3300 1358 3441 1398 meo.
3472 1343 3593 1399 Stu-

1984 1435 2075 1503 ,dii
2123 1434 2230 1490 mei
2273 1433 2694 1503 magnitudinem
2739 1448 2865 1503 erga
2906 1436 3094 1491 salutis
3126 1445 3313 1492 vestrm
3342 1438 3592 1494 intuitum

2004 1524 2153 1579 solus
2182 1525 2334 1579 novit
2362 1523 2453 1593 qui
2481 1522 2647 1590 dedit,
2678 1533 2732 1580 et
2760 1525 3084 1581 desiderium
3124 1543 3301 1583 meum
3341 1543 3465 1600 erga
3498 1531 3595 1586 do-

2005 1615 2190 1670 ctrinm
2222 1622 2413 1671 vestrae
2437 1614 2774 1684 profectum;
2811 1617 2905 1671 sed
2951 1617 3076 1686 quia
3110 1616 3261 1686 juxta
3289 1633 3594 1675 sermonem

2009 1704 2218 1761 Domini
2243 1714 2362 1761 orta
2393 1715 2476 1762 est
2505 1706 2780 1762 tribulatio
2809 1716 2863 1763 et
2892 1710 3195 1778 persecutio
3233 1719 3454 1782 propter
3480 1728 3596 1768 ver-

297 1808 407 1863 duo
428 1807 547 1863 loca
570 1808 862 1877 magistris,
882 1808 1018 1863 sicut
1040 1808 1091 1864 it
1115 1808 1356 1879 epistolis
1379 1817 1577 1865 nostra:
1598 1810 1897 1880 parvitatis,
1933 1790 1980 1852 Β
2008 1801 2155 1862 bum,
2186 1798 2332 1853 nulla
2362 1813 2504 1854 nunc
2540 1799 2644 1853 alia
2674 1799 2970 1856 admeiiitio
3002 1801 3155 1857 vobis
3199 1805 3465 1872 congruit,
3496 1806 3596 1862 "isi

299 1904 566 1966 quantum
598 1896 892 1965 potuimus,
926 1895 992 1950 ad
1018 1910 1180 1966 supra
1209 1897 1410 1953 dictum
1434 1898 1651 1954 beatum
1685 1913 1898 1970 papam,

300 1986 428 2043 licet
469 1995 918 2057 praesumptuose,
949 1985 1190 2042 indicare
1227 2002 1328 2058 pro
1354 1987 1555 2043 viribus
1577 1988 1900 2045 studuimus.

301 2079 487 2150 Itaque
512 2093 582 2134 ne
601 2078 648 2134 si
676 2078 865 2134 eadem
895 2078 1171 2143 iterarem,
1201 2080 1267 2135 ad
1297 2087 1350 2135 te
1371 2094 1588 2150 quoque
1613 2082 1903 2138 scribendo

302 2169 572 2225 fastidium
595 2169 778 2240 potius
806 2182 1144 2239 generarem,
1178 2184 1336 2240 quam
1368 2169 1641 2240 ingenium
1673 2170 1903 2241 probare

300 2270 660 2331 utrorumque
705 2269 987 2317 auctorum
1044 2260 1175 2327 tibi,
1208 2270 1267 2317 ut
1312 2261 1499 2332 decet,
1526 2278 1899 2331 reservarem,

301 2367 423 2408 cum
474 2350 867 2407 salutationum
911 2351 1191 2424 condignis
1228 2352 1416 2409 ofliciis
1464 2368 1651 2425 preces
1691 2362 1902 2409 tantum

302 2442 369 2497 ad
401 2452 454 2497 te
483 2458 581 2513 per
606 2441 891 2498 Dominum
920 2452 1162 2498 nostrum
1189 2442 1371 2499 Jesum
1395 2443 1670 2500 Christum
1701 2454 1755 2501 et
1782 2444 1904 2516 Spi-

301 2532 465 2587 ritum
492 2542 758 2595 sanctum,
788 2541 844 2588 et
869 2546 963 2603 per
986 2532 1246 2590 unitatem
1298 2534 1420 2591 lldei
1450 2545 1646 2591 nostra:
1676 2553 1796 2608 quae
1824 2537 1902 2593 in-

301 2624 475 2679 vicem
498 2632 601 2691 est,
622 2638 724 2693 qua
746 2639 911 2679 unum
930 2623 1141 2679 Patrem
1163 2634 1407 2681 nostrum
1432 2627 1522 2696 qui
1545 2635 1628 2683 est
1654 2628 1705 2683 in
1730 2628 1900 2694 ctelis,

302 2730 368 2768 ea:
394 2731 495 2786 quo
517 2715 716 2779 omnia,
745 2722 798 2769 et
820 2730 980 2769 unum
1005 2714 1417 2787 Redemptorem
1441 2726 1679 2774 nostrum
1710 2718 1903 2774 Filium

306 2804 424 2871 Dei,
453 2824 546 2875 per
572 2823 723 2877 quem
749 2808 923 2862 omnia
946 2848 962 2875 ,
993 2817 1049 2864 et
1079 2824 1243 2864 unum
1271 2808 1527 2881 Spiritum
1576 2820 1818 2869 sanctum
1848 2816 1903 2868 in

304 2914 402 2969 quo
431 2902 608 2953 omnia
640 2899 707 2971 (1
738 2898 858 2955 Cor.
886 2917 994 2964 ιιιι,
1026 2900 1088 2968 6;
1124 2901 1273 2957 Rom.
1300 2919 1377 2971 ιιι,
1406 2902 1545 2976 36),
1573 2906 1737 2962 corde
1778 2922 1899 2963 cre-

306 2987 510 3054 dimus,
539 2997 597 3043 et
625 3003 720 3043 ore
748 2988 1090 3055 conﬁtemur,
1131 3007 1296 3046 unum
1346 2990 1630 3047 Dominum
1680 3007 1801 3049 esse
1848 2994 1903 3050 in
1942 2996 1943 3001 “

306 3078 592 3146 Trinitate,
637 3090 693 3134 et
731 3078 1049 3135 Trinitatem
1088 3080 1142 3136 in
1192 3079 1440 3150 Unitate,
1473 3097 1905 3153 unamquamque

2007 1901 2063 1945 ut
2086 1892 2323 1947 caveatis
2354 1907 2423 1948 ne
2452 1892 2571 1949 sitis
2597 1900 2739 1948 terra
2764 1894 2851 1948 illa
2875 1903 3007 1965 petrt
3031 1910 3090 1950 sa
3112 1911 3231 1966 quae
3254 1899 3459 1953 semina
3490 1916 3597 1956 non

2005 1992 2211 2055 potest,
2242 1985 2324 2041 sui
2353 1984 2619 2041 tenuitate
2646 1985 2891 2056 cespitis,
2920 1996 3141 2058 accepta
3171 1990 3376 2044 nutrire
3401 2008 3417 2056 ;
3450 2004 3517 2046 ne
3545 2000 3597 2047 ct

2004 2076 2072 2132 de
2099 2076 2252 2131 vobis
2279 2075 2424 2131 dicat
2463 2076 2757 2132 Dominus:
2793 2075 2925 2131 Orta
2965 2088 3134 2133 autem
3175 2080 3506 2135 tribulatione
3552 2090 3599 2136 et

2004 2168 2355 2237 persecutione
2382 2176 2591 2237 prapter
2621 2166 2825 2222 verbum
2849 2211 2865 2235 ,
2899 2170 3142 2225 continuo
3177 2171 3600 2226 scandalizantur

2006 2258 2221 2330 (Matth.
2256 2273 2368 2324 xm,
2396 2258 2510 2330 21).
2570 2258 2681 2316 Nos
2721 2260 2823 2330 ipsi
2851 2262 3055 2316 scimus
3085 2262 3231 2331 quod
3260 2278 3380 2318 cum
3404 2264 3599 2333 gaudio

2005 2358 2061 2406 et
2087 2350 2299 2406 fervore
2326 2351 2660 2421 suscepimus
2688 2350 2815 2423 [Μδ.
2847 2350 3189 2423 suscipimus]
3236 2353 3457 2407 verbum
3487 2353 3598 2408 Do—

2005 2442 2131 2498 mini
2159 2461 2172 2495 :
2204 2458 2489 2498 caveamus
2515 2448 2691 2510 nunc,
2725 2457 2794 2496 ne
2830 2441 2996 2496 simus
3025 2442 3332 2511 temporales
3362 2441 3524 2511 (Ibid.
3552 2452 3601 2497 et

2006 2538 2177 2592 Marc.
2209 2555 2282 2603 tv,
2334 2538 2455 2609 17).
2510 2537 2774 2593 Patientia
2805 2536 2959 2593 nobis
2985 2539 3277 2592 necessaria
3318 2546 3396 2593 est
3425 2537 3597 2610 (Heb.

2007 2647 2059 2696 χ,
2083 2624 2197 2701 '56),
2228 2641 2284 2685 ut
2332 2629 2568 2701 probatio
2614 2630 2736 2699 ﬁdei
2777 2639 2995 2693 nostraz,
3023 2629 3163 2685 sicut
3207 2631 3466 2699 scriptum
3495 2638 3627 2709 est,~

2006 2724 2072 2777 sit
2093 2722 2366 2791 pretiosior
2396 2738 2524 2775 auro
2555 2719 2607 2793 (ι
2631 2719 2775 2775 Petr.
2810 2736 2845 2784 I,
2875 2719 2950 2791 7).
2983 2719 3189 2776 Scitote
3217 2720 3361 2790 quod
3393 2729 3416 2757 α
3450 2722 3593 2776 circa

2006 2811 2206 2868 caduca
2259 2813 2535 2869 contentio
2565 2822 2666 2879 est,
2713 2812 2855 2869 circa
2904 2826 3129 2882 regnum
3169 2812 3428 2869 cmlorum
3475 2824 3596 2869 est:

2008 2920 2114 2959 non
2143 2912 2225 2960 est
2255 2919 2449 2959 novum
2490 2918 2667 2974 pugna
2696 2903 2763 2959 sit
2791 2912 2844 2959 et
2872 2904 3151 2959 contentio
3178 2904 3320 2958 circa
3350 2898 3597 2973 regnum.

2008 2995 2189 3064 Neque
2217 2994 2446 3064 speretis
2474 2994 2619 3063 quod
2646 2993 2891 3049 homines
2918 3008 3015 3063 per
3043 3009 3101 3049 se
3128 3008 3223 3048 vos
3268 3010 3598 3064 persequan-

2008 3097 2129 3143 tur:
2161 3087 2433 3142 dtemoncs
2461 3095 2585 3141 sunt
2609 3086 2663 3141 in
2691 3086 2774 3141 his
2800 3086 2889 3155 qui
2921 3086 3161 3142 invident
3188 3086 3342 3142 bonis
3370 3089 3596 3154 vestris;

306 3172 512 3227 scilicet
553 3186 843 3244 personam
885 3175 1101 3245 plenum
1150 3175 1435 3231 Dominum
1456 3216 1471 3243 ,
1502 3186 1558 3232 et
1606 3184 1747 3233 totas
1793 3188 1901 3234 tres
1926 3166 1972 3225 C
2006 3186 2194 3233 contra
2222 3192 2358 3246 quos
2387 3192 2533 3232 arma
2565 3176 2660 3233 Dei
2689 3176 2930 3247 arripite,
2954 3192 3072 3245 qua:
3087 3177 3423 3233 demonstrat
3452 3181 3599 3249 Apo-

306 3276 374 3332 pe
405 3277 567 3319 sonas
612 3280 779 3319 unum
828 3264 1111 3321 Dominum
1152 3267 1442 3333 fundimus,
1476 3276 1535 3323 ut
1562 3268 1714 3323 nobis
1743 3284 1901 3339 pete-

305 3353 474 3421 grinis
499 3354 869 3412 laborantibus
911 3366 1017 3412 tua:
1066 3357 1168 3428 piae
1210 3358 1488 3414 sententia:
1518 3370 1736 3428 praestes
1764 3360 1904 3415 sola-

306 3444 463 3509 timn,
492 3458 625 3514 quo,
654 3446 701 3500 si
728 3462 835 3502 non
857 3457 1045 3504 contra
1076 3448 1235 3504 fidem
1266 3459 1366 3515 est,
1400 3458 1707 3506 nostrorum
1740 3453 1905 3507 tradi-

303 3537 512 3590 tionem
557 3538 786 3593 roborea
828 3540 1119 3606 seniorum,
1146 3555 1254 3611 quo
1293 3541 1452 3596 ritum
1486 3542 1737 3613 Paschzn,
1768 3544 1907 3599 sicut

298 3627 620 3696 accepimus
648 3643 681 3682 a
710 3628 1037 3698 majoribus,
1063 3630 1354 3686 observare
1406 3646 1502 3700 per
1532 3640 1678 3685 tuum
1730 3634 1903 3702 possio

300 3732 431 3772 mus
453 3717 718 3786 judicium
750 3720 802 3775 in
825 3732 1009 3776 nostra
1036 3722 1487 3791 peregrinatione.
1511 3720 1733 3777 Constat
1761 3724 1904 3778 enim

301 3828 413 3867 nos
448 3812 501 3868 in
535 3821 720 3868 nostra
768 3829 888 3870 esse
920 3816 1090 3885 patria
1119 3816 1248 3871 dum
1280 3816 1452 3872 nullas
1482 3817 1705 3874 istorum
1735 3819 1907 3875 susci-

2006 3264 2174 3319 stolus
2213 3263 2429 3333 (Ephes.
2461 3279 2533 3329 v1,
2564 3260 2652 3329 15,
2686 3262 2798 3334 l7),
2841 3270 2897 3318 et
2922 3264 3065 3317 viam
3095 3261 3256 3318 facite
3284 3264 3337 3317 in
3365 3264 3595 3333 cmlum;

2000 3355 2256 3425 jugulatis
2286 3354 2390 3411 illis
2418 3356 2725 3410 orationum
2760 3352 3084 3409 ferventium
3112 3368 3176 3409 ac
3206 3355 3249 3408 si
3279 3355 3597 3423 quibusdam

2005 3451 2232 3521 sagittis.
2263 3450 2532 3521 Quidquid
2559 3449 2703 3505 enim
2732 3464 2855 3504 cum
2882 3446 2987 3505 ﬁde
3011 3456 3065 3505 et
3094 3451 3447 3505 unanimitate
3474 3466 3507 3505 ο
3539 3466 3599 3505 a-

2006 3539 2225 3607 veritis,
2265 3538 2478 3593 dabitur
2515 3538 2666 3593 vobis
2692 3555 2704 3591 :
2735 3537 2831 3593 sed
2870 3538 3048 3593 videte
3103 3548 3160 3593 ut
3204 3555 3367 3593 unum
3397 3555 3493 3595 cor
3542 3550 3598 3595 ct

2008 3630 2183 3683 anima
2206 3642 2309 3683 una
2338 3628 2471 3693 sitis,
2497 3635 2556 3682 ut
2583 3626 2833 3682 mercede
2856 3628 3109 3697 przesenti
3134 3628 3412 3697 accipiatis
3438 3630 3598 3698 quid-

2007 3719 2134 3789 quid
2179 3718 2511 3773 salutiferum
2562 3718 2828 3789 petieritis
2873 3733 2904 3774 a
2952 3717 3114 3774 Patre
3168 3719 3379 3775 Domini
3430 3722 3601 3776 nestri

2006 3809 2132 3866 Jesu
2180 3810 2415 3876 Christi,
2448 3818 2744 3879 nosttoque
2792 3810 3065 3865 communi
3116 3810 3355 3865 omnium
3400 3810 3599 3878 Patre,

299 3906 486 3976 pimus
512 3905 724 3975 regulas
752 3904 1027 3962 Gallorum
1053 3949 1067 3974 ,
1108 3908 1201 3963 sed
1251 3909 1305 3963 in
1346 3908 1574 3965 desertis
1616 3910 1866 3965 sedentes
1888 3950 1905 3976 ,
2003 3902 2156 3972 juxta
2188 3903 2510 3971 promissum
2543 3901 2751 3956 Domini
2774 3902 2941 3956 nostri
2971 3901 3239 3957 dicentis:
3270 3901 3331 3958 Si
3357 3920 3603 3959 convene-

301 3995 441 4050 nulli
464 3996 700 4065 molesti,
721 4012 843 4053 cum
866 4007 1173 4053 nostrorum
1200 3996 1396 4067 regulis
1419 4015 1697 4056 manemus
1726 4002 1908 4057 senio-

301 4106 448 4157 rum,
498 4107 597 4160 pro
633 4091 827 4161 quibus
861 4091 1237 4158 defendendis,
1268 4094 1382 4149 sive
1423 4094 1489 4148 ad
1536 4111 1652 4164 vos,
1684 4103 1742 4150 ut
1771 4094 1905 4165 dixi,

301 4182 643 4251 apostolicos
685 4180 908 4249 Patres;
958 4184 1073 4239 sive
1126 4185 1191 4239 ad
1246 4185 1377 4240 istos
1432 4194 1645 4241 nostros
1698 4186 1905 4241 vicinos

304 4269 522 4337 fratres,
547 4283 765 4328 nostros
808 4273 860 4327 in
886 4272 1103 4329 Christo
1146 4284 1326 4344 patres
1371 4274 1682 4343 scripsimus
1737 4274 1903 4344 istas,

302 4379 381 4433 qn
401 4380 444 4416 is
465 4363 581 4420 hzec
606 4364 851 4420 chartula
875 4366 969 4421 tibi
990 4366 1336 4422 commendat
1373 4366 1661 4437 epistolas;
1696 4376 1754 4423 ut
1779 4369 1903 4436 quia

301 4454 434 4509 dum
488 4454 620 4529 [.4t.,
651 4465 707 4511 et
732 4456 1191 4528 quandoquidem]
1219 4457 1425 4513 meritis
1453 4458 1764 4514 satisfacere
1793 4473 1898 4513 non

2006 3995 2112 4049 rint
2136 3997 2238 4049 duo
2265 4010 2330 4049 ea:
2354 3992 2491 4048 vobis
2517 4010 2669 4064 super
2708 4001 2918 4058 terram,
2950 3992 3013 4046 de
3033 3994 3173 4046 omni
3216 4008 3269 4047 re
3309 4008 3592 4065 quamcun-

2007 4104 2103 4158 que
2146 4088 2417 4157 petierint,
2457 4088 2545 4157 ﬁet
2573 4086 2645 4141 eis
2691 4102 2723 4139 a
2776 4084 2936 4139 Patre
2974 4101 3086 4139 meo
3131 4087 3213 4156 qui
3251 4087 3306 4139 in
3347 4086 3487 4140 castis
3526 4096 3604 4139 est

2006 4180 2223 4251 (Hatth.
2252 4197 2399 4247 xvm,
2422 4180 2534 4250 i9).
2566 4179 2776 4249 Alioqui
2799 4179 2972 4234 sinon
2997 4193 3160 4233 unum
3183 4178 3320 4232 velle
3348 4186 3401 4231 et
3434 4193 3598 4230 unum

2008 4275 2154 4332 nolle
2200 4276 2447 4341 habetis,
2484 4275 2673 4331 melius
2722 4283 2807 4331 est
2854 4282 2912 4328 ut
2961 4289 3069 4329 non
3114 4272 3271 4327 simul
3324 4272 3597 4327 habitetis.

2007 4366 2133 4423 Ideo
2159 4366 2354 4422 mando
2395 4380 2495 4434 ego
2518 4365 2687 4431 vobis,
2712 4372 2771 4419 ut
2813 4378 3001 4419 omnes
3027 4366 3119 4434 qui
3161 4363 3289 4417 mihi
3329 4377 3395 4418 ex
3439 4363 3602 4418 corde

2010 4458 2197 4513 volunt
2242 4458 2581 4521 consentire,
2629 4463 2684 4511 et
2725 4469 2942 4510 sensum
2974 4462 3273 4523 agnoscunt
3322 4468 3501 4509 meum
3548 4464 3602 4508 rt

292 4550 613 4616 potuimus,
658 4555 847 4617 utpote
892 4545 1337 4602 tumultuantibus
1383 4547 1561 4617 potius
1598 4561 1759 4616 quam
1816 4562 1900 4601 ra-
1929 4532 1980 4594 θ
2006 4560 2207 4616 amant,
2231 4550 2338 4606 sint
2363 4564 2483 4605 cum
2514 4563 2639 4604 vero
2676 4561 2909 4617 sequace
2936 4561 3060 4601 meo
3091 4546 3289 4614 Attalo,
3330 4546 3418 4616 qui
3443 4545 3470 4584 δ
3509 4556 3602 4601 aut

298 4636 724 4705 tiocinantibus,
751 4646 945 4692 vestra:
972 4647 1114 4693 mata
1146 4637 1302 4711 [Leg.
1336 4637 1597 4711 maturae]
1643 4648 1899 4709 punctum

296 4726 647 4782 auctoritatis
686 4728 1056 4797 postulamus,
1102 4744 1223 4784 cum
1275 4728 1459 4801 [Forte
1492 4739 1549 4783 ut
1579 4745 1700 4784 cum
1746 4728 1890 4803 jud.)

290 4817 506 4888 iudicio
536 4818 680 4874 inter
696 4818 871 4888 justus
900 4820 1167 4890 possimus
1181 4822 1360 4876 vivere
1381 4837 1500 4876 cum
1525 4821 1899 4879 ecclesiastica:

290 4925 440 4980 pace
468 4911 707 4979 unitatis,
736 4911 875 4967 sicut
899 4912 1070 4967 sancti
1099 4910 1307 4978 Patres,
1336 4910 1666 4983 Polycarpus
1695 4913 1899 4969 scilicet

292 5010 363 5055 et
407 5016 545 5071 papa
574 5000 832 5057 Anicetus
871 5002 989 5057 sine
1034 5001 1289 5057 seandalo
1340 5001 1481 5069 fidei,
1512 5002 1621 5059 imo
1662 5018 1784 5058 cum
1818 5003 1898 5058 in-

2007 4643 2077 4699 sit
2104 4642 2210 4709 ibi,
2252 4650 2346 4696 aut
2375 4649 2500 4711 post
2528 4654 2614 4694 me
2650 4637 2779 4692 velit
2804 4636 3017 4703 venire,
3045 4652 3154 4692 suo
3179 4637 3249 4692 sit
3275 4636 3554 4693 electionis
3580 4654 3595 4690 :

2006 4749 2104 4790 suo
2124 4734 2266 4789 enim
2296 4732 2473 4788 sensui
2505 4731 2803 4785 animarum
2824 4736 3121 4784 vestrarum
3153 4728 3466 4799 periculum,
3490 4744 3587 4781 vos

2004 4825 2080 4880 illi
2110 4824 2349 4880 obedite.
2382 4821 2489 4879 Sed
2539 4822 2586 4879 si
2630 4812 2725 4878 ille
2753 4821 2939 4876 venire
2977 4820 3240 4886 voluerit,
3281 4818 3596 4873 Valdotenus

2005 4918 2075 4975 sit
2097 4915 2430 4987 prtepositus,
2460 4915 2585 4986 quia
2615 4913 2722 4970 cito
2750 4912 2863 4969 Deo
2894 4912 3187 4967 auxiliante
3214 4910 3411 4981 poterit
3440 4910 3597 4964 intel-

2002 5010 2169 5079 ligere
2213 5014 2441 5063 certum.
2504 5005 2612 5061 Sed
2658 5006 2872 5061 interim
2899 5012 3086 5060 cavete
3115 5018 3184 5059 ne
3211 5003 3281 5058 sit
3310 5003 3450 5057 inter
3475 5015 3592 5067 vos,

292 5097 457 5157 testa
486 5092 752 5148 charilate
783 5100 1115 5163 separates,
1148 5092 1513 5163 unusquisque
1534 5093 1676 5163 quod
1706 5092 1902 5163 accipit
2001 5102 2093 5172 qui
2134 5115 2298 5156 unum
2342 5106 2527 5154 votum
2570 5097 2768 5152 habeat
2812 5097 2953 5151 inter
2992 5110 3121 5159 vos,
3158 5094 3464 5164 quicunque
3504 5090 3595 5145 ille

283 5181 458 5261 [ιεσ.
491 5182 721 5257 accepit]
746 5200 988 5252 servans,
1012 5195 1066 5242 et
1087 5186 1138 5239 in
1168 5200 1275 5256 quo
1301 5196 1523 5242 vocatus
1551 5194 1656 5248 est,
1687 5200 1898 5256 perma-

283 5290 463 5341 nens,
493 5275 818 5331 docuerunt.
848 5276 979 5331 Vale
1001 5318 1016 5341 .
1050 5276 1356 5333 dulcissime
1397 5277 1449 5330 in
1483 5276 1698 5332 Christo
1723 5290 1897 5347 papa;

283 5380 518 5424 memor
549 5367 719 5421 nostri
750 5368 803 5421 in
825 5368 1027 5423 sanctis
1051 5366 1386 5423 orationibus
1408 5365 1559 5435 juxta
1590 5373 1900 5421 sanctorum

283 5460 543 5527 cineres,
575 5468 629 5514 et
658 5460 710 5514 in
739 5460 992 5529 piissimis
1029 5459 1399 5514 sanctionibus
1422 5458 1574 5528 juxta
1604 5457 1905 5512 Constanti-

287 5549 641 5617 nopolitanze
685 5550 877 5621 synodi
922 5558 1139 5606 centum
1180 5550 1569 5621 quinquaginta
1616 5557 1900 5617 auctores,

388 5691 411 5756 ξι
447 5680 596 5735 Circa
620 5686 737 5756 ead.
769 5681 896 5753 Leg.
920 5698 1023 5739 NON
1053 5685 1190 5756 circa
1210 5685 1327 5737 cad.
1352 5681 1418 5738 Et
1438 5698 1582 5756 mox,
1610 5700 1677 5739 UT
1706 5701 1899 5756 pugna.

389 5750 413 5788 δ
464 5756 563 5807 Ant
607 5754 764 5809 sit....
821 5750 910 5809 aut
953 5764 1087 5825 post.
1134 5754 1236 5811 Pro
1267 5763 1387 5823 aut,
1432 5752 1571 5810 forte
1619 5750 1904 5826 utrobique

2001 5190 2198 5246 fuerit:
2224 5189 2342 5259 plus
2365 5188 2507 5244 enim
2534 5186 2689 5243 nobis
2713 5194 3040 5252 nocuerunt,
3061 5186 3153 5255 qui
3176 5184 3316 5254 apud
3343 5197 3441 5237 nos
3461 5195 3592 5235 una-

2011 5280 2184 5336 nimes
2210 5295 2318 5335 non
2349 5276 2583 5333 fuerunt.

2080 5373 2145 5430 ll.
2193 5372 2271 5428 Tu
2326 5372 2466 5439 scis,
2512 5368 2877 5426 amantissime
2904 5366 3119 5433 Attalo,
3166 5364 3259 5433 qui
3287 5361 3467 5420 sensui
3494 5369 3591 5419 tuo

2005 5465 2219 5519 onerosi
2265 5464 2407 5529 sint;
2461 5464 2675 5534 depone
2719 5462 3013 5526 continuo,
3045 5467 3250 5512 tantum
3292 5472 3412 5512 cum
3454 5471 3591 5528 pace

2006 5559 2245 5628 deponas
2288 5565 2344 5613 et
2388 5574 2509 5612 cum
2540 5556 2735 5625 regulae
2778 5554 3019 5618 unitate,
3050 5558 3257 5604 tantum
3305 5548 3589 5605 Libranttm

2009 5688 2293 5762 legendum
2332 5706 2421 5743 tm.
