3978 6182
411 255 514 310 εἶ’)

1660 257 1720 313 8.
1758 254 2151 314 COLUMBANI
2191 254 2481 311 ABBATIS

3587 264 3690 318 272

296 401 305 412 ν
402 373 644 436 honora,
673 381 728 428 et
749 387 968 439 semper
1005 370 1344 426 Valdolenum
1390 380 1538 436 tene,
1569 371 1614 426 si
1645 372 1752 427 illic
1778 373 1848 428 sit
1874 387 1996 428 cum
2027 378 2071 435 Α
2104 367 2195 423 tibi
2224 368 2365 424 volui
2394 368 2629 425 scribere
2655 370 2968 441 epistolam;
3008 374 3133 444 quia
3185 375 3352 449 [Leg.
3403 368 3652 449 sed'quia
3679 373 3691 444 I

413 463 870 532 congregatione;
899 461 1036 516 bene
1066 462 1142 516 illi
1171 461 1310 517 Deus
1349 461 1528 527 faciat,
1561 462 1776 517 humilis
1806 463 1918 529 tiat,
1949 473 2003 517 et

410 571 591 610 meum
616 555 689 610 illi
711 554 777 607 da
799 553 1064 620 osculum,
1081 553 1224 623 quod
1243 562 1370 609 tunc
1389 553 1647 608 festinans
1668 569 1776 608 non
1801 553 2007 608 habuit.

411 644 494 701 Tu
523 660 650 700 vero
680 643 874 700 indolis
897 643 1198 700 imbuenda:
1225 645 1329 700 scis
1372 644 1462 700 diu
1492 652 1677 700 votum
1703 659 1914 709 meum;
1943 643 1993 699 si

407 738 607 794 videris
636 739 745 794 illic
772 740 1073 809 profectum
1111 739 1444 804 animarum,
1475 747 1558 794 sta
1587 738 1690 805 ibi;
1719 738 1766 793 si
1809 737 2006 793 videris

398 831 668 903 pericula,
701 831 822 886 veni
863 829 986 885 inde
1020 848 1032 883 :
1074 829 1310 900 pericula
1341 837 1519 884 autem
1547 829 1692 892 dico,
1723 828 2004 885 discordia:

407 922 683 991 pericula;
736 923 901 977 timeo
940 923 1084 978 enim
1115 939 1180 978 ne
1209 932 1266 977 et
1302 923 1409 977 illic
1437 932 1660 993 propter
1697 921 1902 977 Pascha
1930 922 2003 976 sit

404 1013 672 1067 discordia
692 1054 717 1080 .,
747 1027 815 1068 ne
847 1014 1006 1081 forte,
1044 1014 1260 1069 diabolo
1302 1014 1608 1082 insidiante,
1639 1030 1735 1070 vos
1763 1014 2001 1068 alienare

2113 459 2224 514 scio
2252 474 2349 514 cor
2380 466 2529 513 tuum
2569 459 2772 516 ideirco
2801 465 3126 519 necessariis
3177 474 3386 521 tantum
3433 467 3697 538 allegatis,

2112 548 2260 603 duris
2289 558 2344 604 et
2373 549 2501 620 ipsis
2545 550 2832 620 arduisque
2852 594 2868 622 ,
2902 554 3076 609 altero
3111 555 3254 627 ston
3286 572 3416 612 usus
3441 572 3559 611 smn
3591 576 3701 615 nta-

2110 639 2226 696 Iens
2245 641 2499 696 obturare
2523 657 2684 712 quam
2707 658 3002 712 provocare
3025 646 3309 717 lacrymas.
3347 646 3503 702 Foris
3525 648 3702 718 itaque

2106 740 2260 788 actus
2297 740 2380 788 est
2408 748 2586 789 sermo
2630 735 2795 804 mitis,
2837 735 2984 792 intus
3011 737 3248 794 inclusus
3287 747 3371 795 est
3414 740 3590 796 dolor.
3621 741 3700 798 En

2105 832 2362 893 promunt
2385 825 2404 897 [
2411 823 2570 880 Forte
2595 825 2938 898 promanant]
2967 827 3215 899 lacrymte
3244 846 3258 882 :
3288 829 3383 885 sed
3405 831 3594 886 melius
3619 840 3698 886 est

2102 916 2360 974 obturare
2385 919 2623 984 fontem;
2651 934 2759 974 non
2788 920 2932 974 enim
2962 918 3117 977 fortis
3145 922 3327 976 militis
3356 931 3440 977 est
3470 923 3522 979 in
3555 924 3697 979 bello

2102 1007 2337 1078 plorare.
2393 1009 2511 1065 Non
2562 1019 2647 1066 est
2675 1012 2779 1067 hoc
2807 1027 3006 1068 novum
3053 1013 3200 1084 quod
3249 1014 3404 1070 nobis
3431 1017 3693 1085 contigit:

405 1103 654 1170 velint,si
675 1119 796 1158 eum
820 1105 898 1158 eis
920 1119 1106 1174 pacem
1133 1121 1239 1160 non
1270 1105 1500 1160 teneatis
1526 1124 1539 1158 :
1573 1105 1835 1160 inﬁrmius
1855 1105 1998 1160 enim
2100 1097 2206 1153 hoc
2241 1099 2472 1155 maxime
2495 1101 2733 1172 quotidie
2761 1102 3204 1171 prmdieebamus.
3246 1103 3479 1172 Quidam
3513 1107 3693 1176 philo-

403 1211 547 1249 nunc
574 1195 688 1249 sine
713 1195 897 1249 meihi
924 1205 1069 1250 stare
1089 1195 1362 1250 videmini.
1395 1194 1597 1251 Idcirco
1626 1197 1770 1251 cauti
1800 1203 1995 1264 estote,
2097 1189 2299 1258 sophus
2349 1191 2477 1244 olim
2501 1231 2517 1256 ,
2560 1192 2858 1263 sapientior
2903 1193 3153 1259 caeteris,
3204 1209 3272 1250 eo
3313 1197 3456 1264 quod
3505 1206 3692 1252 contra

403 1285 810 1341 considerantes
868 1294 1076 1356 tempus
1098 1328 1116 1353 ,
1169 1301 1276 1355 quo
1327 1302 1512 1340 sanam
1566 1301 1673 1340 non
1729 1286 1997 1340 sustinent
2096 1279 2335 1333 omnium
2364 1280 2675 1350 opinionem
2704 1298 2867 1337 unum
2900 1283 3070 1339 Deum
3098 1299 3216 1340 esse
3243 1285 3460 1352 dixerit,
3488 1288 3539 1342 in
3569 1304 3696 1344 car-

315 1395 320 1400 -
402 1375 703 1431 doctrinam
735 1378 752 1447 (
778 1375 840 1430 ιι
866 1376 998 1430 Tim,
1021 1393 1100 1444 ιν,
1127 1377 1204 1446 5).
1251 1376 1360 1431 vos
1405 1377 1550 1446 ipsos
1577 1376 1790 1442 docete,
1817 1386 1874 1432 et
1901 1376 1993 1447 qui
2093 1385 2272 1426 cerem
2302 1380 2480 1428 trusus
2508 1382 2608 1429 est.
2635 1374 2919 1446 Evangelia
2951 1377 3108 1447 plena
3128 1386 3254 1434 sunt
3281 1378 3350 1434 de
3377 1379 3480 1435 hac
3502 1397 3690 1444 causa,

403 1466 564 1521 velint
591 1467 776 1521 audire
799 1484 812 1520 :
840 1474 1047 1522 tantum
1070 1467 1212 1522 inter
1233 1483 1330 1522 vos
1350 1483 1456 1521 non
1487 1468 1557 1521 sit
1581 1468 1672 1536 qui
1697 1483 1859 1521 unum
1883 1483 1989 1523 non
2092 1473 2146 1517 et
2175 1462 2296 1517 inde
2317 1473 2440 1519 sunt
2461 1465 2694 1522 maxime
2717 1469 3024 1537 conscripta
3050 1485 3063 1521 :
3090 1468 3204 1524 lucc
3226 1477 3309 1524 est
3329 1469 3471 1525 enim
3493 1475 3695 1527 veritas

398 1559 490 1614 sit.
546 1557 673 1614 Paci
727 1559 869 1616 enim
921 1560 1154 1616 maxime
1197 1561 1449 1631 provide,
1478 1561 1738 1614 sollicitus
1777 1575 1992 1630 semper
2093 1555 2404 1625 Evangelii,
2459 1567 2518 1612 ut
2562 1574 2690 1615 vere
2727 1557 2926 1614 Christi
2979 1558 3222 1615 cruciﬁxi
3271 1561 3518 1632 discipuli
3561 1579 3692 1624 eum

396 1670 598 1710 servare
644 1655 892 1708 unitatem
941 1653 1154 1722 spiritus
1203 1655 1260 1708 in
1322 1654 1521 1708 vinculo
1557 1654 1701 1723 pacis
1748 1653 1768 1722 (
1792 1651 1983 1724 Epltes.
2089 1657 2382 1718 sequantur
2427 1665 2548 1706 cum
2580 1666 2763 1707 cruce.
2814 1651 3032 1708 Grande
3073 1655 3381 1725 exemplum
3411 1664 3689 1711 ostensum

393 1752 475 1812 tv,
504 1744 581 1816 3).
608 1745 746 1812 Quid
773 1748 914 1800 enim
951 1745 1169 1816 prodest
1197 1746 1396 1801 habere
1426 1761 1642 1816 corpus,
1673 1754 1728 1800 et
1755 1761 1863 1802 non
1891 1747 1987 1802 ha-
2019 1747 2066 1807 B
2092 1749 2194 1807 est,
2225 1742 2426 1812 grande
2455 1753 2848 1799 sacramentum
2872 1744 3201 1800 declaratum
3231 1755 3312 1803 est
3341 1766 3354 1800 :
3387 1746 3481 1802 Dei
3517 1747 3688 1803 Filius

394 1836 524 1892 bere
546 1838 674 1894 cor?
705 1837 926 1893 mactus
957 1853 1106 1901 sum,
1134 1836 1325 1903 fateor,
1351 1837 1454 1891 hac
1477 1851 1672 1900 causa,
1693 1837 1819 1892 dum
1843 1836 1984 1892 volui
2085 1830 2422 1887 voluntarius
2473 1832 2710 1904 (oblatus
2739 1841 2814 1888 est
2861 1834 3004 1889 enim
3022 1875 3039 1901 ,
3079 1837 3199 1906 quia
3226 1837 3336 1906 ipse
3358 1836 3513 1891 voluit
3537 1835 3678 1910 [Isa.

396 1933 540 1982 totos
556 1925 839 1996 adjuvare,
862 1927 974 1997 qui,
1005 1943 1121 1981 cum
1155 1927 1396 1998 loquebar
1421 1926 1526 1981 illis
1547 1964 1565 1992 ,
1612 1927 1985 1998 impugnabant
2085 1938 2199 1991 Litt,
2228 1920 2357 1994 7]),
2404 1939 2618 1980 crucem
2643 1925 2883 1981 ascendit
2925 1935 2986 1981 ut
3027 1942 3172 1995 reus,
3201 1929 3492 2001 relinquens
3537 1930 3685 1986 nobis

389 2034 471 2072 tne
497 2018 662 2089 gratis
685 2017 911 2088 (Psalm.
943 2033 1088 2083 cxtx,
1115 2018 1168 2088 7)
1197 2037 1208 2070 :
1243 2026 1298 2074 et
1325 2017 1450 2074 dum
1477 2017 1729 2073 omnibus
1749 2017 1979 2084 credidi,

391 2122 530 2178 pene
573 2110 746 2163 factus
794 2124 910 2163 sum
953 2107 1164 2164 stultus.
1196 2107 1324 2164 ideo
1372 2117 1426 2163 tu
1475 2107 1792 2178 prudentior
1819 2116 1977 2164 esto:

389 2198 519 2254 nolo
547 2199 742 2256 subeas
781 2207 988 2255 tantum
1017 2215 1187 2267 onus,
1220 2200 1320 2256 sub
1346 2214 1454 2271 quo
1483 2214 1585 2270 ego
1612 2201 1800 2257 sudavi
1832 2219 1845 2255 :
1876 2201 1982 2257 scis

355 2282 498 2358 ‘jam
527 2291 767 2360 guttulae,
797 2307 894 2347 seu
939 2306 1071 2349 mete
1098 2291 1334 2347 scientie
1363 2291 1681 2362 parvitatem
1705 2311 1719 2348 :
1745 2292 1978 2349 didicisti

390 2381 573 2436 omnia
603 2382 854 2437 omnibus
900 2381 1192 2438 convenire
1233 2383 1467 2448 monita,
1514 2383 1640 2452 quia
1685 2398 1864 2438 mores
1891 2384 1978 2439 di-

388 2472 527 2528 versi
554 2481 699 2539 sunt,
731 2481 786 2528 et
811 2473 1098 2544 qualitates
1131 2475 1407 2532 hominum
1432 2476 1590 2544 longe
1613 2475 1814 2530 distant
1839 2475 1980 2530 inter

387 2577 466 2619 se.
497 2561 605 2618 Sed
631 2565 758 2633 quid
786 2564 961 2618 facio?
989 2562 1106 2618 Jam
1139 2573 1190 2619 te
1213 2565 1278 2618 ad
1308 2565 1546 2620 laborem
1573 2564 1720 2619 illum
1753 2565 1977 2619 immen-

389 2665 509 2706 sum
538 2653 845 2721 provocabo
865 2693 884 2719 ,
914 2652 1059 2722 quod
1105 2667 1205 2722 ego
1237 2652 1378 2723 fugio
1413 2654 1565 2722 ipse:
1617 2653 1663 2708 si
1709 2668 1976 2724 aperuere

385 2741 644 2797 doctrinm
690 2743 1055 2798 diversitatem
1083 2785 1099 2811 ,
1148 2744 1484 2814 temperabo.
1536 2742 1678 2814 Ergo
1732 2745 1975 2800 diversus

385 2842 537 2901 esto,
587 2842 643 2890 et
676 2835 955 2906 multiplex
983 2835 1051 2892 ad
1076 2852 1262 2892 curam
1292 2852 1478 2892 eorum
1511 2837 1601 2906 qui
1633 2837 1726 2892 tibi
1755 2837 1977 2892 obedie-

385 2925 494 2980 rint
521 2940 643 2979 cum
676 2925 779 2982 ﬁde
807 2936 859 2982 et
889 2942 1102 2992 amore;
1131 2928 1225 2982 setl
1256 2935 1312 2982 tu
1343 2935 1398 2982 et
1427 2927 1600 2998 ipsum
1626 2943 1815 2984 eorum
1847 2929 1974 2985 time

384 3032 644 3084 amorem,
674 3017 800 3088 quia
831 3019 924 3074 tibi
953 3020 1284 3090 periculosus
1313 3021 1434 3074 erit.

2085 2013 2166 2083 (ut
2187 2013 2444 2084 scriptum
2468 2014 2583 2085 est)
2608 2017 2917 2084 exemplum,
2943 2026 2997 2070 ut
3023 2034 3298 2088 sequamur
3323 2022 3535 2094 vestigia
3565 2024 3681 2093 ejus

2085 2102 2138 2171 (ι
2173 2101 2312 2156 Petr.
2340 2118 2397 2169 tt,
2423 2103 2536 2175 21).
2579 2104 2774 2161 Beatus
2811 2107 2974 2176 igitur
2995 2116 3079 2165 est
3113 2110 3205 2178 qui
3227 2111 3384 2181 hujus
3412 2115 3680 2184 passionis

2082 2201 2138 2247 et
2165 2192 2316 2248 istius
2345 2193 2676 2251 confusionis
2707 2197 2762 2250 Iit
2793 2199 3080 2268 particeps.
3125 2199 3273 2256 Inest
3302 2203 3445 2257 enim
3475 2203 3681 2273 aliquid

2081 2285 2395 2342 admirabile
2410 2289 2643 2344 celatum
2662 2309 2672 2342 :
2697 2289 2846 2353 Quod
2861 2291 3002 2345 enim
3017 2292 3227 2348 stultum
3245 2292 3341 2349 Dei
3354 2304 3450 2358 est,
3464 2299 3677 2365 sapien-

2082 2381 2181 2434 tius
2207 2382 2535 2449 hominibus;
2565 2385 2771 2454 etquod
2798 2386 3061 2456 inﬁrmum
3095 2387 3189 2443 Dei
3216 2400 3316 2455 est,
3359 2393 3544 2463 fortius
3575 2395 3675 2448 lto-

2079 2473 2299 2529 ntinibus
2325 2485 2401 2529 est
2431 2475 2483 2548 (1
2506 2477 2624 2532 Cor.
2658 2493 2694 2543 ι,
2726 2477 2838 2550 25).
2881 2479 3073 2534 Mirum
3103 2480 3156 2535 in
3186 2483 3404 2537 modum
3430 2487 3679 2544 cernitur

2080 2563 2133 2618 in
2162 2564 2388 2620 stultitia
2420 2567 2685 2638 sapientia
2716 2569 3142 2637 innumerabilis,
3175 2580 3230 2626 et
3268 2574 3321 2628 in
3369 2572 3681 2631 inﬁrmitate

2078 2656 2337 2714 fortitudo
2398 2661 2853 2730 incomparabilis.
2915 2662 3056 2735 Ergo
3105 2664 3177 2720 ibi
3232 2666 3495 2723 absconsa
3549 2681 3680 2724 sunt

2079 2751 2258 2806 omnia
2289 2751 2662 2809 desiderabilia
2693 2755 2988 2824 refrigeria,
3020 2756 3213 2813 salutis
3249 2759 3504 2831 mysteria
3533 2779 3548 2826 ;
3578 2765 3676 2816 sed

2077 2842 2209 2896 dura
2238 2852 2382 2909 sunt,
2413 2854 2469 2899 ut
2495 2846 2731 2916 pretiosa
2769 2848 2912 2914 sint;
2959 2849 3186 2906 obscura
3227 2861 3371 2918 sunt,
3401 2861 3462 2908 ut
3490 2856 3680 2924 paucis

2078 2932 2186 2987 sint
2207 2933 2364 3004 digna
2391 2952 2405 2988 :
2438 2937 2623 3005 paucis
2647 2951 2777 3007 vero
2799 2937 2980 3007 digna,
3013 2942 3139 3009 quia
3180 2941 3338 2998 nimis
3366 2944 3500 2999 mira
3523 2956 3670 3001 sunt.

2077 3017 2265 3091 Itaque
2301 3024 2566 3092 patienter
2593 3025 2951 3083 sustineamus
2977 3029 3156 3084 omnia
3197 3030 3418 3087 adversa
3437 3048 3546 3102 pro
3575 3049 3668 3090 ve-

452 3109 536 3164 IlI.
569 3110 678 3166 Sed
703 3113 962 3181 angustiae
1003 3112 1240 3184 undique
1277 3122 1422 3180 sunt,
1453 3113 1795 3180 eharissime;
1828 3113 1970 3184 peri-
1999 3132 2047 3194 ο
2079 3112 2265 3177 ritate,
2314 3122 2372 3168 ttt
2401 3115 2567 3171 simus
2615 3117 2904 3188 participes
2953 3117 3164 3175 Domini
3214 3121 3529 3189 passionum
3557 3140 3569 3176 :
3603 3124 3674 3181 Si

391 3203 570 3257 cu'um
627 3203 674 3259 si
728 3203 972 3271 oderint,
1015 3205 1314 3274 periculum
1359 3205 1405 3259 si
1453 3206 1771 3259 amaverint.
1818 3203 1969 3260 Scito

383 3303 613 3364 utraque
633 3291 762 3350 vera
782 3311 933 3362 esse;
964 3297 1088 3351 inde
1112 3297 1195 3352 vel
1221 3297 1394 3361 odire,
1419 3296 1505 3352 vel
1526 3311 1707 3351 amare
1733 3313 1746 3350 :
1771 3298 1824 3352 in
1845 3297 1970 3353 odio

383 3401 520 3456 pax,
553 3389 606 3443 in
652 3402 838 3444 amore
880 3388 1160 3458 integritas
1211 3389 1370 3460 perit.
1419 3387 1568 3446 Tene
1613 3389 1774 3458 igitur
1817 3396 1871 3444 te
1899 3387 1969 3443 ad

384 3479 543 3536 unius
567 3479 819 3537 desiderii
849 3480 1129 3551 impetum,
1160 3494 1270 3550 quo
1301 3495 1479 3536 meum
1508 3481 1614 3537 scis
1637 3495 1733 3536 eor
1752 3479 1967 3536 deside-

383 3585 525 3628 rare.
557 3573 676 3630 Scis
703 3589 790 3630 me
814 3589 998 3630 amare
1025 3574 1314 3630 multorum
1341 3574 1593 3639 salutent,
1619 3583 1674 3628 et
1698 3583 1966 3630 secretum

381 3649 758 3735 mihimetipsi;
790 3682 953 3722 unum
981 3680 1080 3736 pro
1119 3664 1362 3735 profectu
1393 3664 1635 3730 Domini,
1659 3663 1711 3719 id
1735 3673 1836 3729 est,
1864 3662 1966 3718 Ec-

381 3756 557 3821 clesia:
582 3755 728 3825 ejus;
774 3758 1004 3812 alterum
1048 3773 1147 3827 pro
1201 3757 1366 3826 ipsius
1393 3755 1690 3822 desiderio;
1727 3757 1824 3812 sed
1853 3755 1966 3810 hate

381 3854 505 3902 vota
531 3857 658 3901 sunt
686 3849 863 3916 potius
889 3849 944 3903 in
982 3862 1068 3902 me
1104 3862 1266 3916 quam
1312 3856 1472 3912 acta;
1523 3847 1576 3900 in
1610 3855 1662 3900 te
1686 3861 1816 3900 vero
1859 3846 1968 3900 sint

381 3936 640 4007 perfecta,
669 3953 786 4003 oro,
813 3938 958 4008 quia,
978 3953 1064 3992 me
1087 3939 1332 4006 absente,
1348 3946 1574 4006 utraque
1604 3944 1760 4006 potes
1788 3936 1870 3991 vel
1897 3951 1964 3991 ex

379 4036 533 4100 parte
562 4042 931 4097 cognoscere:
963 4043 1069 4083 non
1110 4027 1305 4098 jubens
1351 4039 1536 4082 tamen
1581 4028 1782 4083 scribo.
1815 4027 1964 4084 Scito

379 4119 542 4189 igitur
593 4134 773 4175 meum
803 4119 868 4173 ad
896 4126 1038 4174 totos
1062 4119 1267 4188 jussum
1286 4157 1304 4186 ,
1345 4126 1403 4173 ut
1429 4118 1552 4190 quia
1583 4118 1790 4174 diversa
1820 4119 1965 4174 sensi

378 4208 668 4264 multorum
697 4218 822 4264 vota
850 4209 918 4264 ad
947 4206 1252 4264 ﬁrmitatem
1284 4209 1479 4278 regula:
1509 4209 1865 4278 retinendam,
1897 4211 1964 4266 ad

378 4293 615 4353 radicem
642 4314 822 4354 ramos
843 4299 1024 4370 ligavi,
1047 4299 1138 4369 qui
1167 4300 1249 4354 sui
1277 4300 1562 4369 fragilitate
1591 4315 1620 4354 a
1649 4315 1772 4356 mea
1799 4317 1962 4369 parva

376 4385 466 4442 det
479 4391 764 4446 linaverint
783 4390 918 4464 [ΑΛ.
945 4388 1373 4460 declinaverunt]
1417 4389 1693 4456 ﬁrmitate,
1717 4389 1770 4445 id
1796 4398 1900 4458 est,
1931 4405 1962 4446 a

374 4474 633 4532 doctrina:
649 4487 988 4536 recesserunt
1007 4481 1253 4536 veritate.
1267 4479 1367 4548 Qui
1389 4480 1529 4537 enim
1547 4496 1763 4537 sensum
1781 4497 1959 4538 meum
1993 4513 2041 4576 υ

376 4569 730 4634 servaverint,
761 4569 841 4626 sic
889 4569 1002 4626 Deo
1041 4573 1297 4639 serviant,
1328 4573 1590 4644 eligentes
1617 4587 1831 4644 semper
1854 4575 1958 4631 sibi

375 4659 734 4732 sapientiores
760 4670 816 4718 et
841 4663 1219 4734 religiosiores,
1245 4666 1290 4721 si
1321 4674 1499 4723 tamen
1525 4666 1754 4725 humiles
1779 4669 1886 4725 sint
1907 4678 1963 4724 et

365 4751 775 4808 misericordes.
803 4752 1119 4825 Quicunque
1146 4756 1256 4810 sint
1281 4757 1526 4824 rebelles,
1551 4756 1698 4815 foras
1718 4768 1915 4815 exeant
1942 4777 1956 4813 :

379 4840 686 4912 quicunque
729 4843 836 4896 sint
863 4842 1200 4912 obedientes,
1231 4845 1328 4914 ipsi
1362 4846 1492 4902 ﬁant
1521 4849 1781 4904 haeredes.
1836 4848 1960 4905 Haec

379 4941 438 4990 tu
463 4935 724 5001 observa;
755 4943 810 4991 et
850 4936 1157 5008 quicunque
1205 4940 1311 4994 mei
1356 4949 1482 4995 sunt
1530 4956 1598 4996 ex
1649 4942 1877 5012 integro,
1908 4951 1962 4997 et

379 5033 600 5096 pr0pter
645 5027 906 5082 unitatem
953 5036 1008 5082 et
1049 5029 1402 5085 humilitatem
1430 5073 1447 5100 ,
1491 5034 1738 5102 quamvis
1775 5034 1960 5100 multi,

378 5114 592 5172 Clit-isto
630 5132 728 5172 vos
754 5119 1011 5173 dilatante
1031 5127 1094 5173 et
1118 5119 1541 5188 multiplicante,
1571 5122 1707 5188 sitis,
1739 5123 1806 5176 ad
1835 5138 1956 5177 eum

376 5207 469 5276 qui
492 5205 646 5277 juxta
673 5209 840 5264 altare
867 5209 1008 5280 quod
1033 5220 1250 5266 sanctus
1279 5212 1440 5267 Aidus
1465 5213 1748 5284 episcOpus
1795 5213 1960 5270 bene-

377 5299 534 5370 dixit,
563 5301 675 5358 Deo
701 5303 964 5369 servierit,
993 5319 1182 5362 omnes
1218 5308 1502 5378 aspiciant.
1553 5307 1759 5364 Idcirco
1789 5318 1845 5364 et
1877 5319 1955 5379 tu,

377 5393 426 5450 Si
452 5409 538 5448 me
564 5395 785 5450 istorum
813 5397 1232 5466 persecutio.....

449 5483 537 5539 IV.
577 5485 702 5541 Iitec
747 5488 935 5555 scripsi
984 5497 1207 5558 propter
1249 5490 1483 5544 incertos
1527 5491 1704 5546 exitus
1753 5508 1954 5548 rerum.

380 5570 486 5630 hei
529 5576 646 5630 voti
679 5577 778 5630 fuit
822 5589 1011 5647 gentes
1039 5581 1288 5646 visitare,
1331 5589 1385 5634 et
1433 5579 1778 5649 Evangelium
1820 5584 1898 5639 eis
1926 5599 1956 5638 a

379 5663 536 5718 nobis
566 5666 873 5734 pnedieari;
913 5670 1004 5724 sed
1048 5669 1115 5724 fel
1146 5670 1309 5725 modo
1350 5671 1613 5727 referente
1658 5688 1844 5729 eorum
1875 5683 1957 5730 te-

381 5770 588 5829 porem,
617 5771 758 5827 pene
784 5773 962 5815 meum
989 5760 1108 5818 tulit
1137 5761 1259 5819 inde
1288 5762 1546 5822 animum.
1581 5762 1954 5837 Lacrytnosam

2075 3205 2212 3257 enim
2251 3207 2626 3276 compatiamur
2647 3247 2664 3273 ,
2692 3210 3124 3280 couregnabimus
3168 3209 3260 3282 (II
3290 3211 3424 3267 Tim.
3455 3228 3516 3279 ιι.
3546 3212 3674 3285 12).

2072 3292 2214 3360 Quid
2264 3295 2347 3350 his
2396 3295 2754 3364 adjiciendum
2783 3309 2904 3363 est,
2935 3300 3038 3356 nisi
3083 3301 3528 3371 perseverantia!
3567 3304 3674 3370 Qui

2073 3386 2214 3439 enim
2243 3389 2642 3454 perseveraverit
2689 3406 2847 3462 usque
2899 3394 2955 3447 in
3005 3393 3196 3462 ﬁdem,
3226 3395 3310 3450 hic
3363 3395 3535 3452 solum
3570 3398 3676 3452 erit

2071 3475 2286 3547 (Matth.
2321 3494 2375 3543 x,
2407 3477 2519 3550 22).
2548 3479 2608 3534 In
2636 3479 2741 3536 ﬁne
2783 3481 2925 3536 enim
2948 3481 3212 3550 judicium
3238 3485 3503 3552 consistit,
3527 3492 3584 3540 et
3613 3486 3671 3541 in

2071 3567 2220 3622 exitu
2235 3567 2351 3623 laus
2370 3570 2601 3624 canitur.
2625 3568 2754 3636 Sed,
2774 3579 2834 3625 ut
2848 3565 2919 3626 sit
2938 3587 3312 3644 perseverans,
3331 3583 3451 3630 oret
3465 3575 3674 3645 jugiter

2068 3659 2296 3728 quisque
2323 3659 2578 3714 auxilium
2621 3659 2715 3716 Dei
2755 3675 2875 3716 cum
2902 3662 3048 3717 omni
3079 3663 3276 3718 mentis
3319 3663 3667 3720 humilitate:

2071 3747 2193 3804 Non
2236 3751 2392 3816 enim,
2426 3750 2618 3821 inquit,
2649 3751 2864 3806 volentis
2887 3792 2902 3817 ,
2945 3769 3108 3824 neque
3137 3755 3387 3809 currentis
3405 3794 3421 3819 ,
3448 3754 3539 3808 sed
3563 3753 3668 3809 Dei

2067 3840 2353 3893 miserearis
2382 3851 2460 3894 est
2490 3840 2676 3907 (Rom.
2710 3858 2797 3908 tx,
2832 3840 2955 3911 16);
2999 3844 3125 3911 quia
3169 3844 3341 3914 major
3387 3853 3442 3900 et
3481 3847 3671 3902 melior

2066 3937 2141 3982 est
2159 3928 2258 3982 Dei
2277 3931 2630 3986 misericordia
2650 3919 2803 4003 iuper
2834 3933 2934 3987 rita
2964 3933 3131 4006 (Psal.
3159 3951 3290 4008 Lxu,
3311 3934 3391 4007 4),
3418 3940 3671 4006 quamvis

2065 4017 2205 4074 bona
2253 4019 2517 4087 hominis;
2568 4037 2676 4077 non
2726 4023 2867 4078 enim
2921 4025 3067 4094 digni
3114 4034 3241 4080 sunt
3287 4027 3666 4082 misericordia

2067 4107 2166 4163 nisi
2205 4110 2296 4178 qui
2342 4125 2401 4166 se
2439 4112 2666 4168 miseros
2705 4113 3032 4170 conﬁtentur
3075 4131 3260 4171 coram
3311 4115 3462 4182 Deo,
3492 4126 3550 4171 et
3580 4118 3670 4173 in-

2065 4199 2252 4268 dignos
2303 4215 2363 4256 se
2403 4203 2646 4258 sentiunt
2694 4204 2870 4260 salute
2912 4220 3009 4275 per
3044 4220 3122 4272 se,
3156 4205 3258 4261 nisi
3299 4206 3415 4262 sola
3445 4203 3668 4263 Domini

2064 4291 2432 4348 misericordia
2462 4293 2529 4348 de
2563 4295 2723 4350 tantis
2770 4296 3024 4366 periculis
3059 4297 3376 4368 eripiantur.
3405 4297 3506 4366 Qui
3537 4299 3670 4354 licet

2064 4382 2328 4440 bonorum
2367 4387 2564 4442 conscii
2607 4388 2709 4443 sibi
2743 4389 2851 4444 sint
2876 4406 3134 4460 operum,
3164 4399 3346 4449 tamen
3373 4391 3469 4448 Dei
3509 4392 3665 4462 judi-

2065 4474 2148 4530 cia
2172 4474 2443 4544 timentes,
2468 4486 2526 4534 et
2551 4479 2719 4535 multa
2751 4491 3090 4552 perpetrasse
3132 4481 3330 4552 injusta
3357 4492 3664 4552 gementes,

2064 4568 2118 4623 in
2150 4569 2242 4625 Dei
2278 4571 2448 4627 solius
2485 4573 2738 4642 pietatem
2778 4575 3049 4632 humiliter
3074 4577 3354 4632 conﬁdunt
3380 4594 3394 4630 :
3424 4592 3664 4646 quorum

2065 4659 2226 4714 timor
2249 4660 2516 4730 perfectus
2544 4663 2665 4732 plus
2694 4665 2868 4733 placet
2887 4704 2904 4731 ,
2932 4680 3040 4736 quo
3070 4667 3192 4737 plus
3219 4665 3508 4721 humilitati
3537 4673 3663 4720 stu-

2062 4749 2157 4806 det
2180 4769 2194 4806 :
2224 4752 2610 4824 Beneplacitum
2638 4757 2774 4810 enim
2821 4755 3045 4812 Domino
3070 4774 3224 4827 super
3253 4759 3484 4813 timentes
3510 4773 3660 4823 ειιιιι,

2061 4850 2110 4895 et
2156 4844 2211 4897 in
2255 4845 2328 4898 eis
2356 4846 2440 4913 qui
2478 4858 2690 4915 sperant
2719 4865 2872 4919 super
2899 4851 3254 4906 misericordia
3301 4851 3413 4922 ejus
3461 4848 3661 4922 (Psal.

2061 4948 2250 5004 eam,
2285 4936 2396 5008 il).

2143 5024 2209 5081 V.
2250 5026 2461 5083 Nullum
2515 5028 2697 5100 itaque
2747 5029 2977 5086 salvabit
3025 5031 3248 5087 dextera
3296 5046 3392 5086 sua
3421 5072 3438 5100 ,
3491 5029 3662 5100 juxta

2062 5119 2283 5175 verbum
2326 5119 2534 5174 Domini
2583 5120 2650 5175 ad
2678 5121 2777 5176 .loh
2819 5124 2961 5191 (quo
3012 5121 3454 5192 justiﬁcationem
3507 5120 3660 5176 illius

2063 5211 2379 5281 quibusdam
2413 5213 2668 5284 potentis:
2693 5215 3078 5290 experimentis
3121 5212 3522 5284 quodammodo
3552 5211 3661 5266 de-

2062 5303 2215 5369 risit,
2239 5305 2422 5360 dicens
2453 5323 2465 5358 :
2495 5303 2562 5358 Et
2590 5314 2707 5358 tunc
2735 5304 3015 5375 conﬁtebor
3043 5307 3178 5377 quod
3205 5305 3406 5358 salvere
3437 5313 3484 5356 te
3509 5312 3664 5372 palc-

2064 5397 2133 5449 rit
2161 5395 2372 5449 dextera
2401 5405 2488 5449 tua
2519 5395 2654 5467 (Job
2698 5413 2788 5464 ιιι,
2814 5395 2888 5466 9)
2919 5396 3019 5451 nisi
3068 5397 3159 5467 qui
3197 5397 3471 5451 humiliter
3489 5409 3657 5448 suam

2065 5487 2470 5556 possibilitatem
2495 5527 2512 5555 ,
2554 5497 2608 5542 et
2655 5487 2825 5558 ipsam
2865 5489 3042 5541 datam
3083 5487 3387 5550 exercuerit
3422 5500 3543 5539 cum
3576 5483 3662 5538 ti-

2063 5594 2214 5633 more
2241 5587 2295 5633 et
2323 5587 2556 5634 tremore
2587 5580 2637 5632 in
2665 5579 2937 5633 voluntate
2961 5579 3086 5643 Dei,
3109 5594 3271 5633 orans
3301 5577 3612 5644 frequenter
3633 5594 3656 5630 :

2067 5666 2151 5723 Nc
2197 5669 2440 5740 projicias
2469 5686 2548 5724 me
2594 5669 2626 5724 ὶι
2672 5671 2803 5739 facie
2851 5678 2938 5722 tua
2967 5669 2985 5739 (
3012 5667 3157 5722 I’sal.
3207 5685 3258 5732 ι..
3294 5667 3359 5720 15
3383 5674 3402 5736 )
3426 5684 3442 5732 ς
3469 5675 3524 5720 et
3562 5667 3660 5720 Ne

2065 5763 2284 5834 repellas
2313 5781 2394 5820 me
2422 5782 2454 5821 a
2482 5764 2744 5820 mandatis
2773 5763 2872 5818 tuis
2903 5764 2921 5835 (
2947 5761 3095 5819 I’sal.
3136 5775 3316 5848 cxvpt,
3349 5759 3437 5829 10)
3468 5776 3480 5811 :
3512 5757 3658 5828 quia
