3978 6182
357 349 462 404 273

1322 355 1677 411 El’lSTOL/E
1721 358 1811 412 Al)
1853 357 2210 414 DlVliRSOS.
2251 392 2318 401 —-
2361 359 2573 418 EPIST.
2619 367 2677 418 V.

357 485 520 538 scirpe,
559 477 617 522 ut
643 468 717 521 ait
766 468 1009 536 quidam,
1043 470 1342 539 magnitudo
1394 471 1594 525 virtutis
1635 469 1938 543 quibusdam
1968 472 2010 527 A
2041 470 2198 537 citur,
2226 481 2377 528 orate
2432 483 2489 530 ut
2521 477 2636 532 vice
2663 479 2766 532 ccti
2807 481 2875 534 sit
2923 482 3137 550 quidam
3185 483 3324 538 felici
3373 501 3631 544 revocans

358 566 451 629 fuit
499 560 702 615 occasio
746 560 1080 630 perditionis;
1119 562 1208 630 qui
1265 562 1515 615 nimirum
1569 578 1632 616 ex
1675 562 1940 636 quopul-

356 654 595 707 chriores
622 659 747 706 sunt
772 651 1074 714 virtutibus,
1091 654 1156 706 ab
1178 653 1496 707 humilitatis
1522 654 1684 720 gradu
1715 653 1938 708 descen-

354 743 504 797 dunt.
536 741 665 797 Inde
685 742 944 814 scriptum
971 752 1055 798 est
1079 763 1092 796 :
1127 743 1239 808 Quo
1258 745 1522 813 pulchrior
1549 761 1602 798 es
1627 785 1641 810 ,
1668 745 1940 812 descende,

352 849 502 903 surge
524 872 540 896 ,
561 843 612 886 et
640 833 808 887 dormi
835 850 948 887 cum
975 835 1343 888 incircumcisis
1368 833 1589 907 (Ezecft.
1612 851 1785 898 χχχιι,
1814 833 1900 906 l9)
1922 852 1939 902 ;

354 942 417 982 ac
457 928 499 982 si
545 927 665 982 aliis
694 927 869 982 verbis
898 927 1088 981 anima:
1134 927 1338 982 diceret
1379 927 1655 998 superb:e:
1687 928 1810 996 quia
1848 936 1938 982 tua

353 1019 641 1073 sanctitate
672 1029 723 1073 te
750 1018 973 1072 elevasti
1019 1019 1071 1072 in
1116 1018 1421 1088 superbiam
1446 1061 1462 1084 ,
1501 1019 1766 1074 descende
1813 1019 1939 1075 inde

355 1111 515 1165 modo
539 1151 557 1176 ,
581 1121 637 1168 et
682 1119 798 1167 esto
845 1111 986 1165 inter
1032 1120 1345 1180 peccatores
1381 1110 1738 1182 computanda
1766 1153 1782 1179 ,
1811 1110 1936 1179 quia

357 1203 485 1257 nihil
516 1203 653 1273 apud
690 1218 776 1258 me
818 1211 900 1257 est
928 1201 1073 1274 quod
1097 1219 1218 1277 cum
1248 1201 1498 1272 superbia
1541 1202 1790 1256 efficitur.
1826 1200 1938 1257 An-

350 1303 506 1364 gusta
537 1337 554 1362 ,
592 1295 768 1358 vides,
800 1303 952 1364 porta
981 1301 1101 1359 est,
1141 1301 1197 1348 et
1237 1293 1419 1363 paucis
1464 1292 1716 1361 degressa
1771 1291 1939 1362 perfe-

350 1385 550 1440 ctionis
570 1384 656 1438 via
674 1427 690 1450 ,
719 1399 839 1454 qua:
867 1398 896 1438 a
927 1383 1059 1438 heva
1087 1385 1216 1438 vitia
1241 1423 1257 1449 ,
1288 1398 1318 1438 a
1349 1384 1570 1438 dextera
1598 1384 1851 1440 vanitatis
1880 1395 1936 1439 et

349 1476 618 1546 superbiae
656 1475 795 1528 mala
834 1474 1084 1528 declinat.
1118 1472 1480 1530 Gradiendum
1525 1473 1684 1542 igitur
1732 1483 1813 1528 est
1847 1473 1933 1526 via

351 1569 498 1636 regia
525 1567 594 1622 ad
624 1567 893 1623 civitatein
924 1565 1017 1620 Dei
1047 1566 1296 1636 viventis,
1320 1581 1415 1636 per
1436 1564 1780 1619 afflictionem
1811 1580 1932 1619 car-

351 1659 434 1713 nis
457 1700 472 1724 ,
501 1666 556 1711 et
592 1656 967 1712 contritionem
1011 1657 1220 1725 cordis;
1251 1672 1347 1728 per
1373 1657 1615 1727 corporis
1653 1655 1890 1711 laborem
1915 1698 1930 1723 ,

345 1755 406 1801 et
455 1747 675 1816 Spiritus
719 1747 1182 1814 humiliationem;
1233 1762 1329 1818 per
1369 1748 1601 1803 studium
1647 1755 1887 1803 nostrum
1913 1789 1929 1813 ,

2044 565 2266 634 remigio
2297 575 2440 620 tutus
2469 568 2695 635 celator,
2728 571 2818 638 qui
2843 569 3031 626 Jonam
3055 582 3288 627 vestrum
3323 582 3477 630 terra)
3505 579 3629 630 red-

2043 655 2136 709 dat
2162 665 2378 724 optatae.
2411 655 2515 712 Sed
2540 657 2652 725 jam
2681 675 2823 714 nunc
2849 659 3004 715 finem
3034 663 3259 731 epistola
3302 666 3628 733 pcrgaruina:

2044 746 2061 818 Ῐ
2088 747 2461 818 ρθτειιιηρηω]
2490 764 2702 804 sumere
2736 750 2965 818 cogitur,
2999 751 3125 807 licet
3153 755 3387 808 materia:
3419 758 3626 822 magni-

2043 835 2230 892 tudine
2256 840 2501 908 protendi
2531 839 2740 909 longius
2784 843 3121 912 compellitur
3151 842 3271 916 [ΑΙ.
3290 887 3304 910 ,
3335 847 3628 917 compella-

2041 930 2184 984 latur
2205 929 2222 1001 ]
2244 950 2255 984 :
2280 947 2430 987 amor
2457 949 2562 988 non
2590 941 2737 989 tenet
2762 934 3034 1002 ordinem;
3068 936 3193 991 inde
3218 939 3376 992 missa
3407 939 3625 994 confusa

2040 1031 2143 1076 est.
2179 1020 2372 1076 Totum
2403 1023 2581 1079 dicere
2618 1025 2759 1079 volui
2800 1026 2852 1080 in
2881 1027 3071 1091 brevi;
3107 1035 3277 1081 totum
3321 1044 3424 1081 non
3453 1032 3622 1098 potui.

2041 1111 2086 1177 Q
2112 1127 2169 1165 se
2199 1113 2340 1166 volui
2369 1114 2627 1182 scribere,
2648 1115 2791 1168 nolui
2815 1131 2912 1186 pro
2937 1115 3244 1172 diversitate
3271 1120 3622 1174 voluntatum.

2043 1203 2300 1259 Voluntas
2323 1220 2441 1258 mea
2475 1206 2614 1260 forte
2642 1206 2908 1262 lenocinio
2939 1224 3044 1262 non
3075 1210 3359 1276 caret;fiat
3382 1211 3626 1266 voluntas

2040 1294 2133 1348 Dei
2165 1311 2259 1364 per
2287 1296 2467 1350 omnia
2497 1312 2509 1348 :
2545 1297 2634 1351 ille
2681 1298 2725 1351 si
2775 1297 3006 1353 voluerit
3031 1340 3046 1362 ,
3083 1309 3266 1355 votum
3310 1303 3380 1355 sit
3423 1318 3620 1357 meum.

2041 1383 2148 1439 Vos
2179 1385 2353 1440 videte
2379 1387 2736 1443 conscientias
2764 1396 3000 1455 vestras,
3048 1391 3091 1444 si
3123 1393 3366 1462 puriores
3394 1401 3448 1446 ct
3497 1407 3623 1447 san-

2037 1475 2395 1532 ctiores'suut
2436 1492 2521 1532 me
2569 1479 2834 1533 absente:
2889 1481 3053 1536 nolite
3098 1497 3184 1536 me
3238 1497 3478 1551 qurerere
3530 1499 3626 1554 per

2037 1583 2310 1633 amorem,
2344 1567 2440 1622 sed
2484 1584 2580 1639 per
2627 1569 3003 1624 necessitatem
3060 1579 3285 1626 tantum.
3338 1571 3454 1627 Non
3511 1573 3625 1628 sitis

2037 1661 2324 1714 occasione
2363 1659 2465 1713 hac
2504 1660 2852 1716 destitutort’s
2875 1704 2889 1730 ,
2923 1679 3098 1732 neque
3135 1664 3239 1718 hac
3282 1663 3624 1734 separatione

2038 1749 2342 1804 libertatem
2372 1750 2656 1818 qumratis,
2680 1766 2798 1820 qua:
2828 1767 2922 1806 vos
2951 1752 3000 1805 in
3031 1751 3342 1806 servitutem
3371 1753 3621 1807 vitiorum

346 1838 512 1892 officii
541 1855 655 1894 rem
686 1839 945 1908 legitimi,
979 1856 1084 1895 non
1117 1841 1290 1896 meriti
1321 1839 1660 1909 dignitatern,
1686 1849 1764 1906 et,
1791 1840 1931 1910 quod
1967 1839 2009 1898 Β
2039 1841 2263 1909 redigat.
2290 1840 2438 1895 Meus
2469 1850 2570 1903 est,
2596 1841 2685 1908 qui
2716 1849 2861 1896 amat
2886 1843 3178 1909 unitatem;
3207 1860 3311 1898 non
3343 1853 3423 1898 est
3448 1860 3619 1910 meus,

348 1931 432 1985 bis
460 1932 629 1998 majus
657 1941 739 1987 est
763 1973 777 1998 ,
806 1949 904 2003 per
931 1934 1126 1989 Christi
1167 1933 1424 2002 gratiam,
1456 1933 1612 1988 fidem
1637 1977 1652 2002 ,
1682 1949 1832 2004 spem
1877 1942 1933 1987 ct

343 2023 686 2077 charitatem.
716 2022 876 2077 Multa
908 2039 1069 2078 carne
1120 2024 1354 2094 pericula
1382 2043 1395 2091 ;
1425 2039 1685 2093 cognosce
1713 2041 1930 2081 causam

348 2115 522 2178 belli,
576 2117 760 2184 glori:e
813 2117 1268 2185 magnitudinem,
1319 2116 1510 2172 fortem
1565 2132 1674 2172 non
1725 2118 1932 2174 nescias

346 2208 598 2274 hostem,
654 2217 707 2263 et
755 2208 1162 2288 libertatem'in
1214 2209 1392 2264 medio
1445 2210 1688 2279 arbitrii,
1721 2219 1931 2280 portam

343 2301 583 2370 intellige
638 2301 878 2356 hostibus
929 2310 1167 2372 apertam
1225 2304 1294 2357 ab
1359 2303 1654 2373 Aquilone;
1704 2304 1825 2359 ideo
1875 2312 1930 2359 et

344 2393 679 2448 llicru:alcm
729 2393 798 2446 ab
853 2391 1118 2462 Aquilone
1171 2393 1587 2464 aperitur;inde
1643 2393 1732 2448 illa
1775 2403 1930 2465 parte

342 2485 599 2539 observat
641 2485 694 2538 in
723 2483 990 2553 Aquilone
1027 2483 1276 2540 inimicus
1303 2484 1569 2540 habitans.
1631 2484 1760 2542 lnde
1798 2486 1932 2541 scri-

343 2585 498 2646 ptum
520 2583 601 2629 est
626 2593 638 2627 :
668 2573 742 2628 Ab
757 2575 1006 2644 Aquilone
1031 2575 1374 2630 exardescunt
1393 2576 1532 2629 mala
1557 2592 1710 2647 super
1727 2593 1930 2631 omnem

341 2667 698 2740 terram(Jer.
727 2683 782 2735 ι,
815 2666 935 2738 14).
976 2667 1032 2724 Si
1082 2663 1225 2725 tollis
1273 2669 1513 2735 hostem,
1555 2669 1698 2726 tollis
1743 2679 1798 2726 et
1827 2687 1927 2740 pu-

339 2775 536 2829 gnam;
566 2759 612 2813 si
661 2758 804 2815 tollis
850 2773 1080 2829 pugnam
1103 2800 1118 2826 ,
1144 2759 1288 2816 tollis
1313 2769 1369 2816 et
1403 2775 1659 2816 coronam
1687 2778 1700 2814 :
1729 2761 1774 2817 si
1814 2761 1930 2816 haec

337 2854 480 2918 sint,
505 2853 593 2907 ubi
620 2851 815 2908 fuerint
832 2895 848 2921 ,
875 2853 1068 2919 virtus,
1097 2853 1368 2922 vigilantia
1386 2895 1400 2919 ,
1424 2853 1622 2920 fervor,
1649 2855 1924 2925 patientia,

341 2945 570 3001 fidelitas
595 2987 612 3011 ,
641 2945 899 3014 sapientia
916 2988 932 3013 ,
953 2946 1240 3013 stabilitas,
1265 2947 1546 3018 prudentia
1572 2949 1678 3004 sint
1705 2965 1928 3006 necesse

333 3046 457 3103 est;
486 3038 530 3094 si
560 3054 698 3106 non,
750 3048 977 3107 strages.
1014 3036 1079 3092 Et
1126 3047 1185 3094 ut
1211 3038 1473 3096 inferam:
1501 3040 1559 3096 Si
1590 3040 1732 3097 tollis
1759 3041 1926 3098 liber-

334 3138 504 3184 tatem
529 3170 545 3195 ,
576 3130 718 3186 tollis
744 3129 1087 3202 dignitatem.

413 3241 496 3296 Vl.
537 3241 677 3299 Ecce
717 3243 912 3312 quibus
959 3243 1354 3300 circumdamur
1394 3244 1830 3312 diversitatibus;
1867 3254 1924 3300 et

331 3335 531 3403 quibus
558 3334 988 3402 circumluimnr;
1016 3352 1081 3392 ac
1107 3337 1153 3392 si
1181 3338 1446 3407 vortigum
1475 3338 1590 3410 [ΑΙ.
1618 3339 1919 3410 vei-ticum]

329 3427 636 3498 fragoribus
658 3467 676 3493 ,
701 3428 1015 3484 eharissime
1041 3429 1284 3496 discens,
1317 3431 1556 3500 exceptis
1584 3445 1703 3499 quae
1733 3431 1923 3485 intrin-

326 3533 490 3574 secus
534 3519 733 3582 latent,
764 3526 818 3573 et
839 3519 979 3573 intra
1023 3521 1384 3590 nosmetipsos
1409 3521 1650 3590 quotidie
1691 3522 1924 3578 militant

328 3622 522 3668 contra
552 3627 670 3668 nos.
712 3612 838 3668 Ideo
865 3612 918 3668 in
951 3613 1114 3668 tantis
1135 3613 1384 3684 periculis
1409 3613 1546 3668 velle
1573 3623 1630 3668 et
1666 3629 1920 3677 currere;

327 3705 463 3760 licet
491 3712 672 3770 tuum,
702 3721 809 3759 non
834 3713 918 3759 est
945 3712 1125 3758 tuum:
1158 3720 1266 3760 non
1297 3705 1440 3760 enim
1466 3703 1664 3760 sufficit
1697 3703 1920 3760 infirmi-

328 3803 418 3848 tas
458 3793 691 3851 humana
735 3794 874 3849 inter
903 3803 1079 3850 tantas
1105 3795 1518 3851 contrarietates
1544 3795 1830 3865 pervenire
1851 3795 1918 3850 ad

321 3883 474 3954 quod
503 3885 654 3949 vult,
693 3885 796 3939 nisi
839 3885 1208 3940 misericordia
1234 3885 1466 3940 Domini
1495 3893 1550 3940 et
1578 3884 1716 3941 velle
1755 3884 1921 3942 faciat

209 4030 222 4040 ,
321 3982 456 4032 vota
501 3974 782 4046 gaudentis
826 3974 1118 4045 compleri,
1155 3983 1211 4030 et
1256 3990 1474 4031 currere
1518 3975 1877 4046 prosperitate
1900 4015 1918 4044 ,

321 4066 512 4136 lapsus
538 4076 595 4123 et
621 4067 944 4124 offendicula
964 4108 980 4133 ,
1005 4083 1269 4139 casusque
1297 4069 1599 4125 contrarios
1626 4069 1917 4140 evadente,

321 4172 521 4213 cursus
544 4158 806 4215 inoffense
847 4159 1009 4215 finiri.
1039 4159 1380 4231 Quapropter
1408 4162 1606 4216 mentis
1644 4161 1917 4218 humilitas

320 4248 506 4304 meriti
533 4257 617 4303 est
641 4264 805 4305 causa
829 4289 846 4316 ,
873 4251 993 4307 sine
1021 4250 1224 4306 auxilio
1247 4251 1389 4306 enim
1419 4267 1526 4307 non
1557 4259 1737 4322 potest
1764 4253 1918 4323 adju-

321 4341 472 4403 vari;
521 4355 627 4396 non
669 4348 908 4396 meretur
948 4342 1212 4411 super-bus
1233 4382 1249 4408 ,
1282 4341 1563 4398 induratur
1589 4343 1912 4410 derelictus;

324 4431 571 4499 ingratus
621 4448 728 4487 non
777 4449 938 4488 orans
965 4475 982 4500 ,
1038 4433 1320 4489 indevotus
1371 4444 1456 4491 est
1500 4451 1706 4493 servus.
1759 4437 1916 4506 Piger

322 4521 626 4591 flagellatur
653 4523 708 4577 in
736 4524 844 4579 vita
874 4564 890 4590 ,
920 4526 1282 4581 contemnitur
1307 4526 1584 4583 famulatio
1607 4546 1624 4595 ;
1653 4529 1911 4600 despera-

324 4624 408 4669 tus
431 4615 595 4670 etiam
635 4614 849 4671 fastidio
874 4657 889 4680 ,
921 4617 1113 4685 dignus
1141 4617 1271 4673 viris
1299 4633 1419 4674 esse
1443 4620 1663 4675 minime
1695 4630 1907 4690 reputa-

323 4716 430 4761 tur.
473 4705 610 4773 Quid
639 4721 770 4776 ergo
797 4707 1039 4764 dicemus
1083 4708 1150 4763 ad
1189 4709 1325 4775 haec,
1356 4725 1390 4764 ο
1428 4725 1528 4764 nos
1576 4710 1794 4775 miseri,
1825 4711 1915 4781 qui

323 4808 612 4867 antequam
641 4799 795 4854 malis
821 4814 1008 4855 carere
1029 4816 1318 4871 meremur,
1340 4802 1496 4859 bouis
1523 4804 1678 4859 nobis
1697 4804 1911 4860 blandi-

323 4905 466 4958 mur,
493 4899 550 4944 et
591 4898 721 4945 ante
761 4890 1012 4945 vitiorum
1059 4891 1450 4962 depositionem
1477 4933 1493 4958 ,
1522 4896 1910 4965 perfectionem

322 4981 522 5037 habere
562 4983 875 5050 Speramus!
917 4981 1110 5038 Totum
1155 4985 1294 5040 scire
1333 4985 1598 5055 cupimus,
1627 4995 1800 5042 totum
1826 4987 1908 5044 fa-

318 5086 444 5125 cere
466 5070 614 5140 quod
662 5072 860 5127 scimus
903 5071 1086 5144 piget,
1117 5082 1399 5149 sperantes
1429 5075 1572 5130 dicta
1612 5092 1712 5147 pro
1749 5078 1906 5134 factis

315 5163 636 5232 rependere.
687 5161 893 5218 Forsan
946 5164 1052 5220 hoc
1096 5153 1228 5232 hic;
1269 5181 1395 5221 nam
1441 5166 1550 5222 illic
1593 5185 1702 5224 non
1747 5187 1906 5242 posse

316 5254 663 5310 manifestum
710 5264 795 5312 est
834 5263 960 5312 ante
1006 5255 1311 5322 Dominum,
1362 5258 1488 5327 quia
1534 5259 1606 5314 ibi
1662 5277 1770 5318 non
1814 5263 1905 5332 qui

315 5345 550 5412 dixerit,
577 5346 676 5402 sed
703 5347 794 5417 qui
825 5347 1046 5413 fecerit,
1073 5347 1253 5404 salvus
1281 5349 1406 5404 erit.

390 5437 500 5494 Vll.
541 5439 692 5496 Nunc
718 5441 849 5497 mihi
873 5442 1128 5498 scribenti
1159 5444 1376 5498 nuntius
1404 5446 1712 5514 supervenit
1741 5491 1754 5514 ,
1782 5464 1904 5504 nar-

315 5545 444 5585 rans
488 5531 620 5586 Inibi
652 5548 843 5588 navem
875 5534 1052 5602 parari
1081 5550 1187 5604 qua
1215 5536 1416 5592 invitus
1451 5538 1618 5593 vehar
1647 5540 1699 5594 iu
1727 5555 1904 5596 meam

315 5621 594 5691 regionem
621 5663 638 5690 ,
669 5624 766 5679 sed
802 5625 846 5678 si
881 5623 1066 5694 fugero
1090 5667 1106 5691 ,
1139 5627 1316 5682 nullus
1343 5635 1490 5682 vetat
1519 5638 1700 5686 custos
1725 5648 1737 5683 :
1781 5649 1903 5687 nam

314 5711 421 5768 hoc
448 5714 695 5769 videntur
735 5716 871 5772 velle
902 5724 961 5770 ut
999 5730 1099 5784 ego
1129 5716 1344 5787 fugiam.
1386 5719 1442 5774 Si
1475 5721 1526 5775 in
1560 5739 1707 5778 mare
1736 5724 1902 5794 proji-

312 5806 428 5862 ciar
458 5824 608 5866 more
632 5807 810 5878 Iona,
842 5811 932 5880 qui
961 5819 1012 5866 ct
1045 5811 1158 5883 ipse
1204 5815 1257 5868 in
1296 5811 1521 5871 Hebraeo
1550 5814 1795 5871 Columba
1823 5817 1901 5874 di-

1951 3207 2000 3270 C

1939 4583 1990 4643 Ι)

2031 1930 2122 2000 qui
2153 1939 2368 2000 separat
2396 1949 2409 1984 :
2445 1930 2575 1997 Qui,
2608 1932 2750 1986 enim
2784 1949 2884 1986 non
2911 1945 3228 2005 congregat,
3261 1936 3334 1987 ait
3366 1934 3621 1990 Dominus

2031 2038 2182 2076 meus
2211 2061 2226 2087 ,
2255 2023 2502 2094 dispergit
2532 2024 2549 2093 (
2576 2022 2703 2076 Luc.
2738 2041 2789 2078 ιιι
2812 2067 2824 2091 ,
2855 2024 2927 2077 25
2947 2028 2985 2095 ).
3021 2027 3269 2097 Alioquin
3300 2028 3342 2081 si
3397 2027 3622 2082 videatis

2031 2112 2413 2182 perfectionem
2446 2128 2474 2166 a
2535 2113 2687 2168 vobis
2718 2113 2835 2185 plus
2886 2117 3122 2184 elongari
3176 2133 3334 2187 quam
3381 2129 3523 2180 ante,
3569 2127 3620 2172 et

2030 2219 2117 2258 me
2144 2219 2262 2258 sors
2290 2222 2321 2258 a
2350 2205 2500 2260 vobis
2529 2207 2890 2276 separaverit,
2932 2219 2987 2262 et
3030 2224 3136 2263 non
3167 2209 3398 2263 sufficiat
3442 2208 3620 2262 Attalo

2031 2297 2095 2351 ad
2128 2298 2572 2364 gubernationem
2621 2310 2856 2354 vestram
2883 2340 2896 2364 ,
2929 2302 3053 2369 quia
3101 2301 3292 2355 fratres
3331 2302 3492 2368 vestri
3532 2300 3618 2355 hic

2031 2389 2083 2443 in
2113 2389 2307 2443 vicinia
2338 2387 2638 2444 Brittonum
2663 2399 2821 2457 sunt;
2853 2407 2948 2446 vos
2976 2399 3119 2448 totos
3145 2391 3356 2452 insimul
3387 2370 3619 2446 aslinrate

2031 2479 2084 2534 in
2137 2496 2239 2535 una
2291 2489 2442 2550 parte
2480 2496 2600 2550 qua:
2647 2482 2834 2538 melior
2884 2483 2991 2549 sit,
3022 2498 3130 2551 quo
3177 2482 3383 2537 facilius
3427 2490 3614 2538 contra

2031 2573 2158 2628 vitia
2188 2582 2242 2628 et
2272 2573 2488 2629 insidias
2517 2573 2714 2630 diaboli
2756 2573 3060 2630 dimicetis:
3102 2583 3156 2629 et
3180 2589 3340 2644 quem
3373 2573 3471 2627 toti
3499 2575 3613 2628 ele-

2029 2663 2242 2733 geritis,
2275 2664 2486 2719 interim
2517 2665 2669 2720 vobis
2703 2665 2919 2735 praesit:
2953 2665 3076 2734 quia
3124 2664 3170 2719 si
3216 2664 3344 2719 mihi
3391 2663 3614 2719 liberum

2029 2758 2131 2822 sit,
2172 2757 2283 2812 Deo
2312 2757 2524 2813 volente
2548 2799 2564 2826 ,
2595 2757 2882 2827 pertinebit
2933 2758 3062 2812 mihi
3105 2759 3171 2812 de
3201 2754 3458 2812 vobis.’Si
3488 2770 3614 2810 vero

2030 2851 2182 2905 vobis
2209 2850 2424 2919 placent
2453 2850 2568 2905 loca
2594 2891 2608 2916 ,
2638 2859 2694 2905 et
2722 2847 2864 2905 Deus
2892 2850 2998 2904 illic
3028 2837 3569 2905 vobiscum'mdilicat
3595 2887 3614 2915 ,

2029 2942 2255 2998 crescite
2303 2941 2373 2995 ibi
2412 2941 2790 2996 benedictione
2816 2942 2869 2996 in
2899 2941 3043 2996 mille
3071 2940 3234 2996 millia
3264 2943 3280 3009 (
3306 2940 3433 2992 Gen.
3465 2953 3617 3003 xxxv.

2030 3035 2153 3104 60).
2184 3033 2346 3089 Orate
2375 3050 2472 3104 pro
2496 3049 2606 3103 me,
2636 3035 2844 3089 viscera
2875 3050 3022 3101 mea,
3047 3043 3104 3089 ut
3130 3033 3240 3089 Deo
3268 3033 3465 3087 vivam.

2603 3148 2936 3232 EPlSTOLA
2979 3149 3042 3204 v.

2433 3259 2501 3298 AD
2539 3257 2852 3297 BONIFAClUM
2893 3257 3060 3295 ΡΑΡΑΜ
3104 3256 3175 3294 IV.

2027 3333 2396 3390 Pulcherrimo
2449 3334 2689 3388 omnium
2737 3333 2904 3388 totius
2950 3331 3218 3402 Europze,
3266 3330 3619 3386 ecclesiarum

2094 3428 2293 3498 capiti,
2330 3442 2482 3497 pap:e
2511 3426 2762 3498 praedulci
2787 3463 2801 3488 ,
2834 3425 3091 3494 prtecelso
3137 3423 3346 3494 prarsuli
3377 3466 3392 3490 ,
3425 3432 3610 3494 pasto-

2093 3534 2212 3572 rum
2244 3518 2476 3584 Pastori,
2516 3516 2966 3572 reverendissimo
3004 3515 3365 3584 speculatori:
3409 3513 3608 3568 humil-

2095 3610 2254 3664 limus
2278 3608 2571 3664 celsissimo
2591 3648 2605 3673 ,
2631 3607 2882 3673 maximo,
2909 3606 3136 3676 agrestis
3156 3605 3384 3667 urbano,
3410 3604 3609 3658 micro-

2094 3701 2250 3770 logus
2271 3699 2738 3768 eloquentissimo,
2762 3706 3036 3752 extremus
3063 3697 3234 3764 primo
3257 3735 3270 3759 ,
3296 3695 3620 3764 peregrinus.

2095 3791 2354 3860 indigena:
2380 3828 2398 3856 ,
2427 3789 2785 3859 pauperculus
2815 3787 3135 3858 prmpotenti
3159 3787 3178 3856 (
3203 3786 3395 3840 mirum
3427 3785 3604 3840 dictu!

2093 3899 2231 3938 nova
2260 3896 2348 3938 res
2377 3881 2391 3934 ι
2420 3883 2459 3953 ),
2492 3895 2611 3936 rara
2666 3879 2818 3947 avis,
2860 3867 3098 3934 scrib'ere
3136 3877 3298 3934 audet
3338 3876 3623 3933 Bonifaciu

2091 3975 2238 4030 Patri
2269 3973 2576 4030 Palumbus.

2091 4065 2131 4119 l.
2172 4065 2306 4132 Quis
2359 4067 2561 4136 poterit
2605 4065 2790 4136 glaber
2835 4064 3059 4120 audire?
3107 4077 3229 4133 quis
3274 4077 3390 4116 non.
3428 4061 3608 4115 statim

2019 4157 2164 4212 dicat
2188 4175 2201 4210 :
2242 4156 2373 4224 Quis
2400 4166 2484 4214 est
2537 4158 2640 4214 iste
2668 4155 2916 4228 garrulus
2941 4195 2957 4219 ,
2989 4163 3445 4226 pnesumptuosus
3470 4192 3486 4217 ,
3517 4152 3615 4223 qui

2019 4265 2128 4305 non
2153 4259 2373 4319 rogatus
2401 4250 2526 4305 talia
2547 4251 2784 4306 scribere
2804 4248 3001 4304 audet?
3022 4247 3152 4314 Quis
3179 4245 3392 4302 talionis
3421 4245 3608 4300 incen-

2019 4351 2103 4399 tor
2128 4359 2235 4398 uon
2259 4342 2540 4399 confestim
2562 4342 2615 4396 in
2637 4342 2767 4396 illud
2788 4341 3067 4412 antiquum
3091 4338 3408 4410 probrosum
3428 4353 3609 4393 erum-

2019 4443 2111 4506 pat
2140 4437 2370 4505 elogium
2393 4477 2408 4502 ,
2437 4452 2546 4506 quo
2593 4435 2760 4507 Moysi
2793 4433 3047 4489 Hebraeus
3075 4432 3167 4487 ille
3189 4473 3212 4498 ,
3234 4431 3326 4503 qui
3376 4429 3608 4487 faciebat

2018 4528 2267 4596 injuriam
2319 4527 2470 4582 fratri
2515 4542 2654 4590 suo,
2687 4525 3002 4596 respondit:
3056 4522 3195 4589 Quis
3234 4534 3281 4578 te
3334 4524 3600 4579 constituit

2021 4621 2340 4692 principem,
2383 4628 2472 4672 aut
2503 4619 2733 4690 judicent
2777 4633 2932 4688 super
2967 4633 3061 4672 nos
3093 4617 3111 4686 (
3139 4614 3311 4670 Exod.
3345 4631 3426 4680 ιι,
3459 4613 3608 4684 M)?

2021 4711 2119 4767 Cui
2162 4727 2264 4781 ego
2312 4713 2461 4782 prior
2507 4709 2814 4782 respondeo
2843 4726 2952 4766 non
2981 4724 3102 4765 esse
3128 4707 3605 4778 prresumptionem

2019 4805 2108 4861 ubi
2135 4811 2350 4861 constat
2375 4819 2497 4860 esse
2524 4805 2898 4860 necessitatem
2925 4803 2995 4858 ad
3023 4801 3274 4858 Ecclesiae
3294 4798 3602 4855 aedificatio-

2017 4917 2140 4958 nem
2164 4918 2179 4967 ;
2210 4909 2268 4956 et
2291 4900 2337 4956 si
2369 4899 2421 4953 iu
2452 4913 2682 4969 persona
2712 4897 3010 4963 cavillatur,
3045 4912 3151 4950 non
3178 4894 3298 4965 quis
3327 4894 3480 4955 dico,
3508 4891 3604 4946 sed

2017 4993 2144 5066 quid
2172 4993 2322 5059 dico,
2352 4994 2679 5050 consideret.
2710 4992 2847 5060 Quid
2876 4992 3020 5048 enim
3066 4989 3264 5044 tacebit
3289 4985 3610 5057 peregrinus

2011 5089 2343 5146 Christianus
2361 5127 2377 5154 ,
2401 5087 2543 5158 quod
2567 5087 2680 5157 jam
2699 5086 2788 5141 diu
2818 5084 3083 5141 declamat
3103 5082 3308 5138 vicinus
3337 5078 3601 5133 Arianus?

2012 5181 2237 5236 Meliora
2286 5194 2516 5248 namque
2560 5189 2680 5232 sunt
2723 5176 2933 5230 uulnera
2971 5172 3126 5227 amici
3187 5185 3344 5240 quam
3382 5166 3600 5239 [rauduo

2009 5275 2150 5328 lenta
2178 5274 2356 5328 oscula
2384 5270 2580 5326 inimici
2612 5270 2629 5338 (
2655 5268 2812 5322 Prov.
2838 5281 2983 5321 xxvn
3002 5306 3018 5332 ,
3049 5263 3082 5316 6
3103 5263 3145 5331 )..
3175 5261 3279 5315 Alii
3307 5257 3603 5315 detrahunt

2011 5364 2118 5418 ιιιιί
2159 5365 2213 5419 iu
2237 5371 2449 5420 secreto
2485 5378 2500 5426 ;
2528 5375 2628 5430 ego
2659 5359 2824 5414 tristis
2849 5373 2914 5413 ac
2950 5355 3138 5411 dolens
3163 5366 3380 5422 arguam
3409 5350 3463 5404 iu
3491 5363 3595 5421 pu-

2011 5454 2192 5519 blico;
2239 5453 2335 5508 sed
2389 5449 2694 5508 schismatis
2739 5447 2887 5502 noxii
2929 5445 3102 5509 mala,
3151 5457 3258 5496 non
3305 5437 3594 5510 impiorum

2009 5545 2353 5617 pacilieorum
2397 5543 2559 5598 bona.
2589 5541 2706 5595 Non
2753 5539 2913 5607 igitur
2939 5552 3037 5607 pro
3067 5533 3304 5588 vanitate
3348 5540 3441 5586 aut
3468 5548 3594 5602 pro-

2007 5639 2238 5692 Cacitate
2291 5635 2530 5703 scribere
2585 5631 2854 5686 vilissima:
2909 5626 3180 5697 qualitatis
3236 5624 3594 5680 homunculus

2009 5737 2115 5782 tarn
2140 5726 2406 5797 prmccHs
2437 5725 2563 5778 viris
2591 5737 2855 5791 pratsumo
2881 5739 2892 5772 :
2918 5718 3074 5773 dolor
3102 5717 3244 5772 enim
3288 5717 3468 5786 potius
3499 5730 3586 5770 me

2007 5833 2167 5889 quani
2213 5818 2376 5875 elatio
2423 5813 2697 5886 compellit
2743 5812 2894 5868 vobis
2947 5812 3184 5869 indicare
3211 5852 3224 5880 ,
3255 5810 3586 5870 humillima,

3525 373 3630 429 2ῗᾶ
3717 401 3722 410 ι

3630 665 3665 674 -δ
