3978 6182
345 325 450 383 9ἷ75

1575 320 1633 375 S.
1676 315 2070 375 COLUSIBANI
2111 319 2398 376 ABBATIS

3520 335 3626 391 276

347 447 407 496 nt
434 440 608 504 decet,
638 436 998 508 suggestione;
1029 433 1173 504 quod
1203 447 1399 488 nomen
1427 433 1520 488 Dei
1549 449 1644 503 per
1667 448 1764 488 vos
1793 448 1925 487 con-
1956 432 2006 488 A
2035 433 2104 486 ris
2131 433 2297 489 sibilis
2315 475 2330 499 ,
2366 443 2600 505 notaque
2631 449 2763 490 voce
2787 477 2801 502 ,
2831 443 2884 490 et
2913 443 2996 490 sta
3045 435 3186 493 inter
3213 437 3333 495 illas
3361 449 3414 495 et
3439 441 3630 516 lupos,

346 534 630 591 tendentes
659 529 909 598 utrinque
938 527 1342 598 blasphematur
1371 526 1512 582 inter
1541 535 1751 595 gentes.

413 622 479 679 Il.
520 621 685 677 Doleo
711 618 876 686 enim,
905 617 1096 683 fateor,
1120 617 1188 672 de
1211 615 1426 672 infamia
1451 615 1716 672 cathedra:
1743 617 1799 673 S.
1833 615 1935 671 Pe-

343 712 412 768 tri
439 729 452 765 :
477 710 588 765 scio
629 717 810 764 tamen
838 723 997 779 super
1035 723 1122 764 me
1165 723 1286 763 esse
1332 709 1648 779 negotium,
1697 717 1752 766 et
1793 709 1938 780 quod

344 803 515 873 prima
546 799 723 856 fronte
748 800 848 854 sub
875 814 1108 872 prunas,
1149 808 1210 854 ut
1239 798 1458 864 dicitur,
1487 799 1678 856 faciem
1702 815 1895 873 ponam
1919 817 1933 865 ;

338 893 433 948 sed
480 891 608 962 quid
654 890 785 946 mihi
829 889 992 946 facies
1043 906 1226 946 coram
1275 890 1620 956 hominibus,
1647 891 1737 947 ubi
1791 891 1937 946 zelus

341 983 542 1057 [Forte
591 983 804 1042 zelum]
838 983 961 1039 fidei
1007 983 1158 1054 prodi
1201 999 1419 1040 necesse
1448 986 1571 1040 est?
1599 984 1792 1040 Coram
1824 984 1934 1041 Deo

341 1073 622 1143 etaugelis
664 1091 772 1130 non
813 1072 1108 1131 confundor
1134 1092 1150 1141 ;
1180 1075 1296 1129 laus
1344 1085 1427 1130 est
1466 1091 1565 1146 pro
1614 1074 1726 1130 Deo
1751 1090 1934 1132 coram

341 1167 649 1223 hominibus
690 1167 887 1223 coufun
909 1168 943 1222 li
971 1184 986 1232 ;
1019 1169 1062 1222 si
1095 1168 1371 1232 exaudiar,
1401 1182 1686 1222 commune
1728 1167 1936 1222 lucrum

341 1260 551 1314 eritzsi
598 1259 882 1329 despiciar,
916 1273 1034 1312 mea
1082 1273 1290 1314 merces
1335 1258 1456 1312 erit.
1509 1257 1622 1328 Ego
1650 1258 1833 1324 enim,
1877 1265 1934 1311 ut

346 1353 550 1407 amicus
572 1391 591 1419 ,
615 1360 671 1406 ut
711 1351 1006 1420 discipulus
1027 1392 1042 1417 ,
1075 1358 1134 1405 ut
1174 1351 1496 1422 pedisequus
1518 1359 1715 1418 vester,
1745 1367 1849 1408 non
1878 1362 1937 1408 ut

344 1442 552 1498 alienus
604 1444 830 1512 loquar;
863 1441 983 1497 ideo
1028 1443 1198 1497 libere
1242 1443 1464 1513 eloquar
1509 1445 1707 1501 nostris
1748 1451 1935 1515 utpote

342 1534 656 1603 magistris,
695 1549 757 1590 ac
799 1533 1095 1605 spiritualis
1146 1535 1298 1589 navis
1353 1533 1820 1604 gubernatoribus,
1872 1550 1936 1590 ac

341 1626 582 1696 mysticis
612 1626 846 1696 proretis
891 1625 1113 1682 dicens:
1147 1625 1378 1695 Vigilate
1405 1667 1422 1694 ,
1453 1627 1577 1695 quia
1617 1641 1766 1682 mare
1808 1640 1935 1697 pro~

343 1715 602 1771 cellosum
633 1724 716 1770 est
739 1724 848 1798 ,‘et
887 1714 1066 1786 flagris
1107 1725 1457 1788 exasperatur
1485 1717 1740 1774 feralibus
1760 1756 1780 1785 ,
1805 1718 1932 1787 quia

2042 535 2119 589 ut,
2168 525 2410 596 depOsito
2465 541 2686 596 pavore,
2738 538 2867 583 tunc
2915 529 3144 599 primum
3194 539 3248 588 te
3298 547 3366 588 ex
3415 534 3628 605 integro

2039 625 2368 685 cognoscant
2415 625 2708 686 pastorem.
2750 617 2986 685 Populus
3029 619 3174 675 enim
3221 635 3383 690 quem
3427 624 3625 689 video,

2040 709 2166 765 dum
2218 709 2416 765 multos
2463 710 2694 766 sustinet
2741 710 3061 776 haereticos,
3114 712 3326 770 zelosus
3380 723 3464 771 est
3504 755 3520 780 ,
3574 726 3632 772 et

2048 801 2158 857 cito
2214 809 2470 871 tanquam
2523 815 2652 871 grex
2700 801 2928 873 pavidus
2969 801 3235 869 turbatur,
3259 815 3312 860 et
3343 806 3468 863 inde
3521 825 3630 864 non

2041 891 2150 947 cito
2180 907 2404 948 securus
2459 899 2544 948 est
2593 892 2720 970 quia
2771 900 2953 949 tantos
3000 891 3152 948 italia
3200 893 3354 965 lupos
3400 895 3631 963 habuit,

2038 997 2266 1053 quorum
2307 982 2471 1039 catuli
2507 983 2595 1038 vix
2625 991 2853 1054 possunt
2878 983 2978 1040 toti
3023 983 3149 1040 elidi
3179 1002 3192 1037 :
3223 984 3349 1040 dum
3375 986 3628 1043 nimirum

2039 1073 2180 1128 inter
2221 1081 2374 1128 antra
2428 1073 2560 1128 tanti
2601 1073 2783 1128 nutriti
2818 1081 2960 1128 sunt.
3011 1071 3178 1130 Antra
3221 1074 3398 1132 deleat
3443 1076 3584 1133 Deus
3609 1121 3628 1147 ,

2041 1162 2067 1201 ιι
2099 1163 2206 1220 tale
2249 1178 2434 1219 semen
2456 1203 2473 1230 ,
2503 1173 2557 1218 et
2587 1164 2790 1220 nutriat
2814 1177 2976 1234 grege
3006 1180 3106 1221 suo
3134 1205 3150 1232 ,
3183 1174 3346 1237 teque
3365 1181 3626 1239 compun-

2037 1265 2155 1324 gat:
2188 1255 2474 1324 vigilanter
2521 1256 2735 1312 insistas
2780 1254 2960 1311 officio
3003 1264 3098 1312 tuo
3139 1258 3429 1327 pastorali,
3475 1267 3628 1316 stans

2038 1361 2200 1416 super
2227 1345 2526 1402 custodiam
2559 1354 2704 1402 tuam
2733 1344 2820 1402 die
2847 1361 2910 1403 ac
2937 1355 3097 1402 nocte
3119 1387 3135 1414 ,
3168 1355 3227 1402 ut
3255 1347 3435 1406 videas
3461 1349 3631 1406 bacu-

2039 1439 2148 1493 lum
2195 1438 2346 1494 ilium
2395 1453 2644 1504 nucenm,
2693 1453 2853 1509 quem
2894 1439 3148 1496 uncinum
3199 1441 3405 1512 (Amos
3434 1483 3451 1510 ,
3493 1457 3626 1510 vm,

2049 1529 2106 1595 1,
2140 1528 2220 1601 9),
2253 1539 2440 1600 postea
2467 1530 2652 1586 videre
2689 1531 2946 1586 merearis
2978 1539 3220 1601 tempore
3248 1531 3452 1591 fructus
3477 1534 3632 1590 colli-

2037 1619 2195 1689 gendi
2222 1634 2401 1678 veros.
2436 1619 2506 1676 Ut
2544 1635 2672 1691 ergo
2698 1621 2906 1677 honore
2933 1623 3238 1693 apostolico
3263 1639 3370 1679 non
3399 1639 3585 1680 careas
3608 1665 3628 1692 ,

2037 1726 2302 1768 conserva
2335 1713 2492 1768 Iidem
2532 1707 2883 1784 apostolicam
2908 1756 2924 1780 ,
2965 1714 3224 1772 confirma
3275 1716 3585 1774 testimonio
3609 1756 3627 1783 ,

343 1820 451 1860 non
481 1807 596 1861 sola
629 1807 809 1862 minax
851 1806 992 1862 unda
1017 1845 1036 1872 ,
1065 1822 1186 1878 quin
1229 1809 1390 1863 etiam
1438 1819 1683 1880 permota
1711 1822 1934 1881 pontum
1970 1809 2009 1867 Β
2037 1804 2232 1861 robora
2276 1805 2480 1874 scripto
2509 1843 2525 1870 ο
2568 1806 2715 1861 ηιυηὶ
2760 1806 3006 1878 synodo;
3053 1814 3112 1862 ιιι
3151 1806 3328 1862 nullus
3373 1808 3466 1863 tibi
3507 1809 3628 1878 iure

341 1912 555 1970 semper
607 1897 842 1972 [Forte,
892 1898 1096 1972 super]
1143 1902 1315 1957 cautis
1362 1903 1628 1972 spumosis
1679 1917 1930 1959 concava:

343 1991 678 2057 vorticibus,
734 1993 1081 2064 hyperbolice
1129 1993 1255 2050 licet
1301 1995 1369 2050 de
1410 1995 1569 2064 longe
1617 2003 1933 2064 turgescens

341 2081 641 2148 extollitur,
672 2091 728 2138 et
766 2091 891 2138 ante
936 2098 997 2140 se
1040 2083 1256 2140 calabra
1287 2083 1497 2142 fulcatis
1539 2095 1664 2142 octo
1702 2085 1934 2143 millibus

345 2172 545 2240 trudit;
575 2173 668 2228 sed
699 2182 992 2244 tempestas
1037 2175 1203 2231 totius
1231 2174 1482 2232 elementi
1502 2217 1519 2242 ,
1551 2176 1803 2233 nimirum
1831 2193 1934 2232 un-

341 2261 502 2334 dique
550 2263 919 2332 consurgentis
941 2303 957 2330 ,
985 2271 1040 2320 et
1089 2263 1324 2334 undique
1363 2265 1620 2321 cnnimoti
1644 2306 1661 2332 ,
1693 2267 1934 2338 mystica:

344 2353 496 2408 navis
523 2353 856 2424 naufragium
887 2353 1156 2422 intentat;
1207 2355 1327 2416 ideo
1354 2355 1494 2411 addo
1525 2356 1741 2413 timidus
1769 2366 1935 2413 nauta

341 2445 578 2500 clamare
605 2461 618 2498 :
651 2442 877 2514 Vigilate
903 2485 920 2513 ,
951 2445 1076 2515 quia
1117 2459 1255 2514 aqua
1281 2447 1393 2515 jam
1422 2447 1641 2502 intraiit
1669 2447 1721 2502 in
1754 2445 1936 2502 Eccle-

342 2533 436 2588 sia:
467 2549 690 2600 navem,
714 2543 770 2590 et
799 2535 950 2592 navis
980 2535 1334 2606 periclitatur.
1365 2535 1474 2592 Nos
1496 2537 1638 2592 enim
1664 2533 1764 2593 SS.
1791 2535 1936 2593 Petri

341 2633 396 2680 et
427 2622 576 2679 Pauli
603 2633 659 2680 et
683 2627 925 2682 omnium
956 2626 1362 2696 discipulorum,
1405 2625 1641 2682 divinum
1672 2641 1936 2684 canonem

344 2729 368 2753 ἰ
395 2717 598 2788 Spiritu
627 2727 816 2775 sancto
854 2718 1204 2776 scribentium
1228 2760 1244 2787 ,
1283 2718 1531 2789 discipuli
1559 2735 1743 2777 sumus
1763 2759 1782 2788 ,
1838 2722 1937 2776 toti

344 2806 570 2872 Ii-:beri,
604 2808 778 2863 ultimi
809 2809 1145 2865 habitatores
1193 2808 1410 2874 mundi,
1439 2809 1569 2864 nihil
1596 2819 1748 2865 extra
1777 2823 1938 2866 evan-

343 2899 571 2968 gelicam
593 2908 649 2955 et
681 2900 1034 2970 apostolicam
1060 2899 1356 2956 doctrinam
1386 2900 1737 2971 recipientes:
1763 2901 1939 2958 nullus

343 2989 630 3047 bmretieus
658 3033 674 3060 ,
702 2991 878 3048 nullus
906 2989 1118 3047 Judteus
1147 3031 1162 3059 ,
1185 2991 1360 3048 nullus
1388 2991 1761 3049 schismaticus
1786 2993 1888 3047 iuit
1917 3010 1934 3060 ;

285 3133 288 3136 .
343 3081 439 3137 sed
469 3080 600 3138 ildes
628 3083 891 3138 catholica
909 3124 926 3152 ,
952 3081 1091 3139 sicut
1120 3097 1152 3137 a
1191 3084 1342 3138 vobis
1371 3083 1600 3154 primum
1629 3092 1937 3142 sanctorum

2035 1895 2274 1949 resistat.
2304 1893 2422 1950 Noli
2453 1895 2734 1965 despicere
2758 1896 3098 1952 consiliolum
3127 1896 3440 1966 alienigena:
3468 1938 3486 1966 ,
3511 1907 3630 1952 tan-

2034 2001 2197 2055 quam
2223 1983 2418 2042 doctor
2447 1986 2588 2042 illius
2626 1987 2849 2042 zeiantis
2878 1993 3004 2058 pro'
3022 1996 3097 2044 te.
3127 1986 3355 2044 Mundus
3392 1988 3503 2059 jam
3531 1989 3628 2044 de-

2035 2077 2236 2142 clinat,
2287 2076 2545 2150 Princeps
2591 2087 2868 2150 pastorum
2915 2082 3311 2154 appropinquat
3341 2099 3356 2136 :
3386 2097 3516 2139 cave
3556 2098 3628 2138 ne

2039 2176 2092 2224 te
2138 2169 2500 2239 negligentem
2543 2170 2818 2239 inveniat,
2865 2179 2922 2229 et
2961 2186 3254 2230 conservos
3281 2173 3472 2243 pugnis
3499 2173 3628 2230 mali

2037 2260 2269 2330 exempli
2323 2261 2714 2331 percutientem
2768 2261 3291 2334 manducantemque
3341 2279 3463 2321 cum
3518 2265 3627 2321 Ile-

2036 2352 2222 2418 bimis,
2254 2362 2310 2407 et
2355 2352 2626 2408 bibentem
2645 2394 2662 2421 ,
2689 2367 2758 2408 ne
2803 2352 3080 2422 contingat
3107 2355 3385 2422 sequentia
3412 2354 3614 2410 securi-

2039 2444 2136 2500 tati
2161 2462 2174 2498 :
2202 2441 2302 2508 Qui
2328 2446 2466 2500 enim
2493 2447 2736 2517 ignorat,
2760 2445 3086 2516 ignorabitur
3111 2446 3130 2516 (
3161 2445 3190 2501 1
3216 2445 3336 2502 Cor.
3366 2461 3476 2514 xtv,
3507 2445 3623 2517 2i).

2039 2533 2156 2590 Non
2202 2534 2397 2591 sufllcit
2425 2535 2517 2591 tibi
2542 2536 2686 2606 quod
2717 2552 2814 2606 pro
2855 2544 2907 2592 te
2950 2536 3067 2606 ipso
3109 2537 3372 2593 sollicitus
3397 2537 3504 2603 sis,
3529 2537 3622 2607 qui

2041 2626 2328 2696 multorum
2357 2641 2541 2682 curam
2583 2628 2861 2699 suscepisti
2888 2646 2901 2682 :
2932 2631 3019 2684 cui
3048 2629 3192 2685 enim
3223 2629 3343 2700 plus
3367 2630 3623 2698 creditur,

2041 2718 2160 2788 plus
2180 2718 2247 2774 ab
2277 2733 2345 2773 eo
2368 2718 2621 2788 exigitur.

2110 2808 2197 2865 IV.
2240 2808 2406 2878 Vigila
2431 2809 2633 2879 itaque,
2664 2825 2878 2882 quaeso,
2927 2825 3063 2883 papa
3088 2852 3104 2879 ,
3136 2811 3324 2881 vigila;
3352 2819 3407 2868 et
3435 2812 3629 2872 iterum

2040 2897 2160 2956 dico
2185 2917 2198 2952 :
2231 2898 2390 2968 vigila
2421 2916 2435 2966 ;
2464 2901 2587 2970 quia
2615 2899 2751 2957 forte
2781 2917 2887 2957 non
2916 2902 3054 2958 bene
3088 2902 3329 2972 vigilavit
3367 2902 3582 2976 Vigilins
3607 2948 3626 2972 ,

2040 3005 2200 3060 quem
2228 2999 2390 3060 caput
2419 2990 2654 3047 scandali
2683 2991 2769 3048 isti
2809 2993 3042 3049 clamant
3067 3034 3082 3060 ,
3114 2993 3204 3063 qui
3234 2993 3388 3050 vobis
3414 2995 3626 3064 culpam

2044 3081 2312 3152 injiciunt.
2360 3081 2532 3152 Vigila
2562 3083 2737 3155 primo
2776 3099 2874 3155 pro
2915 3084 3018 3142 iide
3040 3123 3058 3152 ,
3085 3085 3280 3142 deinde
3323 3101 3423 3156 pro
3450 3087 3627 3157 operi-

343 3172 550 3227 scilicet
598 3173 966 3241 apostolorum
1013 3175 1444 3238 successoribus,
1479 3174 1667 3230 tradita
1713 3184 1826 3241 est,
1855 3176 1938 3231 iu-
1964 3181 2010 3245 ο
2041 3172 2142 3228 bus
2172 3171 2292 3228 ﬁdei
2323 3172 2578 3243 iubendis
2607 3175 2854 3244 vitiisque
2882 3175 3191 3244 calcandis;
3220 3177 3343 3248 quia
3377 3186 3467 3233 tua
3491 3179 3628 3248 vigi-

345 3278 606 3318 concussa
635 3271 866 3319 tenetur.
898 3263 1011 3330 Qua
1044 3263 1234 3320 fiducia
1275 3264 1561 3320 roboratus
1585 3280 1748 3322 ausus
1775 3281 1894 3321 sum
1914 3306 1931 3333 ,

345 3367 411 3409 ac
431 3353 474 3408 si
497 3353 826 3422 stimulatus,
853 3355 1115 3410 suscitare
1141 3369 1238 3410 vos
1261 3363 1451 3410 contra
1466 3369 1561 3411 eos
1578 3355 1668 3426 qui
1684 3355 1935 3426 blasphe-

347 3454 501 3501 mant
547 3453 705 3512 tuos,
733 3455 788 3501 et
827 3447 1206 3502 hereticorum
1255 3455 1564 3517 receptores
1593 3447 1828 3503 clamant
1869 3463 1936 3504 ac

346 3539 720 3596 schismaticos
742 3547 934 3595 vocant
960 3557 975 3606 ;
1003 3547 1062 3594 ut
1089 3538 1339 3610 gloriatio
1366 3551 1484 3594 mea
1522 3554 1628 3609 qua
1658 3553 1756 3610 pro
1784 3539 1937 3596 vobis

348 3630 484 3686 titius
509 3629 583 3686 illi
611 3631 940 3700 respondens
979 3630 1190 3687 locutus
1235 3644 1352 3686 sum
1374 3671 1390 3698 ,
1416 3645 1524 3686 non
1552 3631 1624 3686 sit
1653 3631 1853 3697 inanis,
1882 3641 1934 3686 et

348 3722 424 3778 iiii
463 3721 878 3790 confundantur,
909 3739 1017 3779 non
1040 3739 1157 3780 nos.
1188 3721 1300 3793 Ego
1337 3722 1478 3779 enim
1509 3737 1608 3795 pro
1634 3723 1788 3780 vobis
1813 3738 1936 3797 pro-

348 3817 507 3882 misi,
538 3816 686 3887 quod
729 3817 930 3872 nullum
959 3816 1268 3873 hmreticum
1301 3815 1542 3873 Ecclesia
1576 3816 1816 3872 Romana
1843 3817 1936 3874 de-

348 3907 532 3962 fendat
556 3917 742 3962 contra
788 3907 1108 3962 catholicam
1138 3907 1322 3976 iidem,
1369 3909 1511 3964 sicut
1539 3909 1831 3980 discipulos
1864 3909 1936 3963 ita

348 3997 506 4052 decet
551 3999 753 4052 sentire
792 3996 860 4052 de
898 3997 1174 4066 magistro.
1208 3997 1412 4054 Idcirco
1441 4000 1628 4055 libenti
1674 4000 1857 4055 animo
1883 4008 1939 4056 et

350 4089 451 4160 piis
480 4090 699 4146 auribus
723 4091 1038 4145 necessaria:
1061 4091 1474 4147 insinuationem
1505 4092 1939 4164 prtesumptiouis

348 4195 484 4236 mea:
519 4181 807 4252 suscipite:
841 4181 1098 4252 quidquid
1128 4181 1268 4238 enim
1293 4182 1500 4250 dixero,
1533 4192 1623 4238 aut
1652 4183 1783 4239 utile
1804 4221 1820 4248 ,
1846 4192 1940 4238 aut

349 4271 708 4328 orthodoxum
733 4314 748 4339 ,
779 4273 932 4328 vobis
961 4275 1327 4345 reputabitur;
1362 4274 1479 4332 laus
1526 4275 1669 4332 enim
1699 4275 1938 4346 magistri

349 4360 406 4415 in
449 4361 832 4434 discipulorum
863 4379 1080 4421 suorum
1110 4365 1357 4422 doctrina
1387 4375 1502 4432 est;
1549 4367 1704 4433 ideo,
1757 4369 1804 4422 si
1849 4383 1938 4422 sa-

350 4451 561 4520 pienter
606 4454 822 4510 locutus
875 4456 1032 4512 fuerit
1079 4456 1255 4521 filius,
1283 4457 1643 4514 imtiiicabitur
1682 4467 1853 4529 pater,
1886 4468 1940 4514 et

2037 3265 2199 3322 lautia
2226 3265 2518 3320 multarunt
2547 3267 2650 3321 erit
2677 3265 2838 3332 salus,
2868 3267 3012 3322 sicut
3040 3283 3072 3322 e
3099 3268 3372 3323 contrario
3405 3275 3497 3322 tua
3532 3281 3624 3323 se-

2035 3357 2236 3412 curitas
2285 3355 2575 3411 multorum
2606 3355 2711 3411 erit
2754 3358 3003 3420 vastatio.
3048 3356 3224 3412 Mittat
3272 3365 3324 3413 te
3365 3356 3532 3413 Isaias
3569 3357 3626 3412 in

2036 3453 2274 3501 montem
2297 3446 2384 3514 qui
2426 3445 2747 3517 evangelicae
2778 3445 2908 3503 Sion
2937 3449 2954 3518 (
2981 3445 3090 3502 Isa.
3125 3463 3193 3502 ιι.
3215 3488 3232 3512 ,
3273 3447 3359 3518 9),
3391 3447 3500 3504 imo
3531 3462 3630 3518 per

2035 3534 2228 3590 Isaiam
2263 3534 2442 3603 Deus,
2494 3535 2646 3606 juxta
2684 3537 2760 3591 tui
2808 3536 3037 3592 nominis
3085 3536 3626 3608 interpretationem,

2041 3628 2092 3682 in
2139 3627 2413 3698 speculam
2453 3641 2594 3682 vera:
2638 3627 3112 3696 contemplationis
3159 3636 3368 3697 ponat;
3395 3628 3447 3682 in
3485 3643 3627 3697 qua,

2039 3720 2191 3788 quasi
2231 3719 2442 3773 cunctis
2493 3719 2810 3774 mortalibus
2861 3717 3021 3772 altior
3061 3719 3268 3788 positus
3313 3719 3630 3789 vicinusque

2039 3809 2338 3866 calestium
2404 3809 2669 3873 eii'ectus,
2745 3812 2986 3865 exultans
3042 3810 3194 3882 quasi
3263 3809 3388 3864 tuba
3456 3824 3630 3865 vocent

2041 3910 2181 3954 tuam
2210 3902 2484 3955 annunties
2512 3901 2701 3970 populo
2753 3899 2964 3957 Domini
2994 3901 3068 3955 tui
3093 3940 3110 3966 ,
3144 3900 3238 3955 tibi
3269 3899 3336 3954 ab
3375 3911 3442 3955 eo
3473 3913 3628 3954 com-

2045 3991 2209 4047 misso
2265 4000 2477 4060 peccata
2529 4006 2706 4046 eorum
2731 4035 2745 4055 ,
2803 3999 2852 4045 et
2905 3991 3082 4046 domui
3127 3987 3292 4045 Iacob
3335 3989 3631 4061 iniquitates

2040 4099 2214 4138 eorum
2245 4081 2394 4153 (Isa.
2435 4099 2558 4138 ιιι-ιιι
2581 4122 2598 4148 ,
2623 4082 2700 4152 I).
2719 4081 2835 4138 Noli
2877 4081 3067 4138 timere
3091 4081 3304 4151 culpam
3330 4078 3628 4134 mendacii:

2041 4171 2208 4228 habes
2228 4173 2373 4227 enim
2393 4173 2534 4239 quod
2554 4173 2873 4227 annuntiare
2894 4171 3089 4228 debeas
3107 4188 3123 4238 ;
3138 4168 3291 4224 multi
3309 4168 3472 4234 enim,
3487 4166 3634 4236 quod

2041 4264 2256 4333 gravius
2281 4271 2401 4328 est,
2431 4277 2526 4333 per
2569 4262 2916 4318 securitatem
2947 4270 3220 4332 pastorum
3261 4259 3314 4314 in
3345 4258 3427 4314 his
3451 4257 3632 4326 regio-

2044 4353 2201 4408 nibus
2228 4352 2424 4422 dejs-cti
2462 4361 2590 4408 sunt
2617 4390 2634 4418 ,
2663 4360 2719 4408 et
2745 4352 2897 4407 multi
2928 4366 3024 4423 per
3053 4348 3462 4422 prosperitatem
3493 4345 3632 4401 infe-

2044 4445 2311 4502 licissimae
2355 4446 2692 4502 abundantia:
2729 4445 2941 4516 decepti
2990 4452 3133 4500 sunt.
3165 4442 3295 4499 Inde
3320 4441 3444 4512 quia
3478 4440 3632 4510 juxta

352 4551 530 4598 vestra
573 4543 690 4600 laus
730 4547 865 4612 erit,
897 4548 1023 4616 quia
1074 4564 1106 4602 a
1154 4549 1305 4605 vobis
1334 4590 1350 4618 ,
1382 4557 1442 4604 ut
1465 4549 1574 4603 dixi
1601 4588 1614 4612 ,
1643 4549 1931 4619 processit;
1968 4556 2017 4615 Ῑ)
2045 4539 2215 4594 minas
2244 4536 2452 4593 Domini
2479 4577 2495 4602 ν
2515 4537 2732 4608 δεηιςιιίε
2757 4546 3070 4594 Sanctorum
3092 4535 3161 4592 de
3185 4535 3431 4590 manibus
3449 4533 3634 4604 γεφύ-

355 4648 464 4687 non
508 4633 650 4708 enim
680 4634 795 4690 rivo
838 4641 1072 4706 puritas,
1103 4643 1196 4694 sed
1242 4637 1372 4694 fonti
1421 4639 1717 4710 reputanda
1745 4648 1847 4694 est.
1880 4637 1938 4693 Si

357 4739 488 4780 vero
509 4722 688 4794 aliqua
712 4733 965 4794 tanquam
986 4728 1088 4782 zeli
1115 4728 1331 4783 modum
1359 4728 1670 4785 excedentis
1693 4767 1708 4793 ,
1741 4728 1901 4784 verba
1927 4769 1942 4795 ,

361 4822 456 4869 aut
495 4813 548 4868 in
598 4813 697 4870 hac
725 4823 818 4870 aut
855 4816 910 4871 in
960 4815 1130 4873 altera
1171 4825 1357 4873 contra
1403 4819 1690 4890 [ιφ-ἕρμα,
1721 4819 1813 4888 qui
1860 4833 1946 4874 me

358 4909 531 4967 movit
555 4911 624 4964 ad
652 4907 993 4964 scribendum
1022 4907 1250 4980 epistola
1291 4909 1604 4965 inveneritis
1631 4909 1902 4966 incondita
1927 4950 1946 4979 ,

357 5020 491 5061 mea:
518 5003 881 5061 indiscretioni
909 5042 924 5068 ,
955 5017 1063 5057 non
1089 5001 1306 5056 elationi
1333 5001 1624 5070 deputetis.

425 5095 513 5150 III.
555 5095 781 5167 Vigilate
820 5095 1003 5163 itaque
1046 5109 1145 5163 pro
1177 5091 1430 5148 Ecclesize
1459 5107 1592 5162 pace
1616 5130 1632 5157 ,
1662 5091 1945 5147 subvenite

359 5189 548 5242 ovibus
605 5188 795 5242 vestris
827 5226 844 5250 ,
887 5183 998 5253 jam
1055 5189 1308 5252 tanquam
1356 5183 1602 5251 luporum
1650 5182 1944 5236 terroribus

362 5277 596 5345 pavidis,
621 5291 740 5345 qua:
769 5290 864 5330 vos
893 5277 1035 5345 ipsos
1083 5275 1301 5344 insuper
1331 5274 1497 5328 nimio
1526 5281 1714 5341 utpote
1743 5285 1946 5341 pavore

361 5368 414 5422 ia
461 5367 815 5420 alternantem
863 5365 1203 5419 circumactae
1253 5361 1680 5418 convertibuium
1731 5361 1939 5414 timent.

362 5455 486 5512 Ideo
515 5457 819 5512 dubitantes
846 5455 1044 5525 partim
1072 5455 1350 5509 venientes
1375 5494 1390 5518 ,
1421 5453 1615 5522 partim
1636 5467 1766 5507 vero
1791 5465 1942 5505 rece-

361 5554 552 5610 dentes
575 5593 591 5619 ,
620 5555 758 5610 sicut
785 5554 1045 5622 veniunt,
1072 5553 1150 5608 sic
1179 5559 1540 5615 revertuntur,
1571 5561 1626 5604 et
1649 5565 1864 5620 semper
1893 5549 1945 5603 in

365 5663 566 5719 pavore
586 5659 728 5701 sunt.
760 5648 1120 5712 Quamobrem
1148 5655 1297 5701 utere
1323 5646 1470 5711 veri,
1494 5664 1527 5699 o
1557 5659 1691 5714 papa
1718 5686 1732 5710 ,
1766 5653 1949 5712 pasto-

438 5791 464 5820 ι
503 5780 702 5850 Spiritu
726 5790 924 5838 sancto.
948 5781 1110 5840 Deest
1129 5782 1354 5836 dictante
1377 5822 1392 5852 ,
1416 5789 1505 5834 aut
1533 5777 1658 5848 quid
1684 5776 1873 5832 simile.

2049 4629 2248 4685 rendus
2283 4629 2386 4684 erit
2425 4637 2697 4700 pastorum
2723 4667 2738 4694 ,
2770 4627 3096 4697 vigilandum
3138 4633 3224 4681 est
3249 4624 3548 4694 diligenter,
3581 4623 3634 4678 id

2047 4731 2129 4777 est
2153 4763 2167 4788 ,
2197 4721 2592 4791 prmdicandum
2619 4728 2703 4775 est
2743 4719 3049 4788 frequenter
3076 4718 3300 4774 verbum
3343 4713 3556 4771 Domini
3601 4729 3635 4769 a

2045 4814 2352 4886 pastoribus
2370 4855 2386 4880 ,
2417 4813 2623 4868 scilicet
2651 4811 2900 4868 Ecclesia:
2925 4851 2942 4879 ,
2971 4809 3401 4880 speculatoribus
3427 4814 3486 4861 et
3512 4821 3634 4860 ma-

2048 4907 2226 4976 gistris
2250 4949 2264 4974 ,
2297 4915 2356 4961 ut
2403 4905 2579 4962 nullus
2621 4914 2807 4975 pereat
2853 4917 2949 4974 per
2977 4902 3355 4971 ignorantiam.
3383 4898 3440 4955 Si
3488 4897 3636 4953 enim

2048 5014 2146 5071 per
2173 4998 2475 5053 socordiam
2505 4996 2763 5068 perierit,
2805 5010 2934 5050 suus
2961 4994 3176 5063 sanguis
3197 4994 3250 5048 in
3289 5007 3445 5048 suum
3473 4999 3639 5061 caput

2049 5089 2401 5160 reputabitur.

2121 5182 2185 5236 V.
2227 5180 2332 5237 Sed
2360 5197 2454 5236 cur
2476 5181 2591 5235 lucc
2619 5178 2921 5234 mordacius
2949 5176 3036 5231 diu
3060 5173 3309 5230 omnibus
3330 5179 3456 5226 uota
3485 5185 3641 5225 com-

2050 5272 2479 5336 memoraverim,
2511 5271 2564 5324 in
2594 5269 2850 5338 subjectis
2877 5267 3211 5322 subnectam.
3244 5263 3471 5316 Faciunt
3492 5261 3638 5316 enim

2052 5372 2108 5418 et
2161 5362 2274 5417 hzcc
2326 5360 2391 5415 ad
2441 5359 2718 5429 pr0posita
2764 5355 3120 5425 suggestionis
3158 5354 3345 5424 prima
3395 5364 3636 5419 genera:

2049 5455 2210 5523 ligata
2263 5467 2493 5520 namque
2541 5458 2668 5505 sunt
2721 5449 2880 5503 simul
2937 5455 3203 5516 utraque:
3254 5458 3321 5497 ex
3372 5440 3454 5496 his
3491 5439 3638 5494 enim

2050 5546 2287 5618 pendent
2313 5545 2399 5598 illa
2429 5561 2443 5607 ;
2472 5550 2527 5598 et
2569 5541 2688 5595 ideo
2719 5539 2816 5593 ista
2847 5539 3077 5608 primum
3110 5531 3439 5604 amputanda
3469 5538 3637 5594 sunt;

2054 5653 2157 5692 non
2190 5637 2331 5690 enim
2361 5642 2516 5688 curat
2561 5632 2628 5685 de
2659 5645 2843 5685 errore
2867 5669 2881 5693 ,
2909 5629 3001 5698 qui
3049 5643 3155 5682 nou
3205 5632 3359 5678 curat
3399 5621 3466 5675 de
3507 5620 3640 5674 reli-

2126 5771 2151 5809 ιδ
2197 5771 2316 5824 Tute
2339 5787 2442 5822 sem
2489 5766 2557 5822 Et
2580 5767 2679 5823 ταις
2701 5783 2825 5822 δεηι.
2854 5765 2977 5820 Mox
3005 5779 3131 5820 vero
3154 5761 3256 5831 leg.
3290 5772 3466 5830 greges
3490 5772 3635 5810 suos.
