3932 6184
283 328 397 385 ΥΠ

1237 323 1591 382 EPISTOLE
1628 323 1721 379 AD
1760 321 2114 381 DIVERSOS.
2159 352 2225 365 -
2266 323 2483 381 Ei’lST.
2531 326 2592 379 V.

3460 333 3528 385 27
3533 333 3569 388 3

284 443 449 513 sicne
474 480 492 505 ,
519 437 610 493 hic
653 450 887 506 namque
930 443 1077 492 totus
1125 437 1371 492 consistit
1416 450 1554 505 agon
1578 477 1594 502 ,
1616 436 1713 497 hic
1757 443 1869 489 tota
1896 438 1949 497 Δ
1972 435 2202 506 prmliari
2222 416 2528 507 spirituales
2553 439 2731 496 duces
2746 442 3023 513 conspexi,
3057 450 3112 497 et
3140 459 3363 513 sperans
3392 446 3444 501 in
3475 463 3544 502 an

283 541 399 591 stat
425 545 593 587 causa
614 569 632 597 ,
662 528 753 584 hic
782 529 872 584 ille
898 529 1106 601 gladius
1130 527 1209 583 bis
1235 537 1417 583 acutus
1441 527 1644 601 (Apoc.
1676 543 1691 582 i
1718 564 1736 588 ς
1769 526 1836 581 16
1862 527 1880 596 )

286 624 587 695 pertingens
617 636 777 691 usque
804 618 874 673 ad
897 618 1201 673 divisionem
1229 619 1402 672 carnis
1428 626 1477 672 et
1496 618 1719 684 animm,
1744 632 1883 670 com-

285 731 481 787 Ροφυκ
503 755 519 782 ι
544 712 888 767 manarum
913 753 929 778 ,
957 711 1044 781 qui
1078 720 1157 765 est
1185 710 1440 765 discretor
1463 708 1633 763 cordis
1662 718 1712 761 et
1738 707 1883 778 cogi-

283 808 546 861 tationum
572 802 854 874 (Πείθων,
885 800 973 867 12)
1004 815 1175 870 usque
1201 799 1271 856 ad
1297 816 1361 857 os
1378 799 1738 855 debetsecare
1762 813 1887 853 ner-

289 915 405 955 vos.
458 897 598 955 llinc
660 895 773 950 sale
820 893 1001 949 divino
1048 908 1219 948 sermo
1282 898 1474 947 noster
1519 888 1757 945 conditus
1809 896 1885 943 est

285 988 514 1061 (Coloss.
537 1004 609 1053 tv,
637 986 695 1056 6)
724 986 743 1057 (
773 999 935 1041 omne
962 998 1158 1055 nempe
1187 981 1508 1039 sacrificium
1534 980 1650 1037 sale
1678 980 1889 1051 aspergi

288 1090 619 1152 praeceptum
641 1078 784 1147 est);
825 1077 953 1133 hinc
977 1075 1223 1132 scintillae
1245 1077 1313 1131 de
1342 1074 1435 1131 illo
1461 1073 1645 1130 divino
1674 1072 1885 1146 [SuppL

287 1175 415 1243 igne
442 1172 493 1243 ],
513 1186 674 1241 quem
705 1168 964 1223 Dominus
984 1167 1042 1223 in
1068 1175 1268 1222 terram
1293 1166 1511 1221 mittere
1538 1163 1729 1235 venit(
1756 1161 1884 1217 Luc.

289 1280 363 1319 an
390 1305 409 1332 ,
436 1262 547 1333 49)
578 1260 972 1316 descendentes
1021 1256 1342 1314 eomburant
1386 1257 1587 1325 lignum
1608 1298 1625 1325 ,
1648 1256 1847 1313 frenum
1869 1299 1886 1324 ,

284 1357 544 1428 stipulam
568 1354 630 1426 (ι
659 1352 783 1409 Cor.
815 1367 871 1408 ιιι
893 1392 910 1418 ,
939 1350 1007 1405 12
1031 1352 1048 1422 )
1077 1366 1199 1421 qua:
1225 1351 1369 1407 male
1395 1350 1890 1421 supersediiicantur

284 1464 319 1503 a
371 1447 559 1504 multis
610 1461 776 1516 super
824 1443 1256 1499 fundamentum.
1309 1440 1427 1499 Hoc
1474 1440 1889 1505 admirandum,

284 1556 415 1596 cum
444 1540 606 1594 toties
631 1535 1125 1608 superaediiicamur
1149 1533 1482 1602 Christiani,
1512 1539 1708 1603 praeter
1745 1530 1893 1600 quod

289 1649 445 1687 uento
473 1630 620 1685 aliud
649 1637 813 1701 potest
832 1644 1025 1699 ponere
1046 1668 1063 1692 ,
1088 1635 1278 1695 praeter
1302 1626 1358 1680 id
1385 1626 1522 1697 quod
1546 1626 1769 1695 positum
1791 1631 1890 1688 est,

284 1724 428 1797 quod
451 1730 531 1778 est
544 1722 699 1777 Iesus
727 1720 961 1776 Christus
985 1717 1173 1790 (Ibid.,
1202 1717 1315 1786 ii).
1339 1716 1457 1773 lien
1480 1725 1677 1786 quanta
1698 1715 1893 1785 gehen-

1983 532 2070 581 tea
2107 525 2292 582 videre
2311 525 2565 585 fortiores
2593 531 2983 601 peritioresque
3009 533 3166 602 hujus
3205 537 3381 591 sancti
3435 554 3572 592 con-

1984 614 2161 674 flictus
2188 617 2386 687 duces;
2416 627 2474 677 et
2499 620 2572 677 ita
2602 622 2910 690 inveniens,
2961 641 3025 681 ac
3055 626 3101 681 si
3148 628 3367 696 quidam
3395 632 3573 701 carnpi

1984 706 2163 763 bellici
2186 709 2428 765 roscidus
2455 710 2777 767 cadaverum
2808 727 2875 769 ac
2918 715 3163 770 madidus
3192 720 3315 787 νῶι
3342 733 3574 788 pugnam

1985 796 2405 868 contemplator,
2434 808 2649 870 stupeo,
2678 809 2734 856 et
2757 801 2947 857 dolens
2978 819 3043 859 ac
3069 805 3259 861 timens
3280 847 3297 873 ,
3327 808 3393 863 ad
3416 816 3578 877 teque

1987 894 2193 942 tantum
2216 889 2305 959 qui
2334 890 2490 946 unica
2512 906 2638 961 spes
2658 892 2725 948 de
2744 893 3075 964 principibus
3095 912 3176 966 es,
3201 913 3296 967 per
3316 899 3577 956 honorem

1986 986 2180 1048 petens
2201 977 2345 1035 Petri
2373 981 2606 1051 apostoli
2632 983 2803 1038 sancti
2823 1022 2841 1051 ,
2873 984 3169 1054 respiciens
3196 987 3393 1056 plango
3441 991 3578 1045 tanti

1987 1070 2256 1127 exercitus
2275 1081 2532 1143 stragem.
2560 1074 2667 1131 Sed
2694 1076 2821 1146 quia
2865 1075 3070 1147 fragilis
3124 1080 3321 1149 ingenii
3350 1083 3543 1153 cymba
3560 1122 3580 1149 ,

1990 1180 2098 1220 non
2130 1174 2238 1221 tam
2266 1167 2320 1221 in
2345 1168 2511 1224 altmn
2538 1168 2690 1239 juxta
2723 1171 2945 1227 verbum
2993 1172 3204 1228 Domini
3236 1173 3390 1245 (Luc.
3427 1192 3482 1242 v,
3526 1176 3582 1245 ι)

1988 1257 2147 1312 ducta
2174 1267 2277 1323 est,
2308 1273 2471 1328 quam
2492 1259 2666 1335 adhuc
2688 1261 2742 1316 in
2765 1277 2873 1318 uno
2892 1263 3091 1318 hatreat
3117 1264 3271 1319 loco:
3304 1282 3412 1319 non
3438 1268 3583 1321 enim

1990 1347 2176 1402 charta
2204 1356 2377 1404 totum
2405 1352 2870 1422 comprehendere
2924 1362 3124 1424 potest,
3180 1357 3324 1426 quod
3372 1358 3585 1413 animus

1991 1439 2321 1497 variantibus
2346 1443 2543 1510 causis,
2587 1443 2829 1515 epistola:
2853 1442 3114 1516 angustiis
3140 1449 3464 1505 concludere
3491 1467 3587 1505 voc

1992 1529 2111 1596 luit,
2142 1545 2173 1585 a
2199 1546 2328 1601 rege
2355 1548 2543 1605 rogor,
2572 1544 2631 1590 ut
2656 1536 2967 1605 singillatim
3012 1551 3295 1608 suggeram
3346 1541 3454 1596 tuis
3482 1542 3587 1610 piis

1992 1621 2214 1678 auribus
2234 1624 2316 1678 sui
2340 1625 2614 1692 negotium
2645 1625 2876 1683 doloris:
2908 1629 3065 1683 dolor
3091 1645 3323 1700 namque
3352 1648 3482 1687 suus
3504 1641 3586 1690 est

1994 1710 2223 1766 schisma
2252 1714 2436 1782 populi
2457 1730 2556 1784 pro
2578 1717 2785 1785 regina,
2817 1733 2915 1787 pro
2939 1719 3070 1787 lilio,
3119 1717 3258 1776 forte
3284 1730 3340 1776 et
3377 1737 3476 1793 pro
3522 1739 3586 1779 se

290 1831 375 1871 rue
422 1811 667 1869 fomenta
711 1811 913 1881 ubique
958 1815 1333 1880 praeparantur
1360 1806 1429 1864 de
1467 1807 1551 1863 his
1592 1805 1892 1863 infelicibus
1922 1814 1970 1876 Β
1997 1803 2117 1872 ipso
2144 1820 2158 1869 ;
2184 1802 2353 1861 fertur
2397 1806 2541 1862 enim
2569 1806 2788 1876 dixisse,
2842 1809 2890 1864 si
2916 1820 3124 1866 certum
3180 1813 3347 1868 sciret
3390 1822 3447 1870 et
3474 1815 3588 1884 ipse

286 1904 532 1961 aediliciis
548 1944 567 1972 ,
594 1917 762 1973 super
786 1915 908 1971 qua:
934 1898 1296 1956 comburenda
1342 1913 1526 1955 sermo
1564 1898 1656 1953 ille
1682 1896 1893 1953 scintil-

290 1995 413 2049 lans
458 1993 676 2049 Domini
722 1989 1060 2047 descendens
1109 1988 1179 2044 de
1224 1988 1457 2046 incendii
1508 1988 1650 2044 illius
1677 2002 1895 2058 semper

292 2086 403 2141 vivi
431 2084 797 2140 immensitate
831 2080 1029 2138 cecidit
1053 2080 1324 2137 dicendo:
1350 2079 1611 2134 Attendite
1638 2077 1809 2141 vobis,
1830 2092 1897 2132 ne

288 2177 427 2245 {orte
451 2181 799 2244 aggrauentur
823 2173 982 2226 corda
1007 2181 1175 2225 vestra
1202 2169 1257 2224 in
1277 2171 1516 2240 crapula,
1545 2178 1596 2224 et
1629 2168 1892 2234 ebrietate,

288 2273 339 2317 et
395 2263 537 2317 euris
580 2261 735 2332 Intjus
780 2262 937 2327 vita,
968 2268 1020 2315 et
1070 2261 1399 2330 superveniat
1422 2261 1477 2314 in
1526 2276 1613 2315 vos
1656 2259 1768 2314 dies
1802 2258 1894 2313 illa

293 2355 602 2425 repentina:
630 2363 878 2425 tanquam
921 2353 1135 2425 laqueus
1167 2353 1306 2407 enim
1338 2352 1659 2419 superveniet
1694 2352 1749 2404 in
1784 2366 1896 2405 om-

290 2464 383 2503 nes
440 2447 529 2517 qui
583 2444 765 2501 sedent
815 2460 973 2515 super
1019 2444 1209 2516 [aciem
1258 2442 1508 2499 uniuersa:
1546 2451 1702 2498 terra:
1740 2440 1893 2513 (Luc.

290 2554 382 2593 ut
405 2574 424 2601 ,
456 2534 528 2590 34
550 2575 568 2603 ,
597 2534 715 2607 35).

366 2649 457 2704 Vl.
500 2648 664 2704 Vides
688 2663 802 2719 quo
860 2656 1071 2703 terrore
1126 2647 1386 2702 Dominus
1440 2654 1685 2703 nostrum
1740 2661 1897 2718 sopo-

290 2758 410 2798 rem
432 2756 499 2797 ac
519 2739 742 2796 noxium
770 2738 1017 2811 teporem
1046 2739 1116 2794 ad
1146 2738 1502 2808 vigilantiam,
1550 2739 1795 2805 suscitat,
1825 2753 1895 2795 ne

290 2832 553 2902 imparati
585 2831 941 2886 inveniamur.
990 2830 1117 2886 ideo
1167 2843 1270 2899 ego
1297 2829 1443 2885 dixi:
1493 2828 1668 2899 Papa,
1701 2829 1891 2899 vigila:

293 2935 496 2993 tanpus
526 2929 603 2975 est
635 2920 700 2974 de
723 2937 921 2975 sommo
955 2935 1167 2991 surgere
1188 2915 1372 2990 (Rom.
1405 2934 1528 2985 xm,
1560 2918 1685 2989 10):
1716 2918 1898 2975 Domi-

304 3028 413 3069 nus
454 3010 875 3081 appropinquat,
908 3018 962 3064 et
986 3024 1157 3080 prope
1182 3010 1295 3079 jam
1327 3008 1380 3063 in
1410 3008 1518 3065 line
1557 3008 1898 3066 consistimus

292 3104 443 3159 inter
475 3111 725 3172 tempora
756 3100 1077 3172 periculosa.
1100 3099 1238 3156 Ecce
1267 3100 1659 3156 conturbantur
1683 3108 1894 3170 gentes,

1998 1893 2265 1950 crederet.

2071 1985 2205 2041 Vill.
2245 1987 2549 2045 Redeamus
2576 1991 2644 2046 ad
2670 1991 2886 2060 librum,
2917 2007 3078 2062 quem
3102 1995 3257 2063 juxta
3306 1996 3476 2067 ripam
3504 1998 3590 2053 di.-

1997 2076 2256 2133 misimus.
2280 2077 2358 2134 Ne
2387 2079 2549 2148 igitur
2576 2082 2679 2137 hoc
2706 2080 2834 2137 fune
2873 2084 3076 2143 erroris
3118 2086 3429 2155 longissimo
3456 2088 3595 2157 liget.

1997 2168 2135 2222 latro
2161 2169 2413 2239 antiquus
2441 2171 2687 2229 homines
2708 2211 2724 2238 ,
2772 2190 2937 2231 causa
2962 2176 3269 2234 schismatis
3296 2179 3584 2245 incidatur,

1995 2273 2179 2329 quaso
2221 2259 2505 2318 confestim
2554 2279 2586 2319 a
2627 2272 2682 2321 te
2707 2264 2929 2323 cultello
2977 2268 3377 2339 quodammodo
3414 2276 3590 2331 sancti

1997 2351 2164 2420 Petri,
2219 2353 2274 2409 id
2302 2362 2405 2421 est,
2436 2371 2565 2411 vera
2586 2356 2641 2412 in
2692 2359 2904 2429 synodo
2959 2358 3082 2417 fidei
3131 2363 3506 2432 confessione,
3534 2374 3591 2421 et

1995 2442 2372 2500 bmreticorum
2395 2448 2635 2502 omnium
2690 2449 3094 2506 ahominatione
3114 2468 3180 2508 ac
3218 2454 3583 2509 anathemati-

1996 2534 2230 2603 satione,
2260 2543 2318 2590 ut
2334 2536 2562 2592 mundus
2590 2537 2898 2593 cathedram
2922 2538 3068 2595 Petri
3095 2541 3164 2596 ab
3189 2543 3340 2597 omni
3376 2560 3582 2612 errore,

2002 2636 2027 2663 ι·
2060 2626 2306 2693 horrore,
2335 2628 2381 2683 si
2410 2629 2531 2700 quis
2571 2638 2674 2697 est,
2706 2640 2764 2686 ut
2791 2631 2970 2696 aiunt,
3004 2633 3379 2700 intromissus;
3405 2635 3452 2690 si
3481 2651 3593 2692 non

1996 2718 2206 2787 puritas
2253 2729 2577 2789 agnoscatur
2610 2722 2678 2777 ab
2710 2722 2979 2778 omnibus.
3018 2723 3316 2780 Dolendum
3354 2727 3496 2781 enim
3525 2741 3591 2782 ac

1997 2807 2304 2865 dedendum
2350 2820 2452 2876 est,
2481 2812 2526 2867 si
2576 2812 2630 2868 in
2650 2813 2781 2869 sede
2814 2814 3115 2884 apostolica
3167 2816 3301 2873 lides
3328 2818 3591 2873 catholica

2000 2913 2107 2954 non
2129 2906 2360 2955 tenetur.
2391 2902 2495 2955 Sed
2526 2910 2584 2957 ut
2640 2912 2810 2959 totum
2851 2905 3027 2961 dicam
3068 2911 3163 2977 (ne
3222 2909 3428 2964 adulari
3450 2910 3589 2964 ultra

2002 2986 2104 3052 fas,
2129 2987 2290 3041 etiam
2311 2988 2465 3045 vobis
2494 2990 2702 3058 videar)
2729 2992 3018 3049 dolendum
3048 3010 3265 3064 quoque
3311 3005 3397 3052 est
3445 3000 3590 3067 quod

1960 3096 1963 3099 λ
1999 3093 2108 3132 ιιοιι
2131 3093 2226 3133 vos
2251 3080 2460 3148 priores
2488 3095 2587 3151 pro
2610 3081 2730 3136 zelo
2760 3082 2905 3149 fidei,
2929 3093 2988 3138 ut
3013 3083 3241 3140 decebat
3260 3126 3277 3153 ,
3306 3084 3397 3141 diu
3436 3096 3590 3156 parte

296 3168 635 3250 inclinantur
662 3168 862 3263 regna:
904 3191 1026 3248 ideo
1054 3191 1162 3248 cito
1182 3190 1334 3247 dabit
1356 3205 1547 3248 vocem
1578 3168 1730 3247 suam
1754 3190 1892 3246 Alti-

2000 3182 2027 3222 ει
2072 3168 2227 3226 vobis
2254 3170 2539 3226 recedente
2568 3172 2779 3243 (utpote
2807 3175 2899 3244 qui
2930 3185 3254 3246 potestatem
3288 3179 3584 3248 legitirnam

289 3287 499 3351 simus,
531 3293 590 3341 et
618 3284 926 3340 movebitur
955 3292 1120 3340 terra.
1169 3283 1283 3353 Ego
1318 3284 1472 3352 quasi
1502 3282 1722 3339 timidus
1768 3283 1897 3339 dum

294 3392 406 3432 non
434 3378 537 3431 sim
571 3374 725 3430 fortis
754 3374 1010 3442 bellator,
1056 3374 1181 3445 quia
1220 3374 1430 3431 hostem
1471 3374 1899 3431 adversariorum

293 3464 722 3521 circumdedisse
751 3480 850 3521 nos
872 3463 1051 3529 video,
1075 3472 1130 3519 te
1155 3464 1282 3520 licet
1323 3464 1644 3535 importunis
1688 3465 1897 3521 clamo-

291 3558 468 3624 ribus,
493 3567 752 3626 tanquam
775 3554 974 3611 ducum
996 3555 1289 3627 principem
1310 3556 1569 3614 suscitare
1586 3572 1788 3623 conor;
1830 3556 1899 3613 ad

292 3659 352 3705 te
379 3664 613 3717 namque
643 3647 808 3706 totius
821 3649 1093 3704 exercitus
1137 3647 1374 3714 Domini,
1400 3648 1459 3704 in
1495 3663 1689 3719 campo
1717 3648 1899 3719 potius

295 3740 592 3810 torpentis,
620 3754 785 3809 quam
816 3738 1102 3809 pugnantis
1123 3776 1139 3805 ,
1167 3745 1223 3794 et
1242 3738 1433 3809 partim
1459 3738 1626 3810 (quod
1641 3739 1902 3810 lacryma—

295 3830 461 3886 bilius
485 3831 591 3899 est)
621 3827 943 3885 adversariis
968 3829 1152 3900 potius
1178 3844 1370 3886 manus
1386 3829 1582 3896 dantis,
1621 3844 1783 3899 quam
1808 3846 1901 3887 re-

300 3918 568 3984 sistentis,
597 3919 894 3989 periculum
925 3920 1177 3991 pertinet.
1205 3920 1283 3977 Te
1298 3929 1472 3977 totum
1493 3930 1791 3992 exspectat,
1808 3922 1901 3994 qui

297 4017 633 4079 potestatem
681 4008 888 4065 habens
911 4011 1093 4065 omnia
1139 4010 1458 4078 ordinandi,
1490 4012 1687 4068 bellum
1744 4013 1899 4068 insti-

299 4098 512 4162 tuendi,
531 4101 701 4155 duces
721 4100 1008 4165 excitandi.
1038 4115 1188 4156 arma
1218 4101 1417 4174 corripi
1441 4101 1697 4171 jubendi,
1729 4103 1899 4159 aciem

306 4187 704 4257 construendi,
759 4189 915 4245 tubas
943 4189 1180 4260 undique
1206 4191 1454 4257 sonandi,
1485 4200 1760 4248 certamen
1801 4193 1900 4249 de-

302 4295 476 4348 mum,
508 4288 565 4336 te
616 4279 671 4335 in
701 4278 881 4335 fronte
906 4280 1207 4349 gradiente,
1242 4280 1483 4338 ineundi.
1527 4280 1659 4349 Quia
1703 4297 1781 4337 va:
1808 4282 1902 4337 diu

296 4380 530 4442 apparet
560 4371 613 4425 in
646 4372 751 4426 hac
796 4371 1038 4441 regione,
1069 4372 1124 4427 in
1169 4373 1275 4429 hoc
1311 4375 1578 4445 spirituali
1606 4375 1747 4432 bello
1776 4377 1901 4433 victi

298 4482 508 4533 sumus,
540 4467 705 4521 etiam
736 4464 1046 4533 Christiani,
1068 4467 1209 4523 vitiis
1235 4467 1465 4536 primum
1505 4470 1812 4525 carnalibus
1837 4486 1903 4528 ac

2005 3258 2318 3331 habuistis),
2348 3262 2637 3331 continuo,
2666 3273 2882 3321 ostensa
2909 3267 3057 3336 prius
3081 3280 3271 3324 vestrm
3298 3268 3420 3326 fidei
3451 3271 3592 3341 puri-

1999 3358 2112 3407 tate
2163 3352 2564 3410 condemnastis
2586 3394 2603 3420 ,
2644 3371 2747 3412 nec
2788 3358 3297 3416 excommunicastis
3322 3401 3338 3425 ,
3366 3358 3395 3397 ιι
3422 3375 3593 3430 quare

1994 3450 2084 3504 vel
2108 3444 2366 3502 infamare
2392 3448 2618 3503 auderet
2644 3448 2769 3520 ﬁdei
2797 3450 3099 3507 orthodoxa:
3126 3453 3299 3507 sedem
3324 3453 3594 3525 principa-

2002 3538 2133 3593 lem.
2167 3537 2335 3593 Scitis
2358 3538 2501 3594 enim
2521 3555 2684 3609 quam
2709 3557 2848 3596 saava
2879 3542 3343 3600 animadversione
3365 3560 3397 3599 a
3423 3546 3594 3614 patri-

1999 3628 2101 3684 bus
2125 3628 2179 3683 in
2209 3628 2414 3701 synodo
2441 3628 2657 3686 Nicaena
2703 3642 2890 3688 sancta
2918 3632 3156 3689 damnati
3183 3642 3311 3690 sunt
3332 3635 3593 3692 innocen-

2006 3720 2136 3775 tium
2191 3719 2585 3777 criminatores.
2618 3721 2725 3777 Sed
2754 3723 2869 3779 lucc
2914 3725 3136 3793 dicens,
3186 3742 3296 3782 non
3345 3727 3595 3783 nesciens

2002 3810 2201 3865 multas
2242 3824 2364 3867 esse
2382 3826 2575 3868 causas
2600 3812 2655 3866 in
2675 3813 3017 3871 multitudine
3039 3816 3278 3874 clamosa
3323 3825 3380 3873 et
3404 3828 3591 3883 acuta,

2002 3903 2362 3971 tumultuosa,
2392 3919 2513 3975 qua:
2541 3921 2651 3962 non
2679 3906 2996 3981 permittunt
3021 3905 3136 3963 bzec
3162 3906 3234 3963 ad
3261 3923 3455 3978 purum
3496 3924 3592 3963 us-

2001 4012 2110 4067 que
2147 3996 2476 4067 investigari,
2508 4013 2617 4055 non
2647 3998 2771 4068 quia
2799 3998 3099 4063 crederem,
3146 3998 3240 4054 sed
3285 4000 3410 4068 quia
3451 4013 3595 4053 nunc

2004 4091 2117 4147 iieri
2140 4090 2387 4158 debeant,
2410 4091 2543 4148 dixi.
2567 4090 2624 4147 Si
2648 4091 2741 4162 qui
2769 4099 2897 4146 sunt
2921 4092 3151 4147 rebelles
3179 4100 3369 4147 contra
3392 4090 3592 4146 verita-

2004 4192 2113 4239 tem
2145 4183 2311 4239 vestri
2339 4182 2857 4253 comprovinciaies,
2890 4190 3096 4238 tantum
3139 4182 3296 4251 culpa
3350 4181 3593 4236 includat

2003 4273 2141 4339 hos;
2170 4288 2279 4328 non
2303 4272 2449 4327 enim
2476 4272 2652 4341 ignem
2673 4270 2805 4327 ﬂare
2827 4279 3004 4342 potest
3051 4286 3114 4327 os
3159 4271 3331 4326 farina
3368 4279 3459 4325 aut
3489 4271 3592 4325 ali-

2002 4380 2106 4434 qua
2127 4364 2351 4420 materia
2378 4365 2631 4435 plenum:
2662 4364 2839 4419 omnis
2866 4364 3010 4418 enim
3041 4377 3131 4419 res
3175 4363 3387 4417 lmditur
3417 4363 3592 4418 vicina

2002 4456 2409 4513 contrarietate.
2457 4455 2666 4512 idcirco
2693 4470 2889 4525 precor
2926 4470 3026 4510 vos
3050 4471 3149 4525 pro
3178 4454 3422 4510 Christo:
3463 4455 3591 4509 sub-

299 4573 566 4630 pomposa
606 4558 1053 4625 conversatione;
1092 4558 1287 4614 deinde
1340 4558 1462 4615 fidei
1490 4561 1786 4617 vacillantis
1813 4571 1894 4618 te-

2008 4547 2187 4602 venite
2216 4547 2371 4602 fama:
2417 4554 2631 4613 vestrae,
2659 4562 2780 4617 qua:
2806 4546 3073 4602 laceratur
3096 4554 3238 4602 inter
3260 4558 3472 4616 gentes,
3522 4563 3594 4602 nc

306 4664 462 4718 pore,
501 4663 613 4719 qua
640 4646 932 4716 infirmata,
956 4648 1185 4704 inimicis
1211 4650 1433 4719 nostris,
1463 4649 1590 4705 dum
1635 4668 1744 4707 non
1772 4668 1899 4709 sen-

303 4741 496 4804 simus,
551 4740 871 4796 circumdati
916 4755 1102 4796 sumus
1151 4741 1446 4812 triplicibus
1500 4743 1593 4813 qui
1647 4742 1755 4798 dati
1776 4752 1905 4799 sunt

302 4832 464 4888 nobis
515 4832 585 4887 ad
638 4831 931 4887 vindictam
974 4841 1174 4889 nostra:
1229 4832 1520 4890 luxuriosa:
1571 4835 1897 4892 securitatis.

301 4924 557 4980 Omnium
606 4924 751 4979 enim
777 4924 1043 4981 malorum
1072 4939 1234 4982 causa
1263 4932 1348 4982 est
1389 4942 1545 4984 απαξ
1574 4928 1901 4999 prosperita-

307 5016 377 5070 tis
394 5014 683 5071 securitas.

378 5106 489 5161 Vli.
533 5105 720 5173 Miror,
744 5104 938 5172 fateor,
964 5107 1125 5163 talem
1149 5108 1496 5165 securitatem
1520 5126 1533 5175 ;
1570 5117 1627 5164 et
1652 5108 1792 5165 unde
1812 5109 1900 5167 hic

302 5198 523 5254 lcthalis
541 5214 708 5267 sopor
738 5206 883 5253 totos
912 5213 1052 5269 pene
1080 5200 1349 5269 cooperit,
1365 5200 1548 5256 nescio
1569 5216 1688 5270 qua:
1713 5202 1898 5270 corda,

298 5307 427 5358 qua:
448 5307 629 5358 aures,
652 5293 744 5362 qui
771 5308 965 5349 sensus
981 5336 996 5359 ,
1018 5308 1157 5363 quos
1179 5308 1515 5363 nequaquam
1546 5294 1710 5363 ignita
1733 5295 1899 5364 ipsius

306 5380 518 5435 Doriiini
546 5382 714 5437 verba
763 5384 1160 5439 suscitave'runt
1180 5383 1246 5438 ad
1290 5385 1614 5452 vigilantiam
1670 5386 1769 5439 zeli
1812 5386 1899 5455 ju-

298 5474 447 5543 giter
475 5475 753 5541 ferventis,
786 5474 851 5528 ad
880 5482 1250 5545 contemptum
1278 5476 1480 5543 mundi,
1511 5476 1580 5531 ad
1610 5486 1896 5548 pauperta-

299 5576 419 5623 tem
449 5568 669 5634 Christi,
695 5568 837 5624 sicut
855 5569 1047 5625 multas
1068 5580 1255 5639 gentes
1280 5570 1352 5623 ita
1381 5578 1742 5625 asseruerunt.
1784 5569 1896 5640 Ego

299 5660 455 5717 enim
477 5662 545 5717 de
567 5676 813 5719 estremo
839 5663 1039 5718 mundo
1076 5665 1328 5731 veniens,
1389 5667 1478 5721 ubi
1516 5666 1655 5722 bella
1684 5666 1894 5722 Domini

390 5822 409 5848 ο
449 5812 704 5870 Horrore.
724 5812 849 5873 llaec
877 5830 983 5873 vos
1008 5817 1215 5875 videtur
1244 5819 1438 5877 mendo
1462 5821 1760 5891 irrepsisse.

2005 4636 2238 4707 perﬁdiae.
2267 4646 2459 4692 vestra:
2487 4646 2766 4707 reputetur
2792 4639 2861 4693 ab
2904 4637 3129 4703 :cmulis,
3160 4637 3204 4693 si
3238 4637 3470 4708 amplius
3513 4646 3593 4692 ta-

2002 4728 2188 4784 ceatis.
2214 4727 2390 4783 Nolite
2418 4727 2602 4796 itaque
2628 4728 2858 4798 amplius
2905 4727 3268 4794 dissimulare,
3303 4728 3470 4785 nolite
3513 4738 3593 4785 ta-

2003 4833 2156 4884 cere;
2183 4816 2280 4873 sed
2306 4818 2487 4888 potius
2513 4818 2746 4874 emittite
2781 4834 2970 4875 vocem
2999 4819 3113 4875 veri
3138 4819 3395 4885 Pastoris,
3427 4836 3589 4891 quam

2003 4918 2303 4979 agnoscunt
2325 4926 2434 4965 sum
2462 4925 2592 4966 oves
2620 4926 2739 4979 quae
2764 4910 3063 4965 alienorum
3108 4927 3295 4969 vocem
3342 4926 3451 4965 non
3490 4926 3589 4965 au-

2004 5002 2176 5068 diunt,
2198 5000 2292 5056 sed
2311 4998 2519 5070 fugiunt
2546 4999 2613 5055 ab
2635 5016 2700 5056 eo
2728 4999 2909 5071 (locu.
2935 5017 2989 5067 χ,
3012 5000 3063 5067 4,
3092 4999 3167 5072 5).

2074 5112 2164 5168 ΙΧ.
2204 5111 2315 5183 Ego
2342 5113 2533 5181 instiga
2558 5127 2679 5178 vos,
2704 5128 2857 5168 meos
2885 5121 3069 5183 patres
3107 5126 3170 5167 ac
3197 5110 3445 5180 proprios
3488 5124 3587 5178 pa-

2002 5216 2209 5270 tronos,
2239 5206 2305 5259 ad
2335 5204 2710 5274 depellendam
2741 5202 3113 5260 confusionem
3163 5203 3231 5256 de
3266 5202 3404 5257 facie
3450 5201 3587 5255 tilio.

2002 5312 2119 5352 rum
2148 5306 2447 5352 vestrorum
2476 5312 2539 5350 ac
2582 5295 2989 5365 discipulorum,
3017 5295 3109 5364 qui
3133 5309 3231 5363 pro
3263 5292 3416 5347 vobis
3459 5308 3589 5347 con-

2001 5388 2319 5443 funduntur:
2349 5396 2423 5453 et,
2452 5386 2593 5455 (good
2624 5386 2704 5440 his
2727 5385 2900 5455 majus
2923 5394 3024 5447 est,
3045 5394 3103 5439 ut
3130 5384 3302 5451 caligo
3330 5381 3592 5450 suspicio.

2008 5486 2090 5539 nis
2121 5483 2339 5538 tollatur
2381 5482 2449 5538 de
2476 5482 2728 5537 cathedra
2777 5482 2833 5536 S.
2870 5479 3033 5535 Petri.
3084 5478 3212 5534 Inde
3266 5485 3589 5533 conventum

2006 5582 2242 5645 euge,ut
2282 5589 2343 5629 ea
2385 5588 2504 5642 qua:
2531 5573 2684 5627 vobis
2730 5570 3085 5639 objiciuntur,
3147 5569 3420 5640 purgctis;
3479 5584 3588 5625 non

2005 5667 2145 5723 enim
2177 5666 2321 5721 lusus
2357 5679 2543 5720 currus
2564 5663 2715 5717 vobis
2743 5662 3009 5731 objicitur.
3038 5660 3422 5717 limrcticorum
3446 5661 3589 5717 enim

2076 5818 2102 5859 ι
2145 5816 2335 5883 Quare.
2372 5814 2523 5884 Quia,
2564 5814 2649 5871 vcl
2671 5812 2805 5886 quod
2826 5830 2924 5869 non
2952 5831 3140 5886 quare.
3166 5818 3369 5875 —Non
3393 5817 3588 5888 placet.
