3978 6182
322 318 426 373 ετξ)

1532 307 1590 364 S.
1631 300 2022 362 COLUMBANI
2059 301 2349 360 ΑΒΒΑΤΙΞ

3485 301 3591 359 280

322 434 580 504 receptio,
611 439 662 487 ut
695 432 873 498 audio,
895 429 1046 484 vobis
1075 434 1374 498 reputatur,
1395 424 1541 496 quod
1567 423 1730 490 absit,
1758 420 1901 477 credi
1931 419 1983 480 Α
2009 416 2129 482 lius,
2182 417 2274 486 qui
2301 427 2385 472 est
2419 415 2685 481 Christus,
2719 415 2882 470 Pater
2911 429 3090 482 verus,
3121 415 3358 486 agitator
3401 415 3590 486 Israel,

325 541 506 581 verum
537 523 719 586 fuisse,
743 535 861 576 esse
891 519 973 574 vel
1003 517 1138 575 fore.
1167 517 1362 572 Dicunt
1387 516 1529 571 enim
1581 513 1858 584 Eutychen
1883 551 1902 578 ,

321 616 642 678 Nestorium,
667 613 1000 684 Dioscornm,
1017 609 1288 681 antiquos,
1309 617 1365 662 ut
1381 608 1597 672 scimus,
1621 603 1908 660 lnereticos

321 726 351 764 a
373 707 564 776 Vigilio
586 705 636 759 in
658 703 887 776 synodo,
912 702 1094 758 nescio
1110 715 1268 770 quam
1284 699 1467 772 [Forte
1484 696 1634 768 qua],
1651 699 1702 752 in
1716 697 1903 766 quinta

321 805 564 866 receptos
586 795 768 852 fuisse.
786 793 928 849 Ecce
943 807 1161 848 causam
1187 792 1371 859 totius,
1392 788 1902 859 utaiunt,scandali;

316 892 361 945 si
385 899 440 945 et
466 904 562 944 vos
586 889 665 944 sic
691 887 948 957 recipitis,
979 895 1038 941 ut
1061 885 1278 951 dicitur,
1301 893 1396 938 aut
1413 883 1456 939 si
1487 893 1542 939 et
1569 883 1738 953 ipsum
1761 882 1905 950 Vigi-

317 981 445 1036 lium
475 980 626 1037 scitis
649 981 726 1035 sic
747 977 1001 1034 infectum
1031 975 1338 1032 defunctum
1368 974 1548 1040 fuisse,
1571 989 1740 1044 quare
1759 974 1905 1028 illum

317 1082 506 1131 contra
535 1072 920 1130 conscientiam
951 1069 1219 1124 recitatis?
1252 1066 1416 1122 Omne
1443 1067 1607 1131 enim,
1638 1066 1772 1137 quod
1801 1081 1906 1119 non

318 1185 384 1221 ex
404 1167 527 1236 fide,
552 1174 818 1236 peccatum
847 1171 920 1216 est
943 1161 1119 1233 (Rom.
1155 1175 1264 1222 xxv,
1291 1160 1368 1229 ‘5).
1399 1159 1518 1212 .lam
1549 1165 1724 1212 vestra
1746 1156 1905 1225 culpa

319 1266 422 1321 est,
450 1256 495 1309 si
525 1271 620 1311 vos
648 1253 906 1309 deviastis
933 1253 1001 1307 de
1029 1265 1156 1306 vera
1179 1249 1394 1316 fiducia,
1423 1257 1479 1303 et
1505 1247 1727 1318 primani
1748 1246 1905 1316 ﬁdem

316 1349 522 1402 irritam
545 1345 740 1416 fecistis
765 1343 818 1413 (Ι
850 1343 984 1397 Tim.
1017 1357 1071 1406 v,
1103 1339 1232 1409 ηις
1262 1339 1456 1394 merito
1477 1337 1642 1392 vestri
1665 1337 1908 1406 juniores

317 1437 470 1494 vobis
497 1435 768 1500 resistunt,
797 1441 853 1489 et
899 1431 1092 1487 merito
1134 1428 1408 1486 vobiscum
1463 1442 1570 1483 non
1609 1425 1910 1483 communi-

317 1539 463 1595 cant,
492 1530 668 1584 donec
715 1526 1046 1598 perditorum
1075 1521 1335 1578 memoria
1355 1521 1624 1585 deleatur,
1677 1527 1733 1573 et
1762 1517 1905 1572 obli-

317 1622 463 1676 vioni
495 1619 757 1676 tradatur.
784 1617 839 1671 Si
889 1617 1033 1671 enim
1055 1614 1168 1669 haec
1191 1621 1341 1668 certa
1373 1612 1542 1680 magis
1565 1624 1726 1680 quam
1752 1607 1906 1663 fabu-

319 1713 435 1767 losa
475 1718 634 1774 sunt,
682 1721 838 1763 versa
887 1705 1004 1760 vice
1031 1702 1125 1758 lilii
1155 1701 1316 1758 vestri
1347 1700 1403 1754 in
1455 1708 1610 1770 caput
1658 1697 1908 1753 conversi

2010 517 2155 562 trans
2180 507 2499 579 Euriporum
2542 509 2785 573 rheuma,
2829 517 2979 565 trans
3037 507 3358 579 Delphinum
3385 508 3588 577 dorsa,
3687 507 3691 510 ’

2007 613 2156 658 trans
2181 611 2574 671 turgescentem
2601 602 2918 658 dodrantem
2936 643 2952 668 ,
3003 602 3077 657 ad
3107 617 3207 676 nos
3261 617 3297 657 u
3327 617 3432 672 quo
3459 618 3588 674 per-

2006 694 2176 750 venit.
2235 694 2315 749 Ex
2338 705 2465 749 tunc
2500 709 2599 749 vos
2628 694 2806 763 magni
2833 693 2962 749 estis
3001 702 3058 748 et
3109 693 3274 760 clari,
3310 693 3373 748 ct
3417 693 3591 750 Roma

2007 786 2124 856 ipsa
2147 787 2381 842 nobilior
2418 795 2474 843 et
2497 787 2694 842 clarior
2721 795 2833 852 est;
2863 797 2918 842 et
2938 786 2984 841 si
3004 785 3107 842 dici
3127 795 3306 856 potest
3328 826 3343 852 ,
3369 797 3594 857 propter

2009 879 2204 934 Christi
2232 879 2476 949 geminos
2501 879 2777 949 apostolos
2801 879 2945 951 (dico
2972 878 3117 948 ipsos
3139 878 3306 934 omlos
3333 894 3364 932 a
3385 877 3590 948 Spiritu

2007 970 2395 1034 sanctodictos,
2420 969 2514 1024 Dei
2541 969 2766 1037 gloriam
2783 976 3099 1022 enarrantes
3121 966 3292 1040 [PsaL
3309 966 3524 1038 xvnr,2]
3545 971 3590 1036 ),

2007 1061 2078 1116 de
2102 1061 2296 1131 quibus
2316 1058 2542 1115 infertur
2566 1079 2576 1112 :
2608 1059 2672 1113 In
2701 1075 2902 1114 omnem
2942 1068 3132 1112 terram
3153 1059 3310 1112 exiuit
3333 1074 3488 1113 sonus
3507 1075 3593 1113 eo-

2009 1167 2143 1217 rum,
2191 1152 2321 1206 etin
2347 1151 2478 1222 ﬁnes
2499 1149 2639 1206 orbis
2680 1159 2833 1204 terra:
2863 1149 3020 1204 verba
3059 1152 3274 1204 illorum
3318 1149 3506 1223 [lbid.,
3531 1149 3590 1222 5]

2010 1258 2106 1298 vos
2133 1257 2305 1313 prope
2355 1241 2604 1298 uelestes
2627 1240 2777 1303 estis,
2819 1249 2876 1294 et
2921 1238 3092 1294 Roma
3123 1240 3272 1295 orbis
3324 1249 3590 1295 terrarum

2009 1345 2170 1406 caput
2197 1342 2282 1390 est
2323 1332 2702 1398 ecclesiarum,
2729 1331 2879 1386 salva
2904 1329 3007 1386 loci
3038 1330 3323 1386 dominica:
3349 1345 3591 1386 resurre-

2015 1428 2216 1485 ctionis
2255 1426 2511 1496 singulari
2541 1426 2920 1498 prmrogativa.
2947 1424 3017 1479 Et
3053 1426 3172 1481 ideo
3200 1425 3340 1482 sicut
3365 1437 3592 1493 magnus

2010 1518 2186 1575 honor
2214 1526 2395 1572 vester
2421 1525 2504 1572 est
2533 1533 2630 1586 pro
2656 1517 2914 1584 dignitate
2939 1516 3240 1582 cathedrae,
3293 1516 3368 1570 ita
3394 1530 3588 1584 magna

2009 1623 2139 1663 cura
2167 1609 2322 1680 vobis
2343 1609 2642 1664 necessaria
2671 1615 2777 1672 est,
2807 1615 2865 1661 ut
2915 1621 3024 1662 non
3077 1607 3315 1677 perdatis
3353 1614 3589 1661 vestram

2011 1704 2324 1774 dignitatem
2347 1712 2568 1774 propter
2617 1702 2848 1771 aliquam
2905 1701 3332 1772 perversitatem.
3381 1699 3592 1755 Tandiu

317 1813 462 1869 sum,
490 1819 578 1857 υοδ
606 1816 725 1856 vero
773 1800 830 1853 ίη
882 1796 1102 1851 caudam
1150 1792 1328 1866 (θεῖαι
1386 1809 1572 1856 XXVIII.
1601 1789 1729 1860 44);
1759 1790 1902 1859 (ιυού
1939 1797 1980 1858 Β
2007 1796 2150 1851 enim
2182 1801 2421 1864 potestas
2457 1793 2598 1865 apud
2617 1809 2711 1850 vos
2733 1794 2855 1861 erit,
2877 1793 3114 1864 quandiu
3143 1801 3290 1848 recta
3316 1793 3454 1848 ratio
3475 1808 3594 1862 per-

317 1897 482 1952 ctiam
513 1895 615 1949 dici
648 1894 804 1949 dolor
824 1899 939 1947 est;
971 1890 1093 1945 ideo
1121 1897 1176 1944 et
1197 1886 1360 1942 vestri
1397 1895 1554 1940 erunt
1571 1883 1783 1954 judices
1813 1883 1904 1952 qui

2003 1887 2290 1942 manserit:
2324 1886 2413 1941 ille
2441 1887 2586 1941 enim
2617 1893 2798 1941 certus
2827 1885 2977 1954 regni
3005 1883 3264 1939 crelorum
3299 1883 3588 1938 clavicula-

317 1999 533 2054 setnper
557 1983 918 2038 orthoJoxam
972 1979 1131 2034 tidem
1179 1983 1549 2039 servaverunt,
1599 1973 1905 2042 quicunque
2002 1980 2114 2034 rius
2141 1987 2242 2045 est,
2275 1979 2366 2048 qui
2397 1976 2570 2046 dignis
2591 1993 2686 2048 per
2705 1991 2886 2031 veram
2914 1975 3193 2031 scientiam
3216 1975 3409 2044 aperit,
3425 1982 3481 2028 et
3503 1975 3588 2028 in-

318 2078 392 2132 illi
418 2075 634 2142 fuerint,
657 2073 867 2129 etiamsi
892 2072 1137 2142 juniores
1153 2070 1317 2125 vestri
1351 2068 1647 2125 videantur.
1676 2065 1778 2135 ipsi
1808 2081 1905 2119 au—
2003 2074 2179 2144 dignis
2204 2073 2425 2130 claudit.
2452 2072 2724 2142 Alioquin,
2751 2072 2795 2127 si
2823 2069 3094 2126 contraria
3117 2067 3322 2135 fecerit,
3350 2082 3591 2138 necape-

320 2177 427 2222 tem
449 2166 746 2223 orthodoxi
768 2175 826 2220 et
851 2165 963 2222 veri
993 2163 1375 2234 catholici,qui
1398 2176 1574 2230 neque
1598 2159 1917 2222 lucretlcos,

317 2273 496 2328 neque
521 2269 805 2328 suspectos
833 2256 1045 2326 aliquos
1068 2256 1358 2326 aliquando
1386 2262 1704 2324 receperunt
1732 2266 1906 2320 neque

316 2351 697 2417 defenderunt,
726 2349 820 2411 sed
866 2349 922 2403 in
965 2347 1085 2404 zelo
1113 2363 1255 2404 vera:
1307 2346 1430 2402 fidei
1473 2352 1901 2416 permanserunt.

316 2444 374 2497 Si
406 2443 569 2512 igitur
595 2450 652 2497 et
679 2441 766 2496 isti
813 2456 921 2496 non
954 2442 1089 2494 tales
1132 2439 1260 2505 sint,
1304 2445 1363 2492 ut
1410 2436 1655 2493 seniores
1695 2434 1904 2500 ordine,

319 2536 473 2606 culpa
506 2545 687 2590 tamen
717 2534 952 2605 majores
979 2533 1127 2605 juste
1167 2532 1435 2603 judicent,
1466 2530 1715 2586 certatim
1765 2529 1906 2584 invi-

320 2642 437 2684 cem
470 2627 684 2684 veniam
706 2641 804 2696 pro
829 2633 940 2680 tam
982 2626 1142 2694 longa
1167 2622 1443 2679 discordia.
1463 2621 1822 2692 postulantes,
1854 2627 1911 2675 et

321 2718 532 2787 utrique
555 2717 760 2771 nullum
791 2724 979 2772 contra
1001 2715 1266 2771 rationem
1294 2711 1662 2778 defendentes,
1695 2727 1794 2766 nec
1815 2726 1912 2766 vos

321 2810 634 2878 hmreticos,
669 2825 770 2864 nec
797 2809 872 2863 illi
895 2815 1196 2878 suspectos,
1227 2821 1336 2878 quo
1379 2807 1593 2876 utrique
1643 2803 1911 2875 culpabile

320 2899 548 2954 celerius
575 2897 924 2954 concordare.

391 2988 458 3045 Χ.
527 2989 635 3045 Sed
694 2989 970 3058 indulgete
1043 2988 1174 3043 mihi
1229 2987 1353 3043 talia
1417 2986 1735 3058 confragosa
1789 2987 1912 3042 loca

321 3090 346 3117 ιι
367 3081 690 3147 transnanti,
711 3081 757 3135 si
777 3095 884 3150 qua
915 3079 1212 3136 forinsecus
1230 3079 1393 3136 verba
1420 3094 1577 3134 aures
1604 3080 1721 3149 pias
1742 3078 1914 3134 offen-

2003 2167 2132 2232 rire,
2170 2180 2268 2221 nec
2298 2165 2552 2221 claudere
2581 2164 2802 2234 poterit.

2076 2253 2166 2309 Xl.
2207 2255 2343 2310 Cum
2373 2256 2486 2310 hmc
2515 2254 2675 2322 igitur
2703 2268 2827 2308 vera
2857 2251 2968 2308 sint
2991 2261 3049 2309 et
3083 2251 3200 2308 sine
3239 2251 3345 2306 ulla
3374 2260 3596 2308 contra—

2007 2345 2247 2401 dictione
2272 2345 2342 2401 ab
2385 2345 2636 2402 omnibus
2681 2359 2808 2401 vera
2851 2345 3186 2414 sapientibus
3227 2352 3448 2414 recepta
3483 2343 3596 2398 sint

2009 2438 2158 2508 (licet
2186 2438 2436 2494 omnibus
2463 2443 2650 2493 notum
2673 2445 2775 2505 est,
2798 2448 2854 2492 et
2870 2452 3030 2492 nemo
3053 2435 3211 2510 [Add.
3239 2435 3330 2510 sit]
3353 2436 3444 2508 qui
3464 2451 3593 2491 nes-

2007 2527 2116 2582 ciat
2143 2528 2376 2596 qualiter
2399 2526 2646 2582 Salvator
2672 2535 2859 2583 noster
2885 2536 3070 2582 sancto
3099 2527 3260 2582 Petro
3280 2527 3430 2597 regni
3476 2540 3591 2581 caa-

2009 2616 2183 2673 lorum
2212 2602 2441 2686 cpntulit
2464 2618 2668 2688 claves)
2694 2626 2750 2673 et
2777 2632 2876 2673 vos
2902 2632 2999 2687 per
3027 2617 3133 2672 hoc
3161 2616 3304 2672 forte
3345 2616 3594 2688 superci-

2011 2707 2203 2764 liosum
2233 2709 2416 2763 nescio
2439 2707 2585 2776 quid,
2610 2722 2720 2777 pra:
2756 2707 2965 2762 ueteris
2985 2706 3136 2761 vobis
3161 2705 3383 2775 majoris
3404 2711 3598 2760 aucto-

2011 2799 2206 2865 ritatis,
2262 2813 2328 2854 ac
2382 2799 2434 2853 in
2479 2799 2673 2855 divinis
2725 2801 2889 2856 rebus
2941 2793 3232 2868 potestatis
3271 2795 3595 2862 vindicatis;

2013 2889 2272 2946 noveritis
2295 2889 2559 2945 minorem
2589 2889 2704 2945 fore
2725 2897 3047 2960 potestatem
3067 2896 3302 2943 vestram
3323 2889 3466 2957 apud
3487 2885 3598 2941 Do-

2016 2983 2243 3051 minum,
2272 2981 2322 3036 si
2349 2983 2435 3036 vel
2461 2982 2711 3050 cogitatis
2739 2982 2844 3038 hoc
2869 2981 2923 3036 in
2952 2979 3203 3036 cordibus
3222 2978 3415 3034 vestris
3439 2979 3599 3048 :quia

2015 3077 2196 3130 unitas
2222 3075 2344 3129 lidei
2375 3075 2429 3130 in
2458 3084 2574 3130 toto
2603 3073 2737 3128 orbe
2765 3074 3022 3128 unitatem
3061 3070 3192 3126 fecit
3217 3070 3505 3141 potestatis
3543 3075 3600 3123 et

321 3181 538 3242 derunt,
567 3176 693 3244 quia
742 3174 1141 3242 consequentia:
1168 3169 1592 3246 [consequentis]
1640 3170 1782 3225 ratio
1827 3169 1913 3224 bi-
1939 3177 1984 3237 ε
2015 3167 2410 3237 praerogativae;
2441 3168 2514 3221 ita
2536 3175 2597 3221 ut
2623 3165 2845 3220 libertas
2875 3156 3082 3220 veritati
3110 3163 3308 3232 ubique
3332 3161 3401 3217 ab
3422 3159 3600 3217 omni-

322 3269 504 3324 storia:
532 3268 662 3322 nihil
689 3281 777 3320 me
803 3267 870 3321 de
891 3268 1192 3335 quaestione
1212 3264 1486 3335 praeterire
1513 3262 1811 3334 permittit,
1856 3269 1914 3317 et

322 3356 544 3412 libertas
564 3363 803 3425 paterna:
824 3354 1253 3421 consuetudinis,
1281 3361 1339 3407 ut
1363 3355 1438 3408 ita
1465 3351 1660 3414 dicam,
1693 3364 1780 3406 me
1816 3366 1916 3406 au-

324 3448 454 3502 dere
482 3461 549 3502 ex
578 3453 732 3517 parte
753 3444 898 3500 facit.
929 3443 1047 3500 Non
1069 3446 1211 3500 enim
1237 3443 1378 3514 apud
1423 3458 1523 3498 nos
1552 3457 1782 3512 persona
1817 3442 1916 3498 sed
1969 3451 1974 3458 ’

325 3537 466 3593 ratio
491 3537 668 3592 valet:
702 3527 856 3591 amor
877 3545 1058 3592 autem
1086 3535 1234 3606 pacis
1259 3533 1585 3605 evangelicae
1631 3541 1804 3590 totum
1825 3548 1915 3590 me

324 3631 508 3687 dicere
531 3629 700 3700 cogit,
733 3636 791 3682 ut
817 3628 970 3684 vobis
990 3627 1062 3684 sit
1089 3637 1277 3697 stupor
1299 3626 1564 3681 ambobus
1589 3667 1604 3694 ,
1655 3625 1747 3694 qui
1775 3638 1916 3680 unus

325 3725 523 3781 chorus
551 3739 672 3780 esse
695 3723 978 3790 debuistis,
999 3723 1023 3760 δ
1043 3721 1356 3792 magnitudo
1381 3720 1760 3778 sollicitudinis
1781 3734 1914 3774 mea:

327 3832 428 3887 pro
459 3817 784 3881 concordia,
827 3830 959 3886 pace
988 3822 1188 3870 vestra.
1229 3813 1292 3867 Si
1319 3813 1466 3868 enim
1511 3813 1709 3882 patitur
1752 3826 1912 3865 unum

327 3910 629 3973 membrum,
653 3909 996 3978 compatimur
1026 3905 1450 3978 [compatiuntur]
1479 3907 1656 3960 omnia
1684 3903 1917 3958 membra

330 4000 382 4072 (ι
413 4000 536 4054 Cor.
561 4015 650 4065 xu,
684 3997 797 4069 26).
829 3998 938 4052 Nos
961 3998 1128 4065 enim,
1160 4006 1216 4051 ut
1241 4005 1367 4052 ante
1395 3997 1528 4061 dixi,
1557 3997 1791 4052 devincti
1819 4011 1914 4050 su-

331 4108 451 4147 mus
486 4092 756 4146 cathedrae
776 4089 833 4144 S.
861 4089 1039 4144 Petri:
1064 4089 1189 4144 licet
1217 4089 1361 4144 enim
1394 4088 1563 4144 Roma
1589 4102 1784 4158 magna
1834 4097 1918 4144 est

329 4196 385 4240 et
416 4185 663 4254 vulgata;
706 4199 801 4256 per
828 4183 986 4239 istam
1029 4181 1346 4238 cathedram
1372 4190 1581 4238 tantum
1629 4182 1772 4254 apud
1815 4198 1916 4238 nos

327 4284 414 4332 est
439 4289 629 4345 magna
652 4283 708 4330 et
735 4274 902 4330 clara.
944 4272 1262 4345 Quanquam
1293 4274 1438 4329 enim
1465 4273 1718 4329 Ausonici
1741 4273 1913 4329 deco-

329 4365 424 4430 ris,
456 4381 519 4422 ac
537 4367 582 4422 si
607 4366 1038 4437 augustissimum
1061 4365 1330 4435 quoddam
1353 4409 1368 4433 ,
1399 4380 1462 4422 ac
1487 4365 1703 4422 aetheris
1725 4363 1917 4435 procul

329 4455 630 4524 seiunctum
683 4457 988 4513 climatibus
1027 4457 1345 4526 promiscuis
1371 4499 1387 4524 ,
1448 4457 1594 4512 urbis
1643 4456 1914 4528 quondam

2015 3261 2116 3317 bus
2143 3261 2321 3328 ΰειιιτ,
2350 3269 2407 3315 et
2433 3260 2610 3314 aditus
2635 3258 2808 3313 errori
2835 3257 2906 3312 ab
2926 3255 3177 3312 omnibus
3225 3253 3472 3310 similiter
3499 3251 3600 3307 ab-

2017 3363 2283 3425 negatur:
2317 3353 2440 3422 quia
2463 3349 2731 3406 confessio
2751 3357 2901 3405 recta
2949 3348 3112 3404 etiam
3142 3353 3330 3401 sancto
3380 3343 3602 3414 privile-

2015 3447 2163 3517 gium
2217 3446 2364 3501 dedit
2417 3443 2768 3500 claviculario
2803 3439 3074 3498 communi
3097 3441 3339 3494 omnium
3382 3437 3602 3502 Nonno,

2017 3538 2178 3592 liceat
2200 3537 2365 3591 etiam
2375 3534 2678 3604 junioribus
2705 3533 2900 3590 vestris
2927 3531 3218 3587 sollicitare
3243 3543 3344 3583 vos
3361 3541 3462 3598 pro
3480 3528 3604 3582 zelo

2019 3627 2163 3692 lidei,
2182 3643 2280 3696 pro
2296 3642 2484 3686 amore
2502 3625 2671 3697 pacis,
2688 3638 2788 3695 pro
2811 3621 3065 3678 Ecclesia:
3080 3621 3288 3676 unitate
3300 3619 3605 3675 communis

2018 3720 2226 3783 matris,
2254 3732 2375 3787 qua:
2414 3719 2664 3772 nimirum
2711 3715 2849 3769 intra
2899 3713 3102 3768 viscera
3133 3725 3287 3766 more
3340 3708 3605 3764 Rebecca:

2020 3811 2174 3883 (Cen.
2206 3826 2331 3875 xxv,
2353 3809 2470 3879 22.)
2489 3807 2811 3876 discerpitur
2831 3812 3095 3869 materna,
3124 3811 3180 3857 et
3200 3802 3348 3858 dolet
3365 3815 3464 3871 pro
3483 3800 3605 3855 rixa

2019 3921 2084 3960 ac
2098 3903 2354 3959 intestino
2366 3901 2508 3956 bello
2521 3900 2749 3954 liliorum
2763 3913 3006 3966 suorum,
3023 3905 3078 3952 et
3099 3905 3286 3952 intesta
3307 3895 3454 3964 luget
3467 3893 3607 3949 divi-

2019 3994 2226 4050 sionem
2244 3993 2506 4047 viscerum
2527 4005 2768 4045 suorum.
2790 3987 3060 4058 Lacrymis
3080 3987 3133 4042 in
3153 3987 3236 4042 his
3246 4002 3381 4056 opus
3401 3995 3482 4041 est
3499 4000 3610 4039 ma-

2018 4090 2128 4158 gis,
2151 4101 2311 4156 quarn
2334 4085 2533 4140 verbis.
2557 4081 2844 4150 Quomodo
2867 4079 3144 4151 praevaluit
3164 4079 3412 4134 inimicus
3449 4076 3608 4131 Chri-

2019 4179 2177 4233 stiani
2206 4177 2438 4233 nominis
2460 4183 2584 4246 post
2606 4173 2722 4229 Filii
2753 4173 2848 4229 Dei
2871 4171 2986 4226 viva
3007 4173 3196 4238 verba,
3211 4178 3333 4240 post
3359 4167 3607 4236 Evange-

2018 4271 2214 4328 liorum
2255 4268 2661 4340 plenitudinem,
2715 4273 2838 4336 post
2886 4262 3236 4334 apostolicam
3267 4261 3608 4328 doctrinam,

2018 4374 2143 4437 post
2171 4363 2497 4420 ne0tericam
2522 4361 2948 4416 orthodoxorum
2969 4365 3247 4413 auctorum
3261 4354 3608 4424 scripturam,

2021 4457 2116 4527 qui
2139 4458 2208 4512 de
2229 4471 2372 4510 novo
2401 4470 2466 4509 ac
2494 4453 2662 4509 veteri
2701 4459 3039 4508 sacramenta
3069 4449 3192 4504 lidei
3233 4447 3448 4502 diverso
3495 4459 3610 4499 ser-

330 4547 560 4602 conditm
589 4563 802 4614 nomen,
838 4550 1002 4605 nimio
1031 4547 1217 4606 favore
1263 4550 1503 4605 omnium
1560 4565 1731 4621 prope
1777 4563 1911 4619 gen-
1942 4555 1998 4618 D
2023 4565 2183 4604 mone
2211 4547 2580 4619 aperuerunt?
2608 4543 2818 4614 Corpus
2844 4542 3040 4598 Christi
3066 4539 3324 4603 dividere,
3353 4546 3411 4593 et
3436 4550 3610 4591 mem-

330 4640 490 4708 tium,
522 4639 772 4708 totis-per
789 4641 1002 4708 orbem,
1047 4657 1219 4711 usque
1247 4641 1301 4696 in
1349 4641 1573 4698 occidua
1607 4651 1916 4698 transrnun-

331 4733 486 4788 diahs
512 4733 693 4788 limitis
718 4733 860 4802 loca,
891 4733 1247 4789 triundalibus
1265 4735 1557 4802 saltuatim,
1581 4736 1706 4792 licet
1725 4737 1923 4807 hyper-

331 4825 528 4891 bolice,
577 4825 749 4895 pelagi
805 4825 1102 4881 vorticibus
1161 4825 1398 4895 undique
1473 4830 1921 4894 consurgentibus

335 4920 554 4989 (mirum
607 4918 810 4980 dictu!)
837 4957 852 4983 ,
883 4934 992 4973 non
1050 4918 1457 4988 prohibentibus
1506 4919 1665 4986 longe
1708 4919 1921 4988 lateque

332 5013 608 5079 vulgatum
647 5018 765 5076 est;
793 5024 862 5064 ex
899 5023 967 5064 eo
989 5018 1167 5064 tamen
1197 5019 1482 5080 tempore,
1532 5025 1644 5080 quo
1676 5009 1819 5065 Deus
1865 5019 1922 5065 et

338 5103 434 5158 Dei
457 5102 495 5157 F
500 5103 622 5158 ilius
651 5117 772 5158 esse
798 5101 1056 5172 dignatus
1079 5110 1181 5167 est,
1206 5118 1272 5159 ac
1317 5103 1371 5157 in
1426 5102 1638 5160 duobus
1684 5104 1790 5159 illis
1819 5103 1924 5159 fer-
1957 5159 1960 5164 .

335 5195 658 5252 ventissimis
687 5194 780 5249 Dei
807 5192 1040 5264 Spiritus
1061 5195 1233 5266 equis,
1261 5192 1424 5251 Petro
1452 5195 1657 5251 scilicet
1676 5204 1732 5249 et
1753 5193 1922 5252 Paulo

336 5285 596 5356 apostolis
645 5285 896 5356 (quorum
939 5285 1104 5340 chara
1153 5287 1376 5356 pignora
1433 5302 1529 5342 vos
1568 5286 1752 5341 felices
1783 5287 1926 5344 fece-

335 5379 508 5448 runt),
538 5393 636 5449 per
680 5393 828 5432 mare
873 5379 1112 5447 gentium
1160 5378 1440 5449 equitans,
1492 5377 1723 5432 turbavit
1750 5393 1919 5448 aquas

337 5469 552 5534 multas,
575 5476 632 5522 et
654 5469 1120 5525 innumerabilium
1141 5469 1465 5540 populorum
1505 5468 1740 5524 millibus
1781 5469 1925 5523 mul-

339 5558 597 5626 tipliravit
619 5561 925 5630 quadrigas,
955 5577 1239 5632 supremus
1267 5562 1381 5633 ipse
1407 5560 1591 5629 auriga
1624 5576 1815 5618 currus
1859 5560 1926 5615 il-

409 5702 434 5770 ξι
477 5694 810 5770 'f'f-rrirsrttrnti.
845 5699 917 5770 Ita
951 5700 1318 5770 rescripsimus
1345 5716 1440 5768 pro
1470 5701 1749 5758 tranclanti
1793 5699 1922 5756 edit.

409 5763 437 5803 δ
478 5762 804 5836 Magnitudo.
857 5769 933 5825 Er
981 5762 1298 5842 rnagriittrtlo.
1345 5762 1432 5827 Sic
1484 5787 1639 5837 tuost,
1689 5789 1750 5826 Ε]
1793 5791 1921 5846 pace

2023 4647 2120 4699 bra
2148 4655 2407 4712 separare
2443 4638 2678 4709 etipsius
2700 4636 2819 4692 Filii
2855 4636 2948 4690 Dei
2976 4633 3274 4690 Salvatoris
3296 4629 3484 4686 mundi
3524 4638 3613 4683 tu-

2025 4737 2201 4793 nicarn
2231 4732 2496 4796 scindere,
2527 4745 2649 4799 qua:
2677 4737 2760 4784 est
2787 4727 3002 4781 unitas?
3031 4722 3203 4777 Tuum
3251 4730 3337 4777 est
3379 4722 3484 4776 hoc
3521 4735 3614 4773 ar-

2026 4829 2269 4893 tificium,
2298 4825 2533 4893 diabole,
2557 4837 2716 4894 quem
2744 4821 2986 4876 Christus
3013 4834 3118 4889 pax
3146 4826 3343 4882 nostra,
3373 4816 3460 4886 qui
3489 4813 3616 4885 fecit

2024 4932 2241 4992 utraque
2268 4935 2426 4973 unum
2450 4917 2674 4986 (Ep/tes.
2708 4930 2782 4980 xr,
2816 4911 2924 4983 M),
2957 4912 3156 4965 vincat.

2098 5012 2211 5066 Xll.
2253 5011 2377 5066 hleo
2408 5011 2538 5074 cito,
2563 5005 2884 5071 charissimi,
2915 5002 3242 5060 concordate
3262 5040 3278 5066 ,
3303 5007 3361 5054 et
3407 5011 3616 5054 conve-

2028 5105 2140 5161 nite
2187 5105 2239 5158 in
2293 5118 2480 5169 unum,
2511 5108 2567 5154 et
2605 5098 2772 5153 nolite
2797 5092 3127 5151 contendere
3155 5106 3254 5162 pro
3279 5088 3517 5158 antiquis
3553 5089 3619 5144 li-

2029 5196 2203 5261 tibus;
2253 5194 2346 5250 sed
2379 5193 2547 5262 magis
2575 5197 2774 5256 tacete,
2804 5195 2860 5243 et
2904 5195 3108 5241 aeterno
3133 5181 3350 5238 silentio
3379 5196 3446 5236 ac
3471 5179 3619 5236 obli-

2027 5288 2171 5343 vioni
2200 5303 2293 5342 cas
2317 5287 2545 5351 tradite;
2576 5293 2632 5340 et
2650 5284 2694 5339 si
2719 5296 2825 5352 qua
2849 5279 3008 5335 dubia
3032 5285 3182 5346 sunt,
3210 5275 3394 5330 divino
3411 5272 3621 5344 judicio

2031 5388 2323 5435 reservate.
2355 5377 2486 5444 Quae
2515 5385 2696 5431 autem
2741 5373 3027 5428 manifesta
3097 5377 3264 5434 sunt,
3306 5367 3378 5423 de
3423 5365 3621 5436 quibus

2030 5472 2278 5527 homines
2294 5469 2530 5538 judicare
2557 5474 2802 5538 possunt,
2824 5466 2968 5534 juste
2994 5464 3111 5518 sine
3140 5472 3493 5531 personarum
3525 5470 3621 5510 ac-

2029 5565 2278 5634 ceptione
2299 5563 2562 5632 jud'cate;
2592 5560 2766 5630 sitque
2781 5558 3035 5628 judicium
3054 5555 3336 5628 paciﬁcum
3367 5552 3420 5607 in
3446 5549 3622 5620 portis

2030 5716 2214 5760 υεδινα,
