  <div class='ocr_page' id='page_1' title='image "/cluster/home/n/w/nwhite01/storage/ocr_20150623/80/hvd.32044054758842/146.png"; bbox 0 0 1989 3091; ppageno 0'>
   <div class='ocr_carea' id='block_1_1' title="bbox 617 133 1358 188">
    <p class='ocr_par' dir='ltr' id='par_1_1' title="bbox 617 133 1358 188">
     <span class='ocr_line' id='line_1_1' title="bbox 617 133 1358 188; baseline 0.003 -3"><span class='ocrx_word' id='word_1_1' title='bbox 617 156 805 185; x_wconf 65' lang='lat' dir='ltr'><strong>&#39;EPISTOLE</strong></span> <span class='ocrx_word' id='word_1_2' title='bbox 825 156 873 185; x_wconf 82' lang='lat' dir='ltr'><strong>AD</strong></span> <span class='ocrx_word' id='word_1_3' title='bbox 893 154 1070 185; x_wconf 68' lang='lat' dir='ltr'><strong>DIVEBSOS.</strong></span> <span class='ocrx_word' id='word_1_4' title='bbox 1092 171 1125 177; x_wconf 89' lang='lat'><strong>-—</strong></span> <span class='ocrx_word' id='word_1_5' title='bbox 1146 157 1254 186; x_wconf 81' lang='lat' dir='ltr'><strong>EPIST.</strong></span> <span class='ocrx_word' id='word_1_6' title='bbox 1277 158 1307 188; x_wconf 71' lang='grc' dir='ltr'><strong>Υ.</strong></span> <span class='ocrx_word' id='word_1_7' title='bbox 1355 133 1358 136; x_wconf 24' lang='grc'><em>”</em></span> 
     </span>
    </p>
   </div>
   <div class='ocr_carea' id='block_1_2' title="bbox 1728 163 1782 192">
    <p class='ocr_par' dir='ltr' id='par_1_2' title="bbox 1728 163 1782 192">
     <span class='ocr_line' id='line_1_2' title="bbox 1728 163 1782 192; baseline 0.019 -1"><span class='ocrx_word' id='word_1_8' title='bbox 1728 163 1782 192; x_wconf 65' lang='grc'><strong>98⁵2</strong></span> 
     </span>
    </p>
   </div>
   <div class='ocr_carea' id='block_1_3' title="bbox 137 213 1780 252">
    <p class='ocr_par' dir='ltr' id='par_1_3' title="bbox 137 213 1780 252">
     <span class='ocr_line' id='line_1_3' title="bbox 137 213 1780 252; baseline 0.005 -11"><span class='ocrx_word' id='word_1_9' title='bbox 137 218 246 250; x_wconf 65' lang='lat' dir='ltr'><strong>vestris,</strong></span> <span class='ocrx_word' id='word_1_10' title='bbox 263 221 289 245; x_wconf 91' lang='lat' dir='ltr'><strong>et</strong></span> <span class='ocrx_word' id='word_1_11' title='bbox 303 216 442 252; x_wconf 73' lang='lat' dir='ltr'><strong>agnoscite</strong></span> <span class='ocrx_word' id='word_1_12' title='bbox 452 223 501 243; x_wconf 85' lang='lat' dir='ltr'><strong>vos</strong></span> <span class='ocrx_word' id='word_1_13' title='bbox 511 214 626 242; x_wconf 83' lang='lat' dir='ltr'><strong>invicem</strong></span> <span class='ocrx_word' id='word_1_14' title='bbox 639 235 647 248; x_wconf 91' lang='lat'><strong>,</strong></span> <span class='ocrx_word' id='word_1_15' title='bbox 662 219 690 242; x_wconf 90' lang='lat' dir='ltr'><strong>ut</strong></span> <span class='ocrx_word' id='word_1_16' title='bbox 706 215 741 243; x_wconf 87' lang='lat' dir='ltr'><strong>sit</strong></span> <span class='ocrx_word' id='word_1_17' title='bbox 755 214 880 249; x_wconf 76' lang='lat' dir='ltr'><strong>gaudium</strong></span> <span class='ocrx_word' id='word_1_18' title='bbox 905 214 932 240; x_wconf 89' lang='lat' dir='ltr'><strong>in</strong></span> <span class='ocrx_word' id='word_1_19' title='bbox 946 213 972 241; x_wconf 84' lang='lat' dir='ltr'><strong>A</strong></span> <span class='ocrx_word' id='word_1_20' title='bbox 985 220 1055 245; x_wconf 89' lang='lat' dir='ltr'><strong>sum,</strong></span> <span class='ocrx_word' id='word_1_21' title='bbox 1069 221 1136 249; x_wconf 76' lang='lat' dir='ltr'><strong>rogo</strong></span> <span class='ocrx_word' id='word_1_22' title='bbox 1148 222 1207 249; x_wconf 82' lang='lat' dir='ltr'><strong>vos,</strong></span> <span class='ocrx_word' id='word_1_23' title='bbox 1228 216 1290 250; x_wconf 85' lang='lat' dir='ltr'><strong>quia</strong></span> <span class='ocrx_word' id='word_1_24' title='bbox 1314 216 1390 244; x_wconf 90' lang='lat' dir='ltr'><strong>multi</strong></span> <span class='ocrx_word' id='word_1_25' title='bbox 1404 216 1527 245; x_wconf 87' lang='lat' dir='ltr'><strong>dubitant</strong></span> <span class='ocrx_word' id='word_1_26' title='bbox 1549 218 1584 246; x_wconf 87' lang='lat' dir='ltr'><strong>de</strong></span> <span class='ocrx_word' id='word_1_27' title='bbox 1597 219 1660 247; x_wconf 76' lang='lat' dir='ltr'><strong>ﬁdet</strong></span> <span class='ocrx_word' id='word_1_28' title='bbox 1682 226 1780 250; x_wconf 65' lang='lat' dir='ltr'><strong>vestrm</strong></span> 
     </span>
    </p>
   </div>
   <div class='ocr_carea' id='block_1_4' title="bbox 137 259 937 296">
    <p class='ocr_par' dir='ltr' id='par_1_4' title="bbox 137 259 937 296">
     <span class='ocr_line' id='line_1_4' title="bbox 137 259 937 296; baseline -0.008 -4"><span class='ocrx_word' id='word_1_29' title='bbox 137 265 211 293; x_wconf 66' lang='lat' dir='ltr'><strong>celo</strong></span> <span class='ocrx_word' id='word_1_30' title='bbox 221 267 249 291; x_wconf 90' lang='lat' dir='ltr'><strong>et</strong></span> <span class='ocrx_word' id='word_1_31' title='bbox 262 263 289 290; x_wconf 92' lang='lat' dir='ltr'><strong>in</strong></span> <span class='ocrx_word' id='word_1_32' title='bbox 302 267 373 289; x_wconf 75' lang='lat' dir='ltr'><strong>terra</strong></span> <span class='ocrx_word' id='word_1_33' title='bbox 385 269 434 296; x_wconf 92' lang='lat' dir='ltr'><strong>pro</strong></span> <span class='ocrx_word' id='word_1_34' title='bbox 443 269 510 296; x_wconf 88' lang='lat' dir='ltr'><strong>pace</strong></span> <span class='ocrx_word' id='word_1_35' title='bbox 516 264 544 288; x_wconf 88' lang='lat' dir='ltr'><strong>et</strong></span> <span class='ocrx_word' id='word_1_36' title='bbox 555 260 748 294; x_wconf 88' lang='lat' dir='ltr'><strong>conjunctione</strong></span> <span class='ocrx_word' id='word_1_37' title='bbox 755 264 855 288; x_wconf 87' lang='lat' dir='ltr'><strong>vestra.</strong></span> <span class='ocrx_word' id='word_1_38' title='bbox 868 259 937 293; x_wconf 84' lang='lat' dir='ltr'><strong>Quid</strong></span> 
     </span>
    </p>
   </div>
   <div class='ocr_carea' id='block_1_5' title="bbox 138 305 938 341">
    <p class='ocr_par' dir='ltr' id='par_1_5' title="bbox 138 305 938 341">
     <span class='ocr_line' id='line_1_5' title="bbox 138 305 938 341; baseline -0.006 -4"><span class='ocrx_word' id='word_1_39' title='bbox 138 310 217 337; x_wconf 86' lang='lat' dir='ltr'><strong>vobis</strong></span> <span class='ocrx_word' id='word_1_40' title='bbox 231 308 303 336; x_wconf 83' lang='lat' dir='ltr'><strong>aliud</strong></span> <span class='ocrx_word' id='word_1_41' title='bbox 313 306 471 340; x_wconf 76' lang='lat' dir='ltr'><strong>defendere,</strong></span> <span class='ocrx_word' id='word_1_42' title='bbox 483 311 581 341; x_wconf 80' lang='lat' dir='ltr'><strong>praeter</strong></span> <span class='ocrx_word' id='word_1_43' title='bbox 596 306 677 333; x_wconf 90' lang='lat' dir='ltr'><strong>ﬁdem</strong></span> <span class='ocrx_word' id='word_1_44' title='bbox 703 305 866 334; x_wconf 89' lang='lat' dir='ltr'><strong>catholicam</strong></span> <span class='ocrx_word' id='word_1_45' title='bbox 881 324 889 337; x_wconf 85' lang='lat'><strong>,</strong></span> <span class='ocrx_word' id='word_1_46' title='bbox 914 305 938 332; x_wconf 85' lang='lat' dir='ltr'><strong>si</strong></span> 
     </span>
    </p>
   </div>
   <div class='ocr_carea' id='block_1_6' title="bbox 139 352 938 387">
    <p class='ocr_par' dir='ltr' id='par_1_6' title="bbox 139 352 938 387">
     <span class='ocr_line' id='line_1_6' title="bbox 139 352 938 387; baseline -0.006 -4"><span class='ocrx_word' id='word_1_47' title='bbox 139 356 198 383; x_wconf 89' lang='lat' dir='ltr'><strong>veri</strong></span> <span class='ocrx_word' id='word_1_48' title='bbox 211 353 358 382; x_wconf 81' lang='lat' dir='ltr'><strong>Christiani</strong></span> <span class='ocrx_word' id='word_1_49' title='bbox 372 353 438 381; x_wconf 84' lang='lat' dir='ltr'><strong>estis</strong></span> <span class='ocrx_word' id='word_1_50' title='bbox 454 352 582 387; x_wconf 75' lang='lat' dir='ltr'><strong>utrique?</strong></span> <span class='ocrx_word' id='word_1_51' title='bbox 593 352 652 379; x_wconf 83' lang='lat' dir='ltr'><strong>Non</strong></span> <span class='ocrx_word' id='word_1_52' title='bbox 677 352 749 380; x_wconf 89' lang='lat' dir='ltr'><strong>enim</strong></span> <span class='ocrx_word' id='word_1_53' title='bbox 762 359 813 386; x_wconf 72' lang='lat' dir='ltr'><strong>ego</strong></span> <span class='ocrx_word' id='word_1_54' title='bbox 828 358 938 387; x_wconf 86' lang='lat' dir='ltr'><strong>possum</strong></span> 
     </span>
    </p>
   </div>
   <div class='ocr_carea' id='block_1_7' title="bbox 139 397 939 433">
    <p class='ocr_par' dir='ltr' id='par_1_7' title="bbox 139 397 939 433">
     <span class='ocr_line' id='line_1_7' title="bbox 139 397 939 433; baseline -0.008 -3"><span class='ocrx_word' id='word_1_55' title='bbox 139 403 218 433; x_wconf 83' lang='lat' dir='ltr'><strong>scire,</strong></span> <span class='ocrx_word' id='word_1_56' title='bbox 235 400 305 428; x_wconf 87' lang='lat' dir='ltr'><strong>unde</strong></span> <span class='ocrx_word' id='word_1_57' title='bbox 327 399 495 426; x_wconf 86' lang='lat' dir='ltr'><strong>Christianus</strong></span> <span class='ocrx_word' id='word_1_58' title='bbox 510 403 604 425; x_wconf 89' lang='lat' dir='ltr'><strong>contra</strong></span> <span class='ocrx_word' id='word_1_59' title='bbox 618 397 799 424; x_wconf 89' lang='lat' dir='ltr'><strong>Christianum</strong></span> <span class='ocrx_word' id='word_1_60' title='bbox 823 398 857 424; x_wconf 86' lang='lat' dir='ltr'><strong>de</strong></span> <span class='ocrx_word' id='word_1_61' title='bbox 887 397 939 424; x_wconf 90' lang='lat' dir='ltr'><strong>lide</strong></span> 
     </span>
    </p>
   </div>
   <div class='ocr_carea' id='block_1_8' title="bbox 140 440 938 481">
    <p class='ocr_par' dir='ltr' id='par_1_8' title="bbox 140 440 938 481">
     <span class='ocr_line' id='line_1_8' title="bbox 140 440 938 481; baseline -0.008 -7"><span class='ocrx_word' id='word_1_62' title='bbox 140 446 226 481; x_wconf 81' lang='lat' dir='ltr'><strong>possit</strong></span> <span class='ocrx_word' id='word_1_63' title='bbox 239 444 421 476; x_wconf 74' lang='lat' dir='ltr'><strong>contendere;</strong></span> <span class='ocrx_word' id='word_1_64' title='bbox 437 443 484 470; x_wconf 88' lang='lat' dir='ltr'><strong>sed</strong></span> <span class='ocrx_word' id='word_1_65' title='bbox 496 442 625 477; x_wconf 78' lang='lat' dir='ltr'><strong>quidquid</strong></span> <span class='ocrx_word' id='word_1_66' title='bbox 646 442 746 469; x_wconf 77' lang='lat' dir='ltr'><strong>dixerit</strong></span> <span class='ocrx_word' id='word_1_67' title='bbox 768 440 938 469; x_wconf 83' lang='lat' dir='ltr'><strong>orthodoxus</strong></span> 
     </span>
    </p>
   </div>
   <div class='ocr_carea' id='block_1_9' title="bbox 140 487 939 523">
    <p class='ocr_par' dir='ltr' id='par_1_9' title="bbox 140 487 939 523">
     <span class='ocr_line' id='line_1_9' title="bbox 140 487 939 523; baseline -0.008 -4"><span class='ocrx_word' id='word_1_68' title='bbox 140 491 318 522; x_wconf 88' lang='lat' dir='ltr'><strong>Christianus,</strong></span> <span class='ocrx_word' id='word_1_69' title='bbox 334 489 380 523; x_wconf 84' lang='lat' dir='ltr'><strong>qui</strong></span> <span class='ocrx_word' id='word_1_70' title='bbox 388 493 462 516; x_wconf 83' lang='lat' dir='ltr'><strong>recte</strong></span> <span class='ocrx_word' id='word_1_71' title='bbox 473 488 616 516; x_wconf 87' lang='lat' dir='ltr'><strong>Dominum</strong></span> <span class='ocrx_word' id='word_1_72' title='bbox 632 488 780 522; x_wconf 79' lang='lat' dir='ltr'><strong>glorilicat,</strong></span> <span class='ocrx_word' id='word_1_73' title='bbox 792 487 939 522; x_wconf 90' lang='lat' dir='ltr'><strong>responde-</strong></span> 
     </span>
    </p>
   </div>
   <div class='ocr_carea' id='block_1_10' title="bbox 142 534 937 570">
    <p class='ocr_par' dir='ltr' id='par_1_10' title="bbox 142 534 937 570">
     <span class='ocr_line' id='line_1_10' title="bbox 142 534 937 570; baseline -0.006 -5"><span class='ocrx_word' id='word_1_74' title='bbox 142 538 183 565; x_wconf 86' lang='lat' dir='ltr'><strong>bit</strong></span> <span class='ocrx_word' id='word_1_75' title='bbox 197 538 264 564; x_wconf 83' lang='lat' dir='ltr'><strong>alter</strong></span> <span class='ocrx_word' id='word_1_76' title='bbox 279 537 371 570; x_wconf 82' lang='lat' dir='ltr'><strong>Amen,</strong></span> <span class='ocrx_word' id='word_1_77' title='bbox 383 536 446 570; x_wconf 89' lang='lat' dir='ltr'><strong>quia</strong></span> <span class='ocrx_word' id='word_1_78' title='bbox 462 539 490 562; x_wconf 94' lang='lat' dir='ltr'><strong>et</strong></span> <span class='ocrx_word' id='word_1_79' title='bbox 510 534 555 562; x_wconf 91' lang='lat' dir='ltr'><strong>ille</strong></span> <span class='ocrx_word' id='word_1_80' title='bbox 569 534 693 562; x_wconf 83' lang='lat' dir='ltr'><strong>similiter</strong></span> <span class='ocrx_word' id='word_1_81' title='bbox 707 539 779 561; x_wconf 89' lang='lat' dir='ltr'><strong>amat</strong></span> <span class='ocrx_word' id='word_1_82' title='bbox 794 538 821 561; x_wconf 91' lang='lat' dir='ltr'><strong>et</strong></span> <span class='ocrx_word' id='word_1_83' title='bbox 843 534 937 561; x_wconf 82' lang='lat' dir='ltr'><strong>credit.</strong></span> 
     </span>
    </p>
   </div>
   <div class='ocr_carea' id='block_1_11' title="bbox 145 579 940 617">
    <p class='ocr_par' dir='ltr' id='par_1_11' title="bbox 145 579 940 617">
     <span class='ocr_line' id='line_1_11' title="bbox 145 579 940 617; baseline -0.008 -6"><span class='ocrx_word' id='word_1_84' title='bbox 145 583 232 611; x_wconf 88' lang='lat' dir='ltr'><strong>Unum</strong></span> <span class='ocrx_word' id='word_1_85' title='bbox 249 583 338 617; x_wconf 78' lang='lat' dir='ltr'><strong>itaque</strong></span> <span class='ocrx_word' id='word_1_86' title='bbox 353 588 448 608; x_wconf 85' lang='lat' dir='ltr'><strong>omnes</strong></span> <span class='ocrx_word' id='word_1_87' title='bbox 461 580 552 612; x_wconf 83' lang='lat' dir='ltr'><strong>dicite,</strong></span> <span class='ocrx_word' id='word_1_88' title='bbox 569 585 597 607; x_wconf 91' lang='lat' dir='ltr'><strong>et</strong></span> <span class='ocrx_word' id='word_1_89' title='bbox 612 587 695 607; x_wconf 85' lang='lat' dir='ltr'><strong>unum</strong></span> <span class='ocrx_word' id='word_1_90' title='bbox 709 580 818 612; x_wconf 87' lang='lat' dir='ltr'><strong>sentite,</strong></span> <span class='ocrx_word' id='word_1_91' title='bbox 834 583 864 605; x_wconf 93' lang='lat' dir='ltr'><strong>ut</strong></span> <span class='ocrx_word' id='word_1_92' title='bbox 877 579 940 605; x_wconf 90' lang='lat' dir='ltr'><strong>utri-</strong></span> 
     </span>
    </p>
   </div>
   <div class='ocr_carea' id='block_1_12' title="bbox 141 624 937 664">
    <p class='ocr_par' dir='ltr' id='par_1_12' title="bbox 141 624 937 664">
     <span class='ocr_line' id='line_1_12' title="bbox 141 624 937 664; baseline -0.008 -8"><span class='ocrx_word' id='word_1_93' title='bbox 141 636 196 664; x_wconf 83' lang='lat' dir='ltr'><strong>que</strong></span> <span class='ocrx_word' id='word_1_94' title='bbox 210 636 290 656; x_wconf 82' lang='lat' dir='ltr'><strong>unum</strong></span> <span class='ocrx_word' id='word_1_95' title='bbox 302 628 362 655; x_wconf 86' lang='lat' dir='ltr'><strong>sitis</strong></span> <span class='ocrx_word' id='word_1_96' title='bbox 375 627 425 654; x_wconf 94' lang='lat' dir='ltr'><strong>toti</strong></span> <span class='ocrx_word' id='word_1_97' title='bbox 435 625 580 653; x_wconf 82' lang='lat' dir='ltr'><strong>Christiani</strong></span> <span class='ocrx_word' id='word_1_98' title='bbox 593 624 618 660; x_wconf 86' lang='lat' dir='ltr'><strong>(l</strong></span> <span class='ocrx_word' id='word_1_99' title='bbox 639 624 700 652; x_wconf 87' lang='lat' dir='ltr'><strong>Cor.</strong></span> <span class='ocrx_word' id='word_1_100' title='bbox 714 633 733 657; x_wconf 86' lang='lat' dir='ltr'><strong>t,</strong></span> <span class='ocrx_word' id='word_1_101' title='bbox 754 624 809 659; x_wconf 78' lang='grc'><strong>10).</strong></span> <span class='ocrx_word' id='word_1_102' title='bbox 824 624 890 650; x_wconf 69' lang='lat' dir='ltr'><strong>Nam</strong></span> <span class='ocrx_word' id='word_1_103' title='bbox 905 624 937 655; x_wconf 85' lang='lat' dir='ltr'><strong>si,</strong></span> 
     </span>
    </p>
   </div>
   <div class='ocr_carea' id='block_1_13' title="bbox 143 671 939 708">
    <p class='ocr_par' dir='ltr' id='par_1_13' title="bbox 143 671 939 708">
     <span class='ocr_line' id='line_1_13' title="bbox 143 671 939 708; baseline -0.01 -5"><span class='ocrx_word' id='word_1_104' title='bbox 143 680 174 703; x_wconf 87' lang='lat' dir='ltr'><strong>ut</strong></span> <span class='ocrx_word' id='word_1_105' title='bbox 186 674 286 707; x_wconf 88' lang='lat' dir='ltr'><strong>audivi,</strong></span> <span class='ocrx_word' id='word_1_106' title='bbox 297 673 379 708; x_wconf 86' lang='lat' dir='ltr'><strong>aliqui</strong></span> <span class='ocrx_word' id='word_1_107' title='bbox 394 673 421 700; x_wconf 91' lang='lat' dir='ltr'><strong>in</strong></span> <span class='ocrx_word' id='word_1_108' title='bbox 433 672 540 699; x_wconf 79' lang='lat' dir='ltr'><strong>Christo</strong></span> <span class='ocrx_word' id='word_1_109' title='bbox 555 671 621 699; x_wconf 90' lang='lat' dir='ltr'><strong>duas</strong></span> <span class='ocrx_word' id='word_1_110' title='bbox 635 671 798 698; x_wconf 83' lang='lat' dir='ltr'><strong>substantias</strong></span> <span class='ocrx_word' id='word_1_111' title='bbox 815 678 869 697; x_wconf 93' lang='lat' dir='ltr'><strong>non</strong></span> <span class='ocrx_word' id='word_1_112' title='bbox 881 677 939 696; x_wconf 81' lang='lat' dir='ltr'><strong>cre-</strong></span> 
     </span>
    </p>
   </div>
   <div class='ocr_carea' id='block_1_14' title="bbox 141 715 937 753">
    <p class='ocr_par' dir='ltr' id='par_1_14' title="bbox 141 715 937 753">
     <span class='ocr_line' id='line_1_14' title="bbox 141 715 937 753; baseline -0.008 -6"><span class='ocrx_word' id='word_1_113' title='bbox 141 721 220 752; x_wconf 90' lang='lat' dir='ltr'><strong>dunt,</strong></span> <span class='ocrx_word' id='word_1_114' title='bbox 236 719 356 747; x_wconf 62' lang='lat' dir='ltr'><strong>heretici</strong></span> <span class='ocrx_word' id='word_1_115' title='bbox 368 718 456 753; x_wconf 86' lang='lat' dir='ltr'><strong>potius</strong></span> <span class='ocrx_word' id='word_1_116' title='bbox 471 725 550 752; x_wconf 86' lang='lat' dir='ltr'><strong>quam</strong></span> <span class='ocrx_word' id='word_1_117' title='bbox 566 717 710 744; x_wconf 72' lang='lat' dir='ltr'><strong>Christiani</strong></span> <span class='ocrx_word' id='word_1_118' title='bbox 722 715 847 743; x_wconf 89' lang='lat' dir='ltr'><strong>credendi</strong></span> <span class='ocrx_word' id='word_1_119' title='bbox 859 719 937 743; x_wconf 90' lang='lat' dir='ltr'><strong>sunt:</strong></span> 
     </span>
    </p>
   </div>
   <div class='ocr_carea' id='block_1_15' title="bbox 142 761 940 794">
    <p class='ocr_par' dir='ltr' id='par_1_15' title="bbox 142 761 940 794">
     <span class='ocr_line' id='line_1_15' title="bbox 142 761 940 794; baseline -0.009 0"><span class='ocrx_word' id='word_1_120' title='bbox 142 767 266 794; x_wconf 81' lang='lat' dir='ltr'><strong>Christus</strong></span> <span class='ocrx_word' id='word_1_121' title='bbox 277 766 348 793; x_wconf 85' lang='lat' dir='ltr'><strong>enim</strong></span> <span class='ocrx_word' id='word_1_122' title='bbox 372 764 499 791; x_wconf 82' lang='lat' dir='ltr'><strong>Salvator</strong></span> <span class='ocrx_word' id='word_1_123' title='bbox 513 767 608 790; x_wconf 89' lang='lat' dir='ltr'><strong>noster</strong></span> <span class='ocrx_word' id='word_1_124' title='bbox 622 769 702 789; x_wconf 88' lang='lat' dir='ltr'><strong>verus</strong></span> <span class='ocrx_word' id='word_1_125' title='bbox 726 761 807 794; x_wconf 83' lang='lat' dir='ltr'><strong>Deus,</strong></span> <span class='ocrx_word' id='word_1_126' title='bbox 822 765 940 788; x_wconf 70' lang='lat' dir='ltr'><strong>aeternus</strong></span> 
     </span>
    </p>
   </div>
   <div class='ocr_carea' id='block_1_16' title="bbox 142 807 941 845">
    <p class='ocr_par' dir='ltr' id='par_1_16' title="bbox 142 807 941 845">
     <span class='ocr_line' id='line_1_16' title="bbox 142 807 941 845; baseline -0.011 -5"><span class='ocrx_word' id='word_1_127' title='bbox 142 813 350 845; x_wconf 65' lang='lat' dir='ltr'><strong>sinetcmpore,</strong></span> <span class='ocrx_word' id='word_1_128' title='bbox 366 814 393 837; x_wconf 87' lang='lat' dir='ltr'><strong>et</strong></span> <span class='ocrx_word' id='word_1_129' title='bbox 404 816 484 836; x_wconf 88' lang='lat' dir='ltr'><strong>verus</strong></span> <span class='ocrx_word' id='word_1_130' title='bbox 498 808 580 835; x_wconf 87' lang='lat' dir='ltr'><strong>homo</strong></span> <span class='ocrx_word' id='word_1_131' title='bbox 592 807 693 841; x_wconf 85' lang='lat' dir='ltr'><strong>absque</strong></span> <span class='ocrx_word' id='word_1_132' title='bbox 706 810 818 841; x_wconf 86' lang='lat' dir='ltr'><strong>peccato</strong></span> <span class='ocrx_word' id='word_1_133' title='bbox 829 813 862 832; x_wconf 85' lang='lat' dir='ltr'><strong>ex</strong></span> <span class='ocrx_word' id='word_1_134' title='bbox 877 812 941 832; x_wconf 89' lang='lat' dir='ltr'><strong>tem-</strong></span> 
     </span>
    </p>
   </div>
   <div class='ocr_carea' id='block_1_17' title="bbox 143 853 937 893">
    <p class='ocr_par' dir='ltr' id='par_1_17' title="bbox 143 853 937 893">
     <span class='ocr_line' id='line_1_17' title="bbox 143 853 937 893; baseline -0.009 -7"><span class='ocrx_word' id='word_1_135' title='bbox 143 864 210 893; x_wconf 78' lang='lat' dir='ltr'><strong>pore</strong></span> <span class='ocrx_word' id='word_1_136' title='bbox 222 863 278 891; x_wconf 87' lang='lat' dir='ltr'><strong>est;</strong></span> <span class='ocrx_word' id='word_1_137' title='bbox 292 857 337 891; x_wconf 87' lang='lat' dir='ltr'><strong>qui</strong></span> <span class='ocrx_word' id='word_1_138' title='bbox 349 857 425 891; x_wconf 86' lang='lat' dir='ltr'><strong>juxta</strong></span> <span class='ocrx_word' id='word_1_139' title='bbox 439 856 608 883; x_wconf 84' lang='lat' dir='ltr'><strong>divinitatem</strong></span> <span class='ocrx_word' id='word_1_140' title='bbox 624 859 776 881; x_wconf 73' lang='lat' dir='ltr'><strong>comternus</strong></span> <span class='ocrx_word' id='word_1_141' title='bbox 791 858 832 881; x_wconf 90' lang='lat' dir='ltr'><strong>est</strong></span> <span class='ocrx_word' id='word_1_142' title='bbox 852 853 937 885; x_wconf 81' lang='lat' dir='ltr'><strong>Patri,</strong></span> 
     </span>
    </p>
   </div>
   <div class='ocr_carea' id='block_1_18' title="bbox 990 260 1780 294">
    <p class='ocr_par' dir='ltr' id='par_1_18' title="bbox 990 260 1780 294">
     <span class='ocr_line' id='line_1_18' title="bbox 990 260 1780 294; baseline 0.01 -8"><span class='ocrx_word' id='word_1_143' title='bbox 990 260 1118 294; x_wconf 85' lang='lat' dir='ltr'><strong>puritate,</strong></span> <span class='ocrx_word' id='word_1_144' title='bbox 1135 263 1163 286; x_wconf 91' lang='lat' dir='ltr'><strong>ut</strong></span> <span class='ocrx_word' id='word_1_145' title='bbox 1177 262 1230 287; x_wconf 89' lang='lat' dir='ltr'><strong>cito</strong></span> <span class='ocrx_word' id='word_1_146' title='bbox 1250 260 1350 288; x_wconf 81' lang='lat' dir='ltr'><strong>tollatis</strong></span> <span class='ocrx_word' id='word_1_147' title='bbox 1365 262 1435 290; x_wconf 84' lang='lat' dir='ltr'><strong>hunc</strong></span> <span class='ocrx_word' id='word_1_148' title='bbox 1450 270 1554 290; x_wconf 64' lang='lat' dir='ltr'><strong>nagvum</strong></span> <span class='ocrx_word' id='word_1_149' title='bbox 1569 264 1604 291; x_wconf 89' lang='lat' dir='ltr'><strong>de</strong></span> <span class='ocrx_word' id='word_1_150' title='bbox 1618 271 1718 293; x_wconf 66' lang='lat' dir='ltr'><strong>sancta&#39;</strong></span> <span class='ocrx_word' id='word_1_151' title='bbox 1733 274 1780 294; x_wconf 86' lang='lat' dir='ltr'><strong>oa-</strong></span> 
     </span>
    </p>
   </div>
   <div class='ocr_carea' id='block_1_19' title="bbox 990 303 1782 338">
    <p class='ocr_par' dir='ltr' id='par_1_19' title="bbox 990 303 1782 338">
     <span class='ocr_line' id='line_1_19' title="bbox 990 303 1782 338; baseline 0.009 -7"><span class='ocrx_word' id='word_1_152' title='bbox 990 303 1090 331; x_wconf 74' lang='lat' dir='ltr'><strong>thedra:</strong></span> <span class='ocrx_word' id='word_1_153' title='bbox 1102 305 1239 338; x_wconf 85' lang='lat' dir='ltr'><strong>claritate;</strong></span> <span class='ocrx_word' id='word_1_154' title='bbox 1254 313 1307 332; x_wconf 90' lang='lat' dir='ltr'><strong>non</strong></span> <span class='ocrx_word' id='word_1_155' title='bbox 1322 306 1393 333; x_wconf 90' lang='lat' dir='ltr'><strong>enim</strong></span> <span class='ocrx_word' id='word_1_156' title='bbox 1414 307 1492 335; x_wconf 86' lang='lat' dir='ltr'><strong>decet</strong></span> <span class='ocrx_word' id='word_1_157' title='bbox 1507 308 1635 336; x_wconf 77' lang='lat' dir='ltr'><strong>Romamre</strong></span> <span class='ocrx_word' id='word_1_158' title='bbox 1654 309 1782 338; x_wconf 62' lang='lat' dir='ltr'><strong>Ecclesia:</strong></span> 
     </span>
    </p>
   </div>
   <div class='ocr_carea' id='block_1_20' title="bbox 989 349 1781 390">
    <p class='ocr_par' dir='ltr' id='par_1_20' title="bbox 989 349 1781 390">
     <span class='ocr_line' id='line_1_20' title="bbox 989 349 1781 390; baseline 0.009 -14"><span class='ocrx_word' id='word_1_159' title='bbox 989 349 1148 383; x_wconf 77' lang='lat' dir='ltr'><strong>gravitatem</strong></span> <span class='ocrx_word' id='word_1_160' title='bbox 1163 350 1221 378; x_wconf 60' lang='lat' dir='ltr'><strong>hac</strong></span> <span class='ocrx_word' id='word_1_161' title='bbox 1244 351 1370 378; x_wconf 67' lang='lat' dir='ltr'><strong>instantis</strong></span> <span class='ocrx_word' id='word_1_162' title='bbox 1383 352 1499 380; x_wconf 72' lang='lat' dir='ltr'><strong>levitatis</strong></span> <span class='ocrx_word' id='word_1_163' title='bbox 1515 353 1583 381; x_wconf 72' lang='lat' dir='ltr'><strong>lanna</strong></span> <span class='ocrx_word' id='word_1_164' title='bbox 1593 375 1601 388; x_wconf 93' lang='lat'><strong>,</strong></span> <span class='ocrx_word' id='word_1_165' title='bbox 1618 360 1647 382; x_wconf 91' lang='lat' dir='ltr'><strong>ut</strong></span> <span class='ocrx_word' id='word_1_166' title='bbox 1660 357 1781 390; x_wconf 86' lang='lat' dir='ltr'><strong>qualibet</strong></span> 
     </span>
    </p>
   </div>
   <div class='ocr_carea' id='block_1_21' title="bbox 990 393 1783 434">
    <p class='ocr_par' dir='ltr' id='par_1_21' title="bbox 990 393 1783 434">
     <span class='ocr_line' id='line_1_21' title="bbox 990 393 1783 434; baseline 0.01 -14"><span class='ocrx_word' id='word_1_167' title='bbox 990 393 1015 419; x_wconf 86' lang='lat' dir='ltr'><strong>vi</strong></span> <span class='ocrx_word' id='word_1_168' title='bbox 1039 394 1125 428; x_wconf 79' lang='lat' dir='ltr'><strong>possit</strong></span> <span class='ocrx_word' id='word_1_169' title='bbox 1147 395 1251 422; x_wconf 87' lang='lat' dir='ltr'><strong>moveri</strong></span> <span class='ocrx_word' id='word_1_170' title='bbox 1266 403 1281 422; x_wconf 92' lang='lat' dir='ltr'><strong>a</strong></span> <span class='ocrx_word' id='word_1_171' title='bbox 1295 395 1432 424; x_wconf 82' lang='lat' dir='ltr'><strong>soliditate</strong></span> <span class='ocrx_word' id='word_1_172' title='bbox 1445 404 1516 424; x_wconf 75' lang='lat' dir='ltr'><strong>vera:</strong></span> <span class='ocrx_word' id='word_1_173' title='bbox 1529 398 1601 431; x_wconf 92' lang='lat' dir='ltr'><strong>ﬁdei,</strong></span> <span class='ocrx_word' id='word_1_174' title='bbox 1618 407 1667 434; x_wconf 92' lang='lat' dir='ltr'><strong>pro</strong></span> <span class='ocrx_word' id='word_1_175' title='bbox 1677 408 1729 434; x_wconf 91' lang='lat' dir='ltr'><strong>qua</strong></span> <span class='ocrx_word' id='word_1_176' title='bbox 1740 404 1783 428; x_wconf 86' lang='lat' dir='ltr'><strong>tot</strong></span> 
     </span>
    </p>
   </div>
   <div class='ocr_carea' id='block_1_22' title="bbox 991 440 1782 478">
    <p class='ocr_par' dir='ltr' id='par_1_22' title="bbox 991 440 1782 478">
     <span class='ocr_line' id='line_1_22' title="bbox 991 440 1782 478; baseline 0.011 -13"><span class='ocrx_word' id='word_1_177' title='bbox 991 444 1123 475; x_wconf 84' lang='lat' dir='ltr'><strong>martyres</strong></span> <span class='ocrx_word' id='word_1_178' title='bbox 1137 440 1178 467; x_wconf 87' lang='lat' dir='ltr'><strong>sui</strong></span> <span class='ocrx_word' id='word_1_179' title='bbox 1202 448 1281 468; x_wconf 85' lang='lat' dir='ltr'><strong>suum</strong></span> <span class='ocrx_word' id='word_1_180' title='bbox 1304 442 1463 476; x_wconf 76' lang='lat' dir='ltr'><strong>sanguinem</strong></span> <span class='ocrx_word' id='word_1_181' title='bbox 1484 443 1627 478; x_wconf 78' lang='lat' dir='ltr'><strong>fuderunt,</strong></span> <span class='ocrx_word' id='word_1_182' title='bbox 1651 447 1782 474; x_wconf 84' lang='lat' dir='ltr'><strong>malentes</strong></span> 
     </span>
    </p>
   </div>
   <div class='ocr_carea' id='block_1_23' title="bbox 990 485 1782 522">
    <p class='ocr_par' dir='ltr' id='par_1_23' title="bbox 990 485 1782 522">
     <span class='ocr_line' id='line_1_23' title="bbox 990 485 1782 522; baseline 0.01 -11"><span class='ocrx_word' id='word_1_183' title='bbox 990 485 1059 512; x_wconf 90' lang='lat' dir='ltr'><strong>mori</strong></span> <span class='ocrx_word' id='word_1_184' title='bbox 1071 493 1152 520; x_wconf 87' lang='lat' dir='ltr'><strong>quam</strong></span> <span class='ocrx_word' id='word_1_185' title='bbox 1165 486 1291 514; x_wconf 90' lang='lat' dir='ltr'><strong>convelli.</strong></span> <span class='ocrx_word' id='word_1_186' title='bbox 1304 487 1430 522; x_wconf 82' lang='lat' dir='ltr'><strong>Nunquid</strong></span> <span class='ocrx_word' id='word_1_187' title='bbox 1443 488 1513 516; x_wconf 91' lang='lat' dir='ltr'><strong>enim</strong></span> <span class='ocrx_word' id='word_1_188' title='bbox 1526 489 1548 517; x_wconf 89' lang='lat' dir='ltr'><strong>si</strong></span> <span class='ocrx_word' id='word_1_189' title='bbox 1559 489 1587 517; x_wconf 92' lang='lat' dir='ltr'><strong>in</strong></span> <span class='ocrx_word' id='word_1_190' title='bbox 1601 492 1700 518; x_wconf 85' lang='lat' dir='ltr'><strong>nostris</strong></span> <span class='ocrx_word' id='word_1_191' title='bbox 1713 496 1782 519; x_wconf 83' lang='lat' dir='ltr'><strong>tem-</strong></span> 
     </span>
    </p>
   </div>
   <div class='ocr_carea' id='block_1_24' title="bbox 991 531 1782 571">
    <p class='ocr_par' dir='ltr' id='par_1_24' title="bbox 991 531 1782 571">
     <span class='ocr_line' id='line_1_24' title="bbox 991 531 1782 571; baseline 0.01 -13"><span class='ocrx_word' id='word_1_192' title='bbox 991 531 1101 566; x_wconf 76' lang='lat' dir='ltr'><strong>poribus</strong></span> <span class='ocrx_word' id='word_1_193' title='bbox 1119 533 1271 566; x_wconf 87' lang='lat' dir='ltr'><strong>persecutio</strong></span> <span class='ocrx_word' id='word_1_194' title='bbox 1293 535 1398 561; x_wconf 85' lang='lat' dir='ltr'><strong>venerit</strong></span> <span class='ocrx_word' id='word_1_195' title='bbox 1422 534 1517 562; x_wconf 87' lang='lat' dir='ltr'><strong>ultima</strong></span> <span class='ocrx_word' id='word_1_196' title='bbox 1541 543 1689 571; x_wconf 73' lang='lat' dir='ltr'><strong>squammze</strong></span> <span class='ocrx_word' id='word_1_197' title='bbox 1711 538 1782 566; x_wconf 90' lang='lat' dir='ltr'><strong>illius</strong></span> 
     </span>
    </p>
   </div>
   <div class='ocr_carea' id='block_1_25' title="bbox 991 572 1783 617">
    <p class='ocr_par' dir='ltr' id='par_1_25' title="bbox 991 572 1783 617">
     <span class='ocr_line' id='line_1_25' title="bbox 991 572 1783 617; baseline 0.008 -12"><span class='ocrx_word' id='word_1_198' title='bbox 991 577 1098 611; x_wconf 70' lang='lat' dir='ltr'><strong>invisre,</strong></span> <span class='ocrx_word' id='word_1_199' title='bbox 1122 578 1199 612; x_wconf 88' lang='lat' dir='ltr'><strong>cujus</strong></span> <span class='ocrx_word' id='word_1_200' title='bbox 1212 578 1314 606; x_wconf 87' lang='lat' dir='ltr'><strong>corium</strong></span> <span class='ocrx_word' id='word_1_201' title='bbox 1334 579 1379 607; x_wconf 92' lang='lat' dir='ltr'><strong>vix</strong></span> <span class='ocrx_word' id='word_1_202' title='bbox 1398 580 1531 608; x_wconf 67' lang='lat' dir='ltr'><strong>universae</strong></span> <span class='ocrx_word' id='word_1_203' title='bbox 1550 572 1634 609; x_wconf 79' lang='lat' dir='ltr'><strong>naves</strong></span> <span class='ocrx_word' id='word_1_204' title='bbox 1656 588 1783 617; x_wconf 87' lang='lat' dir='ltr'><strong>poterunt</strong></span> 
     </span>
    </p>
   </div>
   <div class='ocr_carea' id='block_1_26' title="bbox 990 626 1784 661">
    <p class='ocr_par' dir='ltr' id='par_1_26' title="bbox 990 626 1784 661">
     <span class='ocr_line' id='line_1_26' title="bbox 990 626 1784 661; baseline 0.008 -10"><span class='ocrx_word' id='word_1_205' title='bbox 990 628 1114 658; x_wconf 84' lang='lat' dir='ltr'><strong>portare,</strong></span> <span class='ocrx_word' id='word_1_206' title='bbox 1138 632 1192 653; x_wconf 92' lang='lat' dir='ltr'><strong>non</strong></span> <span class='ocrx_word' id='word_1_207' title='bbox 1219 632 1304 660; x_wconf 85' lang='lat' dir='ltr'><strong>usque</strong></span> <span class='ocrx_word' id='word_1_208' title='bbox 1324 626 1359 653; x_wconf 90' lang='lat' dir='ltr'><strong>ad</strong></span> <span class='ocrx_word' id='word_1_209' title='bbox 1373 627 1531 661; x_wconf 71' lang='lat' dir='ltr'><strong>sanguinem</strong></span> <span class='ocrx_word' id='word_1_210' title='bbox 1555 628 1714 657; x_wconf 89' lang='lat' dir='ltr'><strong>resistemus</strong></span> <span class='ocrx_word' id='word_1_211' title='bbox 1735 630 1784 657; x_wconf 88' lang='lat' dir='ltr'><strong>ad-</strong></span> 
     </span>
    </p>
   </div>
   <div class='ocr_carea' id='block_1_27' title="bbox 990 674 1784 712">
    <p class='ocr_par' dir='ltr' id='par_1_27' title="bbox 990 674 1784 712">
     <span class='ocr_line' id='line_1_27' title="bbox 990 674 1784 712; baseline 0.01 -15"><span class='ocrx_word' id='word_1_212' title='bbox 990 678 1084 698; x_wconf 79' lang='lat' dir='ltr'><strong>versus</strong></span> <span class='ocrx_word' id='word_1_213' title='bbox 1103 675 1245 707; x_wconf 84' lang='lat' dir='ltr'><strong>peccatum</strong></span> <span class='ocrx_word' id='word_1_214' title='bbox 1271 674 1539 712; x_wconf 72' lang='lat' dir='ltr'><strong>repugnand9(lleb.</strong></span> <span class='ocrx_word' id='word_1_215' title='bbox 1558 683 1610 708; x_wconf 90' lang='lat' dir='ltr'><strong>xu,</strong></span> <span class='ocrx_word' id='word_1_216' title='bbox 1635 675 1687 711; x_wconf 73' lang='grc'><strong>4).</strong></span> <span class='ocrx_word' id='word_1_217' title='bbox 1712 677 1784 705; x_wconf 82' lang='lat' dir='ltr'><strong>sicut</strong></span> 
     </span>
    </p>
   </div>
   <div class='ocr_carea' id='block_1_28' title="bbox 991 718 1783 754">
    <p class='ocr_par' dir='ltr' id='par_1_28' title="bbox 991 718 1783 754">
     <span class='ocr_line' id='line_1_28' title="bbox 991 718 1783 754; baseline 0.011 -12"><span class='ocrx_word' id='word_1_218' title='bbox 991 721 1082 751; x_wconf 78' lang='lat' dir='ltr'><strong>patres</strong></span> <span class='ocrx_word' id='word_1_219' title='bbox 1096 718 1180 745; x_wconf 86' lang='lat' dir='ltr'><strong>nostri</strong></span> <span class='ocrx_word' id='word_1_220' title='bbox 1203 718 1340 752; x_wconf 81' lang='lat' dir='ltr'><strong>fecerunt,</strong></span> <span class='ocrx_word' id='word_1_221' title='bbox 1355 720 1493 754; x_wconf 83' lang='lat' dir='ltr'><strong>apostolos</strong></span> <span class='ocrx_word' id='word_1_222' title='bbox 1513 720 1584 754; x_wconf 88' lang='lat' dir='ltr'><strong>dico,</strong></span> <span class='ocrx_word' id='word_1_223' title='bbox 1604 726 1633 750; x_wconf 82' lang='lat' dir='ltr'><strong>et</strong></span> <span class='ocrx_word' id='word_1_224' title='bbox 1657 727 1696 750; x_wconf 81' lang='lat' dir='ltr'><strong>tot</strong></span> <span class='ocrx_word' id='word_1_225' title='bbox 1711 731 1783 751; x_wconf 87' lang='lat' dir='ltr'><strong>mar-</strong></span> 
     </span>
    </p>
   </div>
   <div class='ocr_carea' id='block_1_29' title="bbox 992 762 1783 803">
    <p class='ocr_par' dir='ltr' id='par_1_29' title="bbox 992 762 1783 803">
     <span class='ocr_line' id='line_1_29' title="bbox 992 762 1783 803; baseline 0.013 -16"><span class='ocrx_word' id='word_1_226' title='bbox 992 763 1081 797; x_wconf 78' lang='lat' dir='ltr'><strong>tyres?</strong></span> <span class='ocrx_word' id='word_1_227' title='bbox 1094 762 1123 790; x_wconf 94' lang='lat' dir='ltr'><strong>Si</strong></span> <span class='ocrx_word' id='word_1_228' title='bbox 1136 763 1225 797; x_wconf 70' lang='lat' dir='ltr'><strong>gravis</strong></span> <span class='ocrx_word' id='word_1_229' title='bbox 1239 762 1288 791; x_wconf 79' lang='lat' dir='ltr'><strong>fuit</strong></span> <span class='ocrx_word' id='word_1_230' title='bbox 1302 765 1455 798; x_wconf 79' lang='lat' dir='ltr'><strong>persecutio</strong></span> <span class='ocrx_word' id='word_1_231' title='bbox 1469 766 1496 792; x_wconf 95' lang='lat' dir='ltr'><strong>in</strong></span> <span class='ocrx_word' id='word_1_232' title='bbox 1513 767 1588 795; x_wconf 89' lang='lat' dir='ltr'><strong>initio</strong></span> <span class='ocrx_word' id='word_1_233' title='bbox 1600 767 1670 801; x_wconf 87' lang='lat' dir='ltr'><strong>ﬁdei,</strong></span> <span class='ocrx_word' id='word_1_234' title='bbox 1681 773 1783 803; x_wconf 87' lang='lat' dir='ltr'><strong>quanto</strong></span> 
     </span>
    </p>
   </div>
   <div class='ocr_carea' id='block_1_30' title="bbox 991 809 1783 845">
    <p class='ocr_par' dir='ltr' id='par_1_30' title="bbox 991 809 1783 845">
     <span class='ocr_line' id='line_1_30' title="bbox 991 809 1783 845; baseline 0.011 -11"><span class='ocrx_word' id='word_1_235' title='bbox 991 809 1075 843; x_wconf 77' lang='lat' dir='ltr'><strong>magis</strong></span> <span class='ocrx_word' id='word_1_236' title='bbox 1085 809 1112 836; x_wconf 91' lang='lat' dir='ltr'><strong>in</strong></span> <span class='ocrx_word' id='word_1_237' title='bbox 1128 809 1191 843; x_wconf 88' lang='lat' dir='ltr'><strong>ﬁne,</strong></span> <span class='ocrx_word' id='word_1_238' title='bbox 1206 810 1240 838; x_wconf 90' lang='lat' dir='ltr'><strong>de</strong></span> <span class='ocrx_word' id='word_1_239' title='bbox 1255 818 1308 845; x_wconf 92' lang='lat' dir='ltr'><strong>quo</strong></span> <span class='ocrx_word' id='word_1_240' title='bbox 1324 811 1453 839; x_wconf 85' lang='lat' dir='ltr'><strong>Dominus</strong></span> <span class='ocrx_word' id='word_1_241' title='bbox 1465 812 1542 840; x_wconf 88' lang='lat' dir='ltr'><strong>dicit:</strong></span> <span class='ocrx_word' id='word_1_242' title='bbox 1552 813 1668 842; x_wconf 69' lang='lat' dir='ltr'><strong>Putasne</strong></span> <span class='ocrx_word' id='word_1_243' title='bbox 1679 816 1783 843; x_wconf 75' lang='lat' dir='ltr'><strong>ueniens</strong></span> 
     </span>
    </p>
   </div>
   <div class='ocr_carea' id='block_1_31' title="bbox 991 852 1783 896">
    <p class='ocr_par' dir='ltr' id='par_1_31' title="bbox 991 852 1783 896">
     <span class='ocr_line' id='line_1_31' title="bbox 991 852 1783 896; baseline 0.011 -17"><span class='ocrx_word' id='word_1_244' title='bbox 991 852 1076 881; x_wconf 72' lang='lat' dir='ltr'><strong>Filius</strong></span> <span class='ocrx_word' id='word_1_245' title='bbox 1094 854 1205 881; x_wconf 70' lang='lat' dir='ltr'><strong>hominis</strong></span> <span class='ocrx_word' id='word_1_246' title='bbox 1219 855 1332 882; x_wconf 77' lang='lat' dir='ltr'><strong>inueniat</strong></span> <span class='ocrx_word' id='word_1_247' title='bbox 1346 856 1424 891; x_wconf 82' lang='lat' dir='ltr'><strong>[idem</strong></span> <span class='ocrx_word' id='word_1_248' title='bbox 1436 857 1463 884; x_wconf 83' lang='lat' dir='ltr'><strong>in</strong></span> <span class='ocrx_word' id='word_1_249' title='bbox 1485 862 1555 885; x_wconf 86' lang='lat' dir='ltr'><strong>terra</strong></span> <span class='ocrx_word' id='word_1_250' title='bbox 1579 859 1655 893; x_wconf 83' lang='lat' dir='ltr'><strong>(Luc.</strong></span> <span class='ocrx_word' id='word_1_251' title='bbox 1668 867 1722 892; x_wconf 87' lang='lat' dir='ltr'><strong>vni,</strong></span> <span class='ocrx_word' id='word_1_252' title='bbox 1736 860 1783 896; x_wconf 86' lang='lat'><strong>8)?</strong></span> 
     </span>
    </p>
   </div>
   <div class='ocr_carea' id='block_1_32' title="bbox 141 893 1783 940">
    <p class='ocr_par' dir='ltr' id='par_1_32' title="bbox 141 893 1783 940">
     <span class='ocr_line' id='line_1_32' title="bbox 141 893 1783 940; baseline 0.002 -10"><span class='ocrx_word' id='word_1_253' title='bbox 141 909 171 932; x_wconf 84' lang='lat' dir='ltr'><strong>et</strong></span> <span class='ocrx_word' id='word_1_254' title='bbox 180 904 255 939; x_wconf 87' lang='lat' dir='ltr'><strong>juxta</strong></span> <span class='ocrx_word' id='word_1_255' title='bbox 268 903 463 930; x_wconf 86' lang='lat' dir='ltr'><strong>humanitatem</strong></span> <span class='ocrx_word' id='word_1_256' title='bbox 476 901 566 935; x_wconf 89' lang='lat' dir='ltr'><strong>junior</strong></span> <span class='ocrx_word' id='word_1_257' title='bbox 580 904 622 927; x_wconf 90' lang='lat' dir='ltr'><strong>est</strong></span> <span class='ocrx_word' id='word_1_258' title='bbox 637 904 733 926; x_wconf 89' lang='lat' dir='ltr'><strong>matre.</strong></span> <span class='ocrx_word' id='word_1_259' title='bbox 753 898 803 932; x_wconf 81' lang='lat' dir='ltr'><strong>Qui</strong></span> <span class='ocrx_word' id='word_1_260' title='bbox 819 903 896 926; x_wconf 90' lang='lat' dir='ltr'><strong>natus</strong></span> <span class='ocrx_word' id='word_1_261' title='bbox 911 899 936 925; x_wconf 92' lang='lat' dir='ltr'><strong>in</strong></span> <span class='ocrx_word' id='word_1_262' title='bbox 955 893 974 922; x_wconf 74' lang='grc' dir='ltr'><strong>Β</strong></span> <span class='ocrx_word' id='word_1_263' title='bbox 990 898 1022 925; x_wconf 86' lang='grc' dir='ltr'><strong>Ει</strong></span> <span class='ocrx_word' id='word_1_264' title='bbox 1036 898 1131 926; x_wconf 89' lang='lat' dir='ltr'><strong>iterum</strong></span> <span class='ocrx_word' id='word_1_265' title='bbox 1148 908 1156 934; x_wconf 70' lang='grc' dir='ltr'>ε</span> <span class='ocrx_word' id='word_1_266' title='bbox 1172 899 1234 927; x_wconf 77' lang='grc' dir='ltr'><strong>Νιδὶ</strong></span> <span class='ocrx_word' id='word_1_267' title='bbox 1253 900 1360 928; x_wconf 82' lang='lat' dir='ltr'><strong>breviati</strong></span> <span class='ocrx_word' id='word_1_268' title='bbox 1379 903 1487 937; x_wconf 74' lang='lat' dir='ltr'><strong>fuissent</strong></span> <span class='ocrx_word' id='word_1_269' title='bbox 1506 904 1561 931; x_wconf 80' lang='lat' dir='ltr'><strong>dies</strong></span> <span class='ocrx_word' id='word_1_270' title='bbox 1580 904 1629 937; x_wconf 86' lang='lat' dir='ltr'><strong>illi,</strong></span> <span class='ocrx_word' id='word_1_271' title='bbox 1644 913 1696 932; x_wconf 88' lang='lat' dir='ltr'><strong>non</strong></span> <span class='ocrx_word' id='word_1_272' title='bbox 1709 893 1783 940; x_wconf 76' lang='lat' dir='ltr'><strong>ﬁeret</strong></span> 
     </span>
    </p>
   </div>
   <div class='ocr_carea' id='block_1_33' title="bbox 140 947 936 984">
    <p class='ocr_par' dir='ltr' id='par_1_33' title="bbox 140 947 936 984">
     <span class='ocr_line' id='line_1_33' title="bbox 140 947 936 984; baseline -0.008 -5"><span class='ocrx_word' id='word_1_273' title='bbox 140 958 234 983; x_wconf 85' lang='lat' dir='ltr'><strong>carne,</strong></span> <span class='ocrx_word' id='word_1_274' title='bbox 248 957 418 984; x_wconf 84' lang='lat' dir='ltr'><strong>nequaquam</strong></span> <span class='ocrx_word' id='word_1_275' title='bbox 433 949 527 975; x_wconf 81' lang='lat' dir='ltr'><strong>deerat</strong></span> <span class='ocrx_word' id='word_1_276' title='bbox 536 948 620 975; x_wconf 84' lang='lat' dir='ltr'><strong>ccelo:</strong></span> <span class='ocrx_word' id='word_1_277' title='bbox 633 954 745 974; x_wconf 84' lang='lat' dir='ltr'><strong>manens</strong></span> <span class='ocrx_word' id='word_1_278' title='bbox 755 947 781 974; x_wconf 93' lang='lat' dir='ltr'><strong>in</strong></span> <span class='ocrx_word' id='word_1_279' title='bbox 795 947 936 979; x_wconf 79' lang='lat' dir='ltr'><strong>Trinitate,</strong></span> 
     </span>
    </p>
   </div>
   <div class='ocr_carea' id='block_1_34' title="bbox 142 992 937 1028">
    <p class='ocr_par' dir='ltr' id='par_1_34' title="bbox 142 992 937 1028">
     <span class='ocr_line' id='line_1_34' title="bbox 142 992 937 1028; baseline -0.008 -4"><span class='ocrx_word' id='word_1_280' title='bbox 142 997 212 1024; x_wconf 83' lang='lat' dir='ltr'><strong>vixit</strong></span> <span class='ocrx_word' id='word_1_281' title='bbox 230 997 256 1023; x_wconf 93' lang='lat' dir='ltr'><strong>in</strong></span> <span class='ocrx_word' id='word_1_282' title='bbox 269 995 380 1023; x_wconf 90' lang='lat' dir='ltr'><strong>mundo.</strong></span> <span class='ocrx_word' id='word_1_283' title='bbox 396 994 429 1021; x_wconf 84' lang='lat' dir='ltr'><strong>Et</strong></span> <span class='ocrx_word' id='word_1_284' title='bbox 444 994 503 1021; x_wconf 78' lang='lat' dir='ltr'><strong>ideo</strong></span> <span class='ocrx_word' id='word_1_285' title='bbox 514 994 536 1021; x_wconf 95' lang='lat' dir='ltr'><strong>si</strong></span> <span class='ocrx_word' id='word_1_286' title='bbox 548 993 677 1028; x_wconf 86' lang='lat' dir='ltr'><strong>scriptum</strong></span> <span class='ocrx_word' id='word_1_287' title='bbox 692 997 734 1020; x_wconf 89' lang='lat' dir='ltr'><strong>est</strong></span> <span class='ocrx_word' id='word_1_288' title='bbox 754 993 780 1019; x_wconf 94' lang='lat' dir='ltr'><strong>in</strong></span> <span class='ocrx_word' id='word_1_289' title='bbox 795 1000 811 1018; x_wconf 93' lang='lat' dir='ltr'><strong>v</strong></span> <span class='ocrx_word' id='word_1_290' title='bbox 822 992 937 1027; x_wconf 87' lang='lat' dir='ltr'><strong>synodo,</strong></span> 
     </span>
    </p>
   </div>
   <div class='ocr_carea' id='block_1_35' title="bbox 142 1038 938 1077">
    <p class='ocr_par' dir='ltr' id='par_1_35' title="bbox 142 1038 938 1077">
     <span class='ocr_line' id='line_1_35' title="bbox 142 1038 938 1077; baseline -0.006 -8"><span class='ocrx_word' id='word_1_291' title='bbox 142 1047 173 1069; x_wconf 90' lang='lat' dir='ltr'><strong>ut</strong></span> <span class='ocrx_word' id='word_1_292' title='bbox 187 1042 295 1077; x_wconf 85' lang='lat' dir='ltr'><strong>qhidam</strong></span> <span class='ocrx_word' id='word_1_293' title='bbox 323 1040 388 1067; x_wconf 90' lang='lat' dir='ltr'><strong>mihi</strong></span> <span class='ocrx_word' id='word_1_294' title='bbox 413 1040 489 1072; x_wconf 77' lang='lat' dir='ltr'><strong>dixit,</strong></span> <span class='ocrx_word' id='word_1_295' title='bbox 513 1039 585 1073; x_wconf 88' lang='lat' dir='ltr'><strong>quod</strong></span> <span class='ocrx_word' id='word_1_296' title='bbox 613 1039 659 1073; x_wconf 89' lang='lat' dir='ltr'><strong>qui</strong></span> <span class='ocrx_word' id='word_1_297' title='bbox 684 1038 751 1066; x_wconf 86' lang='lat' dir='ltr'><strong>duas</strong></span> <span class='ocrx_word' id='word_1_298' title='bbox 774 1038 938 1065; x_wconf 82' lang='lat' dir='ltr'><strong>substantias</strong></span> 
     </span>
    </p>
   </div>
   <div class='ocr_carea' id='block_1_36' title="bbox 142 1084 938 1122">
    <p class='ocr_par' dir='ltr' id='par_1_36' title="bbox 142 1084 938 1122">
     <span class='ocr_line' id='line_1_36' title="bbox 142 1084 938 1122; baseline -0.008 -5"><span class='ocrx_word' id='word_1_299' title='bbox 142 1089 249 1122; x_wconf 88' lang='lat' dir='ltr'><strong>adorat,</strong></span> <span class='ocrx_word' id='word_1_300' title='bbox 263 1088 413 1116; x_wconf 88' lang='lat' dir='ltr'><strong>orationem</strong></span> <span class='ocrx_word' id='word_1_301' title='bbox 433 1094 510 1114; x_wconf 88' lang='lat' dir='ltr'><strong>suam</strong></span> <span class='ocrx_word' id='word_1_302' title='bbox 525 1086 637 1113; x_wconf 82' lang='lat' dir='ltr'><strong>divisam</strong></span> <span class='ocrx_word' id='word_1_303' title='bbox 651 1086 759 1119; x_wconf 89' lang='lat' dir='ltr'><strong>habeat,</strong></span> <span class='ocrx_word' id='word_1_304' title='bbox 775 1084 819 1112; x_wconf 91' lang='lat' dir='ltr'><strong>ille</strong></span> <span class='ocrx_word' id='word_1_305' title='bbox 837 1085 938 1111; x_wconf 88' lang='lat' dir='ltr'><strong>divisus</strong></span> 
     </span>
    </p>
   </div>
   <div class='ocr_carea' id='block_1_37' title="bbox 140 1130 936 1167">
    <p class='ocr_par' dir='ltr' id='par_1_37' title="bbox 140 1130 936 1167">
     <span class='ocr_line' id='line_1_37' title="bbox 140 1130 936 1167; baseline -0.008 -5"><span class='ocrx_word' id='word_1_306' title='bbox 140 1139 185 1162; x_wconf 85' lang='lat' dir='ltr'><strong>est</strong></span> <span class='ocrx_word' id='word_1_307' title='bbox 198 1142 214 1161; x_wconf 85' lang='lat' dir='ltr'><strong>a</strong></span> <span class='ocrx_word' id='word_1_308' title='bbox 227 1133 338 1166; x_wconf 82' lang='lat' dir='ltr'><strong>sanctis,</strong></span> <span class='ocrx_word' id='word_1_309' title='bbox 349 1136 378 1160; x_wconf 86' lang='lat' dir='ltr'><strong>et</strong></span> <span class='ocrx_word' id='word_1_310' title='bbox 397 1136 537 1167; x_wconf 84' lang='lat' dir='ltr'><strong>separatus</strong></span> <span class='ocrx_word' id='word_1_311' title='bbox 561 1135 602 1158; x_wconf 86' lang='lat' dir='ltr'><strong>est</strong></span> <span class='ocrx_word' id='word_1_312' title='bbox 617 1138 632 1158; x_wconf 88' lang='lat' dir='ltr'><strong>a</strong></span> <span class='ocrx_word' id='word_1_313' title='bbox 659 1130 715 1158; x_wconf 91' lang='lat' dir='ltr'><strong>Deo</strong></span> <span class='ocrx_word' id='word_1_314' title='bbox 727 1151 734 1164; x_wconf 94' lang='lat'><strong>,</strong></span> <span class='ocrx_word' id='word_1_315' title='bbox 747 1130 795 1164; x_wconf 88' lang='lat' dir='ltr'><strong>qui</strong></span> <span class='ocrx_word' id='word_1_316' title='bbox 818 1130 936 1164; x_wconf 79' lang='lat' dir='ltr'><strong>seripsit.</strong></span> 
     </span>
    </p>
   </div>
   <div class='ocr_carea' id='block_1_38' title="bbox 140 1176 938 1213">
    <p class='ocr_par' dir='ltr' id='par_1_38' title="bbox 140 1176 938 1213">
     <span class='ocr_line' id='line_1_38' title="bbox 140 1176 938 1213; baseline -0.006 -6"><span class='ocrx_word' id='word_1_317' title='bbox 140 1179 211 1206; x_wconf 77' lang='lat' dir='ltr'><strong>Nam</strong></span> <span class='ocrx_word' id='word_1_318' title='bbox 237 1186 286 1206; x_wconf 89' lang='lat' dir='ltr'><strong>nos</strong></span> <span class='ocrx_word' id='word_1_319' title='bbox 300 1186 348 1213; x_wconf 88' lang='lat' dir='ltr'><strong>pro</strong></span> <span class='ocrx_word' id='word_1_320' title='bbox 364 1178 467 1205; x_wconf 81' lang='lat' dir='ltr'><strong>unitate</strong></span> <span class='ocrx_word' id='word_1_321' title='bbox 491 1184 624 1212; x_wconf 77' lang='lat' dir='ltr'><strong>personze,</strong></span> <span class='ocrx_word' id='word_1_322' title='bbox 652 1176 679 1203; x_wconf 91' lang='lat' dir='ltr'><strong>in</strong></span> <span class='ocrx_word' id='word_1_323' title='bbox 705 1183 758 1211; x_wconf 82' lang='lat' dir='ltr'><strong>qua</strong></span> <span class='ocrx_word' id='word_1_324' title='bbox 782 1176 938 1211; x_wconf 79' lang='lat' dir='ltr'><strong>complacuit</strong></span> 
     </span>
    </p>
   </div>
   <div class='ocr_carea' id='block_1_39' title="bbox 138 1222 938 1261">
    <p class='ocr_par' dir='ltr' id='par_1_39' title="bbox 138 1222 938 1261">
     <span class='ocr_line' id='line_1_39' title="bbox 138 1222 938 1261; baseline -0.005 -9"><span class='ocrx_word' id='word_1_325' title='bbox 138 1225 329 1261; x_wconf 82' lang='lat' dir='ltr'><strong>plenitudinem</strong></span> <span class='ocrx_word' id='word_1_326' title='bbox 351 1224 493 1251; x_wconf 73' lang='lat' dir='ltr'><strong>divinitatis</strong></span> <span class='ocrx_word' id='word_1_327' title='bbox 518 1223 665 1250; x_wconf 81' lang='lat' dir='ltr'><strong>inhabitare</strong></span> <span class='ocrx_word' id='word_1_328' title='bbox 688 1222 858 1256; x_wconf 83' lang='lat' dir='ltr'><strong>corporaliter</strong></span> <span class='ocrx_word' id='word_1_329' title='bbox 878 1222 938 1257; x_wconf 80' lang='lat' dir='ltr'><strong>(Co-</strong></span> 
     </span>
    </p>
   </div>
   <div class='ocr_carea' id='block_1_40' title="bbox 107 1269 938 1306">
    <p class='ocr_par' dir='ltr' id='par_1_40' title="bbox 107 1269 938 1306">
     <span class='ocr_line' id='line_1_40' title="bbox 107 1269 938 1306; baseline -0.004 -7"><span class='ocrx_word' id='word_1_330' title='bbox 107 1299 112 1303; x_wconf 70' lang='grc'>,</span> <span class='ocrx_word' id='word_1_331' title='bbox 140 1274 206 1299; x_wconf 75' lang='lat' dir='ltr'><strong>loss.</strong></span> <span class='ocrx_word' id='word_1_332' title='bbox 223 1280 251 1305; x_wconf 88' lang='lat' dir='ltr'><strong>n,</strong></span> <span class='ocrx_word' id='word_1_333' title='bbox 262 1271 301 1306; x_wconf 87' lang='lat'><strong>9),</strong></span> <span class='ocrx_word' id='word_1_334' title='bbox 312 1278 394 1298; x_wconf 83' lang='lat' dir='ltr'><strong>unum</strong></span> <span class='ocrx_word' id='word_1_335' title='bbox 402 1270 538 1297; x_wconf 84' lang='lat' dir='ltr'><strong>Christum</strong></span> <span class='ocrx_word' id='word_1_336' title='bbox 550 1269 695 1302; x_wconf 88' lang='lat' dir='ltr'><strong>credimus,</strong></span> <span class='ocrx_word' id='word_1_337' title='bbox 704 1269 870 1295; x_wconf 83' lang='lat' dir='ltr'><strong>divinitatem</strong></span> <span class='ocrx_word' id='word_1_338' title='bbox 880 1269 938 1302; x_wconf 86' lang='lat' dir='ltr'><strong>ejus</strong></span> 
     </span>
    </p>
   </div>
   <div class='ocr_carea' id='block_1_41' title="bbox 140 1313 937 1349">
    <p class='ocr_par' dir='ltr' id='par_1_41' title="bbox 140 1313 937 1349">
     <span class='ocr_line' id='line_1_41' title="bbox 140 1313 937 1349; baseline -0.006 -5"><span class='ocrx_word' id='word_1_339' title='bbox 140 1322 169 1345; x_wconf 88' lang='lat' dir='ltr'><strong>et</strong></span> <span class='ocrx_word' id='word_1_340' title='bbox 186 1316 389 1347; x_wconf 83' lang='lat' dir='ltr'><strong>humanitatem,</strong></span> <span class='ocrx_word' id='word_1_341' title='bbox 404 1314 467 1349; x_wconf 89' lang='lat' dir='ltr'><strong>quia</strong></span> <span class='ocrx_word' id='word_1_342' title='bbox 480 1314 523 1349; x_wconf 80' lang='lat' dir='ltr'><strong>qui</strong></span> <span class='ocrx_word' id='word_1_343' title='bbox 535 1313 683 1347; x_wconf 78' lang='lat' dir='ltr'><strong>descendit,</strong></span> <span class='ocrx_word' id='word_1_344' title='bbox 706 1314 760 1348; x_wconf 78' lang='lat' dir='ltr'><strong>ipse</strong></span> <span class='ocrx_word' id='word_1_345' title='bbox 777 1318 816 1340; x_wconf 79' lang='lat' dir='ltr'><strong>est</strong></span> <span class='ocrx_word' id='word_1_346' title='bbox 835 1315 877 1349; x_wconf 84' lang='lat' dir='ltr'><strong>qui</strong></span> <span class='ocrx_word' id='word_1_347' title='bbox 892 1322 937 1340; x_wconf 73' lang='lat' dir='ltr'><strong>as-</strong></span> 
     </span>
    </p>
   </div>
   <div class='ocr_carea' id='block_1_42' title="bbox 139 1358 935 1396">
    <p class='ocr_par' dir='ltr' id='par_1_42' title="bbox 139 1358 935 1396">
     <span class='ocr_line' id='line_1_42' title="bbox 139 1358 935 1396; baseline -0.003 -8"><span class='ocrx_word' id='word_1_348' title='bbox 139 1361 228 1389; x_wconf 77' lang='lat' dir='ltr'><strong>cendit</strong></span> <span class='ocrx_word' id='word_1_349' title='bbox 241 1369 318 1396; x_wconf 70' lang='lat' dir='ltr'><strong>super</strong></span> <span class='ocrx_word' id='word_1_350' title='bbox 330 1368 418 1387; x_wconf 77' lang='lat' dir='ltr'><strong>omnes</strong></span> <span class='ocrx_word' id='word_1_351' title='bbox 429 1359 516 1391; x_wconf 69' lang='lat' dir='ltr'><strong>uelox,</strong></span> <span class='ocrx_word' id='word_1_352' title='bbox 527 1364 555 1385; x_wconf 84' lang='lat' dir='ltr'><strong>ut</strong></span> <span class='ocrx_word' id='word_1_353' title='bbox 567 1359 718 1394; x_wconf 77' lang='lat' dir='ltr'><strong>adimplere!</strong></span> <span class='ocrx_word' id='word_1_354' title='bbox 729 1360 816 1386; x_wconf 82' lang='lat' dir='ltr'><strong>omnia</strong></span> <span class='ocrx_word' id='word_1_355' title='bbox 829 1358 935 1393; x_wconf 77' lang='lat' dir='ltr'><strong>(Epltes.</strong></span> 
     </span>
    </p>
   </div>
   <div class='ocr_carea' id='block_1_43' title="bbox 140 1405 938 1442">
    <p class='ocr_par' dir='ltr' id='par_1_43' title="bbox 140 1405 938 1442">
     <span class='ocr_line' id='line_1_43' title="bbox 140 1405 938 1442; baseline -0.003 -7"><span class='ocrx_word' id='word_1_356' title='bbox 140 1416 182 1442; x_wconf 88' lang='lat' dir='ltr'><strong>tv,</strong></span> <span class='ocrx_word' id='word_1_357' title='bbox 198 1407 252 1442; x_wconf 75' lang='lat'><strong>10).</strong></span> <span class='ocrx_word' id='word_1_358' title='bbox 266 1407 294 1434; x_wconf 86' lang='lat' dir='ltr'><strong>Si</strong></span> <span class='ocrx_word' id='word_1_359' title='bbox 306 1406 351 1441; x_wconf 91' lang='lat' dir='ltr'><strong>qui</strong></span> <span class='ocrx_word' id='word_1_360' title='bbox 363 1406 441 1433; x_wconf 85' lang='lat' dir='ltr'><strong>aliter</strong></span> <span class='ocrx_word' id='word_1_361' title='bbox 451 1406 484 1433; x_wconf 91' lang='lat' dir='ltr'><strong>de</strong></span> <span class='ocrx_word' id='word_1_362' title='bbox 495 1405 682 1439; x_wconf 81' lang='lat' dir='ltr'><strong>lncarnatione</strong></span> <span class='ocrx_word' id='word_1_363' title='bbox 694 1405 801 1432; x_wconf 89' lang='lat' dir='ltr'><strong>Domini</strong></span> <span class='ocrx_word' id='word_1_364' title='bbox 813 1406 938 1439; x_wconf 84' lang='lat' dir='ltr'><strong>senserit,</strong></span> 
     </span>
    </p>
   </div>
   <div class='ocr_carea' id='block_1_44' title="bbox 141 1450 938 1483">
    <p class='ocr_par' dir='ltr' id='par_1_44' title="bbox 141 1450 938 1483">
     <span class='ocr_line' id='line_1_44' title="bbox 141 1450 938 1483; baseline -0.003 -3"><span class='ocrx_word' id='word_1_365' title='bbox 141 1453 229 1480; x_wconf 79' lang='lat' dir='ltr'><strong>hostis</strong></span> <span class='ocrx_word' id='word_1_366' title='bbox 241 1457 282 1480; x_wconf 88' lang='lat' dir='ltr'><strong>est</strong></span> <span class='ocrx_word' id='word_1_367' title='bbox 294 1451 354 1479; x_wconf 86' lang='lat' dir='ltr'><strong>ﬁdei</strong></span> <span class='ocrx_word' id='word_1_368' title='bbox 367 1470 375 1483; x_wconf 91' lang='lat'><strong>,</strong></span> <span class='ocrx_word' id='word_1_369' title='bbox 399 1455 427 1479; x_wconf 89' lang='lat' dir='ltr'><strong>et</strong></span> <span class='ocrx_word' id='word_1_370' title='bbox 449 1450 646 1479; x_wconf 88' lang='lat' dir='ltr'><strong>abominandus</strong></span> <span class='ocrx_word' id='word_1_371' title='bbox 659 1454 700 1477; x_wconf 88' lang='lat' dir='ltr'><strong>est</strong></span> <span class='ocrx_word' id='word_1_372' title='bbox 718 1450 843 1477; x_wconf 86' lang='lat' dir='ltr'><strong>omnibus</strong></span> <span class='ocrx_word' id='word_1_373' title='bbox 857 1450 938 1478; x_wconf 86' lang='lat' dir='ltr'><strong>Chri-</strong></span> 
     </span>
    </p>
   </div>
   <div class='ocr_carea' id='block_1_45' title="bbox 141 1496 937 1531">
    <p class='ocr_par' dir='ltr' id='par_1_45' title="bbox 141 1496 937 1531">
     <span class='ocr_line' id='line_1_45' title="bbox 141 1496 937 1531; baseline -0.003 -6"><span class='ocrx_word' id='word_1_374' title='bbox 141 1498 246 1530; x_wconf 88' lang='lat' dir='ltr'><strong>stianis,</strong></span> <span class='ocrx_word' id='word_1_375' title='bbox 268 1505 299 1525; x_wconf 91' lang='lat' dir='ltr'><strong>ac</strong></span> <span class='ocrx_word' id='word_1_376' title='bbox 323 1496 599 1529; x_wconf 84' lang='lat' dir='ltr'><strong>anathematizandus,</strong></span> <span class='ocrx_word' id='word_1_377' title='bbox 626 1496 810 1531; x_wconf 89' lang='lat' dir='ltr'><strong>cujuscunque</strong></span> <span class='ocrx_word' id='word_1_378' title='bbox 825 1496 937 1530; x_wconf 88' lang='lat' dir='ltr'><strong>ordinis,</strong></span> 
     </span>
    </p>
   </div>
   <div class='ocr_carea' id='block_1_46' title="bbox 141 1541 937 1576">
    <p class='ocr_par' dir='ltr' id='par_1_46' title="bbox 141 1541 937 1576">
     <span class='ocr_line' id='line_1_46' title="bbox 141 1541 937 1576; baseline -0.001 -7"><span class='ocrx_word' id='word_1_379' title='bbox 141 1547 191 1570; x_wconf 84' lang='lat' dir='ltr'><strong>aut</strong></span> <span class='ocrx_word' id='word_1_380' title='bbox 203 1546 298 1575; x_wconf 87' lang='lat' dir='ltr'><strong>status,</strong></span> <span class='ocrx_word' id='word_1_381' title='bbox 313 1546 360 1569; x_wconf 81' lang='lat' dir='ltr'><strong>aut</strong></span> <span class='ocrx_word' id='word_1_382' title='bbox 378 1542 476 1576; x_wconf 80' lang='lat' dir='ltr'><strong>gradus</strong></span> <span class='ocrx_word' id='word_1_383' title='bbox 490 1541 587 1574; x_wconf 79' lang='lat' dir='ltr'><strong>fuerit;</strong></span> <span class='ocrx_word' id='word_1_384' title='bbox 610 1542 698 1569; x_wconf 92' lang='lat' dir='ltr'><strong>nullus</strong></span> <span class='ocrx_word' id='word_1_385' title='bbox 720 1542 792 1569; x_wconf 88' lang='lat' dir='ltr'><strong>enim</strong></span> <span class='ocrx_word' id='word_1_386' title='bbox 808 1542 840 1569; x_wconf 91' lang='lat' dir='ltr'><strong>ad</strong></span> <span class='ocrx_word' id='word_1_387' title='bbox 867 1542 937 1576; x_wconf 85' lang='lat' dir='ltr'><strong>inju-</strong></span> 
     </span>
    </p>
   </div>
   <div class='ocr_carea' id='block_1_47' title="bbox 141 1588 936 1623">
    <p class='ocr_par' dir='ltr' id='par_1_47' title="bbox 141 1588 936 1623">
     <span class='ocr_line' id='line_1_47' title="bbox 141 1588 936 1623; baseline 0.001 -7"><span class='ocrx_word' id='word_1_388' title='bbox 141 1589 211 1616; x_wconf 88' lang='lat' dir='ltr'><strong>riam</strong></span> <span class='ocrx_word' id='word_1_389' title='bbox 223 1589 269 1617; x_wconf 89' lang='lat' dir='ltr'><strong>Dei</strong></span> <span class='ocrx_word' id='word_1_390' title='bbox 284 1589 420 1616; x_wconf 90' lang='lat' dir='ltr'><strong>hominem</strong></span> <span class='ocrx_word' id='word_1_391' title='bbox 436 1589 572 1616; x_wconf 87' lang='lat' dir='ltr'><strong>honorare</strong></span> <span class='ocrx_word' id='word_1_392' title='bbox 592 1589 681 1616; x_wconf 88' lang='lat' dir='ltr'><strong>debet.</strong></span> <span class='ocrx_word' id='word_1_393' title='bbox 697 1588 759 1623; x_wconf 80' lang='lat' dir='ltr'><strong>Ideo</strong></span> <span class='ocrx_word' id='word_1_394' title='bbox 785 1597 877 1623; x_wconf 65' lang='lat' dir='ltr'><strong>quaeso</strong></span> <span class='ocrx_word' id='word_1_395' title='bbox 888 1597 936 1617; x_wconf 89' lang='lat' dir='ltr'><strong>vos</strong></span> 
     </span>
    </p>
   </div>
   <div class='ocr_carea' id='block_1_48' title="bbox 142 1634 938 1671">
    <p class='ocr_par' dir='ltr' id='par_1_48' title="bbox 142 1634 938 1671">
     <span class='ocr_line' id='line_1_48' title="bbox 142 1634 938 1671; baseline -0.001 -9"><span class='ocrx_word' id='word_1_396' title='bbox 142 1643 193 1671; x_wconf 90' lang='lat' dir='ltr'><strong>pro</strong></span> <span class='ocrx_word' id='word_1_397' title='bbox 211 1635 329 1667; x_wconf 87' lang='lat' dir='ltr'><strong>Christo,</strong></span> <span class='ocrx_word' id='word_1_398' title='bbox 347 1635 413 1662; x_wconf 92' lang='lat' dir='ltr'><strong>nulli</strong></span> <span class='ocrx_word' id='word_1_399' title='bbox 439 1635 542 1669; x_wconf 90' lang='lat' dir='ltr'><strong>parcite</strong></span> <span class='ocrx_word' id='word_1_400' title='bbox 560 1634 606 1670; x_wconf 90' lang='lat' dir='ltr'><strong>qui</strong></span> <span class='ocrx_word' id='word_1_401' title='bbox 621 1642 668 1661; x_wconf 90' lang='lat' dir='ltr'><strong>vos</strong></span> <span class='ocrx_word' id='word_1_402' title='bbox 695 1642 710 1661; x_wconf 95' lang='lat' dir='ltr'><strong>a</strong></span> <span class='ocrx_word' id='word_1_403' title='bbox 725 1634 833 1662; x_wconf 86' lang='lat' dir='ltr'><strong>Christo</strong></span> <span class='ocrx_word' id='word_1_404' title='bbox 858 1642 938 1670; x_wconf 84' lang='lat' dir='ltr'><strong>sepa-</strong></span> 
     </span>
    </p>
   </div>
   <div class='ocr_carea' id='block_1_49' title="bbox 142 1679 938 1715">
    <p class='ocr_par' dir='ltr' id='par_1_49' title="bbox 142 1679 938 1715">
     <span class='ocr_line' id='line_1_49' title="bbox 142 1679 938 1715; baseline -0.001 -7"><span class='ocrx_word' id='word_1_405' title='bbox 142 1688 205 1708; x_wconf 89' lang='lat' dir='ltr'><strong>rare</strong></span> <span class='ocrx_word' id='word_1_406' title='bbox 218 1681 380 1713; x_wconf 81' lang='lat' dir='ltr'><strong>tentaverit;</strong></span> <span class='ocrx_word' id='word_1_407' title='bbox 393 1680 441 1707; x_wconf 88' lang='lat' dir='ltr'><strong>sed</strong></span> <span class='ocrx_word' id='word_1_408' title='bbox 452 1680 542 1715; x_wconf 89' lang='lat' dir='ltr'><strong>potius</strong></span> <span class='ocrx_word' id='word_1_409' title='bbox 558 1680 584 1707; x_wconf 89' lang='lat' dir='ltr'><strong>ei</strong></span> <span class='ocrx_word' id='word_1_410' title='bbox 600 1680 626 1706; x_wconf 93' lang='lat' dir='ltr'><strong>in</strong></span> <span class='ocrx_word' id='word_1_411' title='bbox 639 1679 733 1707; x_wconf 80' lang='lat' dir='ltr'><strong>faciem</strong></span> <span class='ocrx_word' id='word_1_412' title='bbox 759 1680 894 1714; x_wconf 74' lang='lat' dir='ltr'><strong>resistite,</strong></span> <span class='ocrx_word' id='word_1_413' title='bbox 915 1680 938 1707; x_wconf 87' lang='lat' dir='ltr'><strong>si</strong></span> 
     </span>
    </p>
   </div>
   <div class='ocr_carea' id='block_1_50' title="bbox 142 1726 938 1762">
    <p class='ocr_par' dir='ltr' id='par_1_50' title="bbox 142 1726 938 1762">
     <span class='ocr_line' id='line_1_50' title="bbox 142 1726 938 1762; baseline 0 -8"><span class='ocrx_word' id='word_1_414' title='bbox 142 1728 204 1762; x_wconf 87' lang='lat' dir='ltr'><strong>quis</strong></span> <span class='ocrx_word' id='word_1_415' title='bbox 216 1727 310 1754; x_wconf 86' lang='lat' dir='ltr'><strong>nolens</strong></span> <span class='ocrx_word' id='word_1_416' title='bbox 319 1730 394 1754; x_wconf 89' lang='lat' dir='ltr'><strong>recte</strong></span> <span class='ocrx_word' id='word_1_417' title='bbox 404 1726 525 1761; x_wconf 89' lang='lat' dir='ltr'><strong>credere,</strong></span> <span class='ocrx_word' id='word_1_418' title='bbox 538 1734 587 1754; x_wconf 87' lang='lat' dir='ltr'><strong>vos</strong></span> <span class='ocrx_word' id='word_1_419' title='bbox 599 1733 614 1753; x_wconf 93' lang='lat' dir='ltr'><strong>a</strong></span> <span class='ocrx_word' id='word_1_420' title='bbox 626 1726 677 1754; x_wconf 79' lang='lat' dir='ltr'><strong>ﬁtle</strong></span> <span class='ocrx_word' id='word_1_421' title='bbox 700 1726 832 1754; x_wconf 87' lang='lat' dir='ltr'><strong>catholica</strong></span> <span class='ocrx_word' id='word_1_422' title='bbox 857 1734 938 1755; x_wconf 84' lang='lat' dir='ltr'><strong>revo-</strong></span> 
     </span>
    </p>
   </div>
   <div class='ocr_carea' id='block_1_51' title="bbox 141 1771 344 1799">
    <p class='ocr_par' dir='ltr' id='par_1_51' title="bbox 141 1771 344 1799">
     <span class='ocr_line' id='line_1_51' title="bbox 141 1771 344 1799; baseline 0 -1"><span class='ocrx_word' id='word_1_423' title='bbox 141 1779 173 1798; x_wconf 85' lang='lat' dir='ltr'><strong>ca</strong></span> <span class='ocrx_word' id='word_1_424' title='bbox 178 1779 208 1798; x_wconf 90' lang='lat' dir='ltr'><strong>re</strong></span> <span class='ocrx_word' id='word_1_425' title='bbox 218 1771 344 1799; x_wconf 88' lang='lat' dir='ltr'><strong>voluerit.</strong></span> 
     </span>
    </p>
   </div>
   <div class='ocr_carea' id='block_1_52' title="bbox 179 1825 938 1862">
    <p class='ocr_par' dir='ltr' id='par_1_52' title="bbox 179 1825 938 1862">
     <span class='ocr_line' id='line_1_52' title="bbox 179 1825 938 1862; baseline 0.004 -10"><span class='ocrx_word' id='word_1_426' title='bbox 179 1825 248 1852; x_wconf 78' lang='lat' dir='ltr'><strong>Xlll.</strong></span> <span class='ocrx_word' id='word_1_427' title='bbox 264 1825 341 1859; x_wconf 89' lang='lat' dir='ltr'><strong>Date,</strong></span> <span class='ocrx_word' id='word_1_428' title='bbox 355 1833 463 1861; x_wconf 61' lang='lat' dir='ltr'><strong>quasso,</strong></span> <span class='ocrx_word' id='word_1_429' title='bbox 483 1827 589 1855; x_wconf 80' lang='lat' dir='ltr'><strong>veniam</strong></span> <span class='ocrx_word' id='word_1_430' title='bbox 605 1828 670 1855; x_wconf 91' lang='lat' dir='ltr'><strong>mihi</strong></span> <span class='ocrx_word' id='word_1_431' title='bbox 696 1828 775 1855; x_wconf 88' lang='lat' dir='ltr'><strong>nimis</strong></span> <span class='ocrx_word' id='word_1_432' title='bbox 797 1827 938 1862; x_wconf 87' lang='lat' dir='ltr'><strong>injurioso,</strong></span> 
     </span>
    </p>
   </div>
   <div class='ocr_carea' id='block_1_53' title="bbox 142 1872 940 1909">
    <p class='ocr_par' dir='ltr' id='par_1_53' title="bbox 142 1872 940 1909">
     <span class='ocr_line' id='line_1_53' title="bbox 142 1872 940 1909; baseline 0.004 -10"><span class='ocrx_word' id='word_1_433' title='bbox 142 1879 297 1907; x_wconf 88' lang='lat' dir='ltr'><strong>asperoque</strong></span> <span class='ocrx_word' id='word_1_434' title='bbox 310 1872 417 1900; x_wconf 89' lang='lat' dir='ltr'><strong>cuidam</strong></span> <span class='ocrx_word' id='word_1_435' title='bbox 439 1873 556 1907; x_wconf 83' lang='lat' dir='ltr'><strong>loquaci,</strong></span> <span class='ocrx_word' id='word_1_436' title='bbox 576 1875 622 1909; x_wconf 91' lang='lat' dir='ltr'><strong>qui</strong></span> <span class='ocrx_word' id='word_1_437' title='bbox 642 1874 676 1902; x_wconf 90' lang='lat' dir='ltr'><strong>de</strong></span> <span class='ocrx_word' id='word_1_438' title='bbox 692 1875 738 1902; x_wconf 79' lang='lat' dir='ltr'><strong>tali</strong></span> <span class='ocrx_word' id='word_1_439' title='bbox 758 1882 838 1902; x_wconf 84' lang='lat' dir='ltr'><strong>causa</strong></span> <span class='ocrx_word' id='word_1_440' title='bbox 862 1874 940 1902; x_wconf 82' lang='lat' dir='ltr'><strong>aliter</strong></span> 
     </span>
    </p>
   </div>
   <div class='ocr_carea' id='block_1_54' title="bbox 141 1917 940 1955">
    <p class='ocr_par' dir='ltr' id='par_1_54' title="bbox 141 1917 940 1955">
     <span class='ocr_line' id='line_1_54' title="bbox 141 1917 940 1955; baseline 0.001 -10"><span class='ocrx_word' id='word_1_441' title='bbox 141 1917 263 1946; x_wconf 86' lang='lat' dir='ltr'><strong>scribere</strong></span> <span class='ocrx_word' id='word_1_442' title='bbox 276 1926 331 1945; x_wconf 92' lang='lat' dir='ltr'><strong>non</strong></span> <span class='ocrx_word' id='word_1_443' title='bbox 354 1918 439 1953; x_wconf 85' lang='lat' dir='ltr'><strong>potui.</strong></span> <span class='ocrx_word' id='word_1_444' title='bbox 469 1918 537 1947; x_wconf 89' lang='lat' dir='ltr'><strong>Dum</strong></span> <span class='ocrx_word' id='word_1_445' title='bbox 560 1920 631 1947; x_wconf 91' lang='lat' dir='ltr'><strong>enim</strong></span> <span class='ocrx_word' id='word_1_446' title='bbox 651 1920 757 1947; x_wconf 86' lang='lat' dir='ltr'><strong>veritati</strong></span> <span class='ocrx_word' id='word_1_447' title='bbox 779 1927 827 1955; x_wconf 90' lang='lat' dir='ltr'><strong>per</strong></span> <span class='ocrx_word' id='word_1_448' title='bbox 849 1919 940 1951; x_wconf 84' lang='lat' dir='ltr'><strong>omnia</strong></span> 
     </span>
    </p>
   </div>
   <div class='ocr_carea' id='block_1_55' title="bbox 142 1963 940 2000">
    <p class='ocr_par' dir='ltr' id='par_1_55' title="bbox 142 1963 940 2000">
     <span class='ocr_line' id='line_1_55' title="bbox 142 1963 940 2000; baseline 0.006 -10"><span class='ocrx_word' id='word_1_449' title='bbox 142 1963 254 1998; x_wconf 83' lang='lat' dir='ltr'><strong>placere</strong></span> <span class='ocrx_word' id='word_1_450' title='bbox 266 1963 349 1997; x_wconf 87' lang='lat' dir='ltr'><strong>volui,</strong></span> <span class='ocrx_word' id='word_1_451' title='bbox 365 1972 459 2000; x_wconf 82' lang='lat' dir='ltr'><strong>azyma</strong></span> <span class='ocrx_word' id='word_1_452' title='bbox 475 1973 537 1993; x_wconf 90' lang='lat' dir='ltr'><strong>cum</strong></span> <span class='ocrx_word' id='word_1_453' title='bbox 552 1966 731 1994; x_wconf 88' lang='lat' dir='ltr'><strong>amaritudine</strong></span> <span class='ocrx_word' id='word_1_454' title='bbox 746 1974 799 1994; x_wconf 95' lang='lat' dir='ltr'><strong>non</strong></span> <span class='ocrx_word' id='word_1_455' title='bbox 814 1966 940 1995; x_wconf 83' lang='lat' dir='ltr'><strong>nesciens</strong></span> 
     </span>
    </p>
   </div>
   <div class='ocr_carea' id='block_1_56' title="bbox 141 2008 940 2046">
    <p class='ocr_par' dir='ltr' id='par_1_56' title="bbox 141 2008 940 2046">
     <span class='ocr_line' id='line_1_56' title="bbox 141 2008 940 2046; baseline 0.004 -11"><span class='ocrx_word' id='word_1_456' title='bbox 141 2008 322 2042; x_wconf 84' lang='lat' dir='ltr'><strong>comedenda,</strong></span> <span class='ocrx_word' id='word_1_457' title='bbox 345 2009 396 2037; x_wconf 88' lang='lat' dir='ltr'><strong>soli</strong></span> <span class='ocrx_word' id='word_1_458' title='bbox 411 2010 467 2038; x_wconf 89' lang='lat' dir='ltr'><strong>Deo</strong></span> <span class='ocrx_word' id='word_1_459' title='bbox 481 2010 590 2044; x_wconf 84' lang='lat' dir='ltr'><strong>servivi,</strong></span> <span class='ocrx_word' id='word_1_460' title='bbox 605 2011 651 2046; x_wconf 91' lang='lat' dir='ltr'><strong>qui</strong></span> <span class='ocrx_word' id='word_1_461' title='bbox 673 2015 716 2041; x_wconf 87' lang='lat' dir='ltr'><strong>est</strong></span> <span class='ocrx_word' id='word_1_462' title='bbox 741 2011 897 2039; x_wconf 87' lang='lat' dir='ltr'><strong>benedictus</strong></span> <span class='ocrx_word' id='word_1_463' title='bbox 912 2010 940 2038; x_wconf 91' lang='lat' dir='ltr'><strong>in</strong></span> 
     </span>
    </p>
   </div>
   <div class='ocr_carea' id='block_1_57' title="bbox 142 2053 940 2092">
    <p class='ocr_par' dir='ltr' id='par_1_57' title="bbox 142 2053 940 2092">
     <span class='ocr_line' id='line_1_57' title="bbox 142 2053 940 2092; baseline 0.005 -12"><span class='ocrx_word' id='word_1_464' title='bbox 142 2053 254 2081; x_wconf 67' lang='lat' dir='ltr'><strong>secula.</strong></span> <span class='ocrx_word' id='word_1_465' title='bbox 270 2054 327 2088; x_wconf 71' lang='lat' dir='ltr'><strong>Ego</strong></span> <span class='ocrx_word' id='word_1_466' title='bbox 345 2055 551 2089; x_wconf 78' lang='lat' dir='ltr'><strong>germanitatem</strong></span> <span class='ocrx_word' id='word_1_467' title='bbox 566 2063 654 2084; x_wconf 86' lang='lat' dir='ltr'><strong>meam</strong></span> <span class='ocrx_word' id='word_1_468' title='bbox 676 2057 787 2092; x_wconf 86' lang='lat' dir='ltr'><strong>probavi</strong></span> <span class='ocrx_word' id='word_1_469' title='bbox 803 2060 830 2084; x_wconf 92' lang='lat' dir='ltr'><strong>et</strong></span> <span class='ocrx_word' id='word_1_470' title='bbox 851 2057 940 2085; x_wconf 80' lang='lat' dir='ltr'><strong>zelum</strong></span> 
     </span>
    </p>
   </div>
   <div class='ocr_carea' id='block_1_58' title="bbox 142 2100 940 2139">
    <p class='ocr_par' dir='ltr' id='par_1_58' title="bbox 142 2100 940 2139">
     <span class='ocr_line' id='line_1_58' title="bbox 142 2100 940 2139; baseline 0.004 -11"><span class='ocrx_word' id='word_1_471' title='bbox 142 2100 207 2129; x_wconf 79' lang='lat' dir='ltr'><strong>ﬁdei</strong></span> <span class='ocrx_word' id='word_1_472' title='bbox 221 2109 298 2135; x_wconf 79' lang='lat' dir='ltr'><strong>meae,</strong></span> <span class='ocrx_word' id='word_1_473' title='bbox 320 2101 382 2129; x_wconf 89' lang='lat' dir='ltr'><strong>dum</strong></span> <span class='ocrx_word' id='word_1_474' title='bbox 402 2102 485 2130; x_wconf 91' lang='lat' dir='ltr'><strong>malui</strong></span> <span class='ocrx_word' id='word_1_475' title='bbox 508 2104 747 2139; x_wconf 88' lang='lat' dir='ltr'><strong>reprehensoribus</strong></span> <span class='ocrx_word' id='word_1_476' title='bbox 765 2103 852 2131; x_wconf 90' lang='lat' dir='ltr'><strong>locum</strong></span> <span class='ocrx_word' id='word_1_477' title='bbox 864 2103 940 2138; x_wconf 87' lang='lat' dir='ltr'><strong>dare,</strong></span> 
     </span>
    </p>
   </div>
   <div class='ocr_carea' id='block_1_59' title="bbox 142 2148 941 2185">
    <p class='ocr_par' dir='ltr' id='par_1_59' title="bbox 142 2148 941 2185">
     <span class='ocr_line' id='line_1_59' title="bbox 142 2148 941 2185; baseline 0.004 -10"><span class='ocrx_word' id='word_1_478' title='bbox 142 2156 227 2183; x_wconf 90' lang='lat' dir='ltr'><strong>quam</strong></span> <span class='ocrx_word' id='word_1_479' title='bbox 250 2148 276 2176; x_wconf 89' lang='lat' dir='ltr'><strong>in</strong></span> <span class='ocrx_word' id='word_1_480' title='bbox 305 2149 351 2176; x_wconf 83' lang='lat' dir='ltr'><strong>tali</strong></span> <span class='ocrx_word' id='word_1_481' title='bbox 378 2156 459 2176; x_wconf 89' lang='lat' dir='ltr'><strong>causa</strong></span> <span class='ocrx_word' id='word_1_482' title='bbox 475 2157 516 2182; x_wconf 90' lang='lat' dir='ltr'><strong>os,</strong></span> <span class='ocrx_word' id='word_1_483' title='bbox 542 2150 666 2185; x_wconf 88' lang='lat' dir='ltr'><strong>quamvis</strong></span> <span class='ocrx_word' id='word_1_484' title='bbox 687 2150 864 2183; x_wconf 83' lang='lat' dir='ltr'><strong>ineruditum,</strong></span> <span class='ocrx_word' id='word_1_485' title='bbox 886 2157 941 2178; x_wconf 86' lang='lat' dir='ltr'><strong>noti</strong></span> 
     </span>
    </p>
   </div>
   <div class='ocr_carea' id='block_1_60' title="bbox 144 2193 941 2228">
    <p class='ocr_par' dir='ltr' id='par_1_60' title="bbox 144 2193 941 2228">
     <span class='ocr_line' id='line_1_60' title="bbox 144 2193 941 2228; baseline 0.003 -9"><span class='ocrx_word' id='word_1_486' title='bbox 144 2193 262 2228; x_wconf 78' lang='lat' dir='ltr'><strong>aperire.</strong></span> <span class='ocrx_word' id='word_1_487' title='bbox 283 2193 386 2221; x_wconf 89' lang='lat' dir='ltr'><strong>Idcirco</strong></span> <span class='ocrx_word' id='word_1_488' title='bbox 411 2195 534 2228; x_wconf 85' lang='lat' dir='ltr'><strong>quamvis</strong></span> <span class='ocrx_word' id='word_1_489' title='bbox 556 2194 681 2222; x_wconf 86' lang='lat' dir='ltr'><strong>trisulcus</strong></span> <span class='ocrx_word' id='word_1_490' title='bbox 704 2199 815 2223; x_wconf 88' lang='lat' dir='ltr'><strong>arcuato</strong></span> <span class='ocrx_word' id='word_1_491' title='bbox 829 2194 941 2222; x_wconf 88' lang='lat' dir='ltr'><strong>vulnere</strong></span> 
     </span>
    </p>
   </div>
   <div class='ocr_carea' id='block_1_61' title="bbox 143 2238 981 2279">
    <p class='ocr_par' dir='ltr' id='par_1_61' title="bbox 143 2238 981 2279">
     <span class='ocr_line' id='line_1_61' title="bbox 143 2238 981 2279; baseline 0.002 -14"><span class='ocrx_word' id='word_1_492' title='bbox 143 2238 267 2273; x_wconf 85' lang='lat' dir='ltr'><strong>scorpius</strong></span> <span class='ocrx_word' id='word_1_493' title='bbox 288 2239 424 2273; x_wconf 75' lang='lat' dir='ltr'><strong>insurgat,</strong></span> <span class='ocrx_word' id='word_1_494' title='bbox 450 2239 477 2266; x_wconf 90' lang='lat' dir='ltr'><strong>in</strong></span> <span class='ocrx_word' id='word_1_495' title='bbox 502 2239 544 2267; x_wconf 89' lang='lat' dir='ltr'><strong>bis</strong></span> <span class='ocrx_word' id='word_1_496' title='bbox 568 2239 602 2267; x_wconf 88' lang='lat' dir='ltr'><strong>de</strong></span> <span class='ocrx_word' id='word_1_497' title='bbox 616 2240 712 2275; x_wconf 85' lang='lat' dir='ltr'><strong>quibus</strong></span> <span class='ocrx_word' id='word_1_498' title='bbox 735 2240 864 2275; x_wconf 88' lang='lat' dir='ltr'><strong>scriptum</strong></span> <span class='ocrx_word' id='word_1_499' title='bbox 888 2244 938 2273; x_wconf 89' lang='lat' dir='ltr'><strong>est,</strong></span> <span class='ocrx_word' id='word_1_500' title='bbox 954 2248 981 2279; x_wconf 74' lang='grc' dir='ltr'><strong>ι)</strong></span> 
     </span>
    </p>
   </div>
   <div class='ocr_carea' id='block_1_62' title="bbox 144 2283 940 2318">
    <p class='ocr_par' dir='ltr' id='par_1_62' title="bbox 144 2283 940 2318">
     <span class='ocr_line' id='line_1_62' title="bbox 144 2283 940 2318; baseline 0.001 -8"><span class='ocrx_word' id='word_1_501' title='bbox 144 2283 293 2311; x_wconf 75' lang='lat' dir='ltr'><strong>extendere</strong></span> <span class='ocrx_word' id='word_1_502' title='bbox 316 2283 432 2318; x_wconf 73' lang='lat' dir='ltr'><strong>linguam</strong></span> <span class='ocrx_word' id='word_1_503' title='bbox 456 2291 545 2317; x_wconf 86' lang='lat' dir='ltr'><strong>suam,</strong></span> <span class='ocrx_word' id='word_1_504' title='bbox 569 2284 640 2312; x_wconf 87' lang='lat' dir='ltr'><strong>sicut</strong></span> <span class='ocrx_word' id='word_1_505' title='bbox 664 2292 755 2312; x_wconf 90' lang='lat' dir='ltr'><strong>arcum</strong></span> <span class='ocrx_word' id='word_1_506' title='bbox 785 2284 940 2318; x_wconf 80' lang='lat' dir='ltr'><strong>mendacii;</strong></span> 
     </span>
    </p>
   </div>
   <div class='ocr_carea' id='block_1_63' title="bbox 143 2328 940 2364">
    <p class='ocr_par' dir='ltr' id='par_1_63' title="bbox 143 2328 940 2364">
     <span class='ocr_line' id='line_1_63' title="bbox 143 2328 940 2364; baseline 0.004 -10"><span class='ocrx_word' id='word_1_507' title='bbox 143 2328 191 2362; x_wconf 90' lang='lat' dir='ltr'><strong>qui</strong></span> <span class='ocrx_word' id='word_1_508' title='bbox 207 2334 274 2354; x_wconf 91' lang='lat' dir='ltr'><strong>nova</strong></span> <span class='ocrx_word' id='word_1_509' title='bbox 288 2335 413 2362; x_wconf 65' lang='lat' dir='ltr'><strong>quaeque,</strong></span> <span class='ocrx_word' id='word_1_510' title='bbox 433 2328 497 2356; x_wconf 89' lang='lat' dir='ltr'><strong>licet</strong></span> <span class='ocrx_word' id='word_1_511' title='bbox 506 2328 640 2364; x_wconf 88' lang='lat' dir='ltr'><strong>epicroca,</strong></span> <span class='ocrx_word' id='word_1_512' title='bbox 654 2328 787 2363; x_wconf 73' lang='lat' dir='ltr'><strong>judicavit,</strong></span> <span class='ocrx_word' id='word_1_513' title='bbox 802 2337 885 2364; x_wconf 79' lang='lat' dir='ltr'><strong>copes</strong></span> <span class='ocrx_word' id='word_1_514' title='bbox 897 2329 940 2356; x_wconf 92' lang='lat' dir='ltr'><strong>ni-</strong></span> 
     </span>
    </p>
   </div>
   <div class='ocr_carea' id='block_1_64' title="bbox 145 2373 941 2411">
    <p class='ocr_par' dir='ltr' id='par_1_64' title="bbox 145 2373 941 2411">
     <span class='ocr_line' id='line_1_64' title="bbox 145 2373 941 2411; baseline 0.004 -11"><span class='ocrx_word' id='word_1_515' title='bbox 145 2373 243 2400; x_wconf 90' lang='lat' dir='ltr'><strong>mirum</strong></span> <span class='ocrx_word' id='word_1_516' title='bbox 258 2373 358 2408; x_wconf 83' lang='lat' dir='ltr'><strong>eﬁecti,</strong></span> <span class='ocrx_word' id='word_1_517' title='bbox 370 2374 561 2410; x_wconf 87' lang='lat' dir='ltr'><strong>hyperbolice;</strong></span> <span class='ocrx_word' id='word_1_518' title='bbox 576 2376 677 2411; x_wconf 89' lang='lat' dir='ltr'><strong>quique</strong></span> <span class='ocrx_word' id='word_1_519' title='bbox 688 2375 827 2410; x_wconf 79' lang='lat' dir='ltr'><strong>oliginosis</strong></span> <span class='ocrx_word' id='word_1_520' title='bbox 838 2376 941 2403; x_wconf 87' lang='lat' dir='ltr'><strong>celotes</strong></span> 
     </span>
    </p>
   </div>
   <div class='ocr_carea' id='block_1_65' title="bbox 146 2419 941 2456">
    <p class='ocr_par' dir='ltr' id='par_1_65' title="bbox 146 2419 941 2456">
     <span class='ocr_line' id='line_1_65' title="bbox 146 2419 941 2456; baseline 0.004 -11"><span class='ocrx_word' id='word_1_521' title='bbox 146 2419 308 2453; x_wconf 82' lang='lat' dir='ltr'><strong>palearibus,</strong></span> <span class='ocrx_word' id='word_1_522' title='bbox 333 2419 441 2454; x_wconf 85' lang='lat' dir='ltr'><strong>scriptis</strong></span> <span class='ocrx_word' id='word_1_523' title='bbox 461 2420 611 2456; x_wconf 87' lang='lat' dir='ltr'><strong>quibusque</strong></span> <span class='ocrx_word' id='word_1_524' title='bbox 635 2428 689 2448; x_wconf 92' lang='lat' dir='ltr'><strong>non</strong></span> <span class='ocrx_word' id='word_1_525' title='bbox 703 2420 810 2456; x_wconf 86' lang='lat' dir='ltr'><strong>lepidis,</strong></span> <span class='ocrx_word' id='word_1_526' title='bbox 834 2420 941 2449; x_wconf 59' lang='lat' dir='ltr'><strong>invidias</strong></span> 
     </span>
    </p>
   </div>
   <div class='ocr_carea' id='block_1_66' title="bbox 146 2463 941 2501">
    <p class='ocr_par' dir='ltr' id='par_1_66' title="bbox 146 2463 941 2501">
     <span class='ocr_line' id='line_1_66' title="bbox 146 2463 941 2501; baseline 0.004 -11"><span class='ocrx_word' id='word_1_527' title='bbox 146 2463 337 2498; x_wconf 73' lang='lat' dir='ltr'><strong>refragationis</strong></span> <span class='ocrx_word' id='word_1_528' title='bbox 351 2472 459 2500; x_wconf 88' lang='lat' dir='ltr'><strong>semper</strong></span> <span class='ocrx_word' id='word_1_529' title='bbox 473 2470 615 2501; x_wconf 85' lang='lat' dir='ltr'><strong>opponunt</strong></span> <span class='ocrx_word' id='word_1_530' title='bbox 626 2466 753 2501; x_wconf 83' lang='lat' dir='ltr'><strong>pellaces.</strong></span> <span class='ocrx_word' id='word_1_531' title='bbox 769 2464 822 2493; x_wconf 86' lang='lat' dir='ltr'><strong>Sed</strong></span> <span class='ocrx_word' id='word_1_532' title='bbox 833 2465 941 2501; x_wconf 90' lang='lat' dir='ltr'><strong>quando</strong></span> 
     </span>
    </p>
   </div>
   <div class='ocr_carea' id='block_1_67' title="bbox 147 2509 943 2546">
    <p class='ocr_par' dir='ltr' id='par_1_67' title="bbox 147 2509 943 2546">
     <span class='ocr_line' id='line_1_67' title="bbox 147 2509 943 2546; baseline 0.005 -11"><span class='ocrx_word' id='word_1_533' title='bbox 147 2516 194 2536; x_wconf 85' lang='lat' dir='ltr'><strong>rex</strong></span> <span class='ocrx_word' id='word_1_534' title='bbox 206 2509 314 2543; x_wconf 71' lang='lat' dir='ltr'><strong>gentilis</strong></span> <span class='ocrx_word' id='word_1_535' title='bbox 333 2510 504 2545; x_wconf 69' lang='lat' dir='ltr'><strong>peregrinum</strong></span> <span class='ocrx_word' id='word_1_536' title='bbox 517 2511 637 2539; x_wconf 82' lang='lat' dir='ltr'><strong>scribere</strong></span> <span class='ocrx_word' id='word_1_537' title='bbox 653 2510 858 2546; x_wconf 72' lang='lat' dir='ltr'><strong>Longobardus.</strong></span> <span class='ocrx_word' id='word_1_538' title='bbox 874 2509 943 2539; x_wconf 86' lang='lat' dir='ltr'><strong>Sco-</strong></span> 
     </span>
    </p>
   </div>
   <div class='ocr_carea' id='block_1_68' title="bbox 148 2554 942 2592">
    <p class='ocr_par' dir='ltr' id='par_1_68' title="bbox 148 2554 942 2592">
     <span class='ocr_line' id='line_1_68' title="bbox 148 2554 942 2592; baseline 0.005 -11"><span class='ocrx_word' id='word_1_539' title='bbox 148 2559 205 2581; x_wconf 88' lang='lat' dir='ltr'><strong>tum</strong></span> <span class='ocrx_word' id='word_1_540' title='bbox 218 2554 344 2583; x_wconf 88' lang='lat' dir='ltr'><strong>hebetem</strong></span> <span class='ocrx_word' id='word_1_541' title='bbox 357 2560 445 2591; x_wconf 78' lang='lat' dir='ltr'><strong>rogat,</strong></span> <span class='ocrx_word' id='word_1_542' title='bbox 467 2557 576 2592; x_wconf 88' lang='lat' dir='ltr'><strong>quando</strong></span> <span class='ocrx_word' id='word_1_543' title='bbox 595 2557 667 2585; x_wconf 90' lang='lat' dir='ltr'><strong>unda</strong></span> <span class='ocrx_word' id='word_1_544' title='bbox 691 2558 819 2586; x_wconf 88' lang='lat' dir='ltr'><strong>torrentis</strong></span> <span class='ocrx_word' id='word_1_545' title='bbox 839 2557 942 2592; x_wconf 91' lang='lat' dir='ltr'><strong>antiqui</strong></span> 
     </span>
    </p>
   </div>
   <div class='ocr_carea' id='block_1_69' title="bbox 148 2600 943 2639">
    <p class='ocr_par' dir='ltr' id='par_1_69' title="bbox 148 2600 943 2639">
     <span class='ocr_line' id='line_1_69' title="bbox 148 2600 943 2639; baseline 0.005 -12"><span class='ocrx_word' id='word_1_546' title='bbox 148 2605 222 2628; x_wconf 87' lang='lat' dir='ltr'><strong>retro</strong></span> <span class='ocrx_word' id='word_1_547' title='bbox 234 2600 384 2635; x_wconf 80' lang='lat' dir='ltr'><strong>redundat;</strong></span> <span class='ocrx_word' id='word_1_548' title='bbox 399 2602 459 2636; x_wconf 88' lang='lat' dir='ltr'><strong>quis</strong></span> <span class='ocrx_word' id='word_1_549' title='bbox 470 2610 525 2630; x_wconf 89' lang='lat' dir='ltr'><strong>non</strong></span> <span class='ocrx_word' id='word_1_550' title='bbox 539 2602 682 2630; x_wconf 86' lang='lat' dir='ltr'><strong>mirabitur</strong></span> <span class='ocrx_word' id='word_1_551' title='bbox 695 2603 786 2638; x_wconf 89' lang='lat' dir='ltr'><strong>potius</strong></span> <span class='ocrx_word' id='word_1_552' title='bbox 799 2610 880 2639; x_wconf 89' lang='lat' dir='ltr'><strong>quam</strong></span> <span class='ocrx_word' id='word_1_553' title='bbox 896 2610 943 2630; x_wconf 88' lang='lat' dir='ltr'><strong>ca-</strong></span> 
     </span>
    </p>
   </div>
   <div class='ocr_carea' id='block_1_70' title="bbox 149 2646 943 2687">
    <p class='ocr_par' dir='ltr' id='par_1_70' title="bbox 149 2646 943 2687">
     <span class='ocr_line' id='line_1_70' title="bbox 149 2646 943 2687; baseline 0.004 -14"><span class='ocrx_word' id='word_1_554' title='bbox 149 2646 343 2687; x_wconf 80' lang='lat' dir='ltr'><strong>lumniabitur?</strong></span> <span class='ocrx_word' id='word_1_555' title='bbox 366 2646 423 2682; x_wconf 73' lang='lat' dir='ltr'><strong>Ego</strong></span> <span class='ocrx_word' id='word_1_556' title='bbox 438 2651 527 2675; x_wconf 90' lang='lat' dir='ltr'><strong>tamen</strong></span> <span class='ocrx_word' id='word_1_557' title='bbox 551 2656 606 2676; x_wconf 93' lang='lat' dir='ltr'><strong>non</strong></span> <span class='ocrx_word' id='word_1_558' title='bbox 627 2648 780 2684; x_wconf 85' lang='lat' dir='ltr'><strong>trepidabo,</strong></span> <span class='ocrx_word' id='word_1_559' title='bbox 804 2656 893 2684; x_wconf 85' lang='lat' dir='ltr'><strong>neque</strong></span> <span class='ocrx_word' id='word_1_560' title='bbox 915 2648 943 2676; x_wconf 85' lang='lat' dir='ltr'><strong>in</strong></span> 
     </span>
    </p>
   </div>
   <div class='ocr_carea' id='block_1_71' title="bbox 146 2691 943 2730">
    <p class='ocr_par' dir='ltr' id='par_1_71' title="bbox 146 2691 943 2730">
     <span class='ocr_line' id='line_1_71' title="bbox 146 2691 943 2730; baseline 0.004 -11"><span class='ocrx_word' id='word_1_561' title='bbox 146 2699 229 2719; x_wconf 90' lang='lat' dir='ltr'><strong>causa</strong></span> <span class='ocrx_word' id='word_1_562' title='bbox 244 2691 292 2720; x_wconf 86' lang='lat' dir='ltr'><strong>Dei</strong></span> <span class='ocrx_word' id='word_1_563' title='bbox 307 2692 412 2727; x_wconf 76' lang='lat' dir='ltr'><strong>linguas</strong></span> <span class='ocrx_word' id='word_1_564' title='bbox 422 2693 560 2722; x_wconf 89' lang='lat' dir='ltr'><strong>hominum</strong></span> <span class='ocrx_word' id='word_1_565' title='bbox 572 2693 733 2727; x_wconf 75' lang='lat' dir='ltr'><strong>lormidabo,</strong></span> <span class='ocrx_word' id='word_1_566' title='bbox 745 2702 805 2730; x_wconf 67' lang='lat' dir='ltr'><strong>quae</strong></span> <span class='ocrx_word' id='word_1_567' title='bbox 818 2694 943 2730; x_wconf 83' lang='lat' dir='ltr'><strong>frequen-</strong></span> 
     </span>
    </p>
   </div>
   <div class='ocr_carea' id='block_1_72' title="bbox 148 2738 944 2776">
    <p class='ocr_par' dir='ltr' id='par_1_72' title="bbox 148 2738 944 2776">
     <span class='ocr_line' id='line_1_72' title="bbox 148 2738 944 2776; baseline 0.005 -11"><span class='ocrx_word' id='word_1_568' title='bbox 148 2738 203 2765; x_wconf 84' lang='lat' dir='ltr'><strong>tius</strong></span> <span class='ocrx_word' id='word_1_569' title='bbox 221 2739 387 2766; x_wconf 89' lang='lat' dir='ltr'><strong>mentiuntur</strong></span> <span class='ocrx_word' id='word_1_570' title='bbox 408 2747 488 2774; x_wconf 88' lang='lat' dir='ltr'><strong>quam</strong></span> <span class='ocrx_word' id='word_1_571' title='bbox 515 2747 577 2768; x_wconf 90' lang='lat' dir='ltr'><strong>vera</strong></span> <span class='ocrx_word' id='word_1_572' title='bbox 596 2740 757 2775; x_wconf 89' lang='lat' dir='ltr'><strong>loquuntur;</strong></span> <span class='ocrx_word' id='word_1_573' title='bbox 775 2748 835 2769; x_wconf 89' lang='lat' dir='ltr'><strong>cum</strong></span> <span class='ocrx_word' id='word_1_574' title='bbox 855 2741 944 2776; x_wconf 85' lang='lat' dir='ltr'><strong>potius</strong></span> 
     </span>
    </p>
   </div>
   <div class='ocr_carea' id='block_1_73' title="bbox 147 2784 942 2821">
    <p class='ocr_par' dir='ltr' id='par_1_73' title="bbox 147 2784 942 2821">
     <span class='ocr_line' id='line_1_73' title="bbox 147 2784 942 2821; baseline 0.005 -11"><span class='ocrx_word' id='word_1_575' title='bbox 147 2784 316 2811; x_wconf 79' lang='lat' dir='ltr'><strong>verecundia:</strong></span> <span class='ocrx_word' id='word_1_576' title='bbox 327 2785 516 2817; x_wconf 82' lang='lat' dir='ltr'><strong>resistendum,</strong></span> <span class='ocrx_word' id='word_1_577' title='bbox 530 2793 609 2820; x_wconf 87' lang='lat' dir='ltr'><strong>quant</strong></span> <span class='ocrx_word' id='word_1_578' title='bbox 621 2786 733 2821; x_wconf 64' lang='lat' dir='ltr'><strong>ignaviae</strong></span> <span class='ocrx_word' id='word_1_579' title='bbox 746 2785 942 2821; x_wconf 83' lang='lat' dir='ltr'><strong>subjiciendum</strong></span> 
     </span>
    </p>
   </div>
   <div class='ocr_carea' id='block_1_74' title="bbox 148 2831 522 2867">
    <p class='ocr_par' dir='ltr' id='par_1_74' title="bbox 148 2831 522 2867">
     <span class='ocr_line' id='line_1_74' title="bbox 148 2831 522 2867; baseline 0.008 -10"><span class='ocrx_word' id='word_1_580' title='bbox 148 2831 194 2861; x_wconf 84' lang='lat' dir='ltr'><strong>sit.</strong></span> <span class='ocrx_word' id='word_1_581' title='bbox 209 2831 253 2859; x_wconf 87' lang='lat' dir='ltr'><strong>ubi</strong></span> <span class='ocrx_word' id='word_1_582' title='bbox 269 2832 416 2860; x_wconf 79' lang='lat' dir='ltr'><strong>necessitas</strong></span> <span class='ocrx_word' id='word_1_583' title='bbox 436 2838 522 2867; x_wconf 78' lang='lat' dir='ltr'><strong>cogat.</strong></span> 
     </span>
    </p>
   </div>
   <div class='ocr_carea' id='block_1_75' title="bbox 186 2888 941 2928">
    <p class='ocr_par' dir='ltr' id='par_1_75' title="bbox 186 2888 941 2928">
     <span class='ocr_line' id='line_1_75' title="bbox 186 2888 941 2928; baseline 0.007 -13"><span class='ocrx_word' id='word_1_584' title='bbox 186 2888 252 2916; x_wconf 76' lang='lat' dir='ltr'><strong>XlV.</strong></span> <span class='ocrx_word' id='word_1_585' title='bbox 267 2889 359 2925; x_wconf 77' lang='lat' dir='ltr'><strong>Igitur,</strong></span> <span class='ocrx_word' id='word_1_586' title='bbox 376 2895 404 2917; x_wconf 88' lang='lat' dir='ltr'><strong>ut</strong></span> <span class='ocrx_word' id='word_1_587' title='bbox 418 2890 451 2919; x_wconf 88' lang='lat' dir='ltr'><strong>ad</strong></span> <span class='ocrx_word' id='word_1_588' title='bbox 466 2890 492 2918; x_wconf 93' lang='lat' dir='ltr'><strong>id</strong></span> <span class='ocrx_word' id='word_1_589' title='bbox 507 2891 559 2924; x_wconf 81' lang='lat' dir='ltr'><strong>loci</strong></span> <span class='ocrx_word' id='word_1_590' title='bbox 575 2891 711 2926; x_wconf 78' lang='lat' dir='ltr'><strong>regrediar</strong></span> <span class='ocrx_word' id='word_1_591' title='bbox 724 2891 793 2920; x_wconf 85' lang='lat' dir='ltr'><strong>unde</strong></span> <span class='ocrx_word' id='word_1_592' title='bbox 808 2891 941 2928; x_wconf 73' lang='lat' dir='ltr'><strong>digressus</strong></span> 
     </span>
    </p>
   </div>
   <div class='ocr_carea' id='block_1_76' title="bbox 990 947 1783 986">
    <p class='ocr_par' dir='ltr' id='par_1_76' title="bbox 990 947 1783 986">
     <span class='ocr_line' id='line_1_76' title="bbox 990 947 1783 986; baseline 0.013 -15"><span class='ocrx_word' id='word_1_593' title='bbox 990 947 1072 973; x_wconf 78' lang='lat' dir='ltr'><strong>ontnis</strong></span> <span class='ocrx_word' id='word_1_594' title='bbox 1083 954 1145 973; x_wconf 83' lang='lat' dir='ltr'><strong>caro</strong></span> <span class='ocrx_word' id='word_1_595' title='bbox 1158 947 1229 974; x_wconf 80' lang='lat' dir='ltr'><strong>salva</strong></span> <span class='ocrx_word' id='word_1_596' title='bbox 1245 947 1351 983; x_wconf 81' lang='lat' dir='ltr'><strong>(Matth.</strong></span> <span class='ocrx_word' id='word_1_597' title='bbox 1369 957 1440 981; x_wconf 80' lang='lat' dir='ltr'><strong>xxiv,</strong></span> <span class='ocrx_word' id='word_1_598' title='bbox 1457 949 1513 985; x_wconf 67' lang='lat'><strong>22).</strong></span> <span class='ocrx_word' id='word_1_599' title='bbox 1527 950 1602 978; x_wconf 85' lang='lat' dir='ltr'><strong>Felix</strong></span> <span class='ocrx_word' id='word_1_600' title='bbox 1616 959 1697 986; x_wconf 90' lang='lat' dir='ltr'><strong>quem</strong></span> <span class='ocrx_word' id='word_1_601' title='bbox 1709 960 1783 981; x_wconf 88' lang='lat' dir='ltr'><strong>mors</strong></span> 
     </span>
    </p>
   </div>
   <div class='ocr_carea' id='block_1_77' title="bbox 989 992 1783 1030">
    <p class='ocr_par' dir='ltr' id='par_1_77' title="bbox 989 992 1783 1030">
     <span class='ocr_line' id='line_1_77' title="bbox 989 992 1783 1030; baseline 0.01 -12"><span class='ocrx_word' id='word_1_602' title='bbox 989 998 1052 1019; x_wconf 85' lang='lat' dir='ltr'><strong>ante</strong></span> <span class='ocrx_word' id='word_1_603' title='bbox 1066 992 1154 1026; x_wconf 86' lang='lat' dir='ltr'><strong>tollat,</strong></span> <span class='ocrx_word' id='word_1_604' title='bbox 1167 1000 1247 1027; x_wconf 90' lang='lat' dir='ltr'><strong>quant</strong></span> <span class='ocrx_word' id='word_1_605' title='bbox 1260 994 1382 1022; x_wconf 88' lang='lat' dir='ltr'><strong>inﬁrmus</strong></span> <span class='ocrx_word' id='word_1_606' title='bbox 1393 1000 1481 1030; x_wconf 81' lang='lat' dir='ltr'><strong>neget.</strong></span> <span class='ocrx_word' id='word_1_607' title='bbox 1499 996 1568 1024; x_wconf 85' lang='lat' dir='ltr'><strong>Dicit</strong></span> <span class='ocrx_word' id='word_1_608' title='bbox 1582 1001 1672 1025; x_wconf 87' lang='lat' dir='ltr'><strong>tamen</strong></span> <span class='ocrx_word' id='word_1_609' title='bbox 1680 999 1783 1027; x_wconf 85' lang='lat' dir='ltr'><strong>electos</strong></span> 
     </span>
    </p>
   </div>
   <div class='ocr_carea' id='block_1_78' title="bbox 990 1036 1783 1078">
    <p class='ocr_par' dir='ltr' id='par_1_78' title="bbox 990 1036 1783 1078">
     <span class='ocr_line' id='line_1_78' title="bbox 990 1036 1783 1078; baseline 0.01 -15"><span class='ocrx_word' id='word_1_610' title='bbox 990 1037 1024 1063; x_wconf 69' lang='lat' dir='ltr'><strong>mi</strong></span> <span class='ocrx_word' id='word_1_611' title='bbox 1041 1036 1160 1070; x_wconf 77' lang='lat' dir='ltr'><strong>futuros;</strong></span> <span class='ocrx_word' id='word_1_612' title='bbox 1176 1038 1210 1064; x_wconf 86' lang='lat' dir='ltr'><strong>de</strong></span> <span class='ocrx_word' id='word_1_613' title='bbox 1232 1038 1330 1072; x_wconf 88' lang='lat' dir='ltr'><strong>quibus</strong></span> <span class='ocrx_word' id='word_1_614' title='bbox 1350 1039 1476 1067; x_wconf 87' lang='lat' dir='ltr'><strong>nimirum</strong></span> <span class='ocrx_word' id='word_1_615' title='bbox 1499 1041 1622 1075; x_wconf 75' lang='lat' dir='ltr'><strong>prtedixit</strong></span> <span class='ocrx_word' id='word_1_616' title='bbox 1644 1042 1783 1078; x_wconf 87' lang='lat' dir='ltr'><strong>discipulis</strong></span> 
     </span>
    </p>
   </div>
   <div class='ocr_carea' id='block_1_79' title="bbox 989 1082 1783 1124">
    <p class='ocr_par' dir='ltr' id='par_1_79' title="bbox 989 1082 1783 1124">
     <span class='ocr_line' id='line_1_79' title="bbox 989 1082 1783 1124; baseline 0.009 -15"><span class='ocrx_word' id='word_1_617' title='bbox 989 1083 1062 1110; x_wconf 82' lang='lat' dir='ltr'><strong>suis:</strong></span> <span class='ocrx_word' id='word_1_618' title='bbox 1080 1082 1147 1110; x_wconf 79' lang='lat' dir='ltr'><strong>Ecce</strong></span> <span class='ocrx_word' id='word_1_619' title='bbox 1160 1092 1207 1119; x_wconf 84' lang='lat' dir='ltr'><strong>ego</strong></span> <span class='ocrx_word' id='word_1_620' title='bbox 1217 1084 1345 1112; x_wconf 62' lang='lat' dir='ltr'><strong>nobiscum</strong></span> <span class='ocrx_word' id='word_1_621' title='bbox 1358 1093 1413 1112; x_wconf 76' lang='lat' dir='ltr'><strong>sum</strong></span> <span class='ocrx_word' id='word_1_622' title='bbox 1428 1086 1546 1114; x_wconf 80' lang='lat' dir='ltr'><strong>omnibus</strong></span> <span class='ocrx_word' id='word_1_623' title='bbox 1557 1087 1645 1115; x_wconf 77' lang='lat' dir='ltr'><strong>diebus</strong></span> <span class='ocrx_word' id='word_1_624' title='bbox 1658 1097 1738 1124; x_wconf 78' lang='lat' dir='ltr'><strong>usque</strong></span> <span class='ocrx_word' id='word_1_625' title='bbox 1748 1089 1783 1116; x_wconf 77' lang='lat' dir='ltr'><strong>ad</strong></span> 
     </span>
    </p>
   </div>
   <div class='ocr_carea' id='block_1_80' title="bbox 989 1129 1782 1168">
    <p class='ocr_par' dir='ltr' id='par_1_80' title="bbox 989 1129 1782 1168">
     <span class='ocr_line' id='line_1_80' title="bbox 989 1129 1782 1168; baseline 0.009 -14"><span class='ocrx_word' id='word_1_626' title='bbox 989 1129 1235 1156; x_wconf 75' lang='lat' dir='ltr'><strong>consummationem</strong></span> <span class='ocrx_word' id='word_1_627' title='bbox 1258 1130 1347 1157; x_wconf 69' lang='grc' dir='ltr'><strong>δασαιί</strong></span> <span class='ocrx_word' id='word_1_628' title='bbox 1371 1129 1478 1165; x_wconf 78' lang='lat' dir='ltr'><strong>(Matth.</strong></span> <span class='ocrx_word' id='word_1_629' title='bbox 1504 1139 1601 1165; x_wconf 89' lang='lat' dir='ltr'><strong>xxvnt,</strong></span> <span class='ocrx_word' id='word_1_630' title='bbox 1634 1133 1691 1168; x_wconf 72' lang='lat'><strong>20).</strong></span> <span class='ocrx_word' id='word_1_631' title='bbox 1713 1134 1782 1162; x_wconf 90' lang='lat' dir='ltr'><strong>Cum</strong></span> 
     </span>
    </p>
   </div>
   <div class='ocr_carea' id='block_1_81' title="bbox 989 1174 1782 1214">
    <p class='ocr_par' dir='ltr' id='par_1_81' title="bbox 989 1174 1782 1214">
     <span class='ocr_line' id='line_1_81' title="bbox 989 1174 1782 1214; baseline 0.01 -14"><span class='ocrx_word' id='word_1_632' title='bbox 989 1174 1180 1208; x_wconf 63' lang='lat' dir='ltr'><strong>itaquerelecti</strong></span> <span class='ocrx_word' id='word_1_633' title='bbox 1202 1174 1284 1203; x_wconf 85' lang='lat' dir='ltr'><strong>l&#39;uturi</strong></span> <span class='ocrx_word' id='word_1_634' title='bbox 1303 1175 1330 1203; x_wconf 93' lang='lat' dir='ltr'><strong>in</strong></span> <span class='ocrx_word' id='word_1_635' title='bbox 1354 1175 1449 1205; x_wconf 90' lang='lat' dir='ltr'><strong>diebus</strong></span> <span class='ocrx_word' id='word_1_636' title='bbox 1469 1177 1521 1205; x_wconf 82' lang='lat' dir='ltr'><strong>illis</strong></span> <span class='ocrx_word' id='word_1_637' title='bbox 1545 1179 1782 1214; x_wconf 87' lang='lat' dir='ltr'><strong>periculosioribus</strong></span> 
     </span>
    </p>
   </div>
   <div class='ocr_carea' id='block_1_82' title="bbox 989 1220 1781 1262">
    <p class='ocr_par' dir='ltr' id='par_1_82' title="bbox 989 1220 1781 1262">
     <span class='ocr_line' id='line_1_82' title="bbox 989 1220 1781 1262; baseline 0.01 -16"><span class='ocrx_word' id='word_1_638' title='bbox 989 1220 1105 1253; x_wconf 63' lang='lat' dir='ltr'><strong>caeteris,</strong></span> <span class='ocrx_word' id='word_1_639' title='bbox 1133 1224 1196 1249; x_wconf 82' lang='lat' dir='ltr'><strong>ante</strong></span> <span class='ocrx_word' id='word_1_640' title='bbox 1211 1221 1310 1249; x_wconf 87' lang='lat' dir='ltr'><strong>etenim</strong></span> <span class='ocrx_word' id='word_1_641' title='bbox 1330 1222 1385 1258; x_wconf 82' lang='grc' dir='ltr'><strong>[Αι.</strong></span> <span class='ocrx_word' id='word_1_642' title='bbox 1400 1223 1493 1259; x_wconf 89' lang='lat' dir='ltr'><strong>etiam]</strong></span> <span class='ocrx_word' id='word_1_643' title='bbox 1507 1231 1539 1252; x_wconf 88' lang='lat' dir='ltr'><strong>ac</strong></span> <span class='ocrx_word' id='word_1_644' title='bbox 1553 1229 1626 1252; x_wconf 90' lang='lat' dir='ltr'><strong>retro</strong></span> <span class='ocrx_word' id='word_1_645' title='bbox 1639 1226 1781 1262; x_wconf 85' lang='lat' dir='ltr'><strong>incompa-</strong></span> 
     </span>
    </p>
   </div>
   <div class='ocr_carea' id='block_1_83' title="bbox 990 1265 1781 1306">
    <p class='ocr_par' dir='ltr' id='par_1_83' title="bbox 990 1265 1781 1306">
     <span class='ocr_line' id='line_1_83' title="bbox 990 1265 1781 1306; baseline 0.009 -14"><span class='ocrx_word' id='word_1_646' title='bbox 990 1265 1127 1299; x_wconf 87' lang='lat' dir='ltr'><strong>rabilibus,</strong></span> <span class='ocrx_word' id='word_1_647' title='bbox 1143 1266 1325 1301; x_wconf 88' lang='lat' dir='ltr'><strong>sustinebunt,</strong></span> <span class='ocrx_word' id='word_1_648' title='bbox 1347 1268 1463 1296; x_wconf 88' lang='lat' dir='ltr'><strong>Domino</strong></span> <span class='ocrx_word' id='word_1_649' title='bbox 1485 1269 1641 1303; x_wconf 87' lang='lat' dir='ltr'><strong>roborante,</strong></span> <span class='ocrx_word' id='word_1_650' title='bbox 1662 1271 1781 1306; x_wconf 82' lang='lat' dir='ltr'><strong>majora:</strong></span> 
     </span>
    </p>
   </div>
   <div class='ocr_carea' id='block_1_84' title="bbox 990 1311 1782 1352">
    <p class='ocr_par' dir='ltr' id='par_1_84' title="bbox 990 1311 1782 1352">
     <span class='ocr_line' id='line_1_84' title="bbox 990 1311 1782 1352; baseline 0.006 -13"><span class='ocrx_word' id='word_1_651' title='bbox 990 1319 1039 1339; x_wconf 89' lang='lat' dir='ltr'><strong>cur</strong></span> <span class='ocrx_word' id='word_1_652' title='bbox 1051 1318 1102 1340; x_wconf 87' lang='lat' dir='ltr'><strong>nos</strong></span> <span class='ocrx_word' id='word_1_653' title='bbox 1115 1311 1142 1338; x_wconf 88' lang='lat' dir='ltr'><strong>in</strong></span> <span class='ocrx_word' id='word_1_654' title='bbox 1158 1312 1303 1340; x_wconf 79' lang='lat' dir='ltr'><strong>latioribus</strong></span> <span class='ocrx_word' id='word_1_655' title='bbox 1316 1312 1407 1340; x_wconf 83' lang='lat' dir='ltr'><strong>adhuc</strong></span> <span class='ocrx_word' id='word_1_656' title='bbox 1419 1321 1452 1341; x_wconf 91' lang='lat' dir='ltr'><strong>ac</strong></span> <span class='ocrx_word' id='word_1_657' title='bbox 1466 1314 1661 1351; x_wconf 86' lang='lat' dir='ltr'><strong>securioribus,</strong></span> <span class='ocrx_word' id='word_1_658' title='bbox 1675 1316 1718 1344; x_wconf 89' lang='lat' dir='ltr'><strong>vel</strong></span> <span class='ocrx_word' id='word_1_659' title='bbox 1732 1324 1782 1352; x_wconf 86' lang='lat' dir='ltr'><strong>pro</strong></span> 
     </span>
    </p>
   </div>
   <div class='ocr_carea' id='block_1_85' title="bbox 990 1359 1783 1395">
    <p class='ocr_par' dir='ltr' id='par_1_85' title="bbox 990 1359 1783 1395">
     <span class='ocr_line' id='line_1_85' title="bbox 990 1359 1783 1395; baseline 0.009 -10"><span class='ocrx_word' id='word_1_660' title='bbox 990 1359 1042 1385; x_wconf 82' lang='lat' dir='ltr'><strong>ﬁde</strong></span> <span class='ocrx_word' id='word_1_661' title='bbox 1056 1362 1148 1386; x_wconf 83' lang='lat' dir='ltr'><strong>nostra</strong></span> <span class='ocrx_word' id='word_1_662' title='bbox 1163 1365 1216 1393; x_wconf 86' lang='lat' dir='ltr'><strong>qua</strong></span> <span class='ocrx_word' id='word_1_663' title='bbox 1231 1359 1323 1395; x_wconf 80' lang='lat' dir='ltr'><strong>[Add.,</strong></span> <span class='ocrx_word' id='word_1_664' title='bbox 1338 1359 1384 1395; x_wconf 87' lang='lat' dir='ltr'><strong>ab]</strong></span> <span class='ocrx_word' id='word_1_665' title='bbox 1399 1360 1514 1389; x_wconf 86' lang='lat' dir='ltr'><strong>ethnicis</strong></span> <span class='ocrx_word' id='word_1_666' title='bbox 1527 1369 1559 1390; x_wconf 91' lang='lat' dir='ltr'><strong>ac</strong></span> <span class='ocrx_word' id='word_1_667' title='bbox 1578 1361 1676 1391; x_wconf 62' lang='lat' dir='ltr'><strong>ludatis</strong></span> <span class='ocrx_word' id='word_1_668' title='bbox 1685 1371 1718 1391; x_wconf 90' lang='lat' dir='ltr'><strong>ac</strong></span> <span class='ocrx_word' id='word_1_669' title='bbox 1728 1365 1783 1392; x_wconf 66' lang='grc' dir='ltr'><strong>Ιη-</strong></span> 
     </span>
    </p>
   </div>
   <div class='ocr_carea' id='block_1_86' title="bbox 989 1403 1783 1445">
    <p class='ocr_par' dir='ltr' id='par_1_86' title="bbox 989 1403 1783 1445">
     <span class='ocr_line' id='line_1_86' title="bbox 989 1403 1783 1445; baseline 0.009 -14"><span class='ocrx_word' id='word_1_670' title='bbox 989 1404 1080 1432; x_wconf 86' lang='lat' dir='ltr'><strong>reticis</strong></span> <span class='ocrx_word' id='word_1_671' title='bbox 1093 1403 1257 1439; x_wconf 68' lang='lat' dir='ltr'><strong>differimus,</strong></span> <span class='ocrx_word' id='word_1_672' title='bbox 1273 1413 1327 1434; x_wconf 92' lang='lat' dir='ltr'><strong>non</strong></span> <span class='ocrx_word' id='word_1_673' title='bbox 1348 1406 1553 1442; x_wconf 75' lang='lat' dir='ltr'><strong>sustinebimus,</strong></span> <span class='ocrx_word' id='word_1_674' title='bbox 1570 1408 1685 1438; x_wconf 87' lang='lat' dir='ltr'><strong>Domino</strong></span> <span class='ocrx_word' id='word_1_675' title='bbox 1706 1410 1783 1445; x_wconf 81' lang='lat' dir='ltr'><strong>adju-</strong></span> 
     </span>
    </p>
   </div>
   <div class='ocr_carea' id='block_1_87' title="bbox 989 1449 1218 1482">
    <p class='ocr_par' dir='ltr' id='par_1_87' title="bbox 989 1449 1218 1482">
     <span class='ocr_line' id='line_1_87' title="bbox 989 1449 1218 1482; baseline 0.009 -6"><span class='ocrx_word' id='word_1_676' title='bbox 989 1453 1078 1482; x_wconf 88' lang='lat' dir='ltr'><strong>vante,</strong></span> <span class='ocrx_word' id='word_1_677' title='bbox 1093 1449 1218 1478; x_wconf 80' lang='lat' dir='ltr'><strong>minora?</strong></span> 
     </span>
    </p>
   </div>
   <div class='ocr_carea' id='block_1_88' title="bbox 1026 1503 1782 1543">
    <p class='ocr_par' dir='ltr' id='par_1_88' title="bbox 1026 1503 1782 1543">
     <span class='ocr_line' id='line_1_88' title="bbox 1026 1503 1782 1543; baseline 0.009 -12"><span class='ocrx_word' id='word_1_678' title='bbox 1026 1503 1081 1531; x_wconf 71' lang='lat' dir='ltr'><strong>XV.</strong></span> <span class='ocrx_word' id='word_1_679' title='bbox 1099 1503 1152 1532; x_wconf 88' lang='lat' dir='ltr'><strong>Sed</strong></span> <span class='ocrx_word' id='word_1_680' title='bbox 1166 1504 1231 1532; x_wconf 89' lang='lat' dir='ltr'><strong>talia</strong></span> <span class='ocrx_word' id='word_1_681' title='bbox 1253 1505 1387 1539; x_wconf 90' lang='lat' dir='ltr'><strong>suadenti,</strong></span> <span class='ocrx_word' id='word_1_682' title='bbox 1408 1511 1503 1542; x_wconf 89' lang='lat' dir='ltr'><strong>utpote</strong></span> <span class='ocrx_word' id='word_1_683' title='bbox 1518 1508 1633 1543; x_wconf 89' lang='lat' dir='ltr'><strong>torpenti</strong></span> <span class='ocrx_word' id='word_1_684' title='bbox 1656 1513 1726 1542; x_wconf 89' lang='lat' dir='ltr'><strong>actu,</strong></span> <span class='ocrx_word' id='word_1_685' title='bbox 1749 1517 1782 1538; x_wconf 85' lang='lat' dir='ltr'><strong>ac</strong></span> 
     </span>
    </p>
   </div>
   <div class='ocr_carea' id='block_1_89' title="bbox 989 1549 1780 1587">
    <p class='ocr_par' dir='ltr' id='par_1_89' title="bbox 989 1549 1780 1587">
     <span class='ocr_line' id='line_1_89' title="bbox 989 1549 1780 1587; baseline 0.008 -11"><span class='ocrx_word' id='word_1_686' title='bbox 989 1549 1087 1577; x_wconf 88' lang='lat' dir='ltr'><strong>dicenti</strong></span> <span class='ocrx_word' id='word_1_687' title='bbox 1102 1550 1203 1584; x_wconf 90' lang='lat' dir='ltr'><strong>potius,</strong></span> <span class='ocrx_word' id='word_1_688' title='bbox 1228 1557 1307 1584; x_wconf 91' lang='lat' dir='ltr'><strong>quam</strong></span> <span class='ocrx_word' id='word_1_689' title='bbox 1323 1550 1430 1578; x_wconf 88' lang='lat' dir='ltr'><strong>lacienti</strong></span> <span class='ocrx_word' id='word_1_690' title='bbox 1453 1552 1527 1585; x_wconf 88' lang='lat' dir='ltr'><strong>mihi,</strong></span> <span class='ocrx_word' id='word_1_691' title='bbox 1540 1552 1618 1581; x_wconf 75' lang='lat' dir='ltr'><strong>laute</strong></span> <span class='ocrx_word' id='word_1_692' title='bbox 1639 1554 1780 1587; x_wconf 83' lang='lat' dir='ltr'><strong>llebraice,</strong></span> 
     </span>
    </p>
   </div>
   <div class='ocr_carea' id='block_1_90' title="bbox 992 1594 1781 1632">
    <p class='ocr_par' dir='ltr' id='par_1_90' title="bbox 992 1594 1781 1632">
     <span class='ocr_line' id='line_1_90' title="bbox 992 1594 1781 1632; baseline 0.006 -10"><span class='ocrx_word' id='word_1_693' title='bbox 992 1595 1128 1623; x_wconf 76' lang='lat' dir='ltr'><strong>Peristeraz</strong></span> <span class='ocrx_word' id='word_1_694' title='bbox 1148 1594 1251 1628; x_wconf 76' lang='lat' dir='ltr'><strong>Grmce,</strong></span> <span class='ocrx_word' id='word_1_695' title='bbox 1277 1595 1408 1624; x_wconf 70' lang='lat' dir='ltr'><strong>Columba:</strong></span> <span class='ocrx_word' id='word_1_696' title='bbox 1430 1596 1536 1631; x_wconf 73' lang='lat' dir='ltr'><strong>Latine,</strong></span> <span class='ocrx_word' id='word_1_697' title='bbox 1561 1598 1651 1632; x_wconf 87' lang='lat' dir='ltr'><strong>potius</strong></span> <span class='ocrx_word' id='word_1_698' title='bbox 1677 1603 1781 1627; x_wconf 89' lang='lat' dir='ltr'><strong>tantum</strong></span> 
     </span>
    </p>
   </div>
   <div class='ocr_carea' id='block_1_91' title="bbox 990 1639 1782 1679">
    <p class='ocr_par' dir='ltr' id='par_1_91' title="bbox 990 1639 1782 1679">
     <span class='ocr_line' id='line_1_91' title="bbox 990 1639 1782 1679; baseline 0.009 -14"><span class='ocrx_word' id='word_1_699' title='bbox 990 1639 1053 1675; x_wconf 49' lang='lat' dir='ltr'><strong>[.‘l!.,</strong></span> <span class='ocrx_word' id='word_1_700' title='bbox 1077 1639 1177 1675; x_wconf 85' lang='lat' dir='ltr'><strong>tamen]</strong></span> <span class='ocrx_word' id='word_1_701' title='bbox 1201 1644 1298 1668; x_wconf 69' lang='lat' dir='ltr'><strong>vestra:</strong></span> <span class='ocrx_word' id='word_1_702' title='bbox 1323 1640 1451 1669; x_wconf 87' lang='lat' dir='ltr'><strong>idiomate</strong></span> <span class='ocrx_word' id='word_1_703' title='bbox 1474 1642 1571 1677; x_wconf 72' lang='lat' dir='ltr'><strong>lingua:</strong></span> <span class='ocrx_word' id='word_1_704' title='bbox 1597 1648 1696 1672; x_wconf 89' lang='lat' dir='ltr'><strong>nancto</strong></span> <span class='ocrx_word' id='word_1_705' title='bbox 1717 1645 1782 1679; x_wconf 81' lang='lat' dir='ltr'><strong>[Al.,</strong></span> 
     </span>
    </p>
   </div>
   <div class='ocr_carea' id='block_1_92' title="bbox 989 1684 1783 1724">
    <p class='ocr_par' dir='ltr' id='par_1_92' title="bbox 989 1684 1783 1724">
     <span class='ocr_line' id='line_1_92' title="bbox 989 1684 1783 1724; baseline 0.008 -12"><span class='ocrx_word' id='word_1_706' title='bbox 989 1684 1167 1721; x_wconf 83' lang='lat' dir='ltr'><strong>nuncupato],</strong></span> <span class='ocrx_word' id='word_1_707' title='bbox 1189 1685 1251 1713; x_wconf 81' lang='lat' dir='ltr'><strong>licet</strong></span> <span class='ocrx_word' id='word_1_708' title='bbox 1274 1686 1362 1721; x_wconf 89' lang='lat' dir='ltr'><strong>prisco</strong></span> <span class='ocrx_word' id='word_1_709' title='bbox 1386 1686 1457 1714; x_wconf 86' lang='lat' dir='ltr'><strong>inter</strong></span> <span class='ocrx_word' id='word_1_710' title='bbox 1480 1687 1545 1724; x_wconf 76' lang='lat' dir='ltr'><strong>[Al.,</strong></span> <span class='ocrx_word' id='word_1_711' title='bbox 1566 1687 1647 1724; x_wconf 79' lang='lat' dir='ltr'><strong>nitar]</strong></span> <span class='ocrx_word' id='word_1_712' title='bbox 1670 1688 1783 1718; x_wconf 67' lang='lat' dir='ltr'><strong>llcbrao</strong></span> 
     </span>
    </p>
   </div>
   <div class='ocr_carea' id='block_1_93' title="bbox 990 1730 1782 1770">
    <p class='ocr_par' dir='ltr' id='par_1_93' title="bbox 990 1730 1782 1770">
     <span class='ocr_line' id='line_1_93' title="bbox 990 1730 1782 1770; baseline 0.008 -13"><span class='ocrx_word' id='word_1_713' title='bbox 990 1731 1110 1765; x_wconf 82' lang='lat' dir='ltr'><strong>nomine,</strong></span> <span class='ocrx_word' id='word_1_714' title='bbox 1124 1730 1200 1766; x_wconf 88' lang='lat' dir='ltr'><strong>cujus</strong></span> <span class='ocrx_word' id='word_1_715' title='bbox 1215 1735 1260 1759; x_wconf 78' lang='lat' dir='ltr'><strong>&#39;et.</strong></span> <span class='ocrx_word' id='word_1_716' title='bbox 1273 1739 1343 1767; x_wconf 89' lang='lat' dir='ltr'><strong>pene</strong></span> <span class='ocrx_word' id='word_1_717' title='bbox 1356 1732 1442 1760; x_wconf 89' lang='lat' dir='ltr'><strong>subivi</strong></span> <span class='ocrx_word' id='word_1_718' title='bbox 1458 1734 1625 1768; x_wconf 79' lang='lat' dir='ltr'><strong>naufragium</strong></span> <span class='ocrx_word' id='word_1_719' title='bbox 1638 1755 1646 1768; x_wconf 92' lang='lat'><strong>,</strong></span> <span class='ocrx_word' id='word_1_720' title='bbox 1664 1735 1782 1770; x_wconf 78' lang='lat' dir='ltr'><strong>veniam,</strong></span> 
     </span>
    </p>
   </div>
   <div class='ocr_carea' id='block_1_94' title="bbox 990 1778 1782 1813">
    <p class='ocr_par' dir='ltr' id='par_1_94' title="bbox 990 1778 1782 1813">
     <span class='ocr_line' id='line_1_94' title="bbox 990 1778 1782 1813; baseline 0.006 -9"><span class='ocrx_word' id='word_1_721' title='bbox 990 1784 1091 1811; x_wconf 72' lang='lat' dir='ltr'><strong>quaeso,</strong></span> <span class='ocrx_word' id='word_1_722' title='bbox 1106 1778 1175 1805; x_wconf 84' lang='lat' dir='ltr'><strong>sicut</strong></span> <span class='ocrx_word' id='word_1_723' title='bbox 1188 1784 1259 1812; x_wconf 84' lang='lat' dir='ltr'><strong>saepe</strong></span> <span class='ocrx_word' id='word_1_724' title='bbox 1272 1778 1374 1811; x_wconf 69' lang='lat' dir='ltr'><strong>rogavi,</strong></span> <span class='ocrx_word' id='word_1_725' title='bbox 1385 1778 1462 1812; x_wconf 91' lang='lat' dir='ltr'><strong>date;</strong></span> <span class='ocrx_word' id='word_1_726' title='bbox 1475 1779 1537 1813; x_wconf 88' lang='lat' dir='ltr'><strong>quia</strong></span> <span class='ocrx_word' id='word_1_727' title='bbox 1551 1780 1710 1808; x_wconf 87' lang='lat' dir='ltr'><strong>necessitate</strong></span> <span class='ocrx_word' id='word_1_728' title='bbox 1724 1788 1782 1809; x_wconf 85' lang='lat' dir='ltr'><strong>ma-</strong></span> 
     </span>
    </p>
   </div>
   <div class='ocr_carea' id='block_1_95' title="bbox 990 1823 1782 1859">
    <p class='ocr_par' dir='ltr' id='par_1_95' title="bbox 990 1823 1782 1859">
     <span class='ocr_line' id='line_1_95' title="bbox 990 1823 1782 1859; baseline 0.008 -10"><span class='ocrx_word' id='word_1_729' title='bbox 990 1824 1040 1857; x_wconf 81' lang='lat' dir='ltr'><strong>gis,</strong></span> <span class='ocrx_word' id='word_1_730' title='bbox 1066 1831 1147 1858; x_wconf 91' lang='lat' dir='ltr'><strong>quam</strong></span> <span class='ocrx_word' id='word_1_731' title='bbox 1171 1823 1318 1851; x_wconf 84' lang='lat' dir='ltr'><strong>cenodoxia</strong></span> <span class='ocrx_word' id='word_1_732' title='bbox 1341 1824 1461 1852; x_wconf 78' lang='lat' dir='ltr'><strong>scribere</strong></span> <span class='ocrx_word' id='word_1_733' title='bbox 1485 1830 1596 1853; x_wconf 85' lang='lat' dir='ltr'><strong>coactus</strong></span> <span class='ocrx_word' id='word_1_734' title='bbox 1619 1834 1694 1859; x_wconf 86' lang='lat' dir='ltr'><strong>sum,</strong></span> <span class='ocrx_word' id='word_1_735' title='bbox 1716 1826 1782 1855; x_wconf 88' lang='lat' dir='ltr'><strong>dum</strong></span> 
     </span>
    </p>
   </div>
   <div class='ocr_carea' id='block_1_96' title="bbox 991 1867 1783 1905">
    <p class='ocr_par' dir='ltr' id='par_1_96' title="bbox 991 1867 1783 1905">
     <span class='ocr_line' id='line_1_96' title="bbox 991 1867 1783 1905; baseline 0.006 -11"><span class='ocrx_word' id='word_1_736' title='bbox 991 1867 1099 1903; x_wconf 89' lang='lat' dir='ltr'><strong>quidam</strong></span> <span class='ocrx_word' id='word_1_737' title='bbox 1114 1867 1211 1895; x_wconf 84' lang='lat' dir='ltr'><strong>litteris</strong></span> <span class='ocrx_word' id='word_1_738' title='bbox 1230 1868 1287 1895; x_wconf 90' lang='lat' dir='ltr'><strong>suis</strong></span> <span class='ocrx_word' id='word_1_739' title='bbox 1302 1867 1398 1904; x_wconf 90' lang='lat' dir='ltr'><strong>quibus</strong></span> <span class='ocrx_word' id='word_1_740' title='bbox 1417 1876 1461 1895; x_wconf 89' lang='lat' dir='ltr'><strong>me</strong></span> <span class='ocrx_word' id='word_1_741' title='bbox 1475 1869 1562 1904; x_wconf 87' lang='lat' dir='ltr'><strong>primo</strong></span> <span class='ocrx_word' id='word_1_742' title='bbox 1576 1877 1645 1905; x_wconf 78' lang='lat' dir='ltr'><strong>pene</strong></span> <span class='ocrx_word' id='word_1_743' title='bbox 1660 1871 1783 1905; x_wconf 74' lang='lat' dir='ltr'><strong>ingressu</strong></span> 
     </span>
    </p>
   </div>
   <div class='ocr_carea' id='block_1_97' title="bbox 992 1913 1783 1949">
    <p class='ocr_par' dir='ltr' id='par_1_97' title="bbox 992 1913 1783 1949">
     <span class='ocr_line' id='line_1_97' title="bbox 992 1913 1783 1949; baseline 0.005 -9"><span class='ocrx_word' id='word_1_744' title='bbox 992 1913 1019 1940; x_wconf 93' lang='lat' dir='ltr'><strong>in</strong></span> <span class='ocrx_word' id='word_1_745' title='bbox 1033 1913 1111 1948; x_wconf 86' lang='lat' dir='ltr'><strong>hujus</strong></span> <span class='ocrx_word' id='word_1_746' title='bbox 1125 1913 1242 1947; x_wconf 76' lang='lat' dir='ltr'><strong>regionis</strong></span> <span class='ocrx_word' id='word_1_747' title='bbox 1261 1914 1391 1941; x_wconf 86' lang='lat' dir='ltr'><strong>terminos</strong></span> <span class='ocrx_word' id='word_1_748' title='bbox 1405 1914 1528 1949; x_wconf 87' lang='lat' dir='ltr'><strong>arripuit,</strong></span> <span class='ocrx_word' id='word_1_749' title='bbox 1545 1923 1592 1943; x_wconf 89' lang='lat' dir='ltr'><strong>vos</strong></span> <span class='ocrx_word' id='word_1_750' title='bbox 1606 1916 1671 1943; x_wconf 86' lang='lat' dir='ltr'><strong>mihi</strong></span> <span class='ocrx_word' id='word_1_751' title='bbox 1684 1923 1783 1944; x_wconf 86' lang='lat' dir='ltr'><strong>caven-</strong></span> 
     </span>
    </p>
   </div>
   <div class='ocr_carea' id='block_1_98' title="bbox 990 1957 1783 1996">
    <p class='ocr_par' dir='ltr' id='par_1_98' title="bbox 990 1957 1783 1996">
     <span class='ocr_line' id='line_1_98' title="bbox 990 1957 1783 1996; baseline 0.003 -10"><span class='ocrx_word' id='word_1_752' title='bbox 990 1957 1049 1992; x_wconf 87' lang='lat' dir='ltr'><strong>dos,</strong></span> <span class='ocrx_word' id='word_1_753' title='bbox 1072 1963 1198 1994; x_wconf 90' lang='lat' dir='ltr'><strong>tanquam</strong></span> <span class='ocrx_word' id='word_1_754' title='bbox 1213 1958 1240 1986; x_wconf 91' lang='lat' dir='ltr'><strong>in</strong></span> <span class='ocrx_word' id='word_1_755' title='bbox 1254 1957 1370 1986; x_wconf 81' lang='lat' dir='ltr'><strong>Nestorii</strong></span> <span class='ocrx_word' id='word_1_756' title='bbox 1384 1964 1486 1987; x_wconf 88' lang='lat' dir='ltr'><strong>sectam</strong></span> <span class='ocrx_word' id='word_1_757' title='bbox 1502 1960 1668 1995; x_wconf 83' lang='lat' dir='ltr'><strong>decidentes,</strong></span> <span class='ocrx_word' id='word_1_758' title='bbox 1681 1961 1783 1996; x_wconf 74' lang='lat' dir='ltr'><strong>signiﬁ-</strong></span> 
     </span>
    </p>
   </div>
   <div class='ocr_carea' id='block_1_99' title="bbox 992 2006 1783 2044">
    <p class='ocr_par' dir='ltr' id='par_1_99' title="bbox 992 2006 1783 2044">
     <span class='ocr_line' id='line_1_99' title="bbox 992 2006 1783 2044; baseline 0.005 -10"><span class='ocrx_word' id='word_1_759' title='bbox 992 2006 1071 2039; x_wconf 80' lang='lat' dir='ltr'><strong>cavit.</strong></span> <span class='ocrx_word' id='word_1_760' title='bbox 1088 2006 1136 2035; x_wconf 88' lang='lat' dir='ltr'><strong>Cui</strong></span> <span class='ocrx_word' id='word_1_761' title='bbox 1150 2007 1282 2035; x_wconf 86' lang='lat' dir='ltr'><strong>attonitus</strong></span> <span class='ocrx_word' id='word_1_762' title='bbox 1295 2007 1422 2042; x_wconf 88' lang='lat' dir='ltr'><strong>respondi</strong></span> <span class='ocrx_word' id='word_1_763' title='bbox 1436 2007 1463 2035; x_wconf 92' lang='lat' dir='ltr'><strong>in</strong></span> <span class='ocrx_word' id='word_1_764' title='bbox 1475 2008 1560 2042; x_wconf 86' lang='lat' dir='ltr'><strong>brevi,</strong></span> <span class='ocrx_word' id='word_1_765' title='bbox 1577 2013 1605 2036; x_wconf 92' lang='lat' dir='ltr'><strong>ut</strong></span> <span class='ocrx_word' id='word_1_766' title='bbox 1619 2010 1707 2044; x_wconf 88' lang='lat' dir='ltr'><strong>potui,</strong></span> <span class='ocrx_word' id='word_1_767' title='bbox 1728 2017 1783 2038; x_wconf 80' lang='lat' dir='ltr'><strong>non</strong></span> 
     </span>
    </p>
   </div>
   <div class='ocr_carea' id='block_1_100' title="bbox 991 2052 1782 2087">
    <p class='ocr_par' dir='ltr' id='par_1_100' title="bbox 991 2052 1782 2087">
     <span class='ocr_line' id='line_1_100' title="bbox 991 2052 1782 2087; baseline 0.003 -7"><span class='ocrx_word' id='word_1_768' title='bbox 991 2052 1105 2080; x_wconf 90' lang='lat' dir='ltr'><strong>credens</strong></span> <span class='ocrx_word' id='word_1_769' title='bbox 1124 2060 1179 2081; x_wconf 67' lang='lat' dir='ltr'><strong>suae</strong></span> <span class='ocrx_word' id='word_1_770' title='bbox 1193 2052 1349 2087; x_wconf 74' lang='lat' dir='ltr'><strong>allegationi</strong></span> <span class='ocrx_word' id='word_1_771' title='bbox 1363 2062 1370 2079; x_wconf 92' lang='lat'><strong>:</strong></span> <span class='ocrx_word' id='word_1_772' title='bbox 1385 2053 1432 2081; x_wconf 89' lang='lat' dir='ltr'><strong>sed</strong></span> <span class='ocrx_word' id='word_1_773' title='bbox 1447 2061 1481 2081; x_wconf 90' lang='lat' dir='ltr'><strong>ne</strong></span> <span class='ocrx_word' id='word_1_774' title='bbox 1496 2054 1552 2081; x_wconf 92' lang='lat' dir='ltr'><strong>ullo</strong></span> <span class='ocrx_word' id='word_1_775' title='bbox 1574 2055 1654 2082; x_wconf 91' lang='lat' dir='ltr'><strong>modo</strong></span> <span class='ocrx_word' id='word_1_776' title='bbox 1676 2055 1782 2082; x_wconf 83' lang='lat' dir='ltr'><strong>veritati</strong></span> 
     </span>
    </p>
   </div>
   <div class='ocr_carea' id='block_1_101' title="bbox 992 2098 1783 2135">
    <p class='ocr_par' dir='ltr' id='par_1_101' title="bbox 992 2098 1783 2135">
     <span class='ocr_line' id='line_1_101' title="bbox 992 2098 1783 2135; baseline 0 -8"><span class='ocrx_word' id='word_1_777' title='bbox 992 2107 1078 2128; x_wconf 86' lang='lat' dir='ltr'><strong>essem</strong></span> <span class='ocrx_word' id='word_1_778' title='bbox 1093 2100 1256 2132; x_wconf 84' lang='lat' dir='ltr'><strong>contrarius,</strong></span> <span class='ocrx_word' id='word_1_779' title='bbox 1277 2098 1354 2133; x_wconf 83' lang='lat' dir='ltr'><strong>juxta</strong></span> <span class='ocrx_word' id='word_1_780' title='bbox 1377 2107 1451 2127; x_wconf 91' lang='lat' dir='ltr'><strong>suam</strong></span> <span class='ocrx_word' id='word_1_781' title='bbox 1474 2100 1632 2135; x_wconf 91' lang='lat' dir='ltr'><strong>epistolam,</strong></span> <span class='ocrx_word' id='word_1_782' title='bbox 1656 2105 1684 2127; x_wconf 89' lang='lat' dir='ltr'><strong>et</strong></span> <span class='ocrx_word' id='word_1_783' title='bbox 1705 2100 1783 2134; x_wconf 85' lang='lat' dir='ltr'><strong>juxta</strong></span> 
     </span>
    </p>
   </div>
   <div class='ocr_carea' id='block_1_102' title="bbox 992 2144 1782 2179">
    <p class='ocr_par' dir='ltr' id='par_1_102' title="bbox 992 2144 1782 2179">
     <span class='ocr_line' id='line_1_102' title="bbox 992 2144 1782 2179; baseline 0 -6"><span class='ocrx_word' id='word_1_784' title='bbox 992 2152 1080 2173; x_wconf 87' lang='lat' dir='ltr'><strong>meam</strong></span> <span class='ocrx_word' id='word_1_785' title='bbox 1088 2145 1186 2173; x_wconf 88' lang='lat' dir='ltr'><strong>bonam</strong></span> <span class='ocrx_word' id='word_1_786' title='bbox 1197 2144 1231 2172; x_wconf 91' lang='lat' dir='ltr'><strong>de</strong></span> <span class='ocrx_word' id='word_1_787' title='bbox 1240 2144 1319 2171; x_wconf 88' lang='lat' dir='ltr'><strong>vobis</strong></span> <span class='ocrx_word' id='word_1_788' title='bbox 1328 2144 1532 2172; x_wconf 63' lang='lat' dir='ltr'><strong>aestimationem</strong></span> <span class='ocrx_word' id='word_1_789' title='bbox 1544 2145 1606 2179; x_wconf 81' lang='lat' dir='ltr'><strong>(ego</strong></span> <span class='ocrx_word' id='word_1_790' title='bbox 1619 2145 1691 2172; x_wconf 89' lang='lat' dir='ltr'><strong>enim</strong></span> <span class='ocrx_word' id='word_1_791' title='bbox 1699 2146 1782 2173; x_wconf 84' lang='lat' dir='ltr'><strong>credo</strong></span> 
     </span>
    </p>
   </div>
   <div class='ocr_carea' id='block_1_103' title="bbox 992 2189 1782 2226">
    <p class='ocr_par' dir='ltr' id='par_1_103' title="bbox 992 2189 1782 2226">
     <span class='ocr_line' id='line_1_103' title="bbox 992 2189 1782 2226; baseline 0 -8"><span class='ocrx_word' id='word_1_792' title='bbox 992 2198 1099 2226; x_wconf 86' lang='lat' dir='ltr'><strong>semper</strong></span> <span class='ocrx_word' id='word_1_793' title='bbox 1111 2190 1263 2218; x_wconf 74' lang='lat' dir='ltr'><strong>columnam</strong></span> <span class='ocrx_word' id='word_1_794' title='bbox 1283 2189 1410 2217; x_wconf 67' lang='lat' dir='ltr'><strong>Ecclesiae</strong></span> <span class='ocrx_word' id='word_1_795' title='bbox 1434 2189 1538 2216; x_wconf 89' lang='lat' dir='ltr'><strong>ﬁrmam</strong></span> <span class='ocrx_word' id='word_1_796' title='bbox 1562 2196 1622 2217; x_wconf 86' lang='lat' dir='ltr'><strong>esse</strong></span> <span class='ocrx_word' id='word_1_797' title='bbox 1644 2190 1672 2217; x_wconf 92' lang='lat' dir='ltr'><strong>in</strong></span> <span class='ocrx_word' id='word_1_798' title='bbox 1694 2192 1782 2225; x_wconf 90' lang='lat' dir='ltr'><strong>ramo)</strong></span> 
     </span>
    </p>
   </div>
   <div class='ocr_carea' id='block_1_104' title="bbox 993 2234 1784 2271">
    <p class='ocr_par' dir='ltr' id='par_1_104' title="bbox 993 2234 1784 2271">
     <span class='ocr_line' id='line_1_104' title="bbox 993 2234 1784 2271; baseline 0 -7"><span class='ocrx_word' id='word_1_799' title='bbox 993 2244 1151 2271; x_wconf 86' lang='lat' dir='ltr'><strong>responsum</strong></span> <span class='ocrx_word' id='word_1_800' title='bbox 1166 2235 1278 2270; x_wconf 77' lang='lat' dir='ltr'><strong>variavi,</strong></span> <span class='ocrx_word' id='word_1_801' title='bbox 1290 2234 1362 2269; x_wconf 90' lang='lat' dir='ltr'><strong>quod</strong></span> <span class='ocrx_word' id='word_1_802' title='bbox 1374 2234 1451 2262; x_wconf 90' lang='lat' dir='ltr'><strong>vobis</strong></span> <span class='ocrx_word' id='word_1_803' title='bbox 1464 2234 1549 2262; x_wconf 85' lang='lat' dir='ltr'><strong>direxi</strong></span> <span class='ocrx_word' id='word_1_804' title='bbox 1563 2235 1734 2270; x_wconf 75' lang='lat' dir='ltr'><strong>relegendum</strong></span> <span class='ocrx_word' id='word_1_805' title='bbox 1751 2244 1784 2265; x_wconf 90' lang='lat' dir='ltr'><strong>ac</strong></span> 
     </span>
    </p>
   </div>
   <div class='ocr_carea' id='block_1_105' title="bbox 991 2280 1782 2315">
    <p class='ocr_par' dir='ltr' id='par_1_105' title="bbox 991 2280 1782 2315">
     <span class='ocr_line' id='line_1_105' title="bbox 991 2280 1782 2315; baseline -0.003 -4"><span class='ocrx_word' id='word_1_806' title='bbox 991 2282 1217 2314; x_wconf 78' lang='lat' dir='ltr'><strong>concertandum,</strong></span> <span class='ocrx_word' id='word_1_807' title='bbox 1244 2280 1329 2308; x_wconf 89' lang='lat' dir='ltr'><strong>sicubi</strong></span> <span class='ocrx_word' id='word_1_808' title='bbox 1342 2283 1435 2307; x_wconf 88' lang='lat' dir='ltr'><strong>contra</strong></span> <span class='ocrx_word' id='word_1_809' title='bbox 1457 2281 1600 2308; x_wconf 87' lang='lat' dir='ltr'><strong>veritatem</strong></span> <span class='ocrx_word' id='word_1_810' title='bbox 1615 2282 1703 2315; x_wconf 88' lang='lat' dir='ltr'><strong>venit;</strong></span> <span class='ocrx_word' id='word_1_811' title='bbox 1727 2290 1782 2309; x_wconf 93' lang='lat' dir='ltr'><strong>non</strong></span> 
     </span>
    </p>
   </div>
   <div class='ocr_carea' id='block_1_106' title="bbox 991 2325 1783 2360">
    <p class='ocr_par' dir='ltr' id='par_1_106' title="bbox 991 2325 1783 2360">
     <span class='ocr_line' id='line_1_106' title="bbox 991 2325 1783 2360; baseline -0.001 -6"><span class='ocrx_word' id='word_1_812' title='bbox 991 2327 1063 2355; x_wconf 83' lang='lat' dir='ltr'><strong>enini</strong></span> <span class='ocrx_word' id='word_1_813' title='bbox 1079 2334 1122 2354; x_wconf 88' lang='lat' dir='ltr'><strong>me</strong></span> <span class='ocrx_word' id='word_1_814' title='bbox 1136 2326 1206 2354; x_wconf 90' lang='lat' dir='ltr'><strong>inter</strong></span> <span class='ocrx_word' id='word_1_815' title='bbox 1220 2325 1470 2360; x_wconf 70' lang='lat' dir='ltr'><strong>inreprehensibiles</strong></span> <span class='ocrx_word' id='word_1_816' title='bbox 1482 2325 1603 2360; x_wconf 92' lang='lat' dir='ltr'><strong>proﬁteri</strong></span> <span class='ocrx_word' id='word_1_817' title='bbox 1617 2326 1714 2354; x_wconf 90' lang='lat' dir='ltr'><strong>audeo.</strong></span> <span class='ocrx_word' id='word_1_818' title='bbox 1767 2330 1783 2338; x_wconf 81' lang='lat'><strong><em>&#39;</em></strong></span> 
     </span>
    </p>
   </div>
   <div class='ocr_carea' id='block_1_107' title="bbox 1027 2383 1785 2415">
    <p class='ocr_par' dir='ltr' id='par_1_107' title="bbox 1027 2383 1785 2415">
     <span class='ocr_line' id='line_1_107' title="bbox 1027 2383 1785 2415; baseline -0.001 -4"><span class='ocrx_word' id='word_1_819' title='bbox 1027 2383 1095 2411; x_wconf 84' lang='lat' dir='ltr'><strong>XVI.</strong></span> <span class='ocrx_word' id='word_1_820' title='bbox 1112 2383 1177 2411; x_wconf 89' lang='lat' dir='ltr'><strong>Post</strong></span> <span class='ocrx_word' id='word_1_821' title='bbox 1190 2383 1261 2411; x_wconf 87' lang='lat' dir='ltr'><strong>hanc</strong></span> <span class='ocrx_word' id='word_1_822' title='bbox 1275 2387 1366 2411; x_wconf 87' lang='lat' dir='ltr'><strong>autem</strong></span> <span class='ocrx_word' id='word_1_823' title='bbox 1387 2384 1522 2411; x_wconf 88' lang='lat' dir='ltr'><strong>scribendi</strong></span> <span class='ocrx_word' id='word_1_824' title='bbox 1547 2383 1727 2415; x_wconf 88' lang='lat' dir='ltr'><strong>occasionem,</strong></span> <span class='ocrx_word' id='word_1_825' title='bbox 1742 2384 1785 2410; x_wconf 88' lang='lat' dir='ltr'><strong>in-</strong></span> 
     </span>
    </p>
   </div>
   <div class='ocr_carea' id='block_1_108' title="bbox 991 2430 1782 2467">
    <p class='ocr_par' dir='ltr' id='par_1_108' title="bbox 991 2430 1782 2467">
     <span class='ocr_line' id='line_1_108' title="bbox 991 2430 1782 2467; baseline -0.004 -8"><span class='ocrx_word' id='word_1_826' title='bbox 991 2438 1073 2467; x_wconf 89' lang='lat' dir='ltr'><strong>super</strong></span> <span class='ocrx_word' id='word_1_827' title='bbox 1086 2430 1157 2466; x_wconf 75' lang='lat' dir='ltr'><strong>regis</strong></span> <span class='ocrx_word' id='word_1_828' title='bbox 1171 2430 1270 2458; x_wconf 89' lang='lat' dir='ltr'><strong>insistit</strong></span> <span class='ocrx_word' id='word_1_829' title='bbox 1281 2430 1367 2465; x_wconf 89' lang='lat' dir='ltr'><strong>jussio</strong></span> <span class='ocrx_word' id='word_1_830' title='bbox 1380 2430 1389 2440; x_wconf 83' lang='lat'><strong><em>‘</em></strong></span> <span class='ocrx_word' id='word_1_831' title='bbox 1403 2430 1510 2466; x_wconf 80' lang='lat' dir='ltr'><strong>Agilulﬁ</strong></span> <span class='ocrx_word' id='word_1_832' title='bbox 1522 2438 1531 2457; x_wconf 89' lang='lat'><em>:</em></span> <span class='ocrx_word' id='word_1_833' title='bbox 1546 2430 1623 2465; x_wconf 83' lang='lat' dir='ltr'><strong>cujus</strong></span> <span class='ocrx_word' id='word_1_834' title='bbox 1634 2430 1782 2465; x_wconf 90' lang='lat' dir='ltr'><strong>postulatio</strong></span> 
     </span>
    </p>
   </div>
   <div class='ocr_carea' id='block_1_109' title="bbox 993 2476 1780 2512">
    <p class='ocr_par' dir='ltr' id='par_1_109' title="bbox 993 2476 1780 2512">
     <span class='ocr_line' id='line_1_109' title="bbox 993 2476 1780 2512; baseline -0.004 -6"><span class='ocrx_word' id='word_1_835' title='bbox 993 2487 1036 2507; x_wconf 92' lang='lat' dir='ltr'><strong>me</strong></span> <span class='ocrx_word' id='word_1_836' title='bbox 1056 2479 1083 2506; x_wconf 94' lang='lat' dir='ltr'><strong>in</strong></span> <span class='ocrx_word' id='word_1_837' title='bbox 1098 2482 1235 2512; x_wconf 86' lang='lat' dir='ltr'><strong>stuporem</strong></span> <span class='ocrx_word' id='word_1_838' title='bbox 1250 2485 1282 2505; x_wconf 93' lang='lat' dir='ltr'><strong>ac</strong></span> <span class='ocrx_word' id='word_1_839' title='bbox 1301 2478 1328 2505; x_wconf 91' lang='lat' dir='ltr'><strong>in</strong></span> <span class='ocrx_word' id='word_1_840' title='bbox 1351 2477 1558 2506; x_wconf 88' lang='lat' dir='ltr'><strong>sollicitudinem</strong></span> <span class='ocrx_word' id='word_1_841' title='bbox 1583 2477 1674 2512; x_wconf 89' lang='lat' dir='ltr'><strong>posuit</strong></span> <span class='ocrx_word' id='word_1_842' title='bbox 1688 2476 1780 2503; x_wconf 90' lang='lat' dir='ltr'><strong>multi-</strong></span> 
     </span>
    </p>
   </div>
   <div class='ocr_carea' id='block_1_110' title="bbox 992 2523 1780 2561">
    <p class='ocr_par' dir='ltr' id='par_1_110' title="bbox 992 2523 1780 2561">
     <span class='ocr_line' id='line_1_110' title="bbox 992 2523 1780 2561; baseline -0.004 -9"><span class='ocrx_word' id='word_1_843' title='bbox 992 2525 1089 2561; x_wconf 79' lang='lat' dir='ltr'><strong>plicem</strong></span> <span class='ocrx_word' id='word_1_844' title='bbox 1104 2533 1110 2551; x_wconf 96' lang='lat'>:</span> <span class='ocrx_word' id='word_1_845' title='bbox 1126 2524 1226 2560; x_wconf 89' lang='lat' dir='ltr'><strong>quippe</strong></span> <span class='ocrx_word' id='word_1_846' title='bbox 1250 2523 1313 2559; x_wconf 90' lang='lat' dir='ltr'><strong>quia</strong></span> <span class='ocrx_word' id='word_1_847' title='bbox 1327 2531 1382 2551; x_wconf 92' lang='lat' dir='ltr'><strong>non</strong></span> <span class='ocrx_word' id='word_1_848' title='bbox 1404 2524 1463 2552; x_wconf 87' lang='lat' dir='ltr'><strong>sine</strong></span> <span class='ocrx_word' id='word_1_849' title='bbox 1483 2523 1614 2551; x_wconf 89' lang='lat' dir='ltr'><strong>miraculo</strong></span> <span class='ocrx_word' id='word_1_850' title='bbox 1635 2530 1700 2550; x_wconf 87' lang='lat' dir='ltr'><strong>reor</strong></span> <span class='ocrx_word' id='word_1_851' title='bbox 1721 2528 1780 2549; x_wconf 77' lang='lat' dir='ltr'><strong>esse</strong></span> 
     </span>
    </p>
   </div>
   <div class='ocr_carea' id='block_1_111' title="bbox 993 2567 1782 2606">
    <p class='ocr_par' dir='ltr' id='par_1_111' title="bbox 993 2567 1782 2606">
     <span class='ocr_line' id='line_1_111' title="bbox 993 2567 1782 2606; baseline -0.006 -8"><span class='ocrx_word' id='word_1_852' title='bbox 993 2571 1065 2606; x_wconf 90' lang='lat' dir='ltr'><strong>quod</strong></span> <span class='ocrx_word' id='word_1_853' title='bbox 1079 2570 1167 2598; x_wconf 89' lang='lat' dir='ltr'><strong>video.</strong></span> <span class='ocrx_word' id='word_1_854' title='bbox 1194 2570 1283 2604; x_wconf 77' lang='lat' dir='ltr'><strong>Reges</strong></span> <span class='ocrx_word' id='word_1_855' title='bbox 1296 2577 1413 2604; x_wconf 89' lang='lat' dir='ltr'><strong>namque</strong></span> <span class='ocrx_word' id='word_1_856' title='bbox 1427 2569 1552 2596; x_wconf 83' lang='lat' dir='ltr'><strong>Arianam</strong></span> <span class='ocrx_word' id='word_1_857' title='bbox 1568 2569 1638 2595; x_wconf 84' lang='lat' dir='ltr'><strong>hanc</strong></span> <span class='ocrx_word' id='word_1_858' title='bbox 1652 2567 1739 2594; x_wconf 90' lang='lat' dir='ltr'><strong>labem</strong></span> <span class='ocrx_word' id='word_1_859' title='bbox 1754 2567 1782 2594; x_wconf 91' lang='lat' dir='ltr'><strong>in</strong></span> 
     </span>
    </p>
   </div>
   <div class='ocr_carea' id='block_1_112' title="bbox 993 2612 1779 2651">
    <p class='ocr_par' dir='ltr' id='par_1_112' title="bbox 993 2612 1779 2651">
     <span class='ocr_line' id='line_1_112' title="bbox 993 2612 1779 2651; baseline -0.008 -7"><span class='ocrx_word' id='word_1_860' title='bbox 993 2617 1043 2645; x_wconf 90' lang='lat' dir='ltr'><strong>hac</strong></span> <span class='ocrx_word' id='word_1_861' title='bbox 1055 2616 1100 2644; x_wconf 93' lang='lat' dir='ltr'><strong>diu</strong></span> <span class='ocrx_word' id='word_1_862' title='bbox 1116 2615 1235 2651; x_wconf 76' lang='lat' dir='ltr'><strong>regione.</strong></span> <span class='ocrx_word' id='word_1_863' title='bbox 1251 2614 1380 2643; x_wconf 88' lang='lat' dir='ltr'><strong>calcando</strong></span> <span class='ocrx_word' id='word_1_864' title='bbox 1400 2613 1480 2641; x_wconf 85' lang='lat' dir='ltr'><strong>tidem</strong></span> <span class='ocrx_word' id='word_1_865' title='bbox 1494 2613 1668 2646; x_wconf 89' lang='lat' dir='ltr'><strong>catholicam,</strong></span> <span class='ocrx_word' id='word_1_866' title='bbox 1692 2612 1779 2639; x_wconf 88' lang='lat' dir='ltr'><strong>ﬁrma-</strong></span> 
     </span>
    </p>
   </div>
   <div class='ocr_carea' id='block_1_113' title="bbox 993 2656 1782 2695">
    <p class='ocr_par' dir='ltr' id='par_1_113' title="bbox 993 2656 1782 2695">
     <span class='ocr_line' id='line_1_113' title="bbox 993 2656 1782 2695; baseline -0.009 -6"><span class='ocrx_word' id='word_1_867' title='bbox 993 2666 1075 2695; x_wconf 88' lang='lat' dir='ltr'><strong>runt;</strong></span> <span class='ocrx_word' id='word_1_868' title='bbox 1096 2668 1167 2689; x_wconf 85' lang='lat' dir='ltr'><strong>nunc</strong></span> <span class='ocrx_word' id='word_1_869' title='bbox 1190 2664 1310 2688; x_wconf 80' lang='lat' dir='ltr'><strong>nostram</strong></span> <span class='ocrx_word' id='word_1_870' title='bbox 1324 2663 1421 2694; x_wconf 73' lang='lat' dir='ltr'><strong>rogant</strong></span> <span class='ocrx_word' id='word_1_871' title='bbox 1445 2658 1567 2687; x_wconf 90' lang='lat' dir='ltr'><strong>roborari</strong></span> <span class='ocrx_word' id='word_1_872' title='bbox 1590 2658 1676 2685; x_wconf 87' lang='lat' dir='ltr'><strong>ﬁdem.</strong></span> <span class='ocrx_word' id='word_1_873' title='bbox 1701 2656 1782 2684; x_wconf 83' lang='lat' dir='ltr'><strong>Forte</strong></span> 
     </span>
    </p>
   </div>
   <div class='ocr_carea' id='block_1_114' title="bbox 994 2701 1783 2741">
    <p class='ocr_par' dir='ltr' id='par_1_114' title="bbox 994 2701 1783 2741">
     <span class='ocr_line' id='line_1_114' title="bbox 994 2701 1783 2741; baseline -0.008 -8"><span class='ocrx_word' id='word_1_874' title='bbox 994 2706 1116 2733; x_wconf 88' lang='lat' dir='ltr'><strong>Christus</strong></span> <span class='ocrx_word' id='word_1_875' title='bbox 1130 2705 1175 2740; x_wconf 92' lang='lat' dir='ltr'><strong>pio</strong></span> <span class='ocrx_word' id='word_1_876' title='bbox 1198 2712 1248 2732; x_wconf 89' lang='lat' dir='ltr'><strong>nos</strong></span> <span class='ocrx_word' id='word_1_877' title='bbox 1260 2703 1335 2741; x_wconf 78' lang='lat' dir='ltr'><strong>[Leg.</strong></span> <span class='ocrx_word' id='word_1_878' title='bbox 1348 2704 1394 2739; x_wconf 88' lang='lat' dir='ltr'><strong>pio</strong></span> <span class='ocrx_word' id='word_1_879' title='bbox 1407 2711 1457 2731; x_wconf 90' lang='lat' dir='ltr'><strong>nos</strong></span> <span class='ocrx_word' id='word_1_880' title='bbox 1470 2702 1561 2738; x_wconf 85' lang='lat' dir='ltr'><strong>oculo]</strong></span> <span class='ocrx_word' id='word_1_881' title='bbox 1585 2706 1650 2729; x_wconf 90' lang='lat' dir='ltr'><strong>tunc</strong></span> <span class='ocrx_word' id='word_1_882' title='bbox 1662 2701 1783 2736; x_wconf 85' lang='lat' dir='ltr'><strong>respicit,</strong></span> 
     </span>
    </p>
   </div>
   <div class='ocr_carea' id='block_1_115' title="bbox 994 2746 1784 2787">
    <p class='ocr_par' dir='ltr' id='par_1_115' title="bbox 994 2746 1784 2787">
     <span class='ocr_line' id='line_1_115' title="bbox 994 2746 1784 2787; baseline -0.008 -8"><span class='ocrx_word' id='word_1_883' title='bbox 994 2752 1069 2787; x_wconf 88' lang='lat' dir='ltr'><strong>cujus</strong></span> <span class='ocrx_word' id='word_1_884' title='bbox 1083 2750 1172 2778; x_wconf 81' lang='lat' dir='ltr'><strong>favore</strong></span> <span class='ocrx_word' id='word_1_885' title='bbox 1182 2757 1263 2777; x_wconf 89' lang='lat' dir='ltr'><strong>omne</strong></span> <span class='ocrx_word' id='word_1_886' title='bbox 1277 2749 1397 2777; x_wconf 90' lang='lat' dir='ltr'><strong>nascitur</strong></span> <span class='ocrx_word' id='word_1_887' title='bbox 1413 2750 1523 2776; x_wconf 91' lang='lat' dir='ltr'><strong>bonum.</strong></span> <span class='ocrx_word' id='word_1_888' title='bbox 1537 2748 1591 2774; x_wconf 84' lang='lat' dir='ltr'><strong>Nos</strong></span> <span class='ocrx_word' id='word_1_889' title='bbox 1606 2746 1683 2773; x_wconf 88' lang='lat' dir='ltr'><strong>valde</strong></span> <span class='ocrx_word' id='word_1_890' title='bbox 1693 2747 1784 2774; x_wconf 88' lang='lat' dir='ltr'><strong>miseri</strong></span> 
     </span>
    </p>
   </div>
   <div class='ocr_carea' id='block_1_116' title="bbox 993 2790 1783 2830">
    <p class='ocr_par' dir='ltr' id='par_1_116' title="bbox 993 2790 1783 2830">
     <span class='ocr_line' id='line_1_116' title="bbox 993 2790 1783 2830; baseline -0.011 -4"><span class='ocrx_word' id='word_1_891' title='bbox 993 2806 1094 2830; x_wconf 88' lang='lat' dir='ltr'><strong>sumus,</strong></span> <span class='ocrx_word' id='word_1_892' title='bbox 1108 2797 1131 2824; x_wconf 89' lang='lat' dir='ltr'><strong>si</strong></span> <span class='ocrx_word' id='word_1_893' title='bbox 1145 2800 1237 2824; x_wconf 90' lang='lat' dir='ltr'><strong>nostra</strong></span> <span class='ocrx_word' id='word_1_894' title='bbox 1252 2795 1285 2822; x_wconf 90' lang='lat' dir='ltr'><strong>de</strong></span> <span class='ocrx_word' id='word_1_895' title='bbox 1304 2799 1380 2830; x_wconf 88' lang='lat' dir='ltr'><strong>parte</strong></span> <span class='ocrx_word' id='word_1_896' title='bbox 1391 2794 1484 2822; x_wconf 88' lang='lat' dir='ltr'><strong>scalon</strong></span> <span class='ocrx_word' id='word_1_897' title='bbox 1499 2792 1614 2827; x_wconf 90' lang='lat' dir='ltr'><strong>amplius</strong></span> <span class='ocrx_word' id='word_1_898' title='bbox 1626 2790 1681 2819; x_wconf 82' lang='lat' dir='ltr'><strong>ﬁat.</strong></span> <span class='ocrx_word' id='word_1_899' title='bbox 1699 2791 1783 2826; x_wconf 79' lang='lat' dir='ltr'><strong>Rogat</strong></span> 
     </span>
    </p>
   </div>
   <div class='ocr_carea' id='block_1_117' title="bbox 994 2837 1780 2878">
    <p class='ocr_par' dir='ltr' id='par_1_117' title="bbox 994 2837 1780 2878">
     <span class='ocr_line' id='line_1_117' title="bbox 994 2837 1780 2878; baseline -0.008 -8"><span class='ocrx_word' id='word_1_900' title='bbox 994 2844 1083 2878; x_wconf 88' lang='lat' dir='ltr'><strong>itaque</strong></span> <span class='ocrx_word' id='word_1_901' title='bbox 1097 2850 1154 2874; x_wconf 82' lang='lat' dir='ltr'><strong>rex,</strong></span> <span class='ocrx_word' id='word_1_902' title='bbox 1169 2845 1298 2876; x_wconf 77' lang='lat' dir='ltr'><strong>rogatque</strong></span> <span class='ocrx_word' id='word_1_903' title='bbox 1313 2840 1414 2873; x_wconf 80' lang='lat' dir='ltr'><strong>regina,</strong></span> <span class='ocrx_word' id='word_1_904' title='bbox 1431 2842 1527 2873; x_wconf 81' lang='lat' dir='ltr'><strong>rogant</strong></span> <span class='ocrx_word' id='word_1_905' title='bbox 1541 2842 1567 2865; x_wconf 89' lang='lat' dir='ltr'><strong>te</strong></span> <span class='ocrx_word' id='word_1_906' title='bbox 1584 2837 1643 2870; x_wconf 91' lang='lat' dir='ltr'><strong>toti,</strong></span> <span class='ocrx_word' id='word_1_907' title='bbox 1660 2841 1688 2864; x_wconf 88' lang='lat' dir='ltr'><strong>ut</strong></span> <span class='ocrx_word' id='word_1_908' title='bbox 1702 2844 1780 2872; x_wconf 87' lang='lat' dir='ltr'><strong>quam</strong></span> 
     </span>
    </p>
   </div>
   <div class='ocr_carea' id='block_1_118' title="bbox 995 2884 1782 2924">
    <p class='ocr_par' dir='ltr' id='par_1_118' title="bbox 995 2884 1782 2924">
     <span class='ocr_line' id='line_1_118' title="bbox 995 2884 1782 2924; baseline -0.011 -5"><span class='ocrx_word' id='word_1_909' title='bbox 995 2889 1133 2919; x_wconf 83' lang='lat' dir='ltr'><strong>celerrime</strong></span> <span class='ocrx_word' id='word_1_910' title='bbox 1147 2887 1231 2924; x_wconf 82' lang='lat' dir='ltr'><strong>possit</strong></span> <span class='ocrx_word' id='word_1_911' title='bbox 1244 2886 1384 2920; x_wconf 82' lang='lat' dir='ltr'><strong>licri,linnt</strong></span> <span class='ocrx_word' id='word_1_912' title='bbox 1393 2886 1484 2914; x_wconf 78' lang='lat' dir='ltr'><strong>omnia</strong></span> <span class='ocrx_word' id='word_1_913' title='bbox 1498 2893 1590 2920; x_wconf 90' lang='lat' dir='ltr'><strong>unum,</strong></span> <span class='ocrx_word' id='word_1_914' title='bbox 1600 2884 1646 2913; x_wconf 74' lang='lat' dir='ltr'><strong>ﬁat</strong></span> <span class='ocrx_word' id='word_1_915' title='bbox 1662 2889 1690 2912; x_wconf 94' lang='lat' dir='ltr'><strong>ut</strong></span> <span class='ocrx_word' id='word_1_916' title='bbox 1701 2884 1782 2920; x_wconf 78' lang='lat' dir='ltr'><strong>patria</strong></span> 
     </span>
    </p>
   </div>
  </div>
