3978 6182
394 285 502 342 εδδ

1610 281 1668 340 S.
1707 281 2098 341 COLUIBANI
2138 285 2424 346 ABBATIS

3553 288 3661 343 ’.δι

393 421 522 475 pas,
551 419 654 474 pax
685 402 777 456 tlat
805 397 1101 464 mox-hdci,
1132 403 1191 451 ut
1219 396 1320 452 toti
1355 395 1629 468 deinceps,
1671 411 1804 466 gres
1833 411 1974 453 unus
2002 403 2052 462 Α
2077 407 2355 469 parantur.
2385 400 2524 456 Caeci
2555 414 2894 470 nequaquam
2935 398 3140 464 vident,
3160 398 3287 468 quid
3314 405 3436 470 post
3459 399 3663 456 obitum

398 499 490 553 liat
535 494 751 553 Christi.
794 491 906 545 Rex
934 488 1086 563 [Leg.
1121 485 1302 559 Regis]
1332 501 1518 557 regum
1546 495 1604 542 tu
1650 485 1893 553 Petrum,
1925 494 1980 542 te

396 599 506 645 tota
541 591 796 654 sequatur
827 579 998 636 Italia.
1050 578 1188 646 Quid
1235 579 1454 636 suavius
1491 593 1626 648 pace
1653 593 1752 649 per
1795 576 1981 652 [Forte

395 676 552 748 post]
583 674 758 733 bella?
809 671 947 740 Quid
977 669 1190 726 dulcius
1218 668 1603 739 conjunctione
1631 669 1856 724 fratrum
1885 666 1980 722 diu

393 768 805 836 separatorum?
843 763 1015 830 Quam
1061 761 1242 816 alacer
1279 767 1402 832 post
1449 775 1622 816 annos
1668 757 1982 829 supervenit

394 857 555 913 Pater
582 866 702 926 post
737 855 1045 928 [Redundat
1069 851 1212 925 post]
1243 853 1476 909 multos?
1501 852 1674 918 Quam
1695 865 1861 908 suave
1885 850 1992 906 diu"

393 948 730 1019 exspectanti
760 946 921 1002 matri
963 953 1216 1001 narratur
1243 944 1542 1001 adventus?
1576 942 1657 999 Ita
1684 941 1799 999 Deo
1837 944 1980 1014 patri

393 1057 498 1111 pax
529 1040 778 1100 liliornm.
809 1038 1061 1107 gaudium
1100 1038 1206 1094 erit
1250 1037 1303 1093 in
1331 1053 1506 1093 mvqu
1548 1037 1890 1105 anicularum,
1923 1046 1982 1093 et

395 1133 576 1188 hetitia
601 1131 852 1188 Ecclesia:
873 1131 1062 1186 matris
1088 1129 1377 1199 tripudium
1401 1130 1494 1185 fiet
1513 1127 1980 1198 sempiternitatis.

395 1229 474 1284 De
499 1236 720 1294 cancro,
748 1236 936 1302 sancte
963 1240 1100 1296 papa
1127 1233 1184 1279 et
1219 1208 1434 1290 fratres,
1465 1231 1620 1280 orate
1647 1238 1747 1293 pro
1790 1235 1879 1277 me
1901 1221 1982 1276 vi-

397 1320 598 1376 lissimo
619 1326 905 1389 peccatore
934 1324 992 1370 et
1028 1315 1169 1372 tineis
1192 1313 1636 1384 comperegrinis,
1678 1313 1833 1382 juxta
1862 1312 1982 1369 iam

393 1417 580 1465 sancta
607 1417 666 1464 et
707 1416 1020 1466 sanetorum
1039 1404 1286 1469 cineres,
1318 1411 1374 1458 et
1394 1402 1666 1474 praecipue
1700 1401 1855 1472 juxta
1880 1400 1982 1458 Pe-

397 1506 536 1553 trum
582 1504 640 1552 et
687 1495 932 1558 Paulum,
981 1493 1128 1548 viros
1163 1491 1414 1551 similiter
1440 1499 1497 1548 et
1536 1505 1762 1559 magnos
1800 1490 1982 1561 magni

396 1585 558 1658 Regis
584 1587 781 1655 duces,
828 1602 893 1642 ac
919 1584 1240 1641 fortis-imos
1263 1582 1444 1654 campi
1471 1582 1768 1641 felicissimi
1809 1583 1980 1639 bella-

396 1685 562 1742 tores,
592 1677 876 1734 Dominum
914 1673 1228 1730 cruciﬁxum
1269 1687 1393 1728 cum
1438 1687 1634 1728 cruore
1660 1682 1980 1740 sequentes;

396 1779 454 1821 ut
479 1783 782 1824 mereamur
809 1766 1026 1821 Christo
1047 1765 1274 1830 haerere,
1301 1763 1536 1834 placere,
1576 1762 1776 1830 gratias
1801 1773 1982 1831 agere,

396 1873 629 1928 eumque
653 1873 773 1912 cum
801 1866 954 1926 patre
978 1863 1034 1911 et
1051 1853 1253 1924 Spiritu
1286 1859 1474 1908 sancto
1501 1851 1617 1906 sine
1641 1851 1744 1906 line
1765 1850 1986 1907 laudare

395 1950 673 2005 vobiscum
723 1948 882 2023 [Add.
915 1945 1143 2017 etcum]
1192 1944 1444 2000 omnibus
1490 1943 1691 1998 sanctis
1722 1942 1808 1998 hic
1835 1949 1889 1998 et
1929 1942 1985 1997 in

395 2047 596 2094 acterna
623 2039 820 2094 saecula
851 2037 1190 2094 saeculorum.
1215 2035 1408 2090 Amen.

935 2139 956 2166 υ
981 2126 1311 2184 EPISTOLA
1349 2125 1434 2183 Vl.
1543 2161 1546 2168 -

747 2238 815 2277 AD
841 2237 1094 2288 QUEIDAI
1121 2236 1258 2280 SUUI
1295 2233 1627 2280 ιιιεοιιιυιυιι.

400 2317 404 2327 ‘
465 2314 512 2370 ι.
539 2314 771 2370 mundus
789 2314 893 2372 iste
916 2313 1137 2372 transit:
1157 2323 1213 2369 et
1240 2312 1480 2385 quotidie
1501 2308 1787 2368 decrescit.
1813 2307 1984 2364 Nemo

396 2407 584 2462 vivens
610 2405 851 2463 manebit
881 2422 897 2461 :
925 2405 1104 2462 nullus
1139 2406 1292 2462 vivus
1319 2402 1582 2461 remansit
1613 2420 1629 2458 :
1661 2409 1836 2460 totum
1877 2399 1984 2455 bu-

396 2515 616 2556 manum
644 2513 816 2569 genus
843 2507 966 2554 ortu
991 2498 1161 2554 utitur
1189 2499 1334 2570 pari,
1374 2506 1434 2556 et
1458 2499 1527 2554 de
1553 2496 1717 2554 simili
1741 2496 1850 2554 vita
1879 2495 1987 2554 line

395 2593 539 2652 cadit
583 2592 776 2663 mquali
810 2609 825 2646 :
865 2590 894 2629 δ
944 2591 1313 2648 deferentibus
1358 2591 1523 2647 vitam
1574 2605 1724 2647 mors
1778 2589 1986 2648 incerta

394 2683 675 2754 subripit:
716 2698 908 2740 omnes
955 2683 1220 2753 superbos
1267 2692 1293 2722 ο
1333 2695 1502 2750 vagos
1547 2695 1750 2738 mror
1796 2679 1987 2740 mortis

395 2775 662 2846 corripit:
692 2773 837 2845 quod
888 2790 988 2844 pro
1033 2773 1250 2830 Christo
1301 2771 1484 2841 largiri
1527 2771 1742 2838 nolunt,
1794 2785 1986 2830 omnes

395 2865 544 2919 avari
574 2865 934 2934 inopportune
981 2863 1237 2918 amittunt
1265 2879 1279 2916 :
1310 2869 1434 2933 post
1469 2876 1530 2919 se
1557 2861 1819 2932 colligunt
1844 2862 1935 2918 alii
1967 2879 1984 2917 :

395 2971 622 3028 parvum
659 2954 761 3025 ipsi
803 2955 1047 3010 viventes
1095 2953 1207 3011 Deo
1254 2953 1387 3010 dare
1413 2953 1505 3009 vix
1550 2952 1770 3020 audent,
1821 2953 1985 3012 morti

394 3053 590 3104 cuncta
620 3045 933 3116 relanuunt
963 3061 978 3099 :
1015 3043 1149 3100 nihil
1184 3041 1252 3100 de
1298 3043 1429 3116 ipsis
1467 3043 1693 3102 habent.
1733 3041 1986 3116 Quotidie

392 3137 656 3195 decrescit
692 3136 801 3193 vita
833 3151 1070 3208 praesens
1089 3151 1254 3208 quam
1279 3145 1498 3190 amant:
1528 3134 1844 3192 indeliciens
1865 3148 1983 3188 ma-
2011 3123 2060 3187 C

394 3230 546 3285 nebit
579 3229 681 3285 sibi
711 3245 891 3299 pmna,
919 3243 1082 3298 quam
1113 3235 1327 3298 parant.
1358 3225 1648 3282 Lubricum
1678 3241 1802 3282 cum
1840 3224 1980 3280 labi-

395 3333 486 3379 tur
513 3324 538 3362 ἀ
569 3332 829 3394 conantes
857 3323 1146 3390 colligere,
1196 3329 1253 3377 ct
1299 3320 1406 3376 hoc
1452 3319 1599 3391 quod
1643 3333 1766 3375 sese
1808 3319 1979 3388 ducit,

396 3413 573 3470 minus
607 3421 629 3448 θ
663 3411 854 3466 timent
896 3409 1134 3466 credere.
1185 3408 1496 3463 Dilexerunt
1538 3407 1773 3464 tenebras
1815 3414 1982 3465 tetras

395 3503 586 3574 magis,
627 3519 784 3576 quam
810 3502 974 3557 lucem
1022 3499 1201 3573 (Joan.
1244 3515 1337 3565 Ill,
1369 3497 1482 3569 l9).
1512 3497 1715 3556 Imitari
1742 3506 1981 3556 contem-

397 3603 530 3652 nunt
553 3597 674 3650 v2t:e
694 3594 978 3650 Dominum
1004 3593 1218 3649 ducem.
1245 3591 1402 3648 Velut
1429 3591 1483 3647 in
1504 3591 1709 3648 somnis
1733 3599 1981 3662 regnent,

395 3703 502 3744 una
531 3702 627 3743 ora
675 3685 952 3751 laetantur;
998 3684 1095 3744 sed
1121 3695 1322 3743 aeterna
1361 3692 1633 3742 tormenta
1675 3684 1852 3742 adhuc
1877 3684 1984 3744 illis

468 3863 668 3945 {lianc
694 3864 977 3945 epistolam
1002 3863 1220 3945 primus
1248 3873 1305 3920 et
1332 3865 1984 3945 unus__editljt_§olstailus

396 3949 463 3988 ex
494 3932 591 4014 Ms.
611 3932 1164 4016 cndicehbihliotheca:
1189 3935 1579 4016 monasteriis.
1595 3935 1752 4002 Galli,
1775 3946 1979 3992 exstat-

395 4016 504 4124 Σιῗὲ
531 4003 748 4126 ejus
792 4003 1232 4058 f’arwneticorum
1273 4013 1498 4059 veterum
1546 4013 1688 4075 part.
1718 4021 1768 4073 ι,
1819 4021 1975 4078 pagg.

423 4111 912 4224 ’ἶῖἰὶξῖένρηιὶὺιιι
939 4141 1224 4200 Goldastus
1254 4144 1382 4214 legit
1409 4143 1769 4216 differentibus
1793 4161 1810 4204 :
1835 4148 1982 4219 quod

423 4228 574 4265 nmus
600 4213 796 4265 nlacet.

397 4221 574 4266 nimus
600 4221 796 4283 placet.

402 4349 436 4362 ,γ
472 4282 731 4362 enVagos.
774 4283 1184 4356 Peregrinantes
1212 4283 1266 4340 in
1290 4283 1393 4341 hac
1433 4293 1597 4342 terra.
1630 4287 1711 4345 An
1736 4288 1987 4362 divagos.’

400 4349 476 4408 Ita
502 4349 813 4412 Goldastus.

2084 498 2251 546 restat
2277 491 2670 562 peccatoribus,
2700 489 2878 561 impiis
2901 491 3046 560 quod
3089 489 3274 563 [Forte
3297 487 3450 563 quid]
3477 490 3666 562 impie-

2083 591 2165 638 tas
2185 592 2422 654 pnestat.

2151 673 2215 729 ιι.
2247 672 2500 742 Cogitare
2525 672 2780 730 convenit
2819 681 2873 730 te
2901 673 3016 728 b:ec
3041 679 3256 739 cuncta,
3287 671 3484 728 amice.
3515 672 3662 727 Absit

2082 762 2179 818 tibi
2218 777 2403 818 amare
2440 762 2599 832 hujus
2624 762 2913 820 formulam
2961 764 3107 818 vita.
3139 762 3326 818 Omnis
3355 762 3502 820 enim
3543 778 3667 817 caro

2083 857 2260 927 fenum
2299 855 2434 928 (lsa.
2466 872 2566 920 χι,
2599 856 2679 922 6),
2725 856 2958 926 flagrans
3001 857 3158 924 licet,
3210 854 3401 913 ﬂorida
3433 875 3448 912 :
3481 857 3669 928 sicque

2082 951 2232 1020 quasi
2256 951 2356 1020 ﬂos
2389 951 2497 1022 feni
2522 950 2691 1006 ornaris
2715 957 2802 1006 est
2828 951 3016 1023 gloria.
3048 948 3178 1007 Orto
3215 949 3324 1006 sole
3363 951 3550 1005 arescit
3588 952 3670 1021 {e-

2084 1057 2227 1106 nmn,
2247 1049 2296 1096 et
2317 1041 2416 1110 ﬂos
2443 1041 2640 1112 deperit
2660 1041 2800 1112 (Jac.
2827 1057 2862 1102 ι.
2892 1041 2982 1111 fi)
3013 1058 3027 1096 :
3058 1041 3140 1097 sic
3161 1050 3248 1097 est
3274 1041 3453 1100 ontnis
3474 1041 3668 1110 juven-

2087 1140 2194 1197 tus,
2221 1133 2393 1189 virtus
2427 1147 2552 1188 cum
2580 1132 2859 1189 defecerit.
2891 1132 3241 1189 Pulchritudo
3267 1133 3546 1189 hominum
3572 1147 3664 1190 se-

2087 1236 2317 1278 nescens
2343 1219 2648 1278 delabitur:
2689 1221 2868 1277 vultus
2889 1220 3086 1278 Christi
3125 1221 3306 1278 radius
3323 1237 3436 1293 pra:
3461 1222 3669 1278 cunctis

2087 1310 2357 1380 aahilis,
2386 1311 2558 1380 magis
2581 1311 2885 1381 diligendus
2907 1321 3011 1381 est,
3033 1325 3199 1382 quam
3223 1310 3322 1368 llos
3347 1312 3525 1369 carnis
3557 1312 3668 1367 fra—

2088 1401 2230 1472 gilis.
2253 1399 2478 1470 Caveto,
2501 1401 2687 1468 filiole,
2707 1403 2980 1460 seminare
2997 1403 3228 1472 species,
3249 1417 3385 1472 quas
3410 1418 3556 1460 mors
3587 1403 3670 1460 in-

2088 1493 2330 1564 greditur
2352 1509 2461 1551 non
2487 1509 2654 1565 parva
2683 1495 2967 1565 pernicies.
2999 1493 3249 1564 Plerique
3274 1494 3516 1564 perpessi
3541 1501 3670 1550 sunt

2089 1599 2372 1656 [ranarum
2411 1584 2681 1654 incendia,
2709 1584 3002 1643 voluntatis
3025 1583 3244 1642 lubrica:
3281 1583 3526 1640 nolentes
3561 1581 3672 1640 dis-

2090 1679 2306 1749 pendia.
2345 1676 2604 1736 Poculum
2651 1677 2981 1748 impiissimae
3018 1677 3131 1733 noli
3173 1691 3406 1748 unquam
3437 1675 3622 1733 bibere
3649 1693 3668 1732 :

2017 1769 2062 1828 B
2093 1773 2216 1829 inde
2257 1772 2456 1828 multos
2505 1773 2826 1842 plerumque
2872 1769 3022 1827 viles
3064 1769 3215 1826 laetos
3258 1768 3438 1826 ridere
3481 1786 3496 1824 :
3542 1783 3673 1825 nam

2084 1879 2438 1936 quoscunque
2463 1863 2662 1920 videris
2700 1861 2880 1922 ridere
2916 1861 3168 1928 inaniter,
3193 1860 3330 1918 scito
3357 1861 3412 1916 in
3439 1859 3670 1918 novissi-

2084 1957 2186 2014 mis
2211 1956 2357 2028 quod
2384 1955 2590 2014 ﬂebunt
2615 1954 2890 2013 amariter.
2915 1975 2918 1978 ~

2154 2050 2242 2107 ιιι.
2278 2050 2572 2120 Conspice,
2607 2048 2947 2114 charissime,
2993 2046 3080 2116 sic,
3103 2061 3225 2104 esse
3251 2045 3561 2112 libidinem,
3609 2052 3673 2100 ut

2085 2155 2322 2197 morsum
2346 2140 2702 2206 mortiferum,
2738 2137 2756 2178 ί
2787 2137 2932 2210 quod
2960 2137 3127 2196 vincit
3153 2137 3516 2198 dulcedinem.
3545 2135 3674 2193 Noli

2084 2249 2289 2304 prosim
2315 2247 2540 2305 pergere
2565 2247 2664 2304 per
2691 2233 2809 2289 vias
2833 2231 3146 2288 mortalium
3176 2249 3192 2287 :
3222 2241 3249 2282 ι
3277 2246 3444 2302 quam
3487 2229 3674 2286 multis

2083 2327 2332 2384 evenisse
2369 2325 2641 2398 conspicis
2669 2323 3040 2396 naufragium.
3070 2324 3240 2396 Perge
3277 2325 3418 2382 inter
3444 2325 3678 2395 laqueos

2083 2435 2207 2477 eum
2253 2419 2530 2490 suspensis
2577 2417 2825 2488 pedibus,
2879 2432 2979 2490 per
3023 2433 3162 2488 quos
3211 2425 3402 2488 captos
3443 2425 3678 2474 eatea-os

2085 2512 2333 2567 ineamus
2357 2508 2738 2580 comperimus.
2772 2509 2850 2565 De
2891 2509 3124 2566 terrenis
3166 2508 3322 2564 eleva
3368 2507 3444 2564 tui
3491 2507 3677 2565 cordis

2085 2601 2274 2658 oculos
2297 2617 2311 2656 :
2338 2615 2460 2656 ama
2480 2599 2882 2658 amantissimos
2901 2600 3215 2671 angelorum
3241 2600 3491 2671 populos.
3503 2600 3674 2657 Beata

2086 2691 2286 2750 familia
2311 2707 2434 2762 qua:
2468 2692 2526 2748 in
2552 2691 2677 2749 altis
2702 2692 2938 2756 habitat,
2972 2691 3063 2747 ubi
3105 2705 3272 2747 senex
3315 2706 3425 2748 non
3467 2702 3676 2760 gemat,

2089 2798 2268 2853 neque
2305 2782 2482 2838 infans
2503 2781 2724 2852 vagiat:
2758 2781 2850 2839 ubi
2893 2780 3084 2838 laudes
3129 2779 3342 2839 Domini
3391 2779 3536 2836 nulla
3561 2796 3678 2836 vos

2087 2873 2285 2929 retinet
2311 2872 2624 2946 [Anreticet
2636 2871 2684 2943 ἲ]
2717 2889 2732 2927 :
2758 2871 2849 2928 ubi
2868 2886 2977 2928 non
2996 2872 3255 2938 esuritur,
3279 2869 3370 2927 ubi
3395 2885 3675 2942 nunquam

2086 2964 2268 3022 sititur
2294 2981 2309 3018 :
2339 2963 2430 3020 ubi
2465 2963 2590 3020 cibo
2633 2977 2872 3034 superno
2917 2963 3068 3034 plebs
3111 2963 3348 3020 caelestis
3392 2962 3673 3034 pascitur:

2089 3059 2180 3116 ubi
2209 3074 2370 3116 nemo
2423 3058 2676 3126 moritur,
2721 3057 2848 3128 quia
2895 3071 3058 3113 nemo
3101 3056 3388 3112 nascitur:
3417 3055 3512 3112 ubi
3548 3055 3678 3112 aula

2089 3149 2236 3219 regia
2262 3147 2500 3206 celestis
2525 3149 2786 3219 pascitur,
2830 3147 2886 3203 in
2913 3161 3022 3216 qua
3047 3145 3190 3204 male
3223 3160 3488 3204 resonans
3523 3145 3678 3202 nulla

2089 3257 2197 3298 vox
2221 3241 2405 3298 audita
2440 3249 2562 3298 est:
2593 3241 2684 3297 ubi
2712 3241 2822 3296 vita
2849 3239 3034 3298 viridis
3069 3253 3305 3310 veraque
3331 3238 3511 3295 futura
3555 3246 3675 3306 est,

2088 3347 2251 3404 quam
2291 3347 2395 3389 nec
2420 3332 2609 3389 mortis
2635 3345 2739 3388 nec
2784 3331 3032 3388 mmroris
3059 3338 3235 3390 metus
3259 3337 3681 3406 consumpturus

2089 3431 2194 3479 est.
2218 3423 2348 3480 Laeti
2363 3421 2512 3479 letho
2527 3429 2801 3478 transacto
2825 3420 3006 3476 laetum
3020 3419 3221 3490 Regem
3238 3419 3530 3476 videbunt:
3547 3433 3679 3476 cum

2091 3521 2350 3586 regnante
2370 3512 2670 3582 regnabunt
2691 3530 2706 3570 :
2730 3528 2853 3569 cum
2880 3512 3149 3581 gaudente
3166 3511 3494 3582 gaudebunt.
3521 3510 3683 3570 Tunc

2089 3607 2266 3672 dolor,
2297 3614 2426 3664 tunc
2449 3604 2688 3672 taedium,
2719 3612 2850 3661 tunc
2877 3604 3030 3660 labor
3057 3603 3324 3660 delebitur
3355 3622 3368 3657 :
3399 3609 3528 3660 tunc
3553 3601 3680 3659 Rex

2090 3713 2300 3770 regum,
2329 3696 2448 3788 Res
2473 3695 2704 3755 mundus
2729 3710 2762 3752 a
2782 3695 2997 3752 mundis
3021 3695 3310 3752 videbitur.

2161 3875 2185 3914 ά
2212 3874 2490 3932 Conantes.
2533 3873 2660 3942 Ms.,
2697 3880 2994 3933 conantur:
3019 3870 3164 3944 quod
3198 3872 3512 3928 mutandum
3560 3885 3679 3928 non

2088 3954 2224 4002 erat.

2166 4025 2190 4052 θ
2222 4015 2427 4071 Timent
2453 4016 2662 4072 credere
2710 4012 2988 4070 Difﬂdunt.
3018 4011 3191 4070 GOLD.

2162 4085 2181 4125 ι
2218 4085 2370 4151 Quod
2401 4088 2558 4142 vincit
2591 4088 2933 4142 dulcedinem.
2961 4083 3250 4138 Golclastus
3277 4081 3553 4142 emendat.
3585 4083 3679 4152 qni

2084 4156 2240 4212 vincit
2267 4157 2554 4212 dulcedine.
2586 4157 2699 4211 Mea
2730 4156 2946 4224 quidem
2973 4155 3265 4224 sententia,
3294 4153 3474 4207 minus
3503 4165 3676 4224 recte.

2161 4237 2188 4274 ις
2215 4225 2379 4290 Quam
2411 4227 2603 4282 multis.
2634 4219 2863 4294 Corrigit
2891 4223 3181 4279 Goldastus
3206 4240 3297 4292 per
3321 4239 3448 4294 quas
3464 4219 3678 4294 multis.

2087 4296 2229 4353 Nihil
2257 4295 2511 4368 equidem
2541 4307 2710 4362 muto,
2740 4292 2966 4368 iunctim
2997 4294 3180 4364 legens
3208 4292 3560 4367 quammuttis.
