3978 6182
1802 294 2130 352 GABIINA.

3476 306 3584 361 236

461 417 3585 446 Μ

1045 502 1721 618 SANCTI
1796 505 2865 625 COLUMBANI

1817 674 2091 727 ABBATIS

1454 816 2427 965 CARMINA.

1568 1084 1812 1148 (Galland.
1833 1084 2068 1136 Biblioth.
2090 1095 2207 1139 tom.
2228 1088 2314 1153 Χ.)

1861 1170 2030 1184 _

1811 1215 2100 1269 LECTORI.

1910 1328 1983 1343 —

1366 1387 1487 1453 Qum
1504 1386 1670 1437 facere
1694 1385 1897 1453 meliora
1931 1390 2116 1450 nequii,
2143 1394 2253 1453 uter
2279 1404 2364 1452 pro
2390 1393 2533 1453 meis,

1300 1448 1419 1498 Nam
1444 1449 1570 1499 dicta
1596 1457 1764 1500 vetera
1789 1448 2036 1501 invertere
2060 1448 2441 1521 itnpietas'tnera
2471 1448 2570 1506 est.

1778 1553 2079 1575 h———

1072 1641 1111 1715 Ι
1622 1714 1643 1721 ,,

641 1758 731 1814 ΔΙ)
771 1755 1150 1814 llUNALDUM
1200 1755 1533 1814 EPISTOLA
1545 1796 1561 1812 .

428 1873 676 1928 casibus
704 1872 1004 1928 innumeris
1024 1872 1320 1929 decurrunt
1345 1882 1591 1943 tempora
1628 1870 1773 1935 vitae,

414 1966 634 2031 pmnia
677 1970 1038 2034 praetereunt:
1059 1979 1275 2020 menses
1299 1966 1593 2020 volvuntur
1621 1970 1678 2019 et
1705 1962 1854 2017 anni.

425 2058 668 2115 rabitur
694 2056 748 2111 in
783 2056 994 2111 senium
1023 2055 1314 2111 momentis
1342 2054 1592 2110 omnibus
1619 2063 1755 2109 tetas
1784 2070 1799 2106 :

424 2160 513 2208 ct
539 2151 632 2206 tibi
660 2156 974 2220 perpetuam
1002 2148 1163 2205 liceat
1202 2146 1669 2218 comprehendere
1697 2146 1889 2208 vitam,

374 2240 628 2300 szolles
668 2239 952 2296 illecebras
981 2239 1103 2294 vitae
1133 2254 1276 2295 nunc
1303 2252 1498 2310 sperne
1526 2237 1766 2295 caduca.

425 2332 652 2389 calauda
682 2332 893 2388 luxuria
922 2332 1092 2387 virtus
1130 2339 1416 2402 superatur
1446 2331 1696 2387 honesta.

424 2425 612 2485 >rdct
643 2425 892 2493 avaritia,
922 2439 1171 2495 caecaque
1205 2423 1458 2495 cupidine
1484 2432 1696 2494 peetus.

424 2516 630 2571 zcscit
664 2515 867 2571 habere
907 2514 1126 2570 modum
1164 2516 1321 2569 vanis
1350 2528 1502 2569 mens
1526 2512 1701 2568 dedita
1727 2512 1891 2569 curis.

424 2607 613 2662 <ilius
642 2614 923 2676 argentum
950 2613 1034 2662 est
1073 2619 1230 2672 auro,
1258 2604 1546 2660 virtutibus
1572 2618 1784 2659 surum.

332 2698 408 2751 10
430 2712 673 2752 mumma
691 2697 846 2768 quies
867 2695 942 2751 nil
961 2695 1098 2751 velle
1122 2710 1285 2766 supra
1305 2708 1466 2765 quam
1485 2694 1724 2766 postulat
1743 2707 1888 2750 usus.

425 2805 555 2848 ποθ
577 2804 680 2861 ego
706 2790 1005 2846 versiculos
1032 2788 1153 2844 misi
1186 2789 1283 2845 tibi
1308 2803 1451 2860 saepe
1478 2787 1734 2858 legendos
1764 2805 1780 2844 :

427 2897 518 2944 ει
543 2902 661 2942 mea
689 2887 831 2943 dicta
863 2887 968 2942 tuis
996 2885 1250 2942 admittas
1280 2886 1520 2953 auribus,
1556 2898 1678 2940 oro.

426 2993 558 3037 2ec
584 2986 639 3034 te
665 2977 904 3049 decipiat
931 2991 1068 3033 vana
1097 2983 1154 3033 et
1178 2976 1418 3048 peritura
1448 2976 1716 3045 voluptas.

436 3071 643 3141 φερῖρε
666 3084 823 3141 quam
837 3068 1018 3125 brevis
1031 3075 1113 3125 est
1129 3080 1411 3138 procerum
1429 3078 1723 3134 regumque
1734 3072 1891 3134 pote-

334 3160 677 3221 lsrubrica
706 3158 951 3215 mortalis
977 3158 1087 3215 cito
1108 3157 1300 3213 transit
1325 3154 1496 3226 gloria
1528 3153 1671 3209 vitae.
1731 3153 1888 3227 [stas.

426 3267 525 3319 ca
555 3250 767 3307 veniam
793 3250 986 3305 dictis:
1013 3247 1211 3305 fuimus
1236 3247 1465 3304 fortasse
1490 3245 1768 3315 loquaces.

426 3356 487 3401 ο
501 3359 623 3399 mne
634 3343 781 3415 quod
806 3350 891 3399 est
907 3341 1150 3407 nimium,
1171 3354 1388 3411 semper
1401 3339 1576 3394 vitare
1595 3343 1891 3392 memento.

480 3433 729 3504 Suscipe,
746 3432 987 3488 llunalde
998 3432 1190 3500 libens,
1212 3439 1267 3486 et
1278 3428 1495 3502 perlege
1510 3436 1689 3483 mente
1699 3441 1893 3483 serena

424 3528 578 3584 Dicta
604 3527 927 3584 Columbani
948 3524 1050 3582 fida
1073 3534 1126 3581 te
1144 3540 1281 3581 voce
1302 3524 1571 3580 monentis
1593 3540 1609 3578 :

328 3620 408 3673 20
425 3621 557 3686 Quae
586 3619 713 3675 licet
740 3626 934 3675 ornatu
964 3628 1187 3675 careant
1213 3618 1483 3674 sermonis
1512 3618 1745 3682 honesti,

427 3711 564 3767 Vota
593 3719 774 3767 tamen
800 3712 1104 3782 mentisque
1128 3712 1232 3782 piae
1260 3719 1527 3767 testantur
1556 3724 1818 3767 amorem.

483 3801 619 3858 Vive
644 3802 757 3859 Deo
784 3803 975 3872 ﬁdens,
1007 3802 1206 3860 Christi
1246 3810 1515 3873 praecepta
1551 3800 1853 3871 sequendo,

425 3894 563 3949 Dum
579 3893 742 3951 modo
760 3894 869 3950 vita
890 3904 1093 3961 manet,
1107 3894 1231 3951 dum
1245 3902 1488 3965 tempora
1510 3903 1658 3949 certa
1677 3892 1887 3949 salutis.

424 3985 663 4057 Tempus
691 3994 749 4043 et
783 3988 917 4043 hora
949 3986 1113 4055 volat,
1163 3987 1454 4043 momentis
1497 3985 1698 4041 labitur
1735 3992 1888 4040 aetas.

331 4077 412 4131 23
429 4078 671 4147 Despice,
703 4092 824 4148 qua:
844 4087 1092 4149 pereunt.
1121 4078 1357 4149 fugitiva:
1387 4077 1577 4146 gaudia
1598 4077 1746 4132 vitae.

429 4172 546 4227 Non
574 4171 787 4243 fragiles
809 4175 1035 4231 secteris
1060 4188 1193 4246 opes
1221 4183 1278 4230 et
1304 4174 1483 4230 inania
1514 4172 1687 4239 lucra,

430 4262 541 4318 Nec
570 4272 624 4318 te
648 4264 903 4320 sollicitet
930 4265 1239 4323 circumflua
1268 4269 1425 4339 copia
1455 4285 1659 4327 rerum.

429 4353 550 4409 Sint
578 4353 673 4411 tibi
702 4355 923 4422 divitim,
953 4356 1149 4413 divinae
1176 4358 1428 4429 dogmata
1455 4360 1607 4432 legis,

424 4449 858 4520 Sanctorumque
897 4450 1115 4507 Patrum
1159 4460 1305 4508 casta
1336 4453 1705 4511 moderamina
1749 4456 1892 4521 vitae,

332 4541 415 4595 '50
432 4540 622 4596 Omnia
650 4557 771 4613 qua:
796 4541 1000 4597 dociles
1026 4541 1355 4613 scripserunt
1383 4545 1623 4600 carmine
1650 4555 1820 4601 vates.

428 4629 540 4685 llas
568 4646 705 4702 cape
728 4631 943 4687 divitias
969 4648 983 4684 :
1009 4646 1225 4703 semper
1252 4641 1539 4690 contemne
1567 4634 1823 4701 caducas,

429 4720 486 4774 In
527 4732 869 4792 mentemque
897 4723 992 4777 tibi
1022 4723 1201 4778 veniat
1230 4724 1579 4780 tremebunda
1620 4735 1891 4794 senectus,

428 4810 599 4875 Quam
630 4810 822 4881 gelidae
866 4812 1082 4868 tandem
1124 4813 1367 4883 sequitur
1393 4814 1650 4871 violentia
1681 4817 1891 4874 mortis.

434 4900 631 4971 Ultima
651 4903 764 4973 jam
795 4905 1006 4974 sapiens
1032 4904 1320 4961 meditatur
1343 4914 1585 4977 tempora
1616 4907 1757 4964 vitae.

1927 1628 1977 1685 A

2124 1625 2254 1681 Nam
2282 1630 2454 1685 macie
2483 1631 2626 1702 turpi
2657 1632 2943 1689 tabescunt
2972 1633 3222 1705 languida
3251 1636 3517 1694 membra.

2123 1716 2275 1774 Tune
2292 1734 2527 1789 genuum
2545 1722 2798 1791 iunctura
2820 1725 2976 1795 riget,
2990 1741 3264 1796 venasque
3291 1743 3387 1797 per
3403 1744 3593 1787 omnes

2037 1808 2106 1864 40
2126 1811 2268 1866 Illius
2297 1811 2350 1867 in
2379 1821 2495 1869 toto
2523 1813 2762 1885 frigescit
2789 1832 3020 1888 corpore
3046 1821 3286 1889 sanguis.

2118 1900 2209 1957 Sic
2233 1903 2426 1960 baculo
2454 1905 2630 1961 nitens
2657 1916 2809 1963 artus
2846 1916 3113 1965 sustentat
3140 1910 3363 1967 inertes.

2119 1992 2256 2060 Quid
2273 1995 2451 2052 tristes
2464 2012 2758 2055 memorem
2771 2003 3036 2071 gemitus?
3049 2003 3171 2073 quid
3185 2004 3341 2059 taedia
3354 2005 3551 2062 mentis
3565 2007 3591 2061 ἳ

2123 2083 2355 2141 Somnus
2383 2087 2536 2143 abest
2561 2089 2771 2145 oculis:
2799 2091 2946 2147 illum
2973 2108 3137 2148 sonus
3164 2093 3366 2149 excitat
3387 2095 3584 2151 omnis.

2122 2176 2258 2242 Quid
2293 2185 2418 2235 tunc
2455 2182 2683 2249 argenti,
2715 2183 2842 2239 fulvi
2874 2186 2998 2257 quid
3028 2189 3268 2259 proderit
3296 2194 3412 2249 auri

2038 2263 2369 2339 45lmproba
2411 2273 2694 2340 congeries
2731 2276 2927 2332 multos
2968 2278 3198 2335 collecta
3237 2297 3336 2353 per
3375 2287 3591 2340 annos?

2121 2354 2340 2411 Munera
2354 2359 2479 2428 quid
2496 2376 2778 2431 procerum
2793 2367 2816 2419 ?
2829 2365 2956 2423 ditis
2976 2369 3101 2438 quid
3119 2372 3340 2441 prandia
3355 2378 3587 2430 mensae?

2125 2446 2263 2513 Quid
2293 2449 2601 2508 meminisse
2626 2452 2782 2523 juvat
2814 2463 3103 2514 transacta:
3131 2462 3323 2528 gaudia
3354 2464 3501 2530 vitm,

2120 2537 2341 2594 Venerit
2364 2543 2594 2598 extremi
2624 2544 2840 2601 tandem
2870 2562 2991 2602 cum
3022 2549 3283 2606 terminus
3307 2554 3448 2606 aevi?

2177 2626 2303 2685 Haec
2326 2629 2452 2685 dum
2472 2631 2583 2687 vita
2609 2633 2781 2700 volat,
2810 2636 2953 2706 vigili
2976 2637 3064 2707 qui
3090 2647 3270 2695 mente
3297 2650 3586 2710 retractat,

2033 2717 2101 2773 50
2117 2718 2334 2791 Spernit
2361 2722 2662 2792 avaritiam,
2696 2741 2975 2798 vanosque
3002 2728 3205 2785 refutat
3240 2731 3496 2789 honores.

2116 2807 2254 2875 Quid
2280 2810 2444 2867 modo
2476 2815 2705 2871 terrenis
2735 2824 2951 2874 mentes
2980 2818 3261 2877 intendere
3288 2824 3433 2878 curis

2117 2897 2371 2956 Mortales
2394 2902 2663 2972 cupiunt?
2687 2906 2817 2976 quid
2859 2908 3035 2978 turpia
3066 2910 3214 2965 lucra
3246 2920 3543 2981 sequuntur
3566 2915 3591 2968 ?

2115 2989 2341 3061 Semper
2360 3007 2556 3049 avarus
2578 3004 2702 3064 eget
2740 3014 2981 3064 nummo,
3018 3008 3251 3056 testante
3277 3011 3436 3072 poeta
3464 3021 3479 3063 :

2115 3082 2487 3141 Crescitamor
2498 3087 2701 3142 nummi
2715 3099 2975 3158 quantum
2991 3092 3105 3163 ipsa
3124 3094 3353 3162 pecunia
3370 3095 3585 3151 crescit.

2036 3172 2323 3246 551ndiget
2341 3176 2481 3234 inter
2500 3192 2651 3248 opes,
2671 3194 2771 3235 nec
2791 3179 2952 3235 habet
2966 3182 3110 3249 quod
3134 3182 3336 3240 habere
3356 3184 3589 3240 videtur.

2116 3263 2214 3319 llle
2236 3264 2379 3321 domi
2409 3265 2558 3323 solus
2587 3283 2833 3323 nummos
2854 3270 3138 3326 abscondit
3175 3272 3228 3326 in
3253 3288 3404 3339 area,

2123 3354 2344 3412 Divitias
2380 3358 2678 3425 cumulans,
2708 3358 2837 3414 dum
2864 3374 2988 3416 sese
3015 3363 3189 3418 nescit
3209 3378 3414 3429 amare,

2123 3446 2248 3504 Plus
2270 3457 2417 3504 amat
2436 3450 2728 3518 hmredem,
2757 3460 2938 3508 servat
2957 3454 3047 3523 qui
3069 3470 3134 3510 cu
3144 3464 3265 3511 ncta
3297 3456 3492 3513 fidelis.

2176 3541 2221 3595 0
2247 3540 2470 3595 nimium
2499 3541 2626 3598 felix
2644 3585 2658 3609 ,
2689 3557 2885 3612 parcus
2914 3546 2999 3599 cui
3028 3545 3223 3602 sufﬁcit
3253 3563 3406 3613 usus,

2034 3632 2373 3702 60Corporis
2399 3641 2459 3687 ut
2487 3648 2671 3688 curam
2702 3635 3068 3693 moderamine
3095 3646 3364 3709 temperet
3388 3641 3584 3711 aequo!

2120 3720 2236 3775 Non
2264 3721 2458 3776 misera
2479 3723 2688 3792 capitur
2705 3739 2954 3795 caecaque
2972 3728 3223 3798 cupidine
3248 3745 3452 3798 rerum,

2119 3810 2228 3866 Nec
2253 3811 2461 3882 majora
2488 3813 2656 3883 cupit,
2684 3830 2847 3885 quam
2868 3831 2988 3887 quae
3018 3826 3210 3874 natura
3234 3823 3493 3892 reposcit.

2114 3898 2230 3954 Non
2260 3900 2395 3957 lucri
2421 3902 2650 3974 cupidus
2676 3906 2908 3962 nummis
2936 3910 3205 3980 marsupia
3233 3911 3429 3981 replet,

2113 3990 2223 4047 Nec
2256 3991 2446 4049 molles
2481 3994 2722 4051 cumulat
2748 3996 3013 4054 tinearum
3054 4002 3122 4055 ad
3152 4002 3347 4072 pabula
3373 4013 3575 4061 vestes.

2032 4080 2102 4134 65
2117 4080 2347 4139 Pascere
2376 4098 2483 4138 non
2513 4084 2693 4155 pingui
2718 4096 2977 4156 procurat
3000 4087 3151 4160 fruge
3177 4092 3438 4162 caballos,

2117 4173 2227 4230 Nec
2253 4173 2466 4245 trepido
2494 4176 2630 4233 tales
2656 4178 2823 4234 volvit
2850 4180 2951 4235 sub
2978 4190 3202 4251 pectore
3224 4198 3407 4253 curas,

2117 4265 2195 4321 Ne
2225 4267 2416 4322 subitis
2444 4276 2633 4335 pereat
2658 4270 2887 4327 collecta
2918 4274 3145 4341 pecunia
3175 4274 3426 4343 ﬂammis,

2122 4356 2230 4410 Aut
2257 4356 2425 4412 fracta
2452 4372 2701 4413 nummos
2731 4359 2907 4429 rapiat
2930 4360 3015 4415 fur
3043 4362 3321 4431 improbus
3347 4379 3495 4422 area.

2123 4446 2333 4502 Vivitur
2355 4456 2582 4517 argento
2610 4450 2729 4504 sine
2753 4448 2888 4518 jam,
2917 4449 3037 4507 sine
3062 4452 3262 4508 vivitur
3286 4470 3443 4513 auro.

2036 4538 2106 4593 70
2123 4538 2258 4594 Nudi
2290 4547 2598 4605 nascuntur,
2629 4540 2801 4597 nudos
2835 4556 2976 4611 quos
3004 4551 3147 4601 terra
3178 4557 3441 4619 receptat.

2126 4629 2390 4685 Divitibus
2417 4630 2558 4700 nigri
2585 4640 2898 4688 reserantur
2923 4632 3105 4690 limina
3134 4636 3291 4704 Ditis,

2125 4720 2563 4793 Pauperibusque
2592 4722 2695 4794 piis
2719 4724 2960 4781 coelestia
2986 4742 3148 4797 regna
3177 4739 3485 4800 patescunt.

2126 4813 2390 4871 Temnere
2416 4815 2630 4874 divitias
2667 4819 2875 4874 monuit
2917 4818 3165 4878 Salvator
3192 4839 3405 4880 avaros.

2124 4905 2376 4977 Quisquis
2397 4916 2541 4963 amat
2563 4909 2832 4966 Christum
2854 4913 3097 4983 sequitur
3123 4914 3343 4985 vestigia
3364 4916 3589 4973 Christi.

335 4992 733 5063 53Torpeutes
759 4996 913 5051 senio
945 4996 1103 5062 vires,
1142 4997 1469 5067 morbosque
1494 4999 1824 5070 frequentes,
1927 4986 1979 5048 D
2044 4995 2113 5053 75
2127 4998 2262 5055 Nam
2284 5001 2461 5056 brevis
2488 5010 2545 5056 et
2571 5002 2769 5071 fragilis
2798 5004 3070 5059 meritum:
3098 5006 3267 5074 gloria
3295 5008 3476 5062 carnis

430 5083 807 5155 lncertumque
834 5086 975 5143 diem
1000 5088 1149 5154 letlii,
1178 5097 1462 5160 certosque
1482 5089 1718 5147 dolores.

494 5176 656 5232 Multa
684 5193 868 5235 senem
897 5178 1096 5249 fragilis
1115 5189 1314 5235 vexant
1336 5180 1676 5238 incommoda
1697 5184 1893 5241 carnis.

382 5307 454 5361 V.
483 5308 533 5361 2.
564 5308 633 5361 Et
662 5310 808 5362 anni.
836 5308 910 5363 ιω
938 5308 1273 5365 Sirmondus.
1309 5311 1373 5365 At
1398 5310 1686 5369 Goldastus
1711 5312 1893 5369 Pura:-

294 5388 430 5449 uel:
450 5389 545 5449 vet.
573 5394 695 5448 pag.
728 5379 817 5442 47,
850 5382 902 5433 in
933 5376 1107 5449 annis’,
1140 5382 1315 5436 minus
1347 5392 1510 5441 recte.

383 5446 874 5526 V._l2.'Adr_nittas.
904 5450 998 5526 Sic
1039 5446 1189 5506 recte
1218 5451 1524 5508 Goldastus.
1574 5455 1729 5526 Apud
1775 5456 1891 5512 Sir-

294 5519 574 5575 mundunl
605 5522 744 5573 male
774 5522 1068 5574 admittens.

384 5588 449 5641 ν.
484 5590 572 5642 15.
603 5587 714 5642 Nec
741 5599 807 5643 te.
848 5590 885 5643 S
910 5608 1008 5644 rm.
1040 5591 1219 5646 lectio.
1261 5590 1365 5646 Sed
1395 5591 1574 5658 Gold.,
1605 5594 1688 5649 Ne
1715 5604 1764 5650 te

387 5660 451 5711 ν.
483 5660 566 5710 18.
603 5660 836 5728 Suscipe,
875 5660 1135 5715 Ifunalde.
1181 5662 1272 5717 Sic
1300 5662 1543 5717 Canisius
1578 5682 1589 5717 :
1634 5675 1716 5720 est
1752 5667 1895 5721 enim

297 5747 420 5802 [ψει
453 5731 886 5802 czulemepistola
927 5734 1435 5802 cumracrosticliide
1459 5736 1801 5802 [ll‘LUCCdCllll.
1825 5774 1892 5785 —-

300 5798 423 5854 Pro
452 5800 710 5864 lmmafde,
736 5802 799 5855 al.
834 5819 931 5872 σαι]
946 5819 1026 5871 ευ,
1052 5801 1206 5858 Set/ce
1224 5804 1361 5875 apud
1383 5798 1483 5861 Gel
1506 5809 1643 5874 ἀει,
1674 5809 1762 5878 qui
1783 5824 1900 5864 cur-

2120 5093 2387 5163 Quidquid
2409 5093 2587 5157 habet,
2605 5092 2778 5165 rapidi
2797 5094 2955 5151 velox
2977 5095 3097 5163 fuga
3120 5096 3375 5166 temporis
3385 5096 3587 5154 aufert.

2123 5187 2355 5243 Pulchre
2382 5186 2599 5242 veridici
2629 5187 2823 5243 cecinit
2851 5202 2955 5243 vox
2982 5187 3112 5242 talia
3140 5189 3296 5257 vatis,

2005 5337 2126 5376 men
2155 5320 2336 5374 divisit
2364 5321 2577 5390 induas
2605 5320 2761 5389 epist.
2798 5336 2811 5374 :
2844 5336 3027 5386 unam,
3056 5337 3247 5390 nempe
3272 5322 3585 5377 acrostichi-

2002 5392 2145 5458 dem,
2177 5390 2243 5463 ad
2272 5389 2504 5445 Hunald.
2527 5408 2545 5463 ;ﬁ
2574 5393 2819 5463 alterum,
2852 5406 2969 5459 qua:
3018 5392 3105 5447 hic
3134 5389 3338 5463 incipit,
3386 5392 3453 5447 ad
3480 5395 3585 5449 Se-

2005 5463 2177 5515 thum.
2205 5460 2288 5515 Cf.
2323 5469 2433 5515 not.
2466 5462 2570 5515 col.
2605 5460 2729 5515 296.
2759 5460 2914 5515 Eutr.

2078 5531 2137 5584 V.
2172 5531 2261 5584 9.9.
2296 5531 2456 5586 Deest
2478 5531 2565 5587 hic
2591 5546 2776 5585 versus
2804 5532 2942 5587 apud
2972 5530 3307 5586 Goldastum.

2078 5600 2138 5655 V.
2163 5602 2249 5655 30.
2280 5600 2519 5655 Carmine
2536 5611 2695 5654 vales.
2723 5601 2812 5655 Sic
2843 5600 3176 5656 Sirmondus.
3220 5600 3505 5663 Goldaslus
3526 5614 3596 5663 et

2004 5670 2273 5741 Canisius,
2305 5681 2424 5725 ante
2437 5672 2700 5742 'magism'.

2078 5742 2140 5797 V.
2173 5742 2258 5798 70.
2292 5742 2473 5798 Nudos
2500 5740 2645 5811 quos.
2675 5740 2980 5812 Goldastus,
3011 5742 3173 5799 nudos
3202 5762 3418 5821 quoque.

3016 6016 3047 6043 χ
3102 6010 3107 6017 .
