1989 3091
165 165 217 194 28⁸1

226 223 356 256 Tempora
370 220 543 247 dinumerans
556 215 605 243 :cvi
628 215 743 250 vitmquc
758 213 884 245 caducm,

226 268 319 295 thimia
340 270 445 299 tempus
469 263 540 298 agit,
565 269 626 290 cum
646 264 769 295 tempore
791 261 886 286 cuncta
902 260 957 284 tra-

788 305 799 341 [
809 305 919 331 huntur.

183 360 217 387 80
227 360 367 387 Alternant
388 358 521 386 elementa
535 355 617 388 vices,
641 358 669 381 et
691 357 814 388 tempora
829 353 955 378 mutant:

227 405 369 440 Accipiunt
383 405 527 437 augmenta
542 400 616 434 dies,
630 401 778 433 noctesque
792 396 920 424 vicissim.
954 413 958 417 -

223 452 355 486 Tempora
364 454 426 477 sunt
435 449 542 480 ﬂorum,
551 446 703 475 retinetsua
714 449 836 479 tempore
844 442 938 471 messis
947 450 955 470 :

222 497 268 525 Sic
282 497 379 524 iterum
395 495 483 529 spisso
498 493 611 521 vestitur
626 491 748 527 gramine
762 496 885 524 campus.

227 543 360 577 Tempora
375 539 521 576 gaudendi,
536 542 598 566 sunt
612 542 735 572 tempora
748 539 822 564 certa
837 533 954 562 dolendi.

183 588 219 616 85
227 589 359 624 Tempora
371 590 433 614 sunt
445 586 516 618 vitai,
531 588 595 612 sunt
611 583 698 610 tristia
716 586 836 616 tempora
852 580 956 607 mortis.

164 640 173 642 "
222 635 317 662 Omnia
330 634 387 666 dat,
401 633 482 664 tollit,
496 631 645 665 minuitque
658 628 768 657 volatile
779 632 897 662 tempus.

225 681 287 714 Ver,
310 685 404 713 :estas,
427 683 586 710 autumnus,
609 676 707 709 hiems,
728 674 798 703 redit
819 681 906 702 annus
930 673 957 701 in

794 719 920 757 [annum.

223 772 318 799 Omnia
332 779 393 799 cum
408 769 535 802 redeunt,
550 767 653 796 homini
667 774 715 795 sua
730 774 783 794 non
798 766 867 793 redit
880 769 953 793 tetas.

226 816 289 844 Haec
308 816 415 851 sapiens
429 815 504 842 omni
518 821 626 848 semper
641 811 822 840 reminiscitur
834 811 913 843 hora,

183 862 218 890 90
229 863 316 897 Atque
329 863 437 890 domum
453 861 542 888 luctus
553 859 641 895 epulis
665 858 797 894 praeponit
815 857 921 892 opimis.

256 891 357 935 liltimo
369 914 440 934 nunc
454 906 547 933 humili
560 891 816 933 concludam-verba
830 891 955 938 precatu!
976 891 997 921 Β

224 954 268 980 Sis
282 960 386 981 memor
411 952 468 986 ipse
492 952 557 982 mei,
572 958 665 978 versus
677 957 738 977 eum
757 949 855 983 legeris
870 949 937 976 istos
950 957 957 975 :

224 999 358 1035 Tempora
369 999 409 1027 sic
421 998 522 1026 habeas
536 1001 635 1032 optatae
650 997 729 1031 longa
743 999 869 1023 senectze.

451 1116 681 1147 MONOSTICHA.

227 1165 288 1194 llzec
301 1169 436 1201 pnecepta
452 1165 523 1199 legat
536 1164 662 1195 devotus,
675 1166 703 1190 et
722 1161 833 1197 impleat
847 1164 921 1193 actu,

224 1212 357 1240 Virtutum
371 1211 456 1238 titulis
470 1210 553 1238 vitam
565 1209 611 1244 qui
622 1208 718 1245 quaerit
732 1208 886 1239 honestam,

223 1258 271 1285 Vel
287 1258 410 1285 homines
423 1257 493 1285 inter
505 1256 597 1292 cupiat
607 1255 753 1291 pra-clarus
767 1253 874 1285 haberi,

224 1303 273 1331 Vel
285 1311 391 1332 morum
405 1302 507 1330 meritis
517 1301 637 1330 caelestia
650 1307 733 1334 regna
747 1300 856 1332 mereri,

200 1348 217 1376 5
227 1350 312 1385 Atque
326 1349 382 1377 Deo
392 1348 501 1376 Christo
513 1348 603 1376 socius
615 1346 675 1375 sine
689 1345 742 1373 line
756 1344 853 1372 videri.

253 1405 366 1441 Impleat
380 1405 438 1440 ipse
457 1404 515 1436 Dei,
530 1403 576 1438 qui
595 1402 654 1431 vult
664 1410 714 1430 sua
729 1406 792 1429 vota
805 1400 908 1428 venire.

224 1452 291 1479 Vive
305 1451 361 1479 Deo
373 1451 468 1483 tLlens,
483 1450 582 1478 Christi
598 1452 732 1485 praecepta
745 1451 867 1476 secutus.

225 1497 287 1525 Sint
300 1496 347 1525 tibi
363 1496 474 1529 divitia»,
489 1496 586 1523 divina:
604 1494 732 1528 dogmata
747 1493 824 1528 legis.

224 1544 334 1571 Divitias
350 1542 454 1571 Domini
471 1542 551 1570 faciet
571 1540 725 1570 benedictio
739 1540 837 1568 claras.

181 1590 214 1616 l0
222 1589 349 1622 Corporis
360 1590 507 1622 exsuperat
520 1587 594 1614 vires
609 1585 752 1621 prudentia
767 1584 874 1612 mentis.

223 1633 352 1660 Omnibus
368 1636 410 1660 est
424 1631 517 1659 mundi
533 1630 630 1658 melior
643 1629 778 1665 sapientia
792 1629 874 1664 guis.

224 1677 338 1712 Semper
352 1676 467 1704 amanda
481 1675 591 1709 quidem
604 1678 646 1702 est
660 1681 750 1701 rerum
764 1673 889 1701 doctrina
905 1675 954 1701 bo-

798 1719 806 1755 [
814 1727 920 1747 narum.

223 1768 348 1804 Optimus
361 1771 403 1796 est
419 1767 525 1795 animus
536 1766 636 1794 Christi
651 1766 764 1794 vestitus
778 1772 885 1793 amore.

223 1814 363 1841 Dmmonas
377 1812 506 1840 adversus
518 1818 615 1846 magna
629 1814 672 1838 est
685 1810 773 1838 oratio
785 1810 884 1838 virtus.

182 1859 215 1886 15
226 1858 260 1886 Ut
274 1865 385 1886 moneas
396 1857 508 1885 charum
522 1856 577 1885 noli
596 1856 727 1884 desistere
740 1857 870 1884 amicum.

223 1903 308 1931 Morbi
321 1909 404 1931 causa
415 1903 479 1930 mali
494 1902 576 1930 nimia
587 1905 629 1930 est
643 1909 811 1936 quaecunque
821 1901 950 1935 voluptas.

224 1947 263 1975 Tu
274 1948 339 1975 dare
354 1955 388 1975 ne
402 1946 510 1974 claudas
523 1946 639 1982 palmas,
649 1950 678 1973 et
691 1945 826 1981 prendere
839 1945 952 1980 pandas.

223 1992 376 2027 Semperin
393 1999 442 2020 ore
456 1996 504 2019 tuo
517 1994 647 2019 resonent
666 1991 737 2018 bona
753 1991 834 2019 verba
849 1990 953 2018 salutis.

224 2036 508 2071 Ne,rogo,vindictam
523 2040 568 2063 tua
579 2043 656 2063 mens
669 2035 815 2063 meditetur
824 2043 952 2063 amaram.

180 2084 216 2110 ‘20
223 2083 283 2110 Sint
297 2082 343 2110 tibi
363 2081 467 2117 pacifici
482 2088 578 2115 magna
592 2080 734 2109 dulcedine
748 2088 849 2108 mores.

223 2128 262 2155 Ne
276 2132 320 2155 tua
334 2127 478 2162 poeniteat,
492 2133 599 2159 caveas,
614 2125 727 2153 victoria
743 2128 836 2153 temet.

224 2174 275 2202 Fer
287 2174 370 2209 patris
381 2172 532 2207 imperium,
549 2171 613 2199 dum
627 2171 716 2199 verbis
730 2171 787 2199 exit
799 2171 826 2199 in
842 2170 906 2198 iras.

222 2219 341 2254 Quisque
350 2219 408 2246 dies
414 2219 475 2245 vitm
486 2222 528 2245 est
538 2217 611 2245 velut
618 2217 726 2244 ultimus
736 2224 801 2245 ecce
809 2216 954 2251 putandus.

224 2263 301 2296 Quod
313 2263 378 2290 dare
393 2271 446 2290 non
462 2262 549 2297 possis
563 2262 618 2290 noli
634 2262 792 2297 promittere
807 2262 907 2290 verbis.

183 2309 219 2336 9.5
226 2310 276 2343 Qui
293 2309 422 2344 prodesse
436 2313 536 2343 potest,
552 2316 605 2336 non
618 2312 661 2336 est
683 2308 824 2342 fugiendus
842 2308 955 2336 amicus.

224 2355 342 2384 Oetenas
351 2355 460 2382 studeas
473 2354 601 2382 vitiorum
614 2354 723 2382 vincere
737 2358 850 2382 turmas.

205 2433 236 2461 V.
252 2433 297 2460 80.
315 2432 458 2460 Elementa.
475 2431 593 2460 Pessime
605 2432 736 2461 Cani~ius.
751 2434 884 2460 alimenta.

202 2468 235 2496 V.
256 2468 300 2495 89.
324 2468 388 2496 lla'c
411 2476 468 2503 sap.
492 2467 530 2496 lta
555 2468 616 2503 lego
640 2475 702 2495 cum
727 2468 866 2496 Goldasto.
893 2468 958 2504 AL,

149 2505 417 2568 '"ati'fsiii'ummo.
442 2538 522 2566 Gold.
541 2543 569 2567 et
587 2538 655 2566 Bibl.
670 2538 722 2566 PP.
738 2538 835 2572 Paris.,
855 2540 956 2566 ultima.

168 2575 200 2602 lli
216 2580 269 2602 tres
284 2574 410 2610 postremi
425 2582 528 2607 versus,
537 2574 612 2610 apud
623 2573 824 2610 Goldastumft
836 2574 955 2610 Sirmun-

166 2611 230 2637 dum
242 2608 387 2640 exstantes.
404 2617 455 2637 nec
468 2617 521 2637 non
535 2608 562 2637 in
575 2609 702 2637 Biblioth.
718 2608 770 2636 PP.
786 2608 886 2643 Paris.,
910 2609 958 2637 de-

167 2649 230 2673 sunt
247 2645 273 2672 in
290 2645 362 2672 edito
375 2644 531 2672 Canisiano.

201 2679 235 2708 V.
252 2680 277 2707 9.
295 2678 416 2713 Divitias,
430 2684 482 2707 etc.
495 2679 544 2707 llic
554 2686 648 2707 versus
658 2678 790 2712 repetitur
804 2678 871 2706 infra
883 2687 955 2707 vers.

167 2714 217 2777 p7;
223 2714 314 2750 Neque
323 2716 395 2743 hunc
405 2714 432 2742 in
441 2722 489 2742 suo
500 2715 592 2743 codice
602 2713 826 2749 legitGoldastus,
837 2721 898 2749 pag.
911 2714 956 2748 60,

179 2769 186 2776 ’
203 2759 288 2825 ifm.
305 2785 364 2813 Non
376 2785 469 2820 possis.
481 2784 530 2812 Ms.
545 2784 626 2813 Leod.
640 2783 710 2819 apud
725 2783 892 2817 Goldastum,
905 2793 957 2812 non

167 2824 292 2882 cogi-i525.
306 2856 355 2886 Qui
366 2856 440 2889 prod.
454 2855 533 2882 Deest
544 2854 587 2882 hic
597 2862 689 2882 versus
703 2854 773 2889 apud
787 2854 955 2882 Goldastum.

204 2890 236 2917 V.
251 2890 294 2917 27.
312 2889 417 2924 chlcta
437 2891 539 2918 salutis.
554 2890 682 2919 Coldasto
703 2890 867 2926 pimlcrcuda
882 2890 957 2920 vide~

781 156 809 185 S.
830 149 1026 184 COLUMBANI
1047 150 1189 186 ABBATIS

1750 149 1804 177 288

1069 208 1107 236 Te
1122 207 1191 235 ferat
1203 207 1236 234 ad
1250 206 1348 234 calum
1362 205 1491 241 quadriga
1504 204 1606 240 repleta
1621 204 1725 232 salutis.

1069 252 1169 286 Lingua
1182 258 1247 279 suos
1262 250 1360 278 habeat
1374 250 1464 277 frenos
1486 249 1511 276 in
1531 249 1613 276 corde
1628 249 1735 283 ligatos.

1067 298 1114 326 Vir
1125 299 1211 325 bonus
1220 305 1281 325 esse
1291 296 1393 331 nequit,
1401 296 1450 322 nisi
1460 295 1506 329 qui
1517 294 1562 322 lict
1568 294 1803 328 omnibusmquus.

1025 344 1061 371 δι)
1068 343 1121 376 Qui
1132 343 1235 371 scelera
1249 341 1401 374 abscondit,
1410 340 1515 368 veniam
1528 348 1581 367 non
1592 340 1663 366 forte
1673 344 1802 366 meretur.

1069 389 1121 422 Qui
1134 388 1204 416 bona
1219 387 1366 419 desuescit,
1382 394 1445 414 mox
1461 386 1505 414 hic
1520 386 1676 413 consuescit
1698 385 1801 420 iniqua.

1069 434 1127 461 Non
1137 439 1174 466 tu,
1180 441 1281 469 quaeso,
1288 432 1498 468 jocislaedasnec
1503 431 1803 466 earminequemquam.

1069 479 1173 515 Smpius
1183 478 1277 506 auditu
1293 478 1432 506 instrueris
1446 485 1526 513 quam
1539 484 1606 505 voce
1622 476 1729 504 fruaris.

1068 525 1110 552 Sit
1124 532 1219 553 servus
1233 524 1330 552 mentis
1344 527 1440 559 venter
1452 532 1460 556 ;
1475 522 1511 550 sit
1524 530 1602 550 serva
1617 521 1712 549 libido.

1026 574 1061 601 3‘)
1070 573 1128 601 Non
1143 572 1231 608 perdit
1247 572 1333 607 pietas
1343 570 1474 606 quidquid
1489 569 1586 605 largire
1606 569 1722 597 videtur.

1069 618 1127 646 Non
1142 618 1238 653 opibus
1251 617 1322 645 bona
1335 615 1406 644 fama
1419 615 1511 649 datur,
1521 615 1569 643 sed
1580 615 1700 643 moribus
1713 614 1803 642 almis.

1070 664 1123 691 Fac
1139 671 1173 690 nc
1185 667 1212 690 te
1225 662 1322 689 merito
1335 661 1423 689 verbis
1438 661 1548 688 irrideat
1562 661 1641 688 alter.

1072 710 1123 737 Pro
1136 710 1235 737 misero
1250 708 1381 736 miserans
1394 708 1525 743 lacrymas
1538 707 1646 734 effunde
1659 706 1755 734 sodali.

1071 756 1159 790 Eripe,
1174 755 1196 782 si
1211 755 1312 787 valeas,
1324 762 1377 781 non
1390 760 1502 787 suggere
1517 753 1569 780 tela
1584 753 1695 779 furenti.

1029 802 1063 828 ΔΘ
1070 803 1146 837 δίψα
1160 805 1239 829 nocet
1253 808 1337 835 puero
1353 799 1490 826 miseratio
1503 798 1600 825 blanda
1616 798 1747 832 magistri.

1073 847 1195 880 Ignotum
1211 850 1276 872 noto
1292 852 1427 879 nunquam
1442 851 1581 878 przeponas
1597 843 1694 870 amico.

1071 891 1165 918 Omnia
1181 899 1241 925 qua:
1255 890 1347 918 dicunt
1362 889 1495 919 homines,
1509 893 1536 915 tu
1551 887 1664 915 credere
1680 888 1744 914 noli.

1074 938 1131 964 Non
1147 937 1197 964 sibi
1212 936 1273 970 quis
1285 936 1373 967 vivat,
1389 934 1496 961 Christo
1511 934 1557 961 sed
1573 934 1643 960 vivat
1660 934 1767 968 ubique.

1074 983 1132 1009 Non
1147 987 1202 1015 tua,
1217 981 1264 1009 sed
1279 980 1378 1008 Christi
1393 987 1506 1013 qtucras,
1521 979 1565 1012 qui
1581 978 1668 1012 diligis
1683 978 1767 1005 illum.

1029 1029 1062 1054 liii
1072 1028 1129 1054 Non
1141 1032 1178 1059 te,
1187 1036 1239 1054 non
1255 1026 1394 1056 mundum,
1406 1025 1541 1052 Christum
1552 1024 1598 1051 sed
1613 1024 1693 1058 dilige
1703 1024 1803 1051 solum.

1069 1074 1136 1100 Cum
1150 1073 1271 1107 sapiente
1290 1072 1402 1105 loquens
1418 1070 1558 1105 perpaucis
1574 1074 1651 1097 utere
1665 1070 1765 1108 verbis.

1071 1120 1112 1146 Nil
1124 1119 1194 1146 oculi
1209 1122 1332 1152 prosunt,
1344 1117 1441 1151 quibus
1451 1120 1493 1142 est
1507 1123 1582 1143 mens
1593 1122 1664 1142 crcca
1680 1114 1800 1141 videndi.

1073 1165 1166 1192 Divitis
1180 1163 1356 1198 opprobrium
1370 1162 1486 1196 gemitus
1502 1165 1543 1188 est
1557 1161 1682 1196 pauperis
1697 1161 1803 1194 ingens.

1072 1210 1188 1237 Plurima
1201 1208 1314 1236 discenti
1330 1215 1438 1242 semper
1448 1207 1578 1241 sapientia
1594 1205 1701 1233 crescit.

1027 1255 1201 1283 dOJudicium
1221 1258 1305 1281 restat
1318 1253 1421 1280 cunctis
1436 1252 1587 1279 certissime
1602 1250 1691 1278 factis.

1068 1300 1199 1327 Adveniet
1212 1298 1299 1326 Judex
1314 1297 1417 1326 cunctis
1432 1297 1478 1332 qui
1493 1297 1565 1331 justa
1579 1296 1718 1331 rependat.

1068 1345 1167 1381 Inclyta
1178 1349 1334 1379 perpetuam
1350 1347 1459 1378 prastat
1471 1342 1601 1378 patientia
1616 1342 1710 1369 vitam.

1067 1393 1106 1421 'l‘e
1122 1393 1229 1420 feritate
1242 1393 1327 1427 magis
1339 1392 1419 1420 faciet
1434 1391 1585 1418 moderatio
1598 1390 1712 1418 clarum.

1069 1438 1196 1473 Egrcgios
1213 1438 1292 1465 faciet
1305 1438 1404 1465 mentis
1418 1436 1572 1465 constantia
1587 1444 1687 1464 mores.

1026 1483 1062 1511 55
1069 1484 1188 1511 Consilio
1202 1483 1294 1516 facias,
1309 1490 1386 1516 rogo,
1400 1482 1434 1510 sit
1450 1482 1497 1509 tibi
1512 1481 1641 1516 quidquid
1653 1483 1797 1516 agendum.

1068 1529 1161 1557 Omnis
1175 1529 1274 1563 quippe
1286 1533 1352 1556 astas
1364 1528 1454 1562 aliquo
1467 1528 1515 1555 sub
1530 1527 1603 1555 fasce
1615 1527 1731 1555 laborat.

1073 1575 1141 1602 Vera
1155 1575 1263 1609 quidem
1277 1579 1397 1601 veterum
1410 1573 1517 1608 juvenis
1533 1574 1714 1609 paradigmata
1729 1581 1800 1605 rere.

1071 1621 1144 1648 Felix
1159 1622 1206 1655 qui
1225 1628 1335 1648 causam
1357 1620 1474 1654 loquitur
1488 1620 1625 1654 prudentis
1647 1621 1674 1648 in
1693 1628 1796 1648 aurem.

1070 1666 1184 1693 Tantum
1195 1666 1277 1693 verba
1291 1666 1381 1692 valent
1395 1669 1524 1699 quantum
1545 1674 1620 1693 mens
1633 1667 1731 1693 sentiat
1746 1666 1802 1693 illa.

1026 1715 1059 1741 60
1067 1715 1198 1741 Omnibus
1208 1718 1250 1740 est
1264 1713 1383 1747 locuples
1394 1713 1439 1747 qui
1453 1714 1532 1740 rebus
1542 1713 1659 1740 abundat
1668 1714 1799 1741 honestis.

1069 1760 1127 1787 Non
1141 1760 1193 1787 erit
1207 1761 1318 1794 antiquo
1334 1767 1418 1786 novus
1432 1760 1620 1793 anteferendus
1634 1760 1746 1788 amicus.

1068 1807 1179 1834 Dilllcile
1192 1806 1312 1834 invenies
1326 1814 1418 1833 verum
1435 1806 1556 1834 fortassis
1568 1806 1695 1833 amicum.

1069 1853 1188 1880 Moribus
1200 1852 1316 1886 egregiis
1330 1852 1414 1878 facias
1428 1852 1477 1879 tibi
1491 1860 1588 1879 nomen
1603 1852 1756 1880 honestum.

1068 1897 1152 1925 Nemo
1166 1897 1274 1931 quidem
1285 1897 1375 1931 plures
1389 1897 1484 1924 habuit
1497 1905 1577 1931 quam
1590 1896 1678 1931 perdit
1689 1898 1801 1924 amicos.

1024 1942 1114 1970 65Cui
1128 1943 1248 1978 prodest,
1273 1943 1348 1970 socio
1363 1943 1409 1977 qui
1430 1950 1483 1970 non
1504 1943 1632 1977 prodesse
1655 1943 1803 1978 probatur?

1065 1990 1128 2017 Sola
1142 1989 1208 2017 tides
1224 1989 1284 2016 fidei
1297 1989 1369 2016 dono
1382 1989 1512 2016 dilabitur
1524 1989 1606 2017 almo.
1748 1998 1750 2000 ’

1067 2037 1144 2064 Levis
1159 2045 1212 2064 non
1226 2037 1342 2064 animam
1358 2038 1509 2072 torquentis
1522 2046 1587 2065 cura
1607 2037 1710 2072 fatiget.

1067 2082 1118 2108 Des
1133 2090 1225 2111 severa
1240 2083 1348 2117 quidem
1361 2090 1469 2117 semper
1483 2083 1602 2110 declarat
1619 2083 1743 2110 honeste.

1068 2128 1135 2161 Quid
1147 2129 1233 2163 pejus,
1245 2136 1325 2163 quam
1336 2136 1366 2156 se
1378 2133 1409 2156 ut
1420 2128 1516 2163 jungat
1529 2128 1666 2156 habitator
1679 2128 1803 2163 iniquus?

1026 2172 1059 2199 70
1068 2173 1187 2205 Actibus,
1202 2176 1253 2207 aut,
1262 2173 1351 2200 verbis
1365 2173 1420 2200 noli
1436 2177 1465 2200 ιιι
1479 2181 1636 2201 assuescere
1656 2174 1757 2208 pravis.

1069 2218 1116 2246 Est
1129 2226 1182 2246 non
1207 2226 1266 2246 esse
1280 2219 1386 2253 quidem
1401 2219 1486 2247 satius
1500 2227 1581 2253 quam
1600 2219 1692 2247 vivere
1706 2227 1799 2254 prave.

1072 2264 1147 2292 Mens
1160 2264 1231 2293 bona
1246 2264 1389 2292 thesauros
1409 2265 1538 2300 praecellit
1552 2272 1666 2292 munere
1678 2268 1802 2293 cunctos.

1070 2310 1159 2338 Vitam
1174 2310 1276 2346 quippe
1292 2315 1365 2338 tuam
1380 2314 1437 2338 tota
1452 2310 1552 2338 virtute
1565 2315 1651 2338 tuere.

1070 2355 1166 2384 Omnia
1182 2363 1231 2391 pro
1246 2356 1299 2384 vita
1312 2360 1375 2383 sunt
1387 2355 1533 2396 amittenda
1549 2355 1660 2383 tuenda.

1011 2432 1312 2474 turyletctionmsuLeod.
1328 2433 1428 2474 replete
1442 2433 1589 2474 triumphis.

1046 2468 1078 2504 Υ.
1089 2467 1134 2504 29.
1147 2466 1199 2504 Qui
1210 2468 1256 2504 [iet
1266 2476 1340 2504 omn.
1353 2467 1402 2495 Ms.
1419 2466 1569 2504 Leod.,'qui
1582 2469 1616 2496 sit
1630 2469 1656 2495 in
1671 2468 1800 2496 omnibus.

1009 2503 1079 2535 Sed,
1103 2503 1192 2538 judice
1204 2502 1295 2536 Gold.,
1312 2511 1366 2531 non
1381 2507 1422 2531 est
1442 2502 1547 2531 temere
1570 2504 1738 2539 spernendus
1755 2512 1803 2532 ar-

1009 2538 1156 2565 chaismus.

1009 2546 1156 2565 cnaismus.

1046 2545 1260 2610 avlfiargire
1270 2573 1321 2600 vid.
1336 2572 1432 2610 Largi.)
1442 2573 1553 2601 verbum
1564 2578 1605 2601 est
1620 2581 1653 2602 ex
1667 2574 1729 2607 illis,
1741 2581 1805 2610 qua

1008 2612 1068 2644 tam?
1078 2609 1163 2635 activa
1177 2615 1256 2644 quam
1272 2609 1466 2644 passivaﬂvoce
1479 2617 1563 2644 unum
1582 2614 1663 2644 atque
1676 2609 1803 2637 idem’si-

1009 2643 1146 2678 gnificant,
1161 2642 1199 2670 ait
1212 2642 1365 2678 Priscianus
1379 2643 1424 2670 lib.
1440 2652 1477 2671 vt.
1489 2643 1576 2672 ϐου).

1047 2679 1077 2715 V.
1092 2678 1136 2715 5§.
1149 2678 1250 2715 Iiaciet.
1266 2677 1364 2715 (io-id,
1374 2679 1465 2715 fugiet.
1481 2678 1526 2707 Sic
1539 2685 1567 2707 et
1578 2687 1649 2715 vers.
1660 2687 1719 2715 seq.

1044 2714 1077 2742 V.
1092 2714 1135 2742 65.
1149 2713 1260 2750 Perdit.
1284 2712 1332 2750 Ms.
1348 2712 1378 2741 S.
1393 2713 1462 2741 Galli
1482 2715 1555 2749 apud
1578 2714 1669 2748 Gold.,
1699 2712 1802 2750 pendit.

1008 2748 1077 2782 Nihil
1093 2749 1216 2783 aluidem
1236 2748 1373 2776 mutarint.

1008 2784 1135 2847 {ofL/{£631.
1153 2784 1314 2819 Torqucntis.
1331 2783 1489 2819 Suspicatur
1502 2784 1647 2814 Goldastus
1657 2785 1803 2821 legendum

1071 2829 1079 2846 ι
1097 2829 1111 2846 η
1132 2828 1158 2847 0.
1481 2841 1496 2847 -

1046 2828 1258 2882 Ζιῖθὲἕῗέευενα.
1273 2853 1320 2881 Ms.
1339 2853 1432 2887 Lcod.,
1444 2860 1467 2882 te
1481 2841 1549 2882 ἔργα.

1047 2889 1077 2917 V.
1095 2890 1137 2919 70.
1151 2889 1214 2918 Noli
1230 2896 1264 2917 (tt.
1283 2889 1358 2925 Legit
1371 2889 1460 2925 Gold.,
1476 2891 1565 2919 nolim.
