3932 6184
307 255 422 312 389
1815 270 1860 326 C.

2048 273 2142 329 VA.
3486 292 3601 349 990

352 371 427 425 75
447 369 829 475 Prmmeditata
857 373 1075 475 quidem
1116 375 1287 475 levius
1313 377 1536 434 sullerre
1564 380 1838 475 valebunt.
1942 391 1985 446 Α
2108 440 2111 441 ν
2140 390 2375 448 Verbum
2405 394 2566 451 dulce
2596 399 2809 468 quidem
2840 402 2933 458 tibi
2962 403 3337 475 multiplicabit
3374 409 3596 464 amicos.

439 464 571 530 Qua:
596 464 779 519 subito
817 464 1128 532 adveniunt,
1170 468 1341 523 multo
1368 471 1617 538 graviora
1643 473 1905 529 videntur.
2136 480 2392 537 Converti
2436 485 2503 539 ad
2534 464 2818 545 Dominum
2864 507 2932 546 ne
2969 464 3153 549 tardes
3181 497 3398 553 tramite
3424 507 3599 553 recto.

436 555 647 610 Gaudia
674 564 801 611 sunt
844 557 1029 628 populi
1073 568 1254 615 rector
1281 561 1403 629 pius
1430 571 1594 631 atque
1622 564 1905 634 benignus.
2137 570 2406 628 Doctrinis
2428 577 2591 630 etiam
2621 579 2786 634 variis
2814 597 2921 636 non
2954 580 3145 639 ﬂexilis
3166 594 3306 641 esto.

438 646 585 701 Mors
606 647 783 702 aliena
813 658 999 705 monet
1020 650 1250 720 propriaa
1275 667 1377 708 nos
1404 655 1596 711 mortis
1619 656 1836 725 ubique.
2014 658 2118 712 125
2138 660 2216 717 Te
2242 662 2328 717 via
2357 679 2480 719 nam
2526 665 2739 721 Domini
2786 676 2973 725 teneat
3018 672 3317 731 ﬁrmissima
3361 690 3597 746 semper.

440 736 592 793 Felix
617 738 840 796 alterius
865 739 1021 808 cujus
1048 741 1633 838 documentaﬁagella.
2130 752 2360 811 Justitiae
2387 766 2443 813 et
2468 760 2612 827 pacis
2637 760 2889 831 placeant
2916 764 3013 820 tibi
3039 767 3201 822 verba
3225 736 3522 838 loquendo.

356 827 668 882 80Pr:emia
692 844 801 884 non
831 831 1031 901 capiet,
1068 832 1280 901 ingrato
1306 834 1396 903 qui
1425 835 1565 890 bona
1597 846 1835 906 pnestat.
2133 843 2264 910 Pax,
2285 827 2653 917 precor,alma
2676 859 2770 908 tuo
2793 852 3006 923 placeat
3036 855 3128 910 tibi
3150 827 3365 928 semper
3393 860 3446 914 in
3476 876 3592 915 ore.

438 918 521 975 Sit
550 919 645 975 tibi
677 921 877 978 charos
907 923 1093 990 homo,
1136 933 1194 979 ut
1223 924 1419 993 frater;
1467 926 1608 983 Deus
1654 940 1711 985 ut
1757 940 1910 1000 pater
2136 937 2364 1009 Semper
2395 942 2448 996 in
2479 957 2575 998 ore
2601 951 2694 998 tuo
2722 918 2981 1001 resonent
3007 948 3092 1017 pia
3124 918 3284 1004 verba
3313 951 3517 1005 salutis.

1611 1020 1826 1093 [almus.
2133 1028 2245 1084 Rex
2276 1031 2493 1100 sapiens
2522 1035 2781 1104 populum
2822 1037 3014 1093 melius
3042 1038 3283 1095 defendit
3307 1042 3375 1096 ab
3415 1043 3591 1099 hoste.

434 1104 620 1160 Omnis
641 1107 899 1176 paulatim
931 1108 1077 1164 letho
1107 1126 1206 1165 nos
1233 1112 1470 1182 applicat
1498 1114 1650 1168 hora.
2013 1117 2116 1172 130
2135 1118 2393 1187 lnsipiens
2422 1132 2602 1178 rector
2634 1126 2891 1196 populum
2923 1128 3237 1199 disperserit
3265 1147 3501 1188 omnem.

440 1197 583 1252 Ante
622 1199 768 1254 diem
806 1202 997 1256 mortis
1024 1203 1204 1258 nullus
1234 1203 1514 1261 laudabilis
1541 1214 1738 1261 exstat.
2131 1209 2311 1266 Gloria
2340 1228 2532 1280 magna
2567 1216 2783 1284 quidem
2812 1219 2925 1286 regi
2954 1197 3037 1274 est
3065 1222 3330 1292 sapientia
3353 1224 3520 1292 justa.

443 1287 712 1355 Qumlibet
734 1306 802 1347 ex
832 1292 1005 1349 fructu
1034 1296 1253 1365 proprio
1279 1299 1624 1367 cognoscitur
1652 1300 1831 1354 arbor.
2133 1299 2473 1371 lnjuriasque
2502 1312 2621 1360 tuas
2656 1306 2707 1359 in
2739 1304 2958 1363 fratrem
2998 1287 3257 1367 ulciscere
3283 1287 3413 1368 noli.

349 1379 420 1433 85
441 1381 639 1435 Doctor
666 1382 770 1436 erit
797 1396 1023 1451 magnus
1048 1384 1203 1441 factis
1233 1388 1328 1455 qui
1350 1388 1495 1457 quod
1516 1388 1670 1446 docet
1696 1391 1901 1460 implet.
2130 1392 2357 1464 Semper
2385 1410 2582 1452 avarus
2628 1406 2774 1452 amat
2812 1401 3110 1466 mendacia,
3154 1403 3290 1457 furta
3309 1447 3324 1471 ,
3355 1404 3589 1475 rapinas.

432 1470 588 1537 Quod
633 1472 727 1526 tibi
758 1474 836 1529 vis
867 1473 1013 1541 fieri,
1048 1475 1152 1531 hoc
1190 1478 1281 1532 alii
1321 1488 1581 1549 praestare
1612 1484 1903 1536 memento.
2130 1483 2376 1540 Sufﬁciat
2402 1500 2580 1541 rerum
2607 1487 2828 1543 dederat
2857 1491 2951 1545 tibi
2973 1492 3116 1561 quod
3146 1493 3286 1547 Deus

439 1563 773 1634 Pauperibus
797 1565 958 1635 justis
982 1568 1216 1625 cmlestis
1245 1570 1416 1639 gloria
1447 1581 1635 1627 restat.
2012 1571 2116 1626 155
2132 1573 2271 1640 Quid
2304 1583 2551 1631 terrenus
2579 1577 2763 1643 homo,
2799 1579 2969 1647 pulvis
2999 1590 3053 1636 et
3085 1591 3221 1637 terra
3245 1563 3522 1654 superbit?

432 1653 586 1719 Quod
618 1653 711 1708 tibi
742 1670 851 1709 non
882 1665 1060 1725 optes,
1105 1659 1193 1713 alii
1225 1674 1294 1715 ne
1324 1659 1516 1717 feceris
1549 1663 1661 1717 ulli.
1937 1737 1972 1742 _
2129 1664 2455 1735 Principium
2480 1670 2700 1725 sceleris
2726 1672 2861 1740 proh
2890 1670 3002 1727 dira
3030 1675 3280 1742 superbia
3308 1653 3542 1732 constat.

431 1740 666 1812 IEquum
697 1747 911 1815 pondus
939 1747 1107 1815 habe,
1140 1758 1325 1805 teneas
1353 1759 1409 1807 et
1435 1760 1636 1809 statera
1668 1755 1895 1824 justum.
1936 1737 1979 1795 Β

1713 1766 1895 1813 Istum.
1936 1737 1979 1795 Β
2131 1755 2213 1810 Sit
2244 1757 2340 1810 tibi
2369 1773 2496 1812 cura
2528 1768 2648 1825 tuae,
2679 1737 2788 1815 tota
2817 1762 3031 1826 virtute,
3062 1737 3266 1818 salutis.

348 1834 550 1889 90Non
577 1836 672 1891 tibi
693 1836 767 1891 sit
797 1837 1011 1894 modius
1037 1838 1256 1909 duplex,
1286 1857 1388 1898 nec
1411 1852 1611 1900 statera
1641 1846 1825 1917 dupla.
2128 1844 2241 1900 Una
2270 1847 2407 1916 dies,
2437 1850 2622 1918 quales
2651 1853 2874 1920 fuerint,
2893 1855 3132 1910 ostendit
3156 1857 3381 1913 amicos.

428 1924 652 1996 Corripe
680 1928 998 1996 prudentem
1023 1947 1039 1986 :
1069 1932 1326 1988 reddetur
1353 1936 1525 2003 gratia
1555 1937 1756 1993 verbis.
2129 1935 2372 1993 Peccastt
2400 1939 2581 2007 solus,
2614 1943 2894 2010 ignoscere
2924 1953 2978 1999 tu
3009 1946 3103 2001 tibi
3135 1946 3268 2003 noli.

424 2019 481 2075 Si
507 2028 564 2075 tu
593 2031 745 2077 recta
773 2022 923 2088 facis,
947 2039 1016 2080 ne
1053 2038 1216 2083 cures
1240 2028 1403 2083 verba
1435 2028 1722 2087 malorum.
2003 2026 2105 2080 140
2120 2026 2272 2093 Quod
2296 2030 2514 2085 tacitum
2541 2034 2746 2102 cupias.
2775 2036 2938 2101 tacito
2960 2038 3236 2093 committe
3263 2038 3456 2094 sodali.

427 2108 570 2166 Utile
596 2111 883 2167 consilium
920 2113 1168 2170 dominus
1197 2131 1267 2172 ne
1294 2116 1516 2188 despice
1541 2119 1709 2174 servi.
2119 2115 2378 2173 Invidiam
2410 2120 2576 2176 nimio
2604 2122 2755 2178 cultu
2779 2124 2952 2180 vitare
2978 2140 3275 2184 memento.

422 2201 569 2258 Inter
600 2205 856 2262 convivas
885 2205 969 2263 fac
995 2208 1070 2264 sis
1097 2223 1351 2267 sermone
1380 2211 1683 2269 modestus.
2114 2208 2330 2265 Invidiae
2357 2213 2599 2270 maculat
2625 2213 2826 2271 famam
2850 2216 2990 2271 mala
3018 2219 3185 2289 pestis
3214 2221 3523 2278 honestam.

338 2293 414 2346 95
431 2292 565 2349 Cum
586 2294 714 2364 quid
744 2296 1005 2366 peccaris,
1028 2298 1230 2369 castiga
1258 2308 1311 2356 te
1337 2301 1453 2372 ipse
1475 2303 1725 2361 subinde.
2118 2298 2201 2354 Nil
2228 2300 2347 2356 sine
2370 2303 2601 2358 consilio
2630 2301 2821 2373 facias,
2848 2306 2929 2361 sic
2958 2306 3096 2363 facta
3129 2309 3443 2380 probantur.

427 2384 660 2441 Vulnera
690 2386 816 2442 dum
845 2403 1033 2455 sanas,
1066 2389 1226 2447 dolor
1253 2401 1338 2448 est
1366 2394 1631 2450 medicina
1660 2396 1887 2454 doloris.
2113 2386 2217 2457 Qui
2245 2391 2477 2448 Domino
2503 2394 2704 2461 credit.
2736 2407 2920 2452 Serval
2952 2400 3206 2454 mandata
3236 2402 3442 2458 salutis.

423 2477 647 2534 Divitias
671 2479 883 2536 Domini
909 2481 1068 2539 faciet
1087 2484 1391 2541 benedictio
1412 2488 1607 2545 claras.
1998 2479 2339 2552 ίιιδδθιηρετ
2383 2484 2527 2539 enim
2573 2486 2792 2557 sapiens
2819 2489 3013 2543 metuit
3052 2490 3155 2544 sibi
3202 2492 3398 2561 iudicis
3427 2496 3561 2549 iram

423 2568 703 2625 Eternam
733 2572 919 2628 tribuit
946 2574 1071 2629 felix
1101 2577 1390 2633 clementia
1413 2580 1599 2637 vitam.

2114 2572 2384 2630 lnstanter
2412 2576 2601 2645 facias,
2633 2594 2752 2635 sors
2779 2594 2901 2649 quae
2929 2582 3024 2637 tibi
3058 2582 3237 2639 tradat
3264 2588 3490 2655 agenda.

428 2659 590 2717 Utere
615 2663 855 2731 quaesitis
883 2664 1097 2733 opibus,
1131 2667 1252 2735 fuge
1281 2683 1479 2724 nomen
1507 2672 1679 2727 avari.
2112 2662 2245 2720 Cum
2267 2666 2488 2724 homine
2514 2668 2714 2739 injusto
2742 2673 2913 2728 nolito
2937 2689 3157 2732 manere
3184 2674 3509 2746 frequenter.

295 2748 409 2802 100
426 2748 603 2815 Disce,
629 2753 722 2809 sed
752 2768 783 2809 ει
811 2752 1012 2822 doctis;
1044 2756 1288 2815 indoctos
1312 2760 1427 2831 ipse
1454 2761 1671 2819 ᾱοςθιο,
2112 2757 2225 2815 Nec
2252 2759 2392 2816 redit
2437 2760 2581 2818 unda
2623 2759 2827 2833 fluens,
2867 2773 3113 2822 nostrum
3159 2782 3258 2823 nec
3289 2775 3497 2840 tempus
3527 2774 3581 2826 in

415 2841 617 2899 Contra
646 2846 907 2901 verbosos
930 2848 1038 2903 noli
1065 2851 1396 2908 contendere
1426 2853 1629 2910 verbis.
1670 2908 1687 2913 ,
3312 2860 3508 2931 [auuis.

414 2935 607 2992 Sermo
632 2938 790 2992 datur
817 2938 1021 3006 multis,
1055 2940 1221 2996 animi
1250 2943 1515 3013 sapientia
1548 2945 1754 3015 paucis.
2106 2940 2297 2998 Omnia
2328 2942 2448 3001 ﬁnis
2474 2944 2614 3001 edax
2641 2945 2887 3004 devastat
2916 2950 3109 3017 gaudia
3140 2951 3345 3006 mundi.

415 3028 532 3084 Non
563 3029 685 3085 laeta
702 3031 969 3085 extollant
993 3031 1255 3099 animum,
1278 3048 1386 3087 non
1408 3034 1581 3090 tristia
1610 3036 1879 3106 frangam.
1921 3100 1954 3106 _
1990 3030 2094 3088 150
2111 3033 2211 3101 Qui
2238 3034 2358 3105 pius
2395 3044 2451 3090 et
2480 3036 2747 3103 clemens,
2787 3038 3048 3095 Dominus
3088 3041 3437 3098 miserebitur
3477 3042 3569 3099 illi.

418 3120 701 3175 Proximus
729 3130 850 3176 esto
875 3120 1053 3184 bonis,
1083 3121 1129 3177 si
1159 3138 1267 3177 non
1294 3131 1450 3193 potes
1475 3125 1712 3196 optimus
1909 3100 1955 3163 C
2100 3100 2255 3180 lnfer-
2277 3124 2592 3183 nullatenus
2614 3100 2913 3185 benefactis
2941 3140 3124 3187 mente
3152 3131 3425 3201 querelas.

285 3207 401 3264 105
414 3207 630 3275 Quanto
659 3210 834 3277 major
861 3210 989 3275 eris,
1016 3218 1166 3267 tanto
1198 3220 1256 3267 tu
1282 3215 1492 3270 cautior
1517 3224 1655 3272 esto.
2102 3214 2443 3287 lmproperes
2469 3234 2768 3289 nunquam,
2788 3219 3002 3277 dederis
3032 3224 3349 3279 munuscula
3373 3225 3569 3295 siqua.

406 3295 652 3368 Cumque
693 3297 860 3353 alium
904 3312 1112 3367 censes,
1161 3302 1438 3374 propriam
1484 3305 1633 3375 prior
1674 3306 1880 3378 inspice
2094 3309 2283 3367 Omnis
2310 3318 2606 3382 pertractet
2647 3312 2880 3382 primum
2927 3328 3080 3370 mens
3110 3316 3274 3372 verba
3318 3316 3567 3387 loquelas.

1596 3399 1811 3472 [vitam
2096 3403 2355 3475 Corporis
2381 3403 2644 3459 auxilium
2671 3405 2883 3463 medico
2910 3407 3172 3477 permitte
3199 3407 3365 3464 ﬁdeli.

413 3479 541 3536 Plus
562 3488 675 3548 tua,
702 3498 865 3554 quam
889 3483 1112 3541 alterius
1131 3484 1411 3544 damnabis
1435 3487 1662 3545 crimina
1683 3490 1871 3559 judex.
1979 3494 2084 3550 155
2100 3495 2232 3551 Dum
2261 3495 2485 3565 poteris,
2515 3494 2744 3550 benefac
2770 3511 2900 3552 caro
2927 3504 2984 3551 tu
3014 3512 3234 3568 semper
3260 3500 3459 3555 amico.

408 3575 498 3630 Sis
516 3576 693 3631 bonus
712 3585 875 3647 atque
896 3578 1085 3647 bonis;
1114 3579 1270 3637 ltesus
1290 3595 1388 3637 nec
1407 3581 1541 3637 laede
1561 3593 1871 3638 nocentem.
2096 3586 2189 3642 Sic
2206 3602 2380 3641 novus
2395 3594 2559 3655 atque
2581 3602 2779 3643 novum
2804 3588 2987 3643 vinum
3012 3597 3318 3646 veterascat
3338 3591 3565 3647 amicus.

408 3664 514 3733 Qui
538 3667 793 3737 prodesse
819 3678 1016 3739 potest,
1040 3685 1146 3726 non
1167 3679 1250 3726 est
1269 3670 1547 3740 fugiendus
1573 3673 1798 3728 amicus.
2095 3676 2275 3733 Rebus
2298 3678 2354 3732 in
2385 3678 2625 3733 adversis
2652 3693 2929 3748 nunquam
2957 3678 3182 3734 dimittis
3210 3681 3464 3736 amicum.

275 3758 388 3813 110
405 3758 539 3813 Cum
567 3759 734 3816 fueris
762 3759 887 3816 felix
904 3803 921 3829 ,
950 3777 1073 3832 qua:
1102 3773 1229 3818 sunt
1256 3764 1481 3821 adversa
1512 3775 1723 3823 caveto.
2093 3768 2323 3839 Semper
2349 3769 2554 3829 amicus
2582 3776 2748 3835 amat,
2779 3768 3049 3838 duratque
3072 3768 3244 3827 ﬁdelis
3265 3770 3489 3826 amicus.

401 3852 535 3918 Quae
565 3854 791 3925 culpare
816 3855 983 3920 soles,
1017 3856 1132 3912 hmo
1160 3866 1216 3911 tu
1245 3873 1313 3912 ne
1339 3856 1532 3914 feceris
1557 3859 1692 3930 ipse.
1956 3928 1961 3931 _
2101 3862 2255 3918 Alma
2286 3860 2403 3916 dies
2424 3870 2641 3918 noctem
2670 3861 2942 3931 sequitur;
2964 3862 3043 3917 sic
3067 3862 3208 3916 dona
3238 3862 3469 3918 labores.

406 3942 523 3997 Vita
553 3944 731 3998 aliena
760 3953 863 3999 tua:
894 3945 989 3999 tibi
1018 3946 1088 4000 sit
1114 3947 1384 4018 cathegita
1411 3950 1554 4005 vitae.
1972 3953 2074 4008 100
2089 3954 2353 4024 Tempora
2391 3951 2518 4008 dum
2562 3952 2802 4019 variant,
2848 3952 3064 4007 animus
3100 3952 3170 4007 sit
3214 3966 3430 4022 semper
3460 3951 3561 4007 ho-

396 4032 483 4087 lra
510 4034 694 4089 odium
721 4044 962 4103 generat,
988 4037 1279 4093 concordia
1310 4040 1481 4096 nutrit
1507 4056 1770 4099 amorem.
3259 4045 3487 4117 [nestus.

393 4128 482 4183 Sit
506 4130 621 4185 sale
647 4129 758 4199 jam
784 4131 989 4201 sophia:
1013 4147 1193 4189 sermo
1220 4133 1316 4189 tibi
1339 4135 1588 4191 conditus
1613 4138 1811 4195 omnis.
2089 4122 2332 4192 Consilio
2360 4134 2558 4192 mentis
2580 4134 2834 4206 quodque
2861 4135 3108 4191 imminet
3134 4145 3260 4190 ante
3281 4136 3485 4190 videto.

266 4220 292 4272 1
312 4218 379 4271 15
394 4218 587 4287 Magna
603 4220 824 4288 quidem
838 4221 1010 4278 virtus
1022 4231 1218 4278 nostra:
1230 4233 1312 4280 est
1323 4226 1624 4283 moderatio
1646 4228 1860 4296 linguae.
2088 4228 2221 4282 Dum
2239 4227 2335 4283 tibi
2347 4228 2453 4282 vita
2475 4226 2638 4297 viget,
2657 4227 2909 4300 lacrymis
2922 4227 3061 4281 mala
3084 4226 3309 4280 crimina
3333 4240 3550 4295 purges.

390 4312 568 4369 Crede
589 4312 793 4379 Deo,et
811 4314 1058 4384 proprios
1079 4322 1211 4370 tunc
1232 4324 1290 4370 tu
1314 4316 1410 4372 tibi
1432 4317 1603 4387 dirige
1623 4333 1859 4387 gressus.
2079 4318 2199 4374 Noli
2223 4318 2421 4374 iterare
2450 4319 2650 4387 scelus,
2679 4319 2931 4389 lacrymis
2962 4317 3090 4372 dum
3121 4318 3280 4372 diluis
3309 4317 3460 4372 illud.

394 4403 710 4470 Lux,timor
725 4412 811 4462 est
831 4403 1856 4479 Domini,cordis:huncdiligesemper.
1889 4461 1936 4479 η
2085 4405 2335 4463 Luxuriis
2362 4408 2545 4463 animo
2574 4407 2682 4462 noli
2720 4407 2929 4464 servire
2957 4407 3226 4475 malignis.

385 4495 450 4550 In
482 4461 712 4552 Domino
748 4512 976 4568 sperans
1013 4461 1193 4554 nullus
1889 4461 1939 4523 υ
1967 4496 2071 4553 165
2087 4461 2189 4565 Qui
2222 4461 2690 4567 modicaspernit,
2714 4461 2921 4554 minuit
2933 4461 3138 4569 majora
3171 4515 3269 4571 per
3296 4500 3481 4559 horas.

380 4588 485 4645 Vir
522 4588 763 4658 prudens
810 4588 994 4645 animo
1034 4598 1120 4647 est
1161 4590 1355 4646 melior
1394 4604 1559 4662 quam
1608 4591 1764 4648 fortis
1807 4592 1862 4649 in
2087 4589 2318 4646 Tollitur
2340 4606 2409 4646 ex
2456 4604 2681 4647 numero
2723 4598 3038 4647 sanctorum
3084 4591 3323 4663 perﬁdus
3350 4594 3547 4651 omnis.

1581 4683 1789 4757 (armis.
2084 4681 2270 4739 Oderit
2299 4683 2555 4754 insipiens
2580 4683 2841 4754 sapientis
2867 4685 3034 4740 verba
3064 4687 3328 4756 magistri.

264 4773 380 4829 120
395 4771 657 4845 Corporis
682 4774 903 4831 excellit
926 4774 1070 4831 vires
1096 4774 1358 4845 sapientia
1388 4775 1605 4832 mentis.
2082 4770 2294 4826 Excitat
2320 4772 2372 4827 in
2402 4772 2545 4828 risus
2570 4770 2765 4829 fratres
2792 4774 3054 4831 verbosus
3080 4791 3314 4831 amaros.

393 4865 621 4922 Divitias
650 4866 833 4921 animo
858 4865 1085 4936 injustas
1113 4866 1394 4923 attendere
1416 4866 1548 4924 noli.
2078 4861 2162 4918 Nil
2192 4861 2284 4919 illo
2309 4861 2485 4934 pejus,
2515 4862 2712 4919 sceleri
2749 4863 2841 4933 qui
2872 4864 3074 4936 gaudet
3103 4865 3309 4933 iniquo.

345 5043 413 5099 v.
444 5045 540 5126 .79.
572 5044 734 5117 Cujus
777 5047 893 5102 doc.
920 5047 1079 5103 Cold.
1113 5047 1242 5119 legit
1267 5063 1391 5105 cum
1419 5063 1517 5104 ms.
1554 5047 1744 5116 Leod.,
1776 5052 1859 5105 cui
2034 5040 2098 5126 Χ.
2138 5038 2920 5126 ρξροξοηεξαιο,ιιςεοωτξμαεο
3077 5111 3109 5126 ,,
3503 5114 3516 5126 ,

259 5126 391 5171 sunt
422 5116 534 5170 doc.
643 5109 662 5117 ’
1166 5109 1194 5119 ν
1730 5109 1741 5116 ’
1989 5182 1997 5183 ί
2036 5111 2099 5166 V.
2132 5111 2257 5165 155.
2285 5109 2488 5166 Omnis.
2519 5109 2710 5183 Aptius
2752 5109 2816 5167 et
2843 5111 3177 5167 commodius
3212 5112 3340 5181 legit
3375 5114 3549 5169 omnia

239 5180 305 5265 '_
348 5186 411 5265 v.
441 5186 528 5241 se.
564 5186 812 5265 Iloc_alii_.
841 5187 937 5244 Ms.
967 5187 1027 5265 _s_.
1060 5188 1219 5256 Galli,
1247 5192 1342 5265 [ioc
1381 5190 1856 5265 alimQum‘lortio
1960 5182 2225 5265 605mm
2296 5250 2333 5265 ,η
2569 5180 2601 5265 ’,
2910 5254 2921 5264 _

260 5256 533 5336 Gtildasto
553 5259 726 5336 magis
748 5258 942 5336 placet.
964 5259 1073 5315 Nec
1100 5250 1231 5317 sane
1251 5262 1445 5317 desunt
1470 5250 1715 5332 exeinpla
1738 5277 1813 5332 qu

1470 5250 1715 5332 excinpla
1738 5277 1857 5332 qua:
2582 5250 2709 5336 με.
2736 5254 3010 5336 committe.

264 5329 384 5381 alio
412 5343 510 5396 pro
538 5330 634 5382 alii
650 5322 965 5406 perhibent.
1630 5322 1646 5332 ’
1755 5322 1772 5332 ’
2295 5322 2549 5406 ρξιῖιξειίε-
2585 5323 2711 5404 1193-
2745 5324 3011 5406 (ἐίνηίὲἐίξοο
3052 5393 3064 5404 .
3099 5393 3111 5406 .
3241 5393 3267 5406 ,.
3293 5392 3305 5406 .
3385 5391 3429 5406 ..

346 5391 562 5453 ν.”106.
592 5391 801 5460 Censes.
831 5399 986 5454 Gulrl.
1012 5418 1210 5457 causes.
1334 5404 1335 5409 “
1959 5462 1992 5475 ﬁ
2286 5392 2486 5475 Fidelis
2517 5393 2732 5447 amicus.
2754 5393 3199 5475 _L£git_CanisitIs,
3224 5392 3323 5475 ﬁd.
3343 5391 3545 5464 ubique.

344 5466 407 5518 ν,
444 5467 559 5521 109,
590 5468 690 5531 Qui
717 5469 867 5538 ρνοιι,
901 5468 1053 5528 nunc
1075 5488 1285 5530 versum
1307 5472 1535 5529 relatum
1564 5472 1734 5529 habes
1761 5488 1855 5528 su-
1958 5462 2076 5545 Sed
2091 5465 2217 5545 nihil
2244 5464 2560 5545 mutandum
2585 5473 2769 5545 censet
2788 5462 3077 5545 Goldastuf
3098 5482 3114 5545 :_
3129 5462 3329 5545 dictum
3358 5462 3551 5537 nempe

258 5551 368 5606 pra
400 5553 539 5590 vers.
572 5538 641 5592 25
668 5602 678 5606 _
717 5531 726 5538 ⁷

1959 5535 2076 5592 κατ’
2103 5536 2436 5605 ἐπανάληψιν,
2469 5549 2536 5589 eo
2565 5535 2725 5588 modo
2748 5544 2909 5601 atque
2932 5532 3058 5587 illud
3089 5531 3362 5590 Juvenalis
3388 5552 3400 5587 :

343 5606 408 5659 V.
445 5607 566 5662 “2.
596 5602 890 5679 Cal/legito.
921 5612 1157 5671 Doctrix.
1190 5614 1462 5681 magistra.

343 5673 385 5709 ν
434 5677 453 5709 1
476 5678 531 5709 ιι
586 5678 836 5709 Ρωηκσ..-
890 5682 1038 5709 ιω..-
1061 5684 1153 5709 .:t.:
1180 5685 1379 5709 ....n......
1403 5685 1684 5709 .t:..-..:._--_
1715 5687 1852 5709 :_.__

2081 5650 2268 5699 Crescit
2288 5662 2421 5699 amor
2447 5650 2627 5697 nummi
2652 5654 2883 5709 quantum
2907 5646 3007 5707 ipsa
3034 5646 3242 5706 pecunia
3263 5648 3456 5697 crescit.

338 5673 409 5731 ν.
434 5677 554 5734 illi.
586 5673 855 5736 Conditus.
890 5682 1039 5737 Itane
1061 5684 1156 5741 tibi
1178 5673 1383 5743 nullum
1401 5685 1687 5744 discrimen
1714 5687 1852 5746 inter

257 5749 492 5805 condere
517 5758 571 5806 et
600 5752 852 5808 condire?
880 5750 1048 5811 60w.
2034 5754 2099 5813 V.
2128 5754 2245 5813 I74.
2276 5753 2411 5830 (Col.
2438 5752 2571 5826 seq.)
2592 5749 2659 5809 ιιι
2684 5767 2791 5809 ore.
2817 5749 2968 5824 Legit
2988 5766 3129 5808 more
3155 5750 3419 5811 Canisius.
3442 5750 3548 5808 Sed
