  <div class='ocr_page' id='page_1' title='image "/cluster/home/n/w/nwhite01/storage/ocr_20150623/80/hvd.32044054758842/151.png"; bbox 0 0 3978 6182; ppageno 0'>
   <div class='ocr_carea' id='block_1_1' title="bbox 370 291 2442 356">
    <p class='ocr_par' dir='ltr' id='par_1_1' title="bbox 370 291 2442 356">
     <span class='ocr_line' id='line_1_1' title="bbox 370 291 2442 356; baseline -0.002 -1"><span class='ocrx_word' id='word_1_1' title='bbox 370 297 472 356; x_wconf 72' lang='grc'><strong>291</strong></span> <span class='ocrx_word' id='word_1_2' title='bbox 1618 294 1679 352; x_wconf 81' lang='lat' dir='ltr'><strong>S.</strong></span> <span class='ocrx_word' id='word_1_3' title='bbox 1717 291 2113 351; x_wconf 71' lang='lat' dir='ltr'><strong>COLUNBANI</strong></span> <span class='ocrx_word' id='word_1_4' title='bbox 2153 293 2442 351; x_wconf 82' lang='lat' dir='ltr'><strong>ABBATIS</strong></span> 
     </span>
    </p>
   </div>
   <div class='ocr_carea' id='block_1_2' title="bbox 375 407 1855 479">
    <p class='ocr_par' dir='ltr' id='par_1_2' title="bbox 375 407 1855 479">
     <span class='ocr_line' id='line_1_2' title="bbox 375 407 1855 479; baseline -0.007 -7"><span class='ocrx_word' id='word_1_5' title='bbox 375 417 482 472; x_wconf 83' lang='grc'><strong>170</strong></span> <span class='ocrx_word' id='word_1_6' title='bbox 495 415 591 472; x_wconf 80' lang='lat' dir='ltr'><strong>Cui</strong></span> <span class='ocrx_word' id='word_1_7' title='bbox 618 418 825 468; x_wconf 87' lang='lat' dir='ltr'><strong>secreta</strong></span> <span class='ocrx_word' id='word_1_8' title='bbox 851 408 1068 479; x_wconf 80' lang='lat' dir='ltr'><strong>quidem</strong></span> <span class='ocrx_word' id='word_1_9' title='bbox 1106 407 1301 466; x_wconf 83' lang='lat' dir='ltr'><strong>credas</strong></span> <span class='ocrx_word' id='word_1_10' title='bbox 1325 407 1638 465; x_wconf 69' lang='lat' dir='ltr'><strong>cautissime</strong></span> <span class='ocrx_word' id='word_1_11' title='bbox 1667 423 1855 464; x_wconf 81' lang='lat' dir='ltr'><strong>cerne.</strong></span> 
     </span>
    </p>
   </div>
   <div class='ocr_carea' id='block_1_3' title="bbox 490 500 1893 573">
    <p class='ocr_par' dir='ltr' id='par_1_3' title="bbox 490 500 1893 573">
     <span class='ocr_line' id='line_1_3' title="bbox 490 500 1893 573; baseline -0.005 -12"><span class='ocrx_word' id='word_1_12' title='bbox 490 506 713 573; x_wconf 79' lang='lat' dir='ltr'><strong>Corripe</strong></span> <span class='ocrx_word' id='word_1_13' title='bbox 739 509 1088 569; x_wconf 71' lang='lat' dir='ltr'><strong>peccantem;</strong></span> <span class='ocrx_word' id='word_1_14' title='bbox 1119 500 1307 557; x_wconf 87' lang='lat' dir='ltr'><strong>noli.et</strong></span> <span class='ocrx_word' id='word_1_15' title='bbox 1333 500 1608 556; x_wconf 74' lang='lat' dir='ltr'><strong>dimittere</strong></span> <span class='ocrx_word' id='word_1_16' title='bbox 1636 500 1893 556; x_wconf 85' lang='lat' dir='ltr'><strong>amicum.</strong></span> 
     </span>
    </p>
   </div>
   <div class='ocr_carea' id='block_1_4' title="bbox 494 589 1968 664">
    <p class='ocr_par' dir='ltr' id='par_1_4' title="bbox 494 589 1968 664">
     <span class='ocr_line' id='line_1_4' title="bbox 494 589 1968 664; baseline -0.005 -13"><span class='ocrx_word' id='word_1_17' title='bbox 494 595 779 664; x_wconf 84' lang='lat' dir='ltr'><strong>Corripere</strong></span> <span class='ocrx_word' id='word_1_18' title='bbox 791 600 876 648; x_wconf 88' lang='lat' dir='ltr'><strong>est</strong></span> <span class='ocrx_word' id='word_1_19' title='bbox 889 589 1082 648; x_wconf 86' lang='lat' dir='ltr'><strong>melius</strong></span> <span class='ocrx_word' id='word_1_20' title='bbox 1096 600 1282 648; x_wconf 87' lang='lat' dir='ltr'><strong>notum</strong></span> <span class='ocrx_word' id='word_1_21' title='bbox 1295 605 1456 661; x_wconf 90' lang='lat' dir='ltr'><strong>quam</strong></span> <span class='ocrx_word' id='word_1_22' title='bbox 1471 591 1700 664; x_wconf 85' lang='lat' dir='ltr'><strong>perdere</strong></span> <span class='ocrx_word' id='word_1_23' title='bbox 1712 590 1968 647; x_wconf 84' lang='lat' dir='ltr'><strong>amicum.</strong></span> 
     </span>
    </p>
   </div>
   <div class='ocr_carea' id='block_1_5' title="bbox 489 682 1790 755">
    <p class='ocr_par' dir='ltr' id='par_1_5' title="bbox 489 682 1790 755">
     <span class='ocr_line' id='line_1_5' title="bbox 489 682 1790 755; baseline -0.002 -17"><span class='ocrx_word' id='word_1_24' title='bbox 489 685 589 752; x_wconf 95' lang='lat' dir='ltr'><strong>Qui</strong></span> <span class='ocrx_word' id='word_1_25' title='bbox 616 684 764 740; x_wconf 89' lang='lat' dir='ltr'><strong>fratri</strong></span> <span class='ocrx_word' id='word_1_26' title='bbox 789 685 1036 755; x_wconf 78' lang='lat' dir='ltr'><strong>ignoscit,</strong></span> <span class='ocrx_word' id='word_1_27' title='bbox 1066 685 1300 752; x_wconf 75' lang='lat' dir='ltr'><strong>ignoscit</strong></span> <span class='ocrx_word' id='word_1_28' title='bbox 1325 682 1576 739; x_wconf 83' lang='lat' dir='ltr'><strong>Christus</strong></span> <span class='ocrx_word' id='word_1_29' title='bbox 1605 691 1660 739; x_wconf 89' lang='lat' dir='ltr'><strong>et</strong></span> <span class='ocrx_word' id='word_1_30' title='bbox 1690 683 1790 738; x_wconf 88' lang='lat' dir='ltr'><strong>illi.</strong></span> 
     </span>
    </p>
   </div>
   <div class='ocr_carea' id='block_1_6' title="bbox 492 773 1868 846">
    <p class='ocr_par' dir='ltr' id='par_1_6' title="bbox 492 773 1868 846">
     <span class='ocr_line' id='line_1_6' title="bbox 492 773 1868 846; baseline -0.002 -16"><span class='ocrx_word' id='word_1_31' title='bbox 492 774 752 831; x_wconf 86' lang='lat' dir='ltr'><strong>Observat</strong></span> <span class='ocrx_word' id='word_1_32' title='bbox 781 775 999 846; x_wconf 82' lang='lat' dir='ltr'><strong>sapiens</strong></span> <span class='ocrx_word' id='word_1_33' title='bbox 1025 774 1127 830; x_wconf 83' lang='lat' dir='ltr'><strong>sibi</strong></span> <span class='ocrx_word' id='word_1_34' title='bbox 1157 781 1369 844; x_wconf 84' lang='lat' dir='ltr'><strong>tempus</strong></span> <span class='ocrx_word' id='word_1_35' title='bbox 1395 775 1448 828; x_wconf 93' lang='lat' dir='ltr'><strong>in</strong></span> <span class='ocrx_word' id='word_1_36' title='bbox 1470 788 1566 829; x_wconf 92' lang='lat' dir='ltr'><strong>ore</strong></span> <span class='ocrx_word' id='word_1_37' title='bbox 1589 773 1868 843; x_wconf 82' lang='lat' dir='ltr'><strong>loquendi.</strong></span> 
     </span>
    </p>
   </div>
   <div class='ocr_carea' id='block_1_7' title="bbox 377 868 1968 939">
    <p class='ocr_par' dir='ltr' id='par_1_7' title="bbox 377 868 1968 939">
     <span class='ocr_line' id='line_1_7' title="bbox 377 868 1968 939; baseline -0.001 -17"><span class='ocrx_word' id='word_1_38' title='bbox 377 868 754 939; x_wconf 72' lang='lat' dir='ltr'><strong>175lnsipiens</strong></span> <span class='ocrx_word' id='word_1_39' title='bbox 768 869 1013 938; x_wconf 85' lang='lat' dir='ltr'><strong>loquitur</strong></span> <span class='ocrx_word' id='word_1_40' title='bbox 1037 876 1276 937; x_wconf 84' lang='lat' dir='ltr'><strong>spretum</strong></span> <span class='ocrx_word' id='word_1_41' title='bbox 1299 868 1416 924; x_wconf 88' lang='lat' dir='ltr'><strong>sine</strong></span> <span class='ocrx_word' id='word_1_42' title='bbox 1444 876 1694 938; x_wconf 91' lang='lat' dir='ltr'><strong>tempore</strong></span> <span class='ocrx_word' id='word_1_43' title='bbox 1723 868 1968 923; x_wconf 84' lang='lat' dir='ltr'><strong>verbum.</strong></span> 
     </span>
    </p>
   </div>
   <div class='ocr_carea' id='block_1_8' title="bbox 496 959 1894 1030">
    <p class='ocr_par' dir='ltr' id='par_1_8' title="bbox 496 959 1894 1030">
     <span class='ocr_line' id='line_1_8' title="bbox 496 959 1894 1030; baseline -0.001 -17"><span class='ocrx_word' id='word_1_44' title='bbox 496 960 845 1030; x_wconf 87' lang='lat' dir='ltr'><strong>Multiloquax</strong></span> <span class='ocrx_word' id='word_1_45' title='bbox 874 960 1109 1013; x_wconf 76' lang='lat' dir='ltr'><strong>animum</strong></span> <span class='ocrx_word' id='word_1_46' title='bbox 1137 959 1342 1014; x_wconf 90' lang='lat' dir='ltr'><strong>meritis</strong></span> <span class='ocrx_word' id='word_1_47' title='bbox 1369 959 1608 1014; x_wconf 90' lang='lat' dir='ltr'><strong>denudat</strong></span> <span class='ocrx_word' id='word_1_48' title='bbox 1634 959 1894 1013; x_wconf 87' lang='lat' dir='ltr'><strong>honestis.</strong></span> 
     </span>
    </p>
   </div>
   <div class='ocr_carea' id='block_1_9' title="bbox 491 1048 1971 1120">
    <p class='ocr_par' dir='ltr' id='par_1_9' title="bbox 491 1048 1971 1120">
     <span class='ocr_line' id='line_1_9' title="bbox 491 1048 1971 1120; baseline 0 -17"><span class='ocrx_word' id='word_1_49' title='bbox 491 1048 678 1104; x_wconf 84' lang='lat' dir='ltr'><strong>Gloria</strong></span> <span class='ocrx_word' id='word_1_50' title='bbox 721 1049 924 1120; x_wconf 84' lang='lat' dir='ltr'><strong>quippe</strong></span> <span class='ocrx_word' id='word_1_51' title='bbox 974 1050 1141 1104; x_wconf 86' lang='lat' dir='ltr'><strong>Deum</strong></span> <span class='ocrx_word' id='word_1_52' title='bbox 1191 1048 1587 1119; x_wconf 86' lang='lat' dir='ltr'><strong>Dominumque</strong></span> <span class='ocrx_word' id='word_1_53' title='bbox 1643 1058 1729 1106; x_wconf 89' lang='lat' dir='ltr'><strong>est</strong></span> <span class='ocrx_word' id='word_1_54' title='bbox 1776 1062 1971 1118; x_wconf 86' lang='lat' dir='ltr'><strong>magna</strong></span> 
     </span>
    </p>
   </div>
   <div class='ocr_carea' id='block_1_10' title="bbox 1660 1140 1895 1214">
    <p class='ocr_par' dir='ltr' id='par_1_10' title="bbox 1660 1140 1895 1214">
     <span class='ocr_line' id='line_1_10' title="bbox 1660 1140 1895 1214; baseline 0.004 -20"><span class='ocrx_word' id='word_1_55' title='bbox 1660 1140 1895 1214; x_wconf 87' lang='lat' dir='ltr'><strong>[timere.</strong></span> 
     </span>
    </p>
   </div>
   <div class='ocr_carea' id='block_1_11' title="bbox 398 1229 1886 1301">
    <p class='ocr_par' dir='ltr' id='par_1_11' title="bbox 398 1229 1886 1301">
     <span class='ocr_line' id='line_1_11' title="bbox 398 1229 1886 1301; baseline 0 -18"><span class='ocrx_word' id='word_1_56' title='bbox 398 1253 404 1260; x_wconf 61' lang='grc' dir='ltr'><strong>ι</strong></span> <span class='ocrx_word' id='word_1_57' title='bbox 499 1229 666 1285; x_wconf 80' lang='lat' dir='ltr'><strong>Radix</strong></span> <span class='ocrx_word' id='word_1_58' title='bbox 697 1239 779 1285; x_wconf 90' lang='lat' dir='ltr'><strong>est</strong></span> <span class='ocrx_word' id='word_1_59' title='bbox 802 1230 1014 1301; x_wconf 77' lang='lat' dir='ltr'><strong>sophiae</strong></span> <span class='ocrx_word' id='word_1_60' title='bbox 1045 1229 1333 1285; x_wconf 86' lang='lat' dir='ltr'><strong>Dominum</strong></span> <span class='ocrx_word' id='word_1_61' title='bbox 1363 1235 1434 1285; x_wconf 86' lang='lat' dir='ltr'><strong>de</strong></span> <span class='ocrx_word' id='word_1_62' title='bbox 1462 1236 1645 1284; x_wconf 90' lang='lat' dir='ltr'><strong>mente</strong></span> <span class='ocrx_word' id='word_1_63' title='bbox 1674 1229 1886 1284; x_wconf 87' lang='lat' dir='ltr'><strong>timere.</strong></span> 
     </span>
    </p>
   </div>
   <div class='ocr_carea' id='block_1_12' title="bbox 496 1320 1968 1393">
    <p class='ocr_par' dir='ltr' id='par_1_12' title="bbox 496 1320 1968 1393">
     <span class='ocr_line' id='line_1_12' title="bbox 496 1320 1968 1393; baseline -0.001 -16"><span class='ocrx_word' id='word_1_64' title='bbox 496 1324 697 1377; x_wconf 86' lang='lat' dir='ltr'><strong>Aurum</strong></span> <span class='ocrx_word' id='word_1_65' title='bbox 729 1324 940 1377; x_wconf 84' lang='lat' dir='ltr'><strong>flamma</strong></span> <span class='ocrx_word' id='word_1_66' title='bbox 971 1322 1210 1393; x_wconf 89' lang='lat' dir='ltr'><strong>probat;</strong></span> <span class='ocrx_word' id='word_1_67' title='bbox 1247 1321 1494 1377; x_wconf 82' lang='lat' dir='ltr'><strong>homines</strong></span> <span class='ocrx_word' id='word_1_68' title='bbox 1521 1321 1748 1378; x_wconf 87' lang='lat' dir='ltr'><strong>tentatio</strong></span> <span class='ocrx_word' id='word_1_69' title='bbox 1773 1320 1968 1390; x_wconf 88' lang='lat' dir='ltr'><strong>justos.</strong></span> 
     </span>
    </p>
   </div>
   <div class='ocr_carea' id='block_1_13' title="bbox 379 1411 1952 1483">
    <p class='ocr_par' dir='ltr' id='par_1_13' title="bbox 379 1411 1952 1483">
     <span class='ocr_line' id='line_1_13' title="bbox 379 1411 1952 1483; baseline -0.001 -16"><span class='ocrx_word' id='word_1_70' title='bbox 379 1415 482 1468; x_wconf 79' lang='grc'><strong>180</strong></span> <span class='ocrx_word' id='word_1_71' title='bbox 498 1414 722 1483; x_wconf 88' lang='lat' dir='ltr'><strong>Sperate</strong></span> <span class='ocrx_word' id='word_1_72' title='bbox 752 1414 804 1468; x_wconf 91' lang='lat' dir='ltr'><strong>in</strong></span> <span class='ocrx_word' id='word_1_73' title='bbox 837 1413 1088 1479; x_wconf 81' lang='lat' dir='ltr'><strong>Domino,</strong></span> <span class='ocrx_word' id='word_1_74' title='bbox 1125 1422 1183 1467; x_wconf 89' lang='lat' dir='ltr'><strong>et</strong></span> <span class='ocrx_word' id='word_1_75' title='bbox 1210 1412 1393 1467; x_wconf 90' lang='lat' dir='ltr'><strong>veniet</strong></span> <span class='ocrx_word' id='word_1_76' title='bbox 1413 1411 1691 1469; x_wconf 80' lang='lat' dir='ltr'><strong>miseratio</strong></span> <span class='ocrx_word' id='word_1_77' title='bbox 1720 1411 1897 1468; x_wconf 81' lang='lat' dir='ltr'><strong>vobis.</strong></span> <span class='ocrx_word' id='word_1_78' title='bbox 1945 1453 1952 1458; x_wconf 87' lang='lat'><strong>.</strong></span> 
     </span>
    </p>
   </div>
   <div class='ocr_carea' id='block_1_14' title="bbox 498 1501 1896 1574">
    <p class='ocr_par' dir='ltr' id='par_1_14' title="bbox 498 1501 1896 1574">
     <span class='ocr_line' id='line_1_14' title="bbox 498 1501 1896 1574; baseline 0.001 -16"><span class='ocrx_word' id='word_1_79' title='bbox 498 1505 688 1573; x_wconf 72' lang='lat' dir='ltr'><strong>Dilige,</strong></span> <span class='ocrx_word' id='word_1_80' title='bbox 712 1503 798 1574; x_wconf 86' lang='lat' dir='ltr'><strong>qui</strong></span> <span class='ocrx_word' id='word_1_81' title='bbox 827 1503 1011 1574; x_wconf 88' lang='lat' dir='ltr'><strong>cupias</strong></span> <span class='ocrx_word' id='word_1_82' title='bbox 1040 1502 1163 1559; x_wconf 76' lang='lat' dir='ltr'><strong>cceli</strong></span> <span class='ocrx_word' id='word_1_83' title='bbox 1195 1503 1334 1558; x_wconf 90' lang='lat' dir='ltr'><strong>bona</strong></span> <span class='ocrx_word' id='word_1_84' title='bbox 1363 1503 1578 1572; x_wconf 90' lang='lat' dir='ltr'><strong>gaudia,</strong></span> <span class='ocrx_word' id='word_1_85' title='bbox 1603 1501 1896 1560; x_wconf 82' lang='lat' dir='ltr'><strong>Christum.</strong></span> 
     </span>
    </p>
   </div>
   <div class='ocr_carea' id='block_1_15' title="bbox 497 1595 1607 1665">
    <p class='ocr_par' dir='ltr' id='par_1_15' title="bbox 497 1595 1607 1665">
     <span class='ocr_line' id='line_1_15' title="bbox 497 1595 1607 1665; baseline 0 -15"><span class='ocrx_word' id='word_1_86' title='bbox 497 1595 703 1652; x_wconf 80' lang='lat' dir='ltr'><strong>Felices</strong></span> <span class='ocrx_word' id='word_1_87' title='bbox 725 1595 884 1650; x_wconf 88' lang='lat' dir='ltr'><strong>faciet</strong></span> <span class='ocrx_word' id='word_1_88' title='bbox 912 1604 1066 1651; x_wconf 88' lang='lat' dir='ltr'><strong>natos</strong></span> <span class='ocrx_word' id='word_1_89' title='bbox 1087 1595 1394 1651; x_wconf 83' lang='lat' dir='ltr'><strong>benedictio</strong></span> <span class='ocrx_word' id='word_1_90' title='bbox 1417 1595 1607 1665; x_wconf 83' lang='lat' dir='ltr'><strong>patris.</strong></span> 
     </span>
    </p>
   </div>
   <div class='ocr_carea' id='block_1_16' title="bbox 501 1686 1968 1762">
    <p class='ocr_par' dir='ltr' id='par_1_16' title="bbox 501 1686 1968 1762">
     <span class='ocr_line' id='line_1_16' title="bbox 501 1686 1968 1762; baseline 0.001 -18"><span class='ocrx_word' id='word_1_91' title='bbox 501 1689 761 1762; x_wconf 85' lang='lat' dir='ltr'><strong>Pauperis</strong></span> <span class='ocrx_word' id='word_1_92' title='bbox 783 1697 839 1745; x_wconf 92' lang='lat' dir='ltr'><strong>et</strong></span> <span class='ocrx_word' id='word_1_93' title='bbox 865 1688 1049 1744; x_wconf 88' lang='lat' dir='ltr'><strong>miseri</strong></span> <span class='ocrx_word' id='word_1_94' title='bbox 1077 1698 1316 1743; x_wconf 88' lang='lat' dir='ltr'><strong>mentem</strong></span> <span class='ocrx_word' id='word_1_95' title='bbox 1345 1703 1411 1743; x_wconf 92' lang='lat' dir='ltr'><strong>ne</strong></span> <span class='ocrx_word' id='word_1_96' title='bbox 1432 1686 1688 1745; x_wconf 70' lang='lat' dir='ltr'><strong>amiseris</strong></span> <span class='ocrx_word' id='word_1_97' title='bbox 1709 1704 1968 1760; x_wconf 76' lang='lat' dir='ltr'><strong>unquam.</strong></span> 
     </span>
    </p>
   </div>
   <div class='ocr_carea' id='block_1_17' title="bbox 498 1783 1817 1856">
    <p class='ocr_par' dir='ltr' id='par_1_17' title="bbox 498 1783 1817 1856">
     <span class='ocr_line' id='line_1_17' title="bbox 498 1783 1817 1856; baseline 0.002 -20"><span class='ocrx_word' id='word_1_98' title='bbox 498 1783 677 1854; x_wconf 71' lang='lat' dir='ltr'><strong>Diligit</strong></span> <span class='ocrx_word' id='word_1_99' title='bbox 705 1783 908 1855; x_wconf 83' lang='lat' dir='ltr'><strong>Sophia</strong></span> <span class='ocrx_word' id='word_1_100' title='bbox 936 1800 996 1841; x_wconf 90' lang='lat' dir='ltr'><strong>sc</strong></span> <span class='ocrx_word' id='word_1_101' title='bbox 1016 1800 1231 1856; x_wconf 86' lang='lat' dir='ltr'><strong>semper</strong></span> <span class='ocrx_word' id='word_1_102' title='bbox 1257 1783 1503 1842; x_wconf 88' lang='lat' dir='ltr'><strong>Christus</strong></span> <span class='ocrx_word' id='word_1_103' title='bbox 1522 1794 1817 1840; x_wconf 86' lang='lat' dir='ltr'><strong>amantem.</strong></span> 
     </span>
    </p>
   </div>
   <div class='ocr_carea' id='block_1_18' title="bbox 379 1873 1850 1946">
    <p class='ocr_par' dir='ltr' id='par_1_18' title="bbox 379 1873 1850 1946">
     <span class='ocr_line' id='line_1_18' title="bbox 379 1873 1850 1946; baseline 0.001 -18"><span class='ocrx_word' id='word_1_104' title='bbox 379 1878 484 1929; x_wconf 73' lang='grc'><strong>185</strong></span> <span class='ocrx_word' id='word_1_105' title='bbox 499 1873 576 1930; x_wconf 77' lang='lat' dir='ltr'><strong>Ne</strong></span> <span class='ocrx_word' id='word_1_106' title='bbox 599 1883 736 1931; x_wconf 75' lang='lat' dir='ltr'><strong>citus</strong></span> <span class='ocrx_word' id='word_1_107' title='bbox 763 1876 816 1930; x_wconf 92' lang='lat' dir='ltr'><strong>in</strong></span> <span class='ocrx_word' id='word_1_108' title='bbox 849 1875 1028 1946; x_wconf 86' lang='lat' dir='ltr'><strong>lingua</strong></span> <span class='ocrx_word' id='word_1_109' title='bbox 1057 1876 1248 1942; x_wconf 87' lang='lat' dir='ltr'><strong>fueris,</strong></span> <span class='ocrx_word' id='word_1_110' title='bbox 1279 1889 1379 1931; x_wconf 91' lang='lat' dir='ltr'><strong>nec</strong></span> <span class='ocrx_word' id='word_1_111' title='bbox 1407 1876 1588 1945; x_wconf 79' lang='lat' dir='ltr'><strong>segnis</strong></span> <span class='ocrx_word' id='word_1_112' title='bbox 1618 1875 1671 1930; x_wconf 93' lang='lat' dir='ltr'><strong>in</strong></span> <span class='ocrx_word' id='word_1_113' title='bbox 1702 1883 1850 1932; x_wconf 91' lang='lat' dir='ltr'><strong>actu.</strong></span> 
     </span>
    </p>
   </div>
   <div class='ocr_carea' id='block_1_19' title="bbox 494 1966 1773 2038">
    <p class='ocr_par' dir='ltr' id='par_1_19' title="bbox 494 1966 1773 2038">
     <span class='ocr_line' id='line_1_19' title="bbox 494 1966 1773 2038; baseline -0.001 -16"><span class='ocrx_word' id='word_1_114' title='bbox 494 1968 611 2022; x_wconf 81' lang='lat' dir='ltr'><strong>Non</strong></span> <span class='ocrx_word' id='word_1_115' title='bbox 633 1968 736 2024; x_wconf 91' lang='lat' dir='ltr'><strong>erit</strong></span> <span class='ocrx_word' id='word_1_116' title='bbox 759 1968 1027 2024; x_wconf 90' lang='lat' dir='ltr'><strong>innocuus</strong></span> <span class='ocrx_word' id='word_1_117' title='bbox 1052 1967 1218 2024; x_wconf 88' lang='lat' dir='ltr'><strong>falsus</strong></span> <span class='ocrx_word' id='word_1_118' title='bbox 1246 1982 1344 2038; x_wconf 89' lang='lat' dir='ltr'><strong>per</strong></span> <span class='ocrx_word' id='word_1_119' title='bbox 1371 1966 1568 2022; x_wconf 88' lang='lat' dir='ltr'><strong>famina</strong></span> <span class='ocrx_word' id='word_1_120' title='bbox 1600 1967 1773 2024; x_wconf 88' lang='lat' dir='ltr'><strong>testis.</strong></span> 
     </span>
    </p>
   </div>
   <div class='ocr_carea' id='block_1_20' title="bbox 497 2055 1708 2126">
    <p class='ocr_par' dir='ltr' id='par_1_20' title="bbox 497 2055 1708 2126">
     <span class='ocr_line' id='line_1_20' title="bbox 497 2055 1708 2126; baseline -0.002 -14"><span class='ocrx_word' id='word_1_121' title='bbox 497 2057 720 2112; x_wconf 79' lang='lat' dir='ltr'><strong>Divitias</strong></span> <span class='ocrx_word' id='word_1_122' title='bbox 745 2056 895 2113; x_wconf 84' lang='lat' dir='ltr'><strong>addit</strong></span> <span class='ocrx_word' id='word_1_123' title='bbox 929 2056 1143 2112; x_wconf 89' lang='lat' dir='ltr'><strong>Domini</strong></span> <span class='ocrx_word' id='word_1_124' title='bbox 1170 2055 1474 2112; x_wconf 83' lang='lat' dir='ltr'><strong>benedictio</strong></span> <span class='ocrx_word' id='word_1_125' title='bbox 1503 2055 1708 2126; x_wconf 83' lang='lat' dir='ltr'><strong>plures.</strong></span> 
     </span>
    </p>
   </div>
   <div class='ocr_carea' id='block_1_21' title="bbox 493 2145 1891 2218">
    <p class='ocr_par' dir='ltr' id='par_1_21' title="bbox 493 2145 1891 2218">
     <span class='ocr_line' id='line_1_21' title="bbox 493 2145 1891 2218; baseline -0.001 -16"><span class='ocrx_word' id='word_1_126' title='bbox 493 2148 611 2202; x_wconf 79' lang='lat' dir='ltr'><strong>Jam</strong></span> <span class='ocrx_word' id='word_1_127' title='bbox 637 2161 887 2218; x_wconf 88' lang='lat' dir='ltr'><strong>magnum</strong></span> <span class='ocrx_word' id='word_1_128' title='bbox 917 2146 1112 2204; x_wconf 85' lang='lat' dir='ltr'><strong>reddas</strong></span> <span class='ocrx_word' id='word_1_129' title='bbox 1135 2145 1349 2203; x_wconf 90' lang='lat' dir='ltr'><strong>modico</strong></span> <span class='ocrx_word' id='word_1_130' title='bbox 1386 2153 1447 2202; x_wconf 89' lang='lat' dir='ltr'><strong>tu</strong></span> <span class='ocrx_word' id='word_1_131' title='bbox 1473 2161 1670 2203; x_wconf 88' lang='lat' dir='ltr'><strong>munus</strong></span> <span class='ocrx_word' id='word_1_132' title='bbox 1690 2146 1891 2203; x_wconf 91' lang='lat' dir='ltr'><strong>amico.</strong></span> 
     </span>
    </p>
   </div>
   <div class='ocr_carea' id='block_1_22' title="bbox 494 2238 1964 2311">
    <p class='ocr_par' dir='ltr' id='par_1_22' title="bbox 494 2238 1964 2311">
     <span class='ocr_line' id='line_1_22' title="bbox 494 2238 1964 2311; baseline 0.001 -18"><span class='ocrx_word' id='word_1_133' title='bbox 494 2239 720 2311; x_wconf 87' lang='lat' dir='ltr'><strong>Semper</strong></span> <span class='ocrx_word' id='word_1_134' title='bbox 746 2239 950 2295; x_wconf 89' lang='lat' dir='ltr'><strong>amicus</strong></span> <span class='ocrx_word' id='word_1_135' title='bbox 978 2247 1162 2295; x_wconf 89' lang='lat' dir='ltr'><strong>amat:</strong></span> <span class='ocrx_word' id='word_1_136' title='bbox 1192 2253 1348 2294; x_wconf 90' lang='lat' dir='ltr'><strong>amor</strong></span> <span class='ocrx_word' id='word_1_137' title='bbox 1373 2245 1459 2294; x_wconf 87' lang='lat' dir='ltr'><strong>est</strong></span> <span class='ocrx_word' id='word_1_138' title='bbox 1485 2238 1777 2310; x_wconf 87' lang='lat' dir='ltr'><strong>pretiosior</strong></span> <span class='ocrx_word' id='word_1_139' title='bbox 1805 2253 1964 2295; x_wconf 89' lang='lat' dir='ltr'><strong>auro.</strong></span> 
     </span>
    </p>
   </div>
   <div class='ocr_carea' id='block_1_23' title="bbox 377 2329 1894 2402">
    <p class='ocr_par' dir='ltr' id='par_1_23' title="bbox 377 2329 1894 2402">
     <span class='ocr_line' id='line_1_23' title="bbox 377 2329 1894 2402; baseline 0.001 -18"><span class='ocrx_word' id='word_1_140' title='bbox 377 2329 482 2377; x_wconf 69' lang='grc'><strong>19⁸)</strong></span> <span class='ocrx_word' id='word_1_141' title='bbox 500 2330 656 2386; x_wconf 87' lang='lat' dir='ltr'><strong>Dives</strong></span> <span class='ocrx_word' id='word_1_142' title='bbox 683 2330 806 2398; x_wconf 91' lang='lat' dir='ltr'><strong>erit,</strong></span> <span class='ocrx_word' id='word_1_143' title='bbox 847 2329 982 2387; x_wconf 90' lang='lat' dir='ltr'><strong>dure</strong></span> <span class='ocrx_word' id='word_1_144' title='bbox 1009 2345 1227 2401; x_wconf 86' lang='lat' dir='ltr'><strong>semper</strong></span> <span class='ocrx_word' id='word_1_145' title='bbox 1250 2331 1342 2402; x_wconf 88' lang='lat' dir='ltr'><strong>qui</strong></span> <span class='ocrx_word' id='word_1_146' title='bbox 1372 2337 1630 2402; x_wconf 84' lang='lat' dir='ltr'><strong>operatur</strong></span> <span class='ocrx_word' id='word_1_147' title='bbox 1651 2330 1706 2386; x_wconf 86' lang='lat' dir='ltr'><strong>in</strong></span> <span class='ocrx_word' id='word_1_148' title='bbox 1739 2343 1894 2400; x_wconf 88' lang='lat' dir='ltr'><strong>agro.</strong></span> 
     </span>
    </p>
   </div>
   <div class='ocr_carea' id='block_1_24' title="bbox 486 2419 1886 2493">
    <p class='ocr_par' dir='ltr' id='par_1_24' title="bbox 486 2419 1886 2493">
     <span class='ocr_line' id='line_1_24' title="bbox 486 2419 1886 2493; baseline 0.002 -19"><span class='ocrx_word' id='word_1_149' title='bbox 486 2419 610 2474; x_wconf 79' lang='lat' dir='ltr'><strong>Otia</strong></span> <span class='ocrx_word' id='word_1_150' title='bbox 633 2420 726 2490; x_wconf 88' lang='lat' dir='ltr'><strong>qui</strong></span> <span class='ocrx_word' id='word_1_151' title='bbox 753 2421 1017 2490; x_wconf 85' lang='lat' dir='ltr'><strong>sequitur,</strong></span> <span class='ocrx_word' id='word_1_152' title='bbox 1040 2421 1226 2478; x_wconf 89' lang='lat' dir='ltr'><strong>veniet</strong></span> <span class='ocrx_word' id='word_1_153' title='bbox 1253 2421 1378 2477; x_wconf 86' lang='lat' dir='ltr'><strong>huic</strong></span> <span class='ocrx_word' id='word_1_154' title='bbox 1403 2435 1622 2493; x_wconf 85' lang='lat' dir='ltr'><strong>semper</strong></span> <span class='ocrx_word' id='word_1_155' title='bbox 1645 2430 1886 2492; x_wconf 77' lang='lat' dir='ltr'><strong>egestas.</strong></span> 
     </span>
    </p>
   </div>
   <div class='ocr_carea' id='block_1_25' title="bbox 491 2504 1840 2583">
    <p class='ocr_par' dir='ltr' id='par_1_25' title="bbox 491 2504 1840 2583">
     <span class='ocr_line' id='line_1_25' title="bbox 491 2504 1840 2583; baseline 0.003 -20"><span class='ocrx_word' id='word_1_156' title='bbox 491 2504 751 2566; x_wconf 84' lang='lat' dir='ltr'><strong>Omnibus</strong></span> <span class='ocrx_word' id='word_1_157' title='bbox 777 2515 860 2566; x_wconf 89' lang='lat' dir='ltr'><strong>est</strong></span> <span class='ocrx_word' id='word_1_158' title='bbox 883 2511 1078 2583; x_wconf 87' lang='lat' dir='ltr'><strong>opibus</strong></span> <span class='ocrx_word' id='word_1_159' title='bbox 1104 2511 1296 2568; x_wconf 91' lang='lat' dir='ltr'><strong>melior</strong></span> <span class='ocrx_word' id='word_1_160' title='bbox 1323 2511 1406 2567; x_wconf 89' lang='lat' dir='ltr'><strong>vir</strong></span> <span class='ocrx_word' id='word_1_161' title='bbox 1433 2519 1616 2568; x_wconf 89' lang='lat' dir='ltr'><strong>mente</strong></span> <span class='ocrx_word' id='word_1_162' title='bbox 1645 2511 1840 2567; x_wconf 76' lang='lat' dir='ltr'><strong>ﬁdelis.</strong></span> 
     </span>
    </p>
   </div>
   <div class='ocr_carea' id='block_1_26' title="bbox 497 2599 1903 2673">
    <p class='ocr_par' dir='ltr' id='par_1_26' title="bbox 497 2599 1903 2673">
     <span class='ocr_line' id='line_1_26' title="bbox 497 2599 1903 2673; baseline 0.002 -19"><span class='ocrx_word' id='word_1_163' title='bbox 497 2599 801 2672; x_wconf 80' lang='lat' dir='ltr'><strong>Exsuperat</strong></span> <span class='ocrx_word' id='word_1_164' title='bbox 821 2617 1082 2658; x_wconf 83' lang='lat' dir='ltr'><strong>numerus</strong></span> <span class='ocrx_word' id='word_1_165' title='bbox 1103 2601 1374 2673; x_wconf 78' lang='lat' dir='ltr'><strong>iustorum</strong></span> <span class='ocrx_word' id='word_1_166' title='bbox 1402 2615 1569 2671; x_wconf 88' lang='lat' dir='ltr'><strong>regna</strong></span> <span class='ocrx_word' id='word_1_167' title='bbox 1599 2609 1903 2672; x_wconf 83' lang='lat' dir='ltr'><strong>potentum.</strong></span> 
     </span>
    </p>
   </div>
   <div class='ocr_carea' id='block_1_27' title="bbox 498 2691 1822 2752">
    <p class='ocr_par' dir='ltr' id='par_1_27' title="bbox 498 2691 1822 2752">
     <span class='ocr_line' id='line_1_27' title="bbox 498 2691 1822 2752; baseline 0.001 -2"><span class='ocrx_word' id='word_1_168' title='bbox 498 2693 638 2750; x_wconf 87' lang='lat' dir='ltr'><strong>Ecce</strong></span> <span class='ocrx_word' id='word_1_169' title='bbox 656 2695 855 2750; x_wconf 89' lang='lat' dir='ltr'><strong>timens</strong></span> <span class='ocrx_word' id='word_1_170' title='bbox 877 2693 1164 2749; x_wconf 85' lang='lat' dir='ltr'><strong>Dominum</strong></span> <span class='ocrx_word' id='word_1_171' title='bbox 1190 2694 1337 2750; x_wconf 80' lang='lat' dir='ltr'><strong>vivet</strong></span> <span class='ocrx_word' id='word_1_172' title='bbox 1363 2691 1615 2751; x_wconf 79' lang='lat' dir='ltr'><strong>felicibus</strong></span> <span class='ocrx_word' id='word_1_173' title='bbox 1643 2695 1822 2752; x_wconf 85' lang='lat' dir='ltr'><strong>annis.</strong></span> 
     </span>
    </p>
   </div>
   <div class='ocr_carea' id='block_1_28' title="bbox 376 2783 1682 2856">
    <p class='ocr_par' dir='ltr' id='par_1_28' title="bbox 376 2783 1682 2856">
     <span class='ocr_line' id='line_1_28' title="bbox 376 2783 1682 2856; baseline 0.002 -16"><span class='ocrx_word' id='word_1_174' title='bbox 376 2783 482 2842; x_wconf 78' lang='grc'><strong>105</strong></span> <span class='ocrx_word' id='word_1_175' title='bbox 498 2784 788 2856; x_wconf 79' lang='lat' dir='ltr'><strong>Exspectat</strong></span> <span class='ocrx_word' id='word_1_176' title='bbox 813 2783 964 2840; x_wconf 70' lang='lat' dir='ltr'><strong>laetus</strong></span> <span class='ocrx_word' id='word_1_177' title='bbox 989 2784 1232 2840; x_wconf 73' lang='lat' dir='ltr'><strong>omlestia</strong></span> <span class='ocrx_word' id='word_1_178' title='bbox 1258 2783 1456 2855; x_wconf 90' lang='lat' dir='ltr'><strong>gaudia</strong></span> <span class='ocrx_word' id='word_1_179' title='bbox 1481 2783 1682 2856; x_wconf 68' lang='lat' dir='ltr'><strong>iustus.</strong></span> 
     </span>
    </p>
   </div>
   <div class='ocr_carea' id='block_1_29' title="bbox 491 2875 1867 2949">
    <p class='ocr_par' dir='ltr' id='par_1_29' title="bbox 491 2875 1867 2949">
     <span class='ocr_line' id='line_1_29' title="bbox 491 2875 1867 2949; baseline 0.002 -18"><span class='ocrx_word' id='word_1_180' title='bbox 491 2875 692 2947; x_wconf 86' lang='lat' dir='ltr'><strong>impius</strong></span> <span class='ocrx_word' id='word_1_181' title='bbox 718 2876 1015 2932; x_wconf 86' lang='lat' dir='ltr'><strong>horrendas</strong></span> <span class='ocrx_word' id='word_1_182' title='bbox 1040 2884 1250 2948; x_wconf 86' lang='lat' dir='ltr'><strong>spectat</strong></span> <span class='ocrx_word' id='word_1_183' title='bbox 1277 2891 1376 2948; x_wconf 90' lang='lat' dir='ltr'><strong>pro</strong></span> <span class='ocrx_word' id='word_1_184' title='bbox 1404 2878 1631 2935; x_wconf 88' lang='lat' dir='ltr'><strong>crimine</strong></span> <span class='ocrx_word' id='word_1_185' title='bbox 1659 2893 1867 2949; x_wconf 68' lang='lat' dir='ltr'><strong>pronas.</strong></span> 
     </span>
    </p>
   </div>
   <div class='ocr_carea' id='block_1_30' title="bbox 493 2959 1953 3038">
    <p class='ocr_par' dir='ltr' id='par_1_30' title="bbox 493 2959 1953 3038">
     <span class='ocr_line' id='line_1_30' title="bbox 493 2959 1953 3038; baseline 0 -14"><span class='ocrx_word' id='word_1_186' title='bbox 493 2966 714 3024; x_wconf 90' lang='lat' dir='ltr'><strong>Corruit</strong></span> <span class='ocrx_word' id='word_1_187' title='bbox 735 2966 790 3022; x_wconf 87' lang='lat' dir='ltr'><strong>in</strong></span> <span class='ocrx_word' id='word_1_188' title='bbox 820 2979 1090 3038; x_wconf 65' lang='lat' dir='ltr'><strong>praeceps,</strong></span> <span class='ocrx_word' id='word_1_189' title='bbox 1111 2966 1344 3038; x_wconf 82' lang='lat' dir='ltr'><strong>populus</strong></span> <span class='ocrx_word' id='word_1_190' title='bbox 1371 2978 1590 3024; x_wconf 89' lang='lat' dir='ltr'><strong>rectore</strong></span> <span class='ocrx_word' id='word_1_191' title='bbox 1615 2969 1872 3026; x_wconf 86' lang='lat' dir='ltr'><strong>nelando.</strong></span> <span class='ocrx_word' id='word_1_192' title='bbox 1950 2959 1953 2962; x_wconf 66' lang='grc'><em>’</em></span> 
     </span>
    </p>
   </div>
   <div class='ocr_carea' id='block_1_31' title="bbox 492 3056 1749 3130">
    <p class='ocr_par' dir='ltr' id='par_1_31' title="bbox 492 3056 1749 3130">
     <span class='ocr_line' id='line_1_31' title="bbox 492 3056 1749 3130; baseline 0.002 -17"><span class='ocrx_word' id='word_1_193' title='bbox 492 3057 766 3130; x_wconf 85' lang='lat' dir='ltr'><strong>Pr.eparat</strong></span> <span class='ocrx_word' id='word_1_194' title='bbox 789 3067 1047 3116; x_wconf 64' lang='lat' dir='ltr'><strong>aeternam</strong></span> <span class='ocrx_word' id='word_1_195' title='bbox 1075 3056 1218 3115; x_wconf 88' lang='lat' dir='ltr'><strong>mitis</strong></span> <span class='ocrx_word' id='word_1_196' title='bbox 1240 3057 1531 3115; x_wconf 83' lang='lat' dir='ltr'><strong>clementia</strong></span> <span class='ocrx_word' id='word_1_197' title='bbox 1558 3059 1749 3116; x_wconf 84' lang='lat' dir='ltr'><strong>vitam.</strong></span> 
     </span>
    </p>
   </div>
   <div class='ocr_carea' id='block_1_32' title="bbox 1995 407 2660 476">
    <p class='ocr_par' dir='ltr' id='par_1_32' title="bbox 1995 407 2660 476">
     <span class='ocr_line' id='line_1_32' title="bbox 1995 407 2660 476; baseline 0.003 -14"><span class='ocrx_word' id='word_1_198' title='bbox 1995 413 2043 471; x_wconf 76' lang='grc' dir='ltr'><strong>Α</strong></span> <span class='ocrx_word' id='word_1_199' title='bbox 2105 407 2176 463; x_wconf 69' lang='grc'><strong>95</strong></span> <span class='ocrx_word' id='word_1_200' title='bbox 2214 408 2442 465; x_wconf 86' lang='lat' dir='ltr'><strong>Lumina</strong></span> <span class='ocrx_word' id='word_1_201' title='bbox 2471 418 2660 476; x_wconf 72' lang='lat' dir='ltr'><strong>cmest,</strong></span> 
     </span>
    </p>
   </div>
   <div class='ocr_carea' id='block_1_33' title="bbox 2219 500 2626 572">
    <p class='ocr_par' dir='ltr' id='par_1_33' title="bbox 2219 500 2626 572">
     <span class='ocr_line' id='line_1_33' title="bbox 2219 500 2626 572; baseline 0 -16"><span class='ocrx_word' id='word_1_202' title='bbox 2219 500 2288 556; x_wconf 81' lang='lat' dir='ltr'><strong>Et</strong></span> <span class='ocrx_word' id='word_1_203' title='bbox 2313 501 2461 558; x_wconf 84' lang='lat' dir='ltr'><strong>velut</strong></span> <span class='ocrx_word' id='word_1_204' title='bbox 2486 502 2626 572; x_wconf 87' lang='lat' dir='ltr'><strong>ignis</strong></span> 
     </span>
    </p>
   </div>
   <div class='ocr_carea' id='block_1_34' title="bbox 2213 592 2687 663">
    <p class='ocr_par' dir='ltr' id='par_1_34' title="bbox 2213 592 2687 663">
     <span class='ocr_line' id='line_1_34' title="bbox 2213 592 2687 663; baseline 0.004 -17"><span class='ocrx_word' id='word_1_205' title='bbox 2213 592 2452 648; x_wconf 83' lang='lat' dir='ltr'><strong>Flamma</strong></span> <span class='ocrx_word' id='word_1_206' title='bbox 2479 595 2687 663; x_wconf 87' lang='lat' dir='ltr'><strong>perurit</strong></span> 
     </span>
    </p>
   </div>
   <div class='ocr_carea' id='block_1_35' title="bbox 2118 683 2685 754">
    <p class='ocr_par' dir='ltr' id='par_1_35' title="bbox 2118 683 2685 754">
     <span class='ocr_line' id='line_1_35' title="bbox 2118 683 2685 754; baseline 0 -16"><span class='ocrx_word' id='word_1_207' title='bbox 2118 718 2125 724; x_wconf 68' lang='grc' dir='ltr'><em>ι</em></span> <span class='ocrx_word' id='word_1_208' title='bbox 2214 683 2462 754; x_wconf 89' lang='lat' dir='ltr'><strong>lmproba</strong></span> <span class='ocrx_word' id='word_1_209' title='bbox 2500 684 2685 738; x_wconf 83' lang='lat' dir='ltr'><strong>corda.</strong></span> 
     </span>
    </p>
   </div>
   <div class='ocr_carea' id='block_1_36' title="bbox 2212 773 2612 844">
    <p class='ocr_par' dir='ltr' id='par_1_36' title="bbox 2212 773 2612 844">
     <span class='ocr_line' id='line_1_36' title="bbox 2212 773 2612 844; baseline -0.005 -14"><span class='ocrx_word' id='word_1_210' title='bbox 2212 774 2366 844; x_wconf 72' lang='lat' dir='ltr'><strong>Smpe</strong></span> <span class='ocrx_word' id='word_1_211' title='bbox 2389 773 2612 830; x_wconf 81' lang='lat' dir='ltr'><strong>nefanda</strong></span> 
     </span>
    </p>
   </div>
   <div class='ocr_carea' id='block_1_37' title="bbox 2107 866 2667 923">
    <p class='ocr_par' dir='ltr' id='par_1_37' title="bbox 2107 866 2667 923">
     <span class='ocr_line' id='line_1_37' title="bbox 2107 866 2667 923; baseline -0.005 0"><span class='ocrx_word' id='word_1_212' title='bbox 2107 866 2176 923; x_wconf 74' lang='lat'><strong>50</strong></span> <span class='ocrx_word' id='word_1_213' title='bbox 2212 866 2452 922; x_wconf 86' lang='lat' dir='ltr'><strong>Crimina</strong></span> <span class='ocrx_word' id='word_1_214' title='bbox 2482 866 2667 922; x_wconf 84' lang='lat' dir='ltr'><strong>multis</strong></span> 
     </span>
    </p>
   </div>
   <div class='ocr_carea' id='block_1_38' title="bbox 2215 958 2611 1028">
    <p class='ocr_par' dir='ltr' id='par_1_38' title="bbox 2215 958 2611 1028">
     <span class='ocr_line' id='line_1_38' title="bbox 2215 958 2611 1028; baseline -0.008 -12"><span class='ocrx_word' id='word_1_215' title='bbox 2215 958 2466 1028; x_wconf 85' lang='lat' dir='ltr'><strong>Suggerit</strong></span> <span class='ocrx_word' id='word_1_216' title='bbox 2496 958 2611 1013; x_wconf 88' lang='lat' dir='ltr'><strong>auri</strong></span> 
     </span>
    </p>
   </div>
   <div class='ocr_carea' id='block_1_39' title="bbox 2215 1048 2591 1119">
    <p class='ocr_par' dir='ltr' id='par_1_39' title="bbox 2215 1048 2591 1119">
     <span class='ocr_line' id='line_1_39' title="bbox 2215 1048 2591 1119; baseline 0.003 -16"><span class='ocrx_word' id='word_1_217' title='bbox 2215 1049 2340 1105; x_wconf 86' lang='lat' dir='ltr'><strong>Dira</strong></span> <span class='ocrx_word' id='word_1_218' title='bbox 2363 1048 2591 1119; x_wconf 88' lang='lat' dir='ltr'><strong>cupido;</strong></span> 
     </span>
    </p>
   </div>
   <div class='ocr_carea' id='block_1_40' title="bbox 2214 1148 2612 1217">
    <p class='ocr_par' dir='ltr' id='par_1_40' title="bbox 2214 1148 2612 1217">
     <span class='ocr_line' id='line_1_40' title="bbox 2214 1148 2612 1217; baseline 0.005 -15"><span class='ocrx_word' id='word_1_219' title='bbox 2214 1149 2257 1202; x_wconf 87' lang='lat' dir='ltr'><strong>E</strong></span> <span class='ocrx_word' id='word_1_220' title='bbox 2282 1149 2477 1217; x_wconf 84' lang='lat' dir='ltr'><strong>quibus</strong></span> <span class='ocrx_word' id='word_1_221' title='bbox 2507 1148 2612 1204; x_wconf 83' lang='lat' dir='ltr'><strong>ista</strong></span> 
     </span>
    </p>
   </div>
   <div class='ocr_carea' id='block_1_41' title="bbox 2214 1239 2703 1311">
    <p class='ocr_par' dir='ltr' id='par_1_41' title="bbox 2214 1239 2703 1311">
     <span class='ocr_line' id='line_1_41' title="bbox 2214 1239 2703 1311; baseline 0.006 -18"><span class='ocrx_word' id='word_1_222' title='bbox 2214 1239 2364 1295; x_wconf 81' lang='lat' dir='ltr'><strong>Nunc</strong></span> <span class='ocrx_word' id='word_1_223' title='bbox 2391 1240 2484 1295; x_wconf 90' lang='lat' dir='ltr'><strong>tibi</strong></span> <span class='ocrx_word' id='word_1_224' title='bbox 2509 1253 2703 1311; x_wconf 86' lang='lat' dir='ltr'><strong>pauca,</strong></span> 
     </span>
    </p>
   </div>
   <div class='ocr_carea' id='block_1_42' title="bbox 2107 1331 2688 1403">
    <p class='ocr_par' dir='ltr' id='par_1_42' title="bbox 2107 1331 2688 1403">
     <span class='ocr_line' id='line_1_42' title="bbox 2107 1331 2688 1403; baseline 0 -14"><span class='ocrx_word' id='word_1_225' title='bbox 2107 1331 2180 1389; x_wconf 79' lang='grc'><strong>55</strong></span> <span class='ocrx_word' id='word_1_226' title='bbox 2215 1331 2484 1403; x_wconf 84' lang='lat' dir='ltr'><strong>Tempore</strong></span> <span class='ocrx_word' id='word_1_227' title='bbox 2506 1333 2688 1402; x_wconf 90' lang='lat' dir='ltr'><strong>prisco</strong></span> 
     </span>
    </p>
   </div>
   <div class='ocr_carea' id='block_1_43' title="bbox 2213 1421 2684 1483">
    <p class='ocr_par' dir='ltr' id='par_1_43' title="bbox 2213 1421 2684 1483">
     <span class='ocr_line' id='line_1_43' title="bbox 2213 1421 2684 1483; baseline 0.006 -5"><span class='ocrx_word' id='word_1_228' title='bbox 2213 1421 2378 1479; x_wconf 85' lang='lat' dir='ltr'><strong>Gesta</strong></span> <span class='ocrx_word' id='word_1_229' title='bbox 2418 1435 2684 1483; x_wconf 75' lang='lat' dir='ltr'><strong>retexam.</strong></span> 
     </span>
    </p>
   </div>
   <div class='ocr_carea' id='block_1_44' title="bbox 2119 1515 2656 1593">
    <p class='ocr_par' dir='ltr' id='par_1_44' title="bbox 2119 1515 2656 1593">
     <span class='ocr_line' id='line_1_44' title="bbox 2119 1515 2656 1593; baseline 0.009 -24"><span class='ocrx_word' id='word_1_230' title='bbox 2119 1591 2122 1593; x_wconf 11' lang='grc' dir='ltr'><strong>Δ</strong></span> <span class='ocrx_word' id='word_1_231' title='bbox 2213 1515 2435 1572; x_wconf 85' lang='lat' dir='ltr'><strong>Exstitit</strong></span> <span class='ocrx_word' id='word_1_232' title='bbox 2464 1516 2656 1588; x_wconf 84' lang='lat' dir='ltr'><strong>ingens</strong></span> 
     </span>
    </p>
   </div>
   <div class='ocr_carea' id='block_1_45' title="bbox 2216 1605 2690 1664">
    <p class='ocr_par' dir='ltr' id='par_1_45' title="bbox 2216 1605 2690 1664">
     <span class='ocr_line' id='line_1_45' title="bbox 2216 1605 2690 1664; baseline 0.002 -3"><span class='ocrx_word' id='word_1_233' title='bbox 2216 1605 2393 1662; x_wconf 88' lang='lat' dir='ltr'><strong>Causa</strong></span> <span class='ocrx_word' id='word_1_234' title='bbox 2422 1610 2690 1664; x_wconf 81' lang='lat' dir='ltr'><strong>ma‘orum</strong></span> 
     </span>
    </p>
   </div>
   <div class='ocr_carea' id='block_1_46' title="bbox 2218 1699 2604 1770">
    <p class='ocr_par' dir='ltr' id='par_1_46' title="bbox 2218 1699 2604 1770">
     <span class='ocr_line' id='line_1_46' title="bbox 2218 1699 2604 1770; baseline 0.008 -15"><span class='ocrx_word' id='word_1_235' title='bbox 2218 1699 2396 1756; x_wconf 83' lang='lat' dir='ltr'><strong>Aurea</strong></span> <span class='ocrx_word' id='word_1_236' title='bbox 2426 1700 2604 1770; x_wconf 82' lang='lat' dir='ltr'><strong>pellis.</strong></span> 
     </span>
    </p>
   </div>
   <div class='ocr_carea' id='block_1_47' title="bbox 1997 1781 2577 1848">
    <p class='ocr_par' dir='ltr' id='par_1_47' title="bbox 1997 1781 2577 1848">
     <span class='ocr_line' id='line_1_47' title="bbox 1997 1781 2577 1848; baseline 0.01 -6"><span class='ocrx_word' id='word_1_237' title='bbox 1997 1781 2043 1842; x_wconf 87' lang='lat' dir='ltr'><strong>B</strong></span> <span class='ocrx_word' id='word_1_238' title='bbox 2105 1790 2175 1848; x_wconf 67' lang='grc'><strong>10</strong></span> <span class='ocrx_word' id='word_1_239' title='bbox 2212 1791 2433 1848; x_wconf 86' lang='lat' dir='ltr'><strong>Corruit</strong></span> <span class='ocrx_word' id='word_1_240' title='bbox 2462 1792 2577 1848; x_wconf 87' lang='lat' dir='ltr'><strong>auri</strong></span> 
     </span>
    </p>
   </div>
   <div class='ocr_carea' id='block_1_48' title="bbox 2209 1883 2625 1955">
    <p class='ocr_par' dir='ltr' id='par_1_48' title="bbox 2209 1883 2625 1955">
     <span class='ocr_line' id='line_1_48' title="bbox 2209 1883 2625 1955; baseline 0.005 -16"><span class='ocrx_word' id='word_1_241' title='bbox 2209 1883 2431 1940; x_wconf 82' lang='lat' dir='ltr'><strong>Munere</strong></span> <span class='ocrx_word' id='word_1_242' title='bbox 2455 1899 2625 1955; x_wconf 84' lang='lat' dir='ltr'><strong>parvo</strong></span> 
     </span>
    </p>
   </div>
   <div class='ocr_carea' id='block_1_49' title="bbox 2209 1976 2652 2046">
    <p class='ocr_par' dir='ltr' id='par_1_49' title="bbox 2209 1976 2652 2046">
     <span class='ocr_line' id='line_1_49' title="bbox 2209 1976 2652 2046; baseline 0.002 -13"><span class='ocrx_word' id='word_1_243' title='bbox 2209 1976 2376 2034; x_wconf 80' lang='lat' dir='ltr'><strong>C(ena</strong></span> <span class='ocrx_word' id='word_1_244' title='bbox 2408 1977 2652 2046; x_wconf 87' lang='lat' dir='ltr'><strong>dearum,</strong></span> 
     </span>
    </p>
   </div>
   <div class='ocr_carea' id='block_1_50' title="bbox 2212 2071 2626 2128">
    <p class='ocr_par' dir='ltr' id='par_1_50' title="bbox 2212 2071 2626 2128">
     <span class='ocr_line' id='line_1_50' title="bbox 2212 2071 2626 2128; baseline 0.002 -2"><span class='ocrx_word' id='word_1_245' title='bbox 2212 2072 2291 2127; x_wconf 79' lang='lat' dir='ltr'><strong>Ac</strong></span> <span class='ocrx_word' id='word_1_246' title='bbox 2320 2071 2491 2127; x_wconf 86' lang='lat' dir='ltr'><strong>tribus</strong></span> <span class='ocrx_word' id='word_1_247' title='bbox 2519 2071 2626 2128; x_wconf 84' lang='lat' dir='ltr'><strong>illis</strong></span> 
     </span>
    </p>
   </div>
   <div class='ocr_carea' id='block_1_51' title="bbox 2211 2157 2652 2216">
    <p class='ocr_par' dir='ltr' id='par_1_51' title="bbox 2211 2157 2652 2216">
     <span class='ocr_line' id='line_1_51' title="bbox 2211 2157 2652 2216; baseline 0.002 -3"><span class='ocrx_word' id='word_1_248' title='bbox 2211 2157 2443 2214; x_wconf 77' lang='lat' dir='ltr'><strong>Maxima</strong></span> <span class='ocrx_word' id='word_1_249' title='bbox 2475 2159 2539 2215; x_wconf 89' lang='lat' dir='ltr'><strong>lis</strong></span> <span class='ocrx_word' id='word_1_250' title='bbox 2567 2167 2652 2216; x_wconf 87' lang='lat' dir='ltr'><strong>est</strong></span> 
     </span>
    </p>
   </div>
   <div class='ocr_carea' id='block_1_52' title="bbox 2104 2247 2606 2308">
    <p class='ocr_par' dir='ltr' id='par_1_52' title="bbox 2104 2247 2606 2308">
     <span class='ocr_line' id='line_1_52' title="bbox 2104 2247 2606 2308; baseline 0.008 -6"><span class='ocrx_word' id='word_1_251' title='bbox 2104 2247 2177 2303; x_wconf 71' lang='grc'><strong>45</strong></span> <span class='ocrx_word' id='word_1_252' title='bbox 2211 2247 2340 2304; x_wconf 89' lang='lat' dir='ltr'><strong>Orta</strong></span> <span class='ocrx_word' id='word_1_253' title='bbox 2381 2250 2606 2308; x_wconf 88' lang='lat' dir='ltr'><strong>deabus.</strong></span> 
     </span>
    </p>
   </div>
   <div class='ocr_carea' id='block_1_53' title="bbox 2213 2341 2682 2418">
    <p class='ocr_par' dir='ltr' id='par_1_53' title="bbox 2213 2341 2682 2418">
     <span class='ocr_line' id='line_1_53' title="bbox 2213 2341 2682 2418; baseline 0.011 -22"><span class='ocrx_word' id='word_1_254' title='bbox 2213 2341 2351 2399; x_wconf 86' lang='lat' dir='ltr'><strong>Hinc</strong></span> <span class='ocrx_word' id='word_1_255' title='bbox 2385 2345 2682 2418; x_wconf 90' lang='lat' dir='ltr'><strong>populavit.</strong></span> 
     </span>
    </p>
   </div>
   <div class='ocr_carea' id='block_1_54' title="bbox 2213 2433 2638 2505">
    <p class='ocr_par' dir='ltr' id='par_1_54' title="bbox 2213 2433 2638 2505">
     <span class='ocr_line' id='line_1_54' title="bbox 2213 2433 2638 2505; baseline 0.012 -17"><span class='ocrx_word' id='word_1_256' title='bbox 2213 2433 2638 2505; x_wconf 83' lang='lat' dir='ltr'><strong>Trojugenarum</strong></span> 
     </span>
    </p>
   </div>
   <div class='ocr_carea' id='block_1_55' title="bbox 2211 2525 2545 2598">
    <p class='ocr_par' dir='ltr' id='par_1_55' title="bbox 2211 2525 2545 2598">
     <span class='ocr_line' id='line_1_55' title="bbox 2211 2525 2545 2598; baseline 0.012 -18"><span class='ocrx_word' id='word_1_257' title='bbox 2211 2525 2350 2582; x_wconf 87' lang='lat' dir='ltr'><strong>Ditia</strong></span> <span class='ocrx_word' id='word_1_258' title='bbox 2379 2542 2545 2598; x_wconf 89' lang='lat' dir='ltr'><strong>regna</strong></span> 
     </span>
    </p>
   </div>
   <div class='ocr_carea' id='block_1_56' title="bbox 2210 2616 2622 2690">
    <p class='ocr_par' dir='ltr' id='par_1_56' title="bbox 2210 2616 2622 2690">
     <span class='ocr_line' id='line_1_56' title="bbox 2210 2616 2622 2690; baseline 0.022 -19"><span class='ocrx_word' id='word_1_259' title='bbox 2210 2616 2404 2675; x_wconf 88' lang='lat' dir='ltr'><strong>Dorica</strong></span> <span class='ocrx_word' id='word_1_260' title='bbox 2433 2622 2622 2690; x_wconf 87' lang='lat' dir='ltr'><strong>pubes.</strong></span> 
     </span>
    </p>
   </div>
   <div class='ocr_carea' id='block_1_57' title="bbox 2107 2707 2654 2783">
    <p class='ocr_par' dir='ltr' id='par_1_57' title="bbox 2107 2707 2654 2783">
     <span class='ocr_line' id='line_1_57' title="bbox 2107 2707 2654 2783; baseline 0.013 -20"><span class='ocrx_word' id='word_1_261' title='bbox 2107 2707 2178 2764; x_wconf 82' lang='grc'><strong>50</strong></span> <span class='ocrx_word' id='word_1_262' title='bbox 2213 2707 2449 2781; x_wconf 84' lang='lat' dir='ltr'><strong>Juraque</strong></span> <span class='ocrx_word' id='word_1_263' title='bbox 2477 2711 2654 2783; x_wconf 90' lang='lat' dir='ltr'><strong>legum</strong></span> 
     </span>
    </p>
   </div>
   <div class='ocr_carea' id='block_1_58' title="bbox 2211 2799 2690 2876">
    <p class='ocr_par' dir='ltr' id='par_1_58' title="bbox 2211 2799 2690 2876">
     <span class='ocr_line' id='line_1_58' title="bbox 2211 2799 2690 2876; baseline 0.017 -21"><span class='ocrx_word' id='word_1_264' title='bbox 2211 2799 2423 2873; x_wconf 78' lang='lat' dir='ltr'><strong>Fasque</strong></span> <span class='ocrx_word' id='word_1_265' title='bbox 2453 2804 2690 2876; x_wconf 84' lang='lat' dir='ltr'><strong>tldesque</strong></span> 
     </span>
    </p>
   </div>
   <div class='ocr_carea' id='block_1_59' title="bbox 2126 2893 2690 2969">
    <p class='ocr_par' dir='ltr' id='par_1_59' title="bbox 2126 2893 2690 2969">
     <span class='ocr_line' id='line_1_59' title="bbox 2126 2893 2690 2969; baseline 0.009 -20"><span class='ocrx_word' id='word_1_266' title='bbox 2126 2960 2132 2969; x_wconf 26' lang='grc' dir='ltr'>ι</span> <span class='ocrx_word' id='word_1_267' title='bbox 2214 2893 2502 2967; x_wconf 81' lang='lat' dir='ltr'><strong>Rumpitur</strong></span> <span class='ocrx_word' id='word_1_268' title='bbox 2536 2898 2690 2956; x_wconf 89' lang='lat' dir='ltr'><strong>auro.</strong></span> 
     </span>
    </p>
   </div>
   <div class='ocr_carea' id='block_1_60' title="bbox 2212 2985 2613 3061">
    <p class='ocr_par' dir='ltr' id='par_1_60' title="bbox 2212 2985 2613 3061">
     <span class='ocr_line' id='line_1_60' title="bbox 2212 2985 2613 3061; baseline 0.015 -20"><span class='ocrx_word' id='word_1_269' title='bbox 2212 2985 2382 3060; x_wconf 80' lang='lat' dir='ltr'><strong>impia</strong></span> <span class='ocrx_word' id='word_1_270' title='bbox 2410 2989 2613 3061; x_wconf 90' lang='lat' dir='ltr'><strong>quippe</strong></span> 
     </span>
    </p>
   </div>
   <div class='ocr_carea' id='block_1_61' title="bbox 2215 3080 2575 3154">
    <p class='ocr_par' dir='ltr' id='par_1_61' title="bbox 2215 3080 2575 3154">
     <span class='ocr_line' id='line_1_61' title="bbox 2215 3080 2575 3154; baseline 0.014 -19"><span class='ocrx_word' id='word_1_271' title='bbox 2215 3080 2575 3154; x_wconf 70' lang='lat' dir='ltr'><strong>Pygmalionis</strong></span> 
     </span>
    </p>
   </div>
   <div class='ocr_carea' id='block_1_62' title="bbox 495 3139 2696 3243">
    <p class='ocr_par' dir='ltr' id='par_1_62' title="bbox 495 3139 2696 3243">
     <span class='ocr_line' id='line_1_62' title="bbox 495 3139 2696 3243; baseline 0.003 -37"><span class='ocrx_word' id='word_1_272' title='bbox 495 3153 597 3220; x_wconf 85' lang='lat' dir='ltr'><strong>Qui</strong></span> <span class='ocrx_word' id='word_1_273' title='bbox 628 3153 770 3208; x_wconf 86' lang='lat' dir='ltr'><strong>bona</strong></span> <span class='ocrx_word' id='word_1_274' title='bbox 795 3161 1060 3222; x_wconf 86' lang='lat' dir='ltr'><strong>sectatur,</strong></span> <span class='ocrx_word' id='word_1_275' title='bbox 1086 3151 1261 3222; x_wconf 90' lang='lat' dir='ltr'><strong>prima</strong></span> <span class='ocrx_word' id='word_1_276' title='bbox 1289 3151 1429 3208; x_wconf 88' lang='lat' dir='ltr'><strong>bene</strong></span> <span class='ocrx_word' id='word_1_277' title='bbox 1450 3153 1622 3222; x_wconf 82' lang='lat' dir='ltr'><strong>surgit</strong></span> <span class='ocrx_word' id='word_1_278' title='bbox 1651 3153 1706 3208; x_wconf 92' lang='lat' dir='ltr'><strong>in</strong></span> <span class='ocrx_word' id='word_1_279' title='bbox 1736 3153 1890 3210; x_wconf 86' lang='lat' dir='ltr'><strong>hora.</strong></span> <span class='ocrx_word' id='word_1_280' title='bbox 1989 3139 2039 3204; x_wconf 88' lang='lat' dir='ltr'><strong>C</strong></span> <span class='ocrx_word' id='word_1_281' title='bbox 2111 3171 2181 3228; x_wconf 77' lang='lat'><strong>55</strong></span> <span class='ocrx_word' id='word_1_282' title='bbox 2221 3139 2382 3243; x_wconf 57' lang='grc' dir='ltr'><strong>ηζὲίε</strong></span> <span class='ocrx_word' id='word_1_283' title='bbox 2407 3173 2478 3230; x_wconf 76' lang='grc' dir='ltr'><strong>οι)</strong></span> <span class='ocrx_word' id='word_1_284' title='bbox 2506 3139 2696 3233; x_wconf 56' lang='grc' dir='ltr'><strong>πηιη,</strong></span> 
     </span>
    </p>
   </div>
   <div class='ocr_carea' id='block_1_63' title="bbox 377 3244 1798 3316">
    <p class='ocr_par' dir='ltr' id='par_1_63' title="bbox 377 3244 1798 3316">
     <span class='ocr_line' id='line_1_63' title="bbox 377 3244 1798 3316; baseline 0.001 -17"><span class='ocrx_word' id='word_1_285' title='bbox 377 3245 480 3300; x_wconf 59' lang='grc'><strong>200</strong></span> <span class='ocrx_word' id='word_1_286' title='bbox 501 3244 783 3300; x_wconf 68' lang='lat' dir='ltr'><strong>Multorum</strong></span> <span class='ocrx_word' id='word_1_287' title='bbox 813 3245 1020 3315; x_wconf 80' lang='lat' dir='ltr'><strong>profert</strong></span> <span class='ocrx_word' id='word_1_288' title='bbox 1046 3244 1308 3315; x_wconf 87' lang='lat' dir='ltr'><strong>sapientis</strong></span> <span class='ocrx_word' id='word_1_289' title='bbox 1335 3244 1518 3316; x_wconf 83' lang='lat' dir='ltr'><strong>lingua</strong></span> <span class='ocrx_word' id='word_1_290' title='bbox 1543 3245 1798 3302; x_wconf 84' lang='lat' dir='ltr'><strong>salutem.</strong></span> 
     </span>
    </p>
   </div>
   <div class='ocr_carea' id='block_1_64' title="bbox 498 3335 1792 3395">
    <p class='ocr_par' dir='ltr' id='par_1_64' title="bbox 498 3335 1792 3395">
     <span class='ocr_line' id='line_1_64' title="bbox 498 3335 1792 3395; baseline 0.001 -5"><span class='ocrx_word' id='word_1_291' title='bbox 498 3335 754 3391; x_wconf 82' lang='lat' dir='ltr'><strong>Hostibus</strong></span> <span class='ocrx_word' id='word_1_292' title='bbox 783 3335 836 3390; x_wconf 92' lang='lat' dir='ltr'><strong>in</strong></span> <span class='ocrx_word' id='word_1_293' title='bbox 863 3335 1008 3391; x_wconf 90' lang='lat' dir='ltr'><strong>bello</strong></span> <span class='ocrx_word' id='word_1_294' title='bbox 1031 3335 1341 3392; x_wconf 87' lang='lat' dir='ltr'><strong>dominatur</strong></span> <span class='ocrx_word' id='word_1_295' title='bbox 1363 3335 1591 3392; x_wconf 84' lang='lat' dir='ltr'><strong>dextera</strong></span> <span class='ocrx_word' id='word_1_296' title='bbox 1620 3337 1792 3395; x_wconf 87' lang='lat' dir='ltr'><strong>fortis.</strong></span> 
     </span>
    </p>
   </div>
   <div class='ocr_carea' id='block_1_65' title="bbox 495 3424 1770 3495">
    <p class='ocr_par' dir='ltr' id='par_1_65' title="bbox 495 3424 1770 3495">
     <span class='ocr_line' id='line_1_65' title="bbox 495 3424 1770 3495; baseline 0.003 -15"><span class='ocrx_word' id='word_1_297' title='bbox 495 3424 710 3480; x_wconf 86' lang='lat' dir='ltr'><strong>Serviet</strong></span> <span class='ocrx_word' id='word_1_298' title='bbox 733 3432 785 3481; x_wconf 89' lang='lat' dir='ltr'><strong>et</strong></span> <span class='ocrx_word' id='word_1_299' title='bbox 815 3425 996 3495; x_wconf 87' lang='lat' dir='ltr'><strong>segnis</strong></span> <span class='ocrx_word' id='word_1_300' title='bbox 1026 3425 1166 3482; x_wconf 89' lang='lat' dir='ltr'><strong>duro</strong></span> <span class='ocrx_word' id='word_1_301' title='bbox 1194 3425 1297 3484; x_wconf 89' lang='lat' dir='ltr'><strong>sub</strong></span> <span class='ocrx_word' id='word_1_302' title='bbox 1325 3426 1475 3483; x_wconf 88' lang='lat' dir='ltr'><strong>fasce</strong></span> <span class='ocrx_word' id='word_1_303' title='bbox 1501 3427 1770 3484; x_wconf 87' lang='lat' dir='ltr'><strong>laborum.</strong></span> 
     </span>
    </p>
   </div>
   <div class='ocr_carea' id='block_1_66' title="bbox 501 3515 1823 3590">
    <p class='ocr_par' dir='ltr' id='par_1_66' title="bbox 501 3515 1823 3590">
     <span class='ocr_line' id='line_1_66' title="bbox 501 3515 1823 3590; baseline 0.005 -21"><span class='ocrx_word' id='word_1_304' title='bbox 501 3517 702 3586; x_wconf 85' lang='lat' dir='ltr'><strong>Lingua</strong></span> <span class='ocrx_word' id='word_1_305' title='bbox 727 3515 940 3588; x_wconf 87' lang='lat' dir='ltr'><strong>placata</strong></span> <span class='ocrx_word' id='word_1_306' title='bbox 976 3515 1079 3574; x_wconf 87' lang='lat' dir='ltr'><strong>sibi</strong></span> <span class='ocrx_word' id='word_1_307' title='bbox 1108 3516 1310 3575; x_wconf 88' lang='lat' dir='ltr'><strong>multos</strong></span> <span class='ocrx_word' id='word_1_308' title='bbox 1337 3518 1573 3590; x_wconf 83' lang='lat' dir='ltr'><strong>acquirit</strong></span> <span class='ocrx_word' id='word_1_309' title='bbox 1600 3519 1823 3578; x_wconf 86' lang='lat' dir='ltr'><strong>amicos.</strong></span> 
     </span>
    </p>
   </div>
   <div class='ocr_carea' id='block_1_67' title="bbox 501 3607 1754 3683">
    <p class='ocr_par' dir='ltr' id='par_1_67' title="bbox 501 3607 1754 3683">
     <span class='ocr_line' id='line_1_67' title="bbox 501 3607 1754 3683; baseline 0.006 -21"><span class='ocrx_word' id='word_1_310' title='bbox 501 3607 649 3664; x_wconf 86' lang='lat' dir='ltr'><strong>Pone</strong></span> <span class='ocrx_word' id='word_1_311' title='bbox 668 3607 774 3665; x_wconf 86' lang='lat' dir='ltr'><strong>tuis</strong></span> <span class='ocrx_word' id='word_1_312' title='bbox 800 3609 978 3665; x_wconf 84' lang='lat' dir='ltr'><strong>verbis</strong></span> <span class='ocrx_word' id='word_1_313' title='bbox 1001 3617 1184 3667; x_wconf 87' lang='lat' dir='ltr'><strong>vectes</strong></span> <span class='ocrx_word' id='word_1_314' title='bbox 1209 3624 1471 3681; x_wconf 85' lang='lat' dir='ltr'><strong>serasque</strong></span> <span class='ocrx_word' id='word_1_315' title='bbox 1498 3611 1754 3683; x_wconf 87' lang='lat' dir='ltr'><strong>loquelis.</strong></span> 
     </span>
    </p>
   </div>
   <div class='ocr_carea' id='block_1_68' title="bbox 378 3696 1800 3773">
    <p class='ocr_par' dir='ltr' id='par_1_68' title="bbox 378 3696 1800 3773">
     <span class='ocr_line' id='line_1_68' title="bbox 378 3696 1800 3773; baseline 0.004 -21"><span class='ocrx_word' id='word_1_316' title='bbox 378 3697 484 3752; x_wconf 72' lang='grc'><strong>205</strong></span> <span class='ocrx_word' id='word_1_317' title='bbox 503 3696 603 3764; x_wconf 85' lang='lat' dir='ltr'><strong>Qui</strong></span> <span class='ocrx_word' id='word_1_318' title='bbox 633 3705 903 3769; x_wconf 63' lang='lat' dir='ltr'><strong>praecepta</strong></span> <span class='ocrx_word' id='word_1_319' title='bbox 932 3697 1028 3755; x_wconf 90' lang='lat' dir='ltr'><strong>Dei</strong></span> <span class='ocrx_word' id='word_1_320' title='bbox 1057 3700 1269 3770; x_wconf 88' lang='lat' dir='ltr'><strong>metuit,</strong></span> <span class='ocrx_word' id='word_1_321' title='bbox 1297 3701 1352 3758; x_wconf 91' lang='lat' dir='ltr'><strong>in</strong></span> <span class='ocrx_word' id='word_1_322' title='bbox 1376 3715 1512 3773; x_wconf 91' lang='lat' dir='ltr'><strong>pace</strong></span> <span class='ocrx_word' id='word_1_323' title='bbox 1537 3710 1800 3759; x_wconf 85' lang='lat' dir='ltr'><strong>moratur.</strong></span> 
     </span>
    </p>
   </div>
   <div class='ocr_carea' id='block_1_69' title="bbox 496 3789 1968 3862">
    <p class='ocr_par' dir='ltr' id='par_1_69' title="bbox 496 3789 1968 3862">
     <span class='ocr_line' id='line_1_69' title="bbox 496 3789 1968 3862; baseline 0.005 -19"><span class='ocrx_word' id='word_1_324' title='bbox 496 3789 628 3844; x_wconf 83' lang='lat' dir='ltr'><strong>Nam</strong></span> <span class='ocrx_word' id='word_1_325' title='bbox 655 3789 797 3845; x_wconf 91' lang='lat' dir='ltr'><strong>bona</strong></span> <span class='ocrx_word' id='word_1_326' title='bbox 827 3800 1142 3862; x_wconf 88' lang='lat' dir='ltr'><strong>perpetuam</strong></span> <span class='ocrx_word' id='word_1_327' title='bbox 1187 3791 1391 3849; x_wconf 90' lang='lat' dir='ltr'><strong>tribuet</strong></span> <span class='ocrx_word' id='word_1_328' title='bbox 1431 3792 1682 3851; x_wconf 87' lang='lat' dir='ltr'><strong>doctrina</strong></span> <span class='ocrx_word' id='word_1_329' title='bbox 1713 3794 1968 3850; x_wconf 85' lang='lat' dir='ltr'><strong>salutem.</strong></span> 
     </span>
    </p>
   </div>
   <div class='ocr_carea' id='block_1_70' title="bbox 498 3881 1751 3958">
    <p class='ocr_par' dir='ltr' id='par_1_70' title="bbox 498 3881 1751 3958">
     <span class='ocr_line' id='line_1_70' title="bbox 498 3881 1751 3958; baseline 0.007 -22"><span class='ocrx_word' id='word_1_330' title='bbox 498 3881 680 3952; x_wconf 88' lang='lat' dir='ltr'><strong>Diligit</strong></span> <span class='ocrx_word' id='word_1_331' title='bbox 706 3882 796 3940; x_wconf 90' lang='lat' dir='ltr'><strong>hic</strong></span> <span class='ocrx_word' id='word_1_332' title='bbox 823 3893 1007 3940; x_wconf 88' lang='lat' dir='ltr'><strong>natum</strong></span> <span class='ocrx_word' id='word_1_333' title='bbox 1028 3885 1178 3955; x_wconf 85' lang='lat' dir='ltr'><strong>virga</strong></span> <span class='ocrx_word' id='word_1_334' title='bbox 1201 3885 1297 3957; x_wconf 87' lang='lat' dir='ltr'><strong>qui</strong></span> <span class='ocrx_word' id='word_1_335' title='bbox 1325 3887 1550 3958; x_wconf 85' lang='lat' dir='ltr'><strong>corrigit</strong></span> <span class='ocrx_word' id='word_1_336' title='bbox 1577 3887 1751 3945; x_wconf 89' lang='lat' dir='ltr'><strong>illum.</strong></span> 
     </span>
    </p>
   </div>
   <div class='ocr_carea' id='block_1_71' title="bbox 742 4098 1618 4163">
    <p class='ocr_par' dir='ltr' id='par_1_71' title="bbox 742 4098 1618 4163">
     <span class='ocr_line' id='line_1_71' title="bbox 742 4098 1618 4163; baseline 0.009 -9"><span class='ocrx_word' id='word_1_337' title='bbox 742 4100 835 4155; x_wconf 89' lang='lat' dir='ltr'><strong>AD</strong></span> <span class='ocrx_word' id='word_1_338' title='bbox 873 4098 1221 4158; x_wconf 73' lang='lat' dir='ltr'><strong>FEDOLIUM</strong></span> <span class='ocrx_word' id='word_1_339' title='bbox 1263 4100 1618 4163; x_wconf 84' lang='lat' dir='ltr'><strong>EPISTOLA.</strong></span> 
     </span>
    </p>
   </div>
   <div class='ocr_carea' id='block_1_72' title="bbox 526 4188 1809 4266">
    <p class='ocr_par' dir='ltr' id='par_1_72' title="bbox 526 4188 1809 4266">
     <span class='ocr_line' id='line_1_72' title="bbox 526 4188 1809 4266; baseline 0.007 -22"><span class='ocrx_word' id='word_1_340' title='bbox 526 4188 750 4263; x_wconf 82' lang='lat' dir='ltr'><strong>Accipe.</strong></span> <span class='ocrx_word' id='word_1_341' title='bbox 782 4207 992 4263; x_wconf 67' lang='lat' dir='ltr'><strong>quaeso,</strong></span> <span class='ocrx_word' id='word_1_342' title='bbox 1357 4193 1624 4254; x_wconf 83' lang='lat' dir='ltr'><strong>Imbribus</strong></span> <span class='ocrx_word' id='word_1_343' title='bbox 1650 4213 1809 4266; x_wconf 87' lang='lat' dir='ltr'><strong>arva;</strong></span> 
     </span>
    </p>
   </div>
   <div class='ocr_carea' id='block_1_73' title="bbox 532 4272 1814 4353">
    <p class='ocr_par' dir='ltr' id='par_1_73' title="bbox 532 4272 1814 4353">
     <span class='ocr_line' id='line_1_73' title="bbox 532 4272 1814 4353; baseline 0.009 -20"><span class='ocrx_word' id='word_1_344' title='bbox 532 4279 683 4352; x_wconf 81' lang='lat' dir='ltr'><strong>Nunc</strong></span> <span class='ocrx_word' id='word_1_345' title='bbox 709 4282 941 4353; x_wconf 84' lang='lat' dir='ltr'><strong>bipedali</strong></span> <span class='ocrx_word' id='word_1_346' title='bbox 1057 4272 1059 4280; x_wconf 14' lang='grc' dir='ltr'><strong>ἶ</strong></span> <span class='ocrx_word' id='word_1_347' title='bbox 1360 4285 1452 4342; x_wconf 91' lang='lat' dir='ltr'><strong>Sic</strong></span> <span class='ocrx_word' id='word_1_348' title='bbox 1481 4295 1570 4342; x_wconf 93' lang='lat' dir='ltr'><strong>tua</strong></span> <span class='ocrx_word' id='word_1_349' title='bbox 1600 4296 1814 4344; x_wconf 89' lang='lat' dir='ltr'><strong>nostras</strong></span> 
     </span>
    </p>
   </div>
   <div class='ocr_carea' id='block_1_74' title="bbox 529 4369 1866 4449">
    <p class='ocr_par' dir='ltr' id='par_1_74' title="bbox 529 4369 1866 4449">
     <span class='ocr_line' id='line_1_74' title="bbox 529 4369 1866 4449; baseline 0.007 -24"><span class='ocrx_word' id='word_1_350' title='bbox 529 4369 755 4426; x_wconf 91' lang='lat' dir='ltr'><strong>Condita</strong></span> <span class='ocrx_word' id='word_1_351' title='bbox 788 4388 944 4428; x_wconf 85' lang='lat' dir='ltr'><strong>versu</strong></span> <span class='ocrx_word' id='word_1_352' title='bbox 1253 4376 1322 4434; x_wconf 96' lang='grc'><strong>15</strong></span> <span class='ocrx_word' id='word_1_353' title='bbox 1360 4375 1519 4434; x_wconf 79' lang='lat' dir='ltr'><strong>Missa</strong></span> <span class='ocrx_word' id='word_1_354' title='bbox 1560 4375 1866 4449; x_wconf 88' lang='lat' dir='ltr'><strong>frequenter</strong></span> 
     </span>
    </p>
   </div>
   <div class='ocr_carea' id='block_1_75' title="bbox 525 4459 1670 4532">
    <p class='ocr_par' dir='ltr' id='par_1_75' title="bbox 525 4459 1670 4532">
     <span class='ocr_line' id='line_1_75' title="bbox 525 4459 1670 4532; baseline 0.006 -16"><span class='ocrx_word' id='word_1_355' title='bbox 525 4459 978 4532; x_wconf 87' lang='lat' dir='ltr'><strong>Carminulorum,</strong></span> <span class='ocrx_word' id='word_1_356' title='bbox 1358 4467 1670 4523; x_wconf 70' lang='lat' dir='ltr'><strong>Lmtilitmbit</strong></span> 
     </span>
    </p>
   </div>
   <div class='ocr_carea' id='block_1_76' title="bbox 459 4549 1812 4628">
    <p class='ocr_par' dir='ltr' id='par_1_76' title="bbox 459 4549 1812 4628">
     <span class='ocr_line' id='line_1_76' title="bbox 459 4549 1812 4628; baseline 0.008 -24"><span class='ocrx_word' id='word_1_357' title='bbox 459 4549 493 4605; x_wconf 86' lang='grc'><strong>5</strong></span> <span class='ocrx_word' id='word_1_358' title='bbox 531 4550 750 4607; x_wconf 84' lang='lat' dir='ltr'><strong>Munera</strong></span> <span class='ocrx_word' id='word_1_359' title='bbox 781 4570 945 4620; x_wconf 86' lang='lat' dir='ltr'><strong>parva</strong></span> <span class='ocrx_word' id='word_1_360' title='bbox 975 4572 989 4610; x_wconf 89' lang='lat'><strong>:</strong></span> <span class='ocrx_word' id='word_1_361' title='bbox 1358 4556 1558 4628; x_wconf 89' lang='lat' dir='ltr'><strong>Pagina</strong></span> <span class='ocrx_word' id='word_1_362' title='bbox 1581 4566 1812 4615; x_wconf 89' lang='lat' dir='ltr'><strong>mentes.</strong></span> 
     </span>
    </p>
   </div>
   <div class='ocr_carea' id='block_1_77' title="bbox 529 4642 1796 4719">
    <p class='ocr_par' dir='ltr' id='par_1_77' title="bbox 529 4642 1796 4719">
     <span class='ocr_line' id='line_1_77' title="bbox 529 4642 1796 4719; baseline 0.005 -21"><span class='ocrx_word' id='word_1_363' title='bbox 529 4642 720 4714; x_wconf 84' lang='lat' dir='ltr'><strong>Tuque</strong></span> <span class='ocrx_word' id='word_1_364' title='bbox 749 4644 1058 4716; x_wconf 81' lang='lat' dir='ltr'><strong>frequenter</strong></span> <span class='ocrx_word' id='word_1_365' title='bbox 1357 4648 1474 4705; x_wconf 84' lang='lat' dir='ltr'><strong>Non</strong></span> <span class='ocrx_word' id='word_1_366' title='bbox 1505 4662 1606 4718; x_wconf 91' lang='lat' dir='ltr'><strong>ego</strong></span> <span class='ocrx_word' id='word_1_367' title='bbox 1629 4664 1796 4719; x_wconf 91' lang='lat' dir='ltr'><strong>posco</strong></span> 
     </span>
    </p>
   </div>
   <div class='ocr_carea' id='block_1_78' title="bbox 531 4723 1785 4812">
    <p class='ocr_par' dir='ltr' id='par_1_78' title="bbox 531 4723 1785 4812">
     <span class='ocr_line' id='line_1_78' title="bbox 531 4723 1785 4812; baseline 0.007 -26"><span class='ocrx_word' id='word_1_368' title='bbox 531 4723 715 4790; x_wconf 75' lang='lat' dir='ltr'><strong>Mutua</strong></span> <span class='ocrx_word' id='word_1_369' title='bbox 740 4736 895 4792; x_wconf 87' lang='lat' dir='ltr'><strong>nobis</strong></span> <span class='ocrx_word' id='word_1_370' title='bbox 1355 4737 1507 4796; x_wconf 84' lang='lat' dir='ltr'><strong>Nunc</strong></span> <span class='ocrx_word' id='word_1_371' title='bbox 1532 4739 1785 4812; x_wconf 78' lang='lat' dir='ltr'><strong>peritura:</strong></span> 
     </span>
    </p>
   </div>
   <div class='ocr_carea' id='block_1_79' title="bbox 532 4823 1783 4900">
    <p class='ocr_par' dir='ltr' id='par_1_79' title="bbox 532 4823 1783 4900">
     <span class='ocr_line' id='line_1_79' title="bbox 532 4823 1783 4900; baseline 0.005 -20"><span class='ocrx_word' id='word_1_372' title='bbox 532 4823 928 4896; x_wconf 86' lang='lat' dir='ltr'><strong>Obsequiorum</strong></span> <span class='ocrx_word' id='word_1_373' title='bbox 1249 4830 1318 4886; x_wconf 76' lang='grc'><strong>20</strong></span> <span class='ocrx_word' id='word_1_374' title='bbox 1357 4829 1576 4887; x_wconf 82' lang='lat' dir='ltr'><strong>Munera</strong></span> <span class='ocrx_word' id='word_1_375' title='bbox 1607 4844 1783 4900; x_wconf 74' lang='lat' dir='ltr'><strong>gazm;</strong></span> 
     </span>
    </p>
   </div>
   <div class='ocr_carea' id='block_1_80' title="bbox 533 4916 1900 4992">
    <p class='ocr_par' dir='ltr' id='par_1_80' title="bbox 533 4916 1900 4992">
     <span class='ocr_line' id='line_1_80' title="bbox 533 4916 1900 4992; baseline 0.004 -22"><span class='ocrx_word' id='word_1_376' title='bbox 533 4916 722 4972; x_wconf 82' lang='lat' dir='ltr'><strong>Debita</strong></span> <span class='ocrx_word' id='word_1_377' title='bbox 750 4917 937 4975; x_wconf 89' lang='lat' dir='ltr'><strong>redde.</strong></span> <span class='ocrx_word' id='word_1_378' title='bbox 1355 4920 1493 4989; x_wconf 85' lang='lat' dir='ltr'><strong>Non,</strong></span> <span class='ocrx_word' id='word_1_379' title='bbox 1526 4921 1674 4992; x_wconf 91' lang='lat' dir='ltr'><strong>quod</strong></span> <span class='ocrx_word' id='word_1_380' title='bbox 1703 4937 1900 4977; x_wconf 86' lang='lat' dir='ltr'><strong>avarus</strong></span> 
     </span>
    </p>
   </div>
   <div class='ocr_carea' id='block_1_81' title="bbox 422 5006 1816 5083">
    <p class='ocr_par' dir='ltr' id='par_1_81' title="bbox 422 5006 1816 5083">
     <span class='ocr_line' id='line_1_81' title="bbox 422 5006 1816 5083; baseline 0.003 -19"><span class='ocrx_word' id='word_1_381' title='bbox 422 5007 489 5064; x_wconf 84' lang='grc'><strong>10</strong></span> <span class='ocrx_word' id='word_1_382' title='bbox 527 5006 658 5062; x_wconf 83' lang='lat' dir='ltr'><strong>Nam</strong></span> <span class='ocrx_word' id='word_1_383' title='bbox 687 5009 837 5064; x_wconf 89' lang='lat' dir='ltr'><strong>velut</strong></span> <span class='ocrx_word' id='word_1_384' title='bbox 863 5019 994 5066; x_wconf 71' lang='grc' dir='ltr'><strong>ωειο</strong></span> <span class='ocrx_word' id='word_1_385' title='bbox 1349 5010 1578 5083; x_wconf 86' lang='lat' dir='ltr'><strong>Semper</strong></span> <span class='ocrx_word' id='word_1_386' title='bbox 1606 5012 1816 5082; x_wconf 87' lang='lat' dir='ltr'><strong>agendo</strong></span> 
     </span>
    </p>
   </div>
   <div class='ocr_carea' id='block_1_82' title="bbox 531 5099 1901 5174">
    <p class='ocr_par' dir='ltr' id='par_1_82' title="bbox 531 5099 1901 5174">
     <span class='ocr_line' id='line_1_82' title="bbox 531 5099 1901 5174; baseline 0.003 -20"><span class='ocrx_word' id='word_1_387' title='bbox 531 5099 808 5157; x_wconf 85' lang='lat' dir='ltr'><strong>Flautibus</strong></span> <span class='ocrx_word' id='word_1_388' title='bbox 851 5101 1060 5161; x_wconf 81' lang='lat' dir='ltr'><strong>Austris</strong></span> <span class='ocrx_word' id='word_1_389' title='bbox 1351 5103 1680 5174; x_wconf 86' lang='lat' dir='ltr'><strong>Congregat,</strong></span> <span class='ocrx_word' id='word_1_390' title='bbox 1710 5119 1901 5159; x_wconf 88' lang='lat' dir='ltr'><strong>aurmu</strong></span> 
     </span>
    </p>
   </div>
   <div class='ocr_carea' id='block_1_83' title="bbox 529 5194 1839 5267">
    <p class='ocr_par' dir='ltr' id='par_1_83' title="bbox 529 5194 1839 5267">
     <span class='ocr_line' id='line_1_83' title="bbox 529 5194 1839 5267; baseline 0 -18"><span class='ocrx_word' id='word_1_391' title='bbox 529 5195 690 5250; x_wconf 86' lang='lat' dir='ltr'><strong>Arida</strong></span> <span class='ocrx_word' id='word_1_392' title='bbox 719 5195 956 5265; x_wconf 85' lang='lat' dir='ltr'><strong>gaudent</strong></span> <span class='ocrx_word' id='word_1_393' title='bbox 1354 5194 1511 5264; x_wconf 88' lang='lat' dir='ltr'><strong>Quod</strong></span> <span class='ocrx_word' id='word_1_394' title='bbox 1532 5199 1839 5267; x_wconf 83' lang='lat' dir='ltr'><strong>sapientum</strong></span> 
     </span>
    </p>
   </div>
   <div class='ocr_carea' id='block_1_84' title="bbox 387 5303 1970 5432">
    <p class='ocr_par' dir='ltr' id='par_1_84' title="bbox 387 5303 1970 5432">
     <span class='ocr_line' id='line_1_84' title="bbox 387 5303 1970 5381; baseline 0.001 -21"><span class='ocrx_word' id='word_1_395' title='bbox 387 5305 680 5362; x_wconf 84' lang='lat' dir='ltr'><strong>lectionem</strong></span> <span class='ocrx_word' id='word_1_396' title='bbox 704 5305 846 5361; x_wconf 87' lang='lat' dir='ltr'><strong>haud</strong></span> <span class='ocrx_word' id='word_1_397' title='bbox 889 5305 1284 5366; x_wconf 88' lang='lat' dir='ltr'><strong>sollicitandam</strong></span> <span class='ocrx_word' id='word_1_398' title='bbox 1315 5315 1470 5381; x_wconf 89' lang='lat' dir='ltr'><strong>putat</strong></span> <span class='ocrx_word' id='word_1_399' title='bbox 1497 5305 1808 5363; x_wconf 88' lang='lat' dir='ltr'><strong>Goldastus.</strong></span> <span class='ocrx_word' id='word_1_400' title='bbox 1837 5303 1970 5361; x_wconf 81' lang='lat' dir='ltr'><strong>Vide</strong></span> 
     </span>
     <span class='ocr_line' id='line_1_85' title="bbox 387 5375 899 5432; baseline 0.004 -1"><span class='ocrx_word' id='word_1_401' title='bbox 387 5391 542 5432; x_wconf 83' lang='lat' dir='ltr'><strong>supra</strong></span> <span class='ocrx_word' id='word_1_402' title='bbox 588 5393 730 5432; x_wconf 74' lang='lat' dir='ltr'><strong>vers.</strong></span> <span class='ocrx_word' id='word_1_403' title='bbox 775 5375 899 5432; x_wconf 77' lang='grc'><strong>155.</strong></span> 
     </span>
    </p>
   </div>
   <div class='ocr_carea' id='block_1_85' title="bbox 383 5391 899 5432">
    <p class='ocr_par' dir='ltr' id='par_1_85' title="bbox 383 5391 899 5432">
     <span class='ocr_line' id='line_1_86' title="bbox 383 5391 899 5432; baseline 0.002 -1"><span class='ocrx_word' id='word_1_404' title='bbox 383 5391 542 5432; x_wconf 70' lang='grc' dir='ltr'><em>ειιοη</em></span> <span class='ocrx_word' id='word_1_405' title='bbox 588 5393 730 5432; x_wconf 59' lang='grc' dir='ltr'><strong>γεγε.</strong></span> <span class='ocrx_word' id='word_1_406' title='bbox 775 5391 899 5432; x_wconf 63' lang='lat'><strong>133.</strong></span> 
     </span>
    </p>
   </div>
   <div class='ocr_carea' id='block_1_86' title="bbox 510 5445 1966 5519">
    <p class='ocr_par' dir='ltr' id='par_1_86' title="bbox 510 5445 1966 5519">
     <span class='ocr_line' id='line_1_87' title="bbox 510 5445 1966 5519; baseline 0 -19"><span class='ocrx_word' id='word_1_407' title='bbox 510 5489 525 5519; x_wconf 83' lang='lat'><strong>.</strong></span> <span class='ocrx_word' id='word_1_408' title='bbox 560 5445 685 5519; x_wconf 50' lang='grc' dir='ltr'><strong>181ἶ</strong></span> <span class='ocrx_word' id='word_1_409' title='bbox 710 5445 895 5519; x_wconf 78' lang='lat' dir='ltr'><strong>Diligit</strong></span> <span class='ocrx_word' id='word_1_410' title='bbox 949 5447 1169 5516; x_wconf 79' lang='lat' dir='ltr'><strong>Sophia.</strong></span> <span class='ocrx_word' id='word_1_411' title='bbox 1221 5447 1318 5503; x_wconf 76' lang='lat' dir='ltr'><strong>Ms.</strong></span> <span class='ocrx_word' id='word_1_412' title='bbox 1359 5447 1418 5504; x_wconf 89' lang='lat' dir='ltr'><strong>S.</strong></span> <span class='ocrx_word' id='word_1_413' title='bbox 1451 5447 1589 5503; x_wconf 86' lang='lat' dir='ltr'><strong>Galli</strong></span> <span class='ocrx_word' id='word_1_414' title='bbox 1624 5465 1637 5501; x_wconf 89' lang='lat'><strong>:</strong></span> <span class='ocrx_word' id='word_1_415' title='bbox 1671 5445 1856 5518; x_wconf 84' lang='lat' dir='ltr'><strong>Diligit</strong></span> <span class='ocrx_word' id='word_1_416' title='bbox 1905 5461 1966 5500; x_wconf 86' lang='lat' dir='ltr'><strong>en</strong></span> 
     </span>
    </p>
   </div>
   <div class='ocr_carea' id='block_1_87' title="bbox 389 5516 1967 5588">
    <p class='ocr_par' dir='ltr' id='par_1_87' title="bbox 389 5516 1967 5588">
     <span class='ocr_line' id='line_1_88' title="bbox 389 5516 1967 5588; baseline -0.001 -16"><span class='ocrx_word' id='word_1_417' title='bbox 389 5517 612 5588; x_wconf 71' lang='lat' dir='ltr'><strong>Sep/tia.</strong></span> <span class='ocrx_word' id='word_1_418' title='bbox 642 5516 781 5572; x_wconf 84' lang='lat' dir='ltr'><strong>Nihil</strong></span> <span class='ocrx_word' id='word_1_419' title='bbox 812 5516 1010 5574; x_wconf 72' lang='lat' dir='ltr'><strong>verius.</strong></span> <span class='ocrx_word' id='word_1_420' title='bbox 1050 5519 1296 5588; x_wconf 87' lang='lat' dir='ltr'><strong>Christus</strong></span> <span class='ocrx_word' id='word_1_421' title='bbox 1323 5519 1524 5588; x_wconf 87' lang='lat' dir='ltr'><strong>Sophia</strong></span> <span class='ocrx_word' id='word_1_422' title='bbox 1557 5516 1829 5588; x_wconf 83' lang='lat' dir='ltr'><strong>nunquam</strong></span> <span class='ocrx_word' id='word_1_423' title='bbox 1859 5531 1967 5570; x_wconf 91' lang='lat' dir='ltr'><strong>non</strong></span> 
     </span>
    </p>
   </div>
   <div class='ocr_carea' id='block_1_88' title="bbox 383 5587 1968 5660">
    <p class='ocr_par' dir='ltr' id='par_1_88' title="bbox 383 5587 1968 5660">
     <span class='ocr_line' id='line_1_89' title="bbox 383 5587 1968 5660; baseline 0.001 -20"><span class='ocrx_word' id='word_1_424' title='bbox 383 5587 627 5660; x_wconf 76' lang='lat' dir='ltr'><strong>redamat</strong></span> <span class='ocrx_word' id='word_1_425' title='bbox 667 5599 1046 5660; x_wconf 57' lang='lat' dir='ltr'><strong>seamantcm.</strong></span> <span class='ocrx_word' id='word_1_426' title='bbox 1082 5587 1243 5646; x_wconf 88' lang='lat' dir='ltr'><strong>Prov.</strong></span> <span class='ocrx_word' id='word_1_427' title='bbox 1272 5605 1385 5658; x_wconf 87' lang='lat' dir='ltr'><strong>vm,</strong></span> <span class='ocrx_word' id='word_1_428' title='bbox 1419 5587 1482 5641; x_wconf 84' lang='lat' dir='ltr'><strong>l7</strong></span> <span class='ocrx_word' id='word_1_429' title='bbox 1511 5605 1523 5640; x_wconf 91' lang='lat'>:</span> <span class='ocrx_word' id='word_1_430' title='bbox 1560 5588 1670 5658; x_wconf 82' lang='lat' dir='ltr'><strong>Ego</strong></span> <span class='ocrx_word' id='word_1_431' title='bbox 1696 5587 1968 5660; x_wconf 74' lang='lat' dir='ltr'><strong>diligentes</strong></span> 
     </span>
    </p>
   </div>
   <div class='ocr_carea' id='block_1_89' title="bbox 385 5655 875 5727">
    <p class='ocr_par' dir='ltr' id='par_1_89' title="bbox 385 5655 875 5727">
     <span class='ocr_line' id='line_1_90' title="bbox 385 5655 875 5727; baseline 0.006 -18"><span class='ocrx_word' id='word_1_432' title='bbox 385 5673 468 5710; x_wconf 78' lang='lat' dir='ltr'><strong>me</strong></span> <span class='ocrx_word' id='word_1_433' title='bbox 489 5659 669 5727; x_wconf 78' lang='lat' dir='ltr'><strong>diligo.</strong></span> <span class='ocrx_word' id='word_1_434' title='bbox 701 5655 875 5712; x_wconf 79' lang='lat' dir='ltr'><strong>GoLn.</strong></span> 
     </span>
    </p>
   </div>
   <div class='ocr_carea' id='block_1_90' title="bbox 459 5727 1680 5799">
    <p class='ocr_par' dir='ltr' id='par_1_90' title="bbox 459 5727 1680 5799">
     <span class='ocr_line' id='line_1_91' title="bbox 459 5727 1680 5799; baseline 0.002 -19"><span class='ocrx_word' id='word_1_435' title='bbox 459 5727 520 5799; x_wconf 57' lang='grc' dir='ltr'><strong>Υ.</strong></span> <span class='ocrx_word' id='word_1_436' title='bbox 555 5727 677 5799; x_wconf 63' lang='grc'><strong>15].</strong></span> <span class='ocrx_word' id='word_1_437' title='bbox 711 5727 958 5799; x_wconf 67' lang='grc' dir='ltr'><strong>ρὶυἱιὶαε,</strong></span> <span class='ocrx_word' id='word_1_438' title='bbox 983 5737 1088 5786; x_wconf 89' lang='lat' dir='ltr'><strong>etc.</strong></span> <span class='ocrx_word' id='word_1_439' title='bbox 1118 5730 1249 5786; x_wconf 90' lang='lat' dir='ltr'><strong>Vide</strong></span> <span class='ocrx_word' id='word_1_440' title='bbox 1271 5745 1430 5799; x_wconf 88' lang='lat' dir='ltr'><strong>supra</strong></span> <span class='ocrx_word' id='word_1_441' title='bbox 1458 5743 1596 5784; x_wconf 87' lang='lat' dir='ltr'><strong>vers.</strong></span> <span class='ocrx_word' id='word_1_442' title='bbox 1627 5730 1680 5783; x_wconf 83' lang='lat'><strong>9.</strong></span> 
     </span>
    </p>
   </div>
   <div class='ocr_carea' id='block_1_91' title="bbox 453 5795 1538 5867">
    <p class='ocr_par' dir='ltr' id='par_1_91' title="bbox 453 5795 1538 5867">
     <span class='ocr_line' id='line_1_92' title="bbox 453 5795 1538 5867; baseline 0.001 -13"><span class='ocrx_word' id='word_1_443' title='bbox 453 5795 519 5854; x_wconf 68' lang='grc' dir='ltr'><strong>Υ.</strong></span> <span class='ocrx_word' id='word_1_444' title='bbox 554 5796 675 5853; x_wconf 69' lang='grc'><strong>193.</strong></span> <span class='ocrx_word' id='word_1_445' title='bbox 709 5795 1026 5867; x_wconf 67' lang='lat' dir='ltr'><strong>Exsupefat,</strong></span> <span class='ocrx_word' id='word_1_446' title='bbox 1057 5809 1162 5858; x_wconf 87' lang='lat' dir='ltr'><strong>etc.</strong></span> <span class='ocrx_word' id='word_1_447' title='bbox 1194 5801 1293 5859; x_wconf 84' lang='lat' dir='ltr'><strong>Ms.</strong></span> <span class='ocrx_word' id='word_1_448' title='bbox 1327 5795 1491 5858; x_wconf 81' lang='lat' dir='ltr'><strong>Leod.</strong></span> <span class='ocrx_word' id='word_1_449' title='bbox 1524 5818 1538 5855; x_wconf 92' lang='lat'><strong>:</strong></span> 
     </span>
    </p>
   </div>
   <div class='ocr_carea' id='block_1_92' title="bbox 2218 3262 2682 3337">
    <p class='ocr_par' dir='ltr' id='par_1_92' title="bbox 2218 3262 2682 3337">
     <span class='ocr_line' id='line_1_93' title="bbox 2218 3262 2682 3337; baseline 0.011 -17"><span class='ocrx_word' id='word_1_450' title='bbox 2218 3262 2383 3323; x_wconf 87' lang='lat' dir='ltr'><strong>Gesta</strong></span> <span class='ocrx_word' id='word_1_451' title='bbox 2409 3266 2682 3337; x_wconf 77' lang='lat' dir='ltr'><strong>leguntur.</strong></span> 
     </span>
    </p>
   </div>
   <div class='ocr_carea' id='block_1_93' title="bbox 2211 3357 2658 3432">
    <p class='ocr_par' dir='ltr' id='par_1_93' title="bbox 2211 3357 2658 3432">
     <span class='ocr_line' id='line_1_94' title="bbox 2211 3357 2658 3432; baseline 0.009 -18"><span class='ocrx_word' id='word_1_452' title='bbox 2211 3357 2304 3414; x_wconf 91' lang='lat' dir='ltr'><strong>Sic</strong></span> <span class='ocrx_word' id='word_1_453' title='bbox 2333 3357 2658 3432; x_wconf 84' lang='lat' dir='ltr'><strong>Polydorum</strong></span> 
     </span>
    </p>
   </div>
   <div class='ocr_carea' id='block_1_94' title="bbox 2213 3445 2648 3521">
    <p class='ocr_par' dir='ltr' id='par_1_94' title="bbox 2213 3445 2648 3521">
     <span class='ocr_line' id='line_1_95' title="bbox 2213 3445 2648 3521; baseline 0.016 -17"><span class='ocrx_word' id='word_1_454' title='bbox 2213 3445 2425 3521; x_wconf 80' lang='lat' dir='ltr'><strong>Hospes</strong></span> <span class='ocrx_word' id='word_1_455' title='bbox 2452 3468 2648 3511; x_wconf 88' lang='lat' dir='ltr'><strong>avarus</strong></span> 
     </span>
    </p>
   </div>
   <div class='ocr_carea' id='block_1_95' title="bbox 2212 3539 2575 3603">
    <p class='ocr_par' dir='ltr' id='par_1_95' title="bbox 2212 3539 2575 3603">
     <span class='ocr_line' id='line_1_96' title="bbox 2212 3539 2575 3603; baseline 0.017 -7"><span class='ocrx_word' id='word_1_456' title='bbox 2212 3539 2413 3599; x_wconf 90' lang='lat' dir='ltr'><strong>lncitus</strong></span> <span class='ocrx_word' id='word_1_457' title='bbox 2440 3559 2575 3603; x_wconf 90' lang='lat' dir='ltr'><strong>auro</strong></span> 
     </span>
    </p>
   </div>
   <div class='ocr_carea' id='block_1_96' title="bbox 2053 3631 2688 3696">
    <p class='ocr_par' dir='ltr' id='par_1_96' title="bbox 2053 3631 2688 3696">
     <span class='ocr_line' id='line_1_97' title="bbox 2053 3631 2688 3696; baseline 0.011 -8"><span class='ocrx_word' id='word_1_458' title='bbox 2053 3644 2057 3648; x_wconf 78' lang='lat'><em>‘</em></span> <span class='ocrx_word' id='word_1_459' title='bbox 2108 3631 2179 3689; x_wconf 83' lang='grc'><strong>60</strong></span> <span class='ocrx_word' id='word_1_460' title='bbox 2217 3631 2425 3690; x_wconf 76' lang='lat' dir='ltr'><strong>Fraude</strong></span> <span class='ocrx_word' id='word_1_461' title='bbox 2455 3639 2688 3696; x_wconf 88' lang='lat' dir='ltr'><strong>necavit.</strong></span> 
     </span>
    </p>
   </div>
   <div class='ocr_carea' id='block_1_97' title="bbox 2214 3720 2602 3798">
    <p class='ocr_par' dir='ltr' id='par_1_97' title="bbox 2214 3720 2602 3798">
     <span class='ocr_line' id='line_1_98' title="bbox 2214 3720 2602 3798; baseline 0.021 -22"><span class='ocrx_word' id='word_1_462' title='bbox 2214 3720 2433 3780; x_wconf 80' lang='lat' dir='ltr'><strong>Femina</strong></span> <span class='ocrx_word' id='word_1_463' title='bbox 2459 3741 2602 3798; x_wconf 73' lang='lat' dir='ltr'><strong>smpe</strong></span> 
     </span>
    </p>
   </div>
   <div class='ocr_carea' id='block_1_98' title="bbox 2215 3811 2712 3876">
    <p class='ocr_par' dir='ltr' id='par_1_98' title="bbox 2215 3811 2712 3876">
     <span class='ocr_line' id='line_1_99' title="bbox 2215 3811 2712 3876; baseline 0.018 -9"><span class='ocrx_word' id='word_1_464' title='bbox 2215 3811 2399 3868; x_wconf 82' lang='lat' dir='ltr'><strong>Perdit</strong></span> <span class='ocrx_word' id='word_1_465' title='bbox 2421 3816 2490 3871; x_wconf 93' lang='lat' dir='ltr'><strong>ob</strong></span> <span class='ocrx_word' id='word_1_466' title='bbox 2520 3833 2712 3876; x_wconf 90' lang='lat' dir='ltr'><strong>aurum</strong></span> 
     </span>
    </p>
   </div>
   <div class='ocr_carea' id='block_1_99' title="bbox 2213 3904 2686 3978">
    <p class='ocr_par' dir='ltr' id='par_1_99' title="bbox 2213 3904 2686 3978">
     <span class='ocr_line' id='line_1_100' title="bbox 2213 3904 2686 3978; baseline 0.017 -19"><span class='ocrx_word' id='word_1_467' title='bbox 2213 3904 2373 3962; x_wconf 88' lang='lat' dir='ltr'><strong>Casta</strong></span> <span class='ocrx_word' id='word_1_468' title='bbox 2402 3908 2686 3978; x_wconf 89' lang='lat' dir='ltr'><strong>pudorem.</strong></span> 
     </span>
    </p>
   </div>
   <div class='ocr_carea' id='block_1_100' title="bbox 2214 3995 2664 4056">
    <p class='ocr_par' dir='ltr' id='par_1_100' title="bbox 2214 3995 2664 4056">
     <span class='ocr_line' id='line_1_101' title="bbox 2214 3995 2664 4056; baseline 0.013 -6"><span class='ocrx_word' id='word_1_469' title='bbox 2214 3995 2333 4051; x_wconf 85' lang='lat' dir='ltr'><strong>Non</strong></span> <span class='ocrx_word' id='word_1_470' title='bbox 2361 3995 2511 4055; x_wconf 85' lang='lat' dir='ltr'><strong>Jovis</strong></span> <span class='ocrx_word' id='word_1_471' title='bbox 2548 4000 2664 4056; x_wconf 91' lang='lat' dir='ltr'><strong>auri</strong></span> 
     </span>
    </p>
   </div>
   <div class='ocr_carea' id='block_1_101' title="bbox 2107 4085 2717 4160">
    <p class='ocr_par' dir='ltr' id='par_1_101' title="bbox 2107 4085 2717 4160">
     <span class='ocr_line' id='line_1_102' title="bbox 2107 4085 2717 4160; baseline 0.015 -20"><span class='ocrx_word' id='word_1_472' title='bbox 2107 4085 2177 4141; x_wconf 84' lang='lat'><strong>65</strong></span> <span class='ocrx_word' id='word_1_473' title='bbox 2215 4087 2396 4144; x_wconf 84' lang='lat' dir='ltr'><strong>Fluxit</strong></span> <span class='ocrx_word' id='word_1_474' title='bbox 2431 4090 2480 4144; x_wconf 90' lang='lat' dir='ltr'><strong>in</strong></span> <span class='ocrx_word' id='word_1_475' title='bbox 2512 4091 2717 4160; x_wconf 89' lang='lat' dir='ltr'><strong>imbre;</strong></span> 
     </span>
    </p>
   </div>
   <div class='ocr_carea' id='block_1_102' title="bbox 2213 4178 2742 4250">
    <p class='ocr_par' dir='ltr' id='par_1_102' title="bbox 2213 4178 2742 4250">
     <span class='ocr_line' id='line_1_103' title="bbox 2213 4178 2742 4250; baseline 0.015 -16"><span class='ocrx_word' id='word_1_476' title='bbox 2213 4178 2320 4235; x_wconf 91' lang='lat' dir='ltr'><strong>Sed</strong></span> <span class='ocrx_word' id='word_1_477' title='bbox 2354 4181 2498 4250; x_wconf 89' lang='lat' dir='ltr'><strong>quod</strong></span> <span class='ocrx_word' id='word_1_478' title='bbox 2526 4183 2742 4242; x_wconf 88' lang='lat' dir='ltr'><strong>adulter</strong></span> 
     </span>
    </p>
   </div>
   <div class='ocr_carea' id='block_1_103' title="bbox 2213 4267 2659 4344">
    <p class='ocr_par' dir='ltr' id='par_1_103' title="bbox 2213 4267 2659 4344">
     <span class='ocr_line' id='line_1_104' title="bbox 2213 4267 2659 4344; baseline 0.009 -19"><span class='ocrx_word' id='word_1_479' title='bbox 2213 4267 2420 4326; x_wconf 89' lang='lat' dir='ltr'><strong>Obtulit</strong></span> <span class='ocrx_word' id='word_1_480' title='bbox 2445 4287 2659 4344; x_wconf 86' lang='lat' dir='ltr'><strong>aurum,</strong></span> 
     </span>
    </p>
   </div>
   <div class='ocr_carea' id='block_1_104' title="bbox 2219 4360 2546 4421">
    <p class='ocr_par' dir='ltr' id='par_1_104' title="bbox 2219 4360 2546 4421">
     <span class='ocr_line' id='line_1_105' title="bbox 2219 4360 2546 4421; baseline 0.015 -5"><span class='ocrx_word' id='word_1_481' title='bbox 2219 4360 2427 4419; x_wconf 80' lang='lat' dir='ltr'><strong>Aureus</strong></span> <span class='ocrx_word' id='word_1_482' title='bbox 2454 4364 2546 4421; x_wconf 92' lang='lat' dir='ltr'><strong>ille</strong></span> 
     </span>
    </p>
   </div>
   <div class='ocr_carea' id='block_1_105' title="bbox 2213 4451 2670 4525">
    <p class='ocr_par' dir='ltr' id='par_1_105' title="bbox 2213 4451 2670 4525">
     <span class='ocr_line' id='line_1_106' title="bbox 2213 4451 2670 4525; baseline 0.022 -17"><span class='ocrx_word' id='word_1_483' title='bbox 2213 4451 2456 4525; x_wconf 84' lang='lat' dir='ltr'><strong>Fingitur</strong></span> <span class='ocrx_word' id='word_1_484' title='bbox 2479 4457 2670 4518; x_wconf 79' lang='lat' dir='ltr'><strong>imber.</strong></span> 
     </span>
    </p>
   </div>
   <div class='ocr_carea' id='block_1_106' title="bbox 2112 4544 2601 4620">
    <p class='ocr_par' dir='ltr' id='par_1_106' title="bbox 2112 4544 2601 4620">
     <span class='ocr_line' id='line_1_107' title="bbox 2112 4544 2601 4620; baseline 0.014 -20"><span class='ocrx_word' id='word_1_485' title='bbox 2112 4544 2182 4601; x_wconf 83' lang='lat'><strong>70</strong></span> <span class='ocrx_word' id='word_1_486' title='bbox 2220 4546 2601 4620; x_wconf 79' lang='lat' dir='ltr'><strong>Amphiaraum</strong></span> 
     </span>
    </p>
   </div>
   <div class='ocr_carea' id='block_1_107' title="bbox 2219 4626 2648 4701">
    <p class='ocr_par' dir='ltr' id='par_1_107' title="bbox 2219 4626 2648 4701">
     <span class='ocr_line' id='line_1_108' title="bbox 2219 4626 2648 4701; baseline 0.014 -7"><span class='ocrx_word' id='word_1_487' title='bbox 2219 4638 2460 4698; x_wconf 87' lang='lat' dir='ltr'><strong>Prodidit</strong></span> <span class='ocrx_word' id='word_1_488' title='bbox 2485 4657 2620 4701; x_wconf 87' lang='lat' dir='ltr'><strong>auro</strong></span> <span class='ocrx_word' id='word_1_489' title='bbox 2645 4626 2648 4630; x_wconf 16' lang='grc' dir='ltr'><strong>Δ</strong></span> 
     </span>
    </p>
   </div>
   <div class='ocr_carea' id='block_1_108' title="bbox 2219 4729 2712 4806">
    <p class='ocr_par' dir='ltr' id='par_1_108' title="bbox 2219 4729 2712 4806">
     <span class='ocr_line' id='line_1_109' title="bbox 2219 4729 2712 4806; baseline 0.018 -22"><span class='ocrx_word' id='word_1_490' title='bbox 2219 4729 2426 4788; x_wconf 84' lang='lat' dir='ltr'><strong>Perfida</strong></span> <span class='ocrx_word' id='word_1_491' title='bbox 2455 4735 2712 4806; x_wconf 86' lang='lat' dir='ltr'><strong>conjunx.</strong></span> 
     </span>
    </p>
   </div>
   <div class='ocr_carea' id='block_1_109' title="bbox 2214 4819 2653 4883">
    <p class='ocr_par' dir='ltr' id='par_1_109' title="bbox 2214 4819 2653 4883">
     <span class='ocr_line' id='line_1_110' title="bbox 2214 4819 2653 4883; baseline 0.016 -7"><span class='ocrx_word' id='word_1_492' title='bbox 2214 4819 2460 4878; x_wconf 64' lang='lat' dir='ltr'><strong>Hectoris</strong></span> <span class='ocrx_word' id='word_1_493' title='bbox 2492 4823 2653 4883; x_wconf 90' lang='lat' dir='ltr'><strong>heros</strong></span> 
     </span>
    </p>
   </div>
   <div class='ocr_carea' id='block_1_110' title="bbox 2220 4911 2633 4972">
    <p class='ocr_par' dir='ltr' id='par_1_110' title="bbox 2220 4911 2633 4972">
     <span class='ocr_line' id='line_1_111' title="bbox 2220 4911 2633 4972; baseline 0.017 -7"><span class='ocrx_word' id='word_1_494' title='bbox 2220 4911 2471 4970; x_wconf 86' lang='lat' dir='ltr'><strong>Vendidit</strong></span> <span class='ocrx_word' id='word_1_495' title='bbox 2498 4931 2633 4972; x_wconf 89' lang='lat' dir='ltr'><strong>auro</strong></span> 
     </span>
    </p>
   </div>
   <div class='ocr_carea' id='block_1_111' title="bbox 2110 5001 2706 5076">
    <p class='ocr_par' dir='ltr' id='par_1_111' title="bbox 2110 5001 2706 5076">
     <span class='ocr_line' id='line_1_112' title="bbox 2110 5001 2706 5076; baseline 0.018 -21"><span class='ocrx_word' id='word_1_496' title='bbox 2110 5001 2178 5055; x_wconf 83' lang='lat'><strong>75</strong></span> <span class='ocrx_word' id='word_1_497' title='bbox 2213 5003 2424 5076; x_wconf 91' lang='lat' dir='ltr'><strong>Corpus</strong></span> <span class='ocrx_word' id='word_1_498' title='bbox 2452 5007 2706 5066; x_wconf 87' lang='lat' dir='ltr'><strong>Achilles.</strong></span> 
     </span>
    </p>
   </div>
   <div class='ocr_carea' id='block_1_112' title="bbox 2217 5095 2544 5156">
    <p class='ocr_par' dir='ltr' id='par_1_112' title="bbox 2217 5095 2544 5156">
     <span class='ocr_line' id='line_1_113' title="bbox 2217 5095 2544 5156; baseline 0.015 -5"><span class='ocrx_word' id='word_1_499' title='bbox 2217 5095 2286 5152; x_wconf 86' lang='lat' dir='ltr'><strong>Et</strong></span> <span class='ocrx_word' id='word_1_500' title='bbox 2312 5101 2544 5156; x_wconf 89' lang='lat' dir='ltr'><strong>reserari</strong></span> 
     </span>
    </p>
   </div>
   <div class='ocr_carea' id='block_1_113' title="bbox 2213 5188 2613 5250">
    <p class='ocr_par' dir='ltr' id='par_1_113' title="bbox 2213 5188 2613 5250">
     <span class='ocr_line' id='line_1_114' title="bbox 2213 5188 2613 5250; baseline 0.013 -5"><span class='ocrx_word' id='word_1_501' title='bbox 2213 5188 2436 5247; x_wconf 73' lang='lat' dir='ltr'><strong>Munere</strong></span> <span class='ocrx_word' id='word_1_502' title='bbox 2461 5201 2613 5250; x_wconf 83' lang='lat' dir='ltr'><strong>certo</strong></span> 
     </span>
    </p>
   </div>
   <div class='ocr_carea' id='block_1_114' title="bbox 3507 287 3657 358">
    <p class='ocr_par' dir='ltr' id='par_1_114' title="bbox 3507 287 3657 358">
     <span class='ocr_line' id='line_1_115' title="bbox 3507 287 3657 358; baseline 0.007 -1"><span class='ocrx_word' id='word_1_503' title='bbox 3507 287 3657 358; x_wconf 62' lang='lat' dir='ltr'><strong>eos</strong></span> 
     </span>
    </p>
   </div>
   <div class='ocr_carea' id='block_1_115' title="bbox 3045 414 3477 484">
    <p class='ocr_par' dir='ltr' id='par_1_115' title="bbox 3045 414 3477 484">
     <span class='ocr_line' id='line_1_116' title="bbox 3045 414 3477 484; baseline 0.012 -14"><span class='ocrx_word' id='word_1_504' title='bbox 3045 414 3204 484; x_wconf 81' lang='lat' dir='ltr'><strong>Nigra</strong></span> <span class='ocrx_word' id='word_1_505' title='bbox 3235 415 3477 475; x_wconf 82' lang='lat' dir='ltr'><strong>feruntur</strong></span> 
     </span>
    </p>
   </div>
   <div class='ocr_carea' id='block_1_116' title="bbox 3051 511 3443 570">
    <p class='ocr_par' dir='ltr' id='par_1_116' title="bbox 3051 511 3443 570">
     <span class='ocr_line' id='line_1_117' title="bbox 3051 511 3443 570; baseline 0.01 -4"><span class='ocrx_word' id='word_1_506' title='bbox 3051 511 3256 568; x_wconf 85' lang='lat' dir='ltr'><strong>Limina</strong></span> <span class='ocrx_word' id='word_1_507' title='bbox 3287 512 3443 570; x_wconf 85' lang='lat' dir='ltr'><strong>Ditis.</strong></span> 
     </span>
    </p>
   </div>
   <div class='ocr_carea' id='block_1_117' title="bbox 2937 604 3566 680">
    <p class='ocr_par' dir='ltr' id='par_1_117' title="bbox 2937 604 3566 680">
     <span class='ocr_line' id='line_1_118' title="bbox 2937 604 3566 680; baseline 0.008 -21"><span class='ocrx_word' id='word_1_508' title='bbox 2937 604 3006 660; x_wconf 85' lang='lat'><strong>80</strong></span> <span class='ocrx_word' id='word_1_509' title='bbox 3044 605 3195 662; x_wconf 84' lang='lat' dir='ltr'><strong>Nunc</strong></span> <span class='ocrx_word' id='word_1_510' title='bbox 3223 619 3324 676; x_wconf 87' lang='lat' dir='ltr'><strong>ego</strong></span> <span class='ocrx_word' id='word_1_511' title='bbox 3349 623 3566 680; x_wconf 84' lang='lat' dir='ltr'><strong>possem</strong></span> 
     </span>
    </p>
   </div>
   <div class='ocr_carea' id='block_1_118' title="bbox 3046 697 3458 769">
    <p class='ocr_par' dir='ltr' id='par_1_118' title="bbox 3046 697 3458 769">
     <span class='ocr_line' id='line_1_119' title="bbox 3046 697 3458 769; baseline 0.012 -17"><span class='ocrx_word' id='word_1_512' title='bbox 3046 697 3204 753; x_wconf 90' lang='lat' dir='ltr'><strong>Plura</strong></span> <span class='ocrx_word' id='word_1_513' title='bbox 3235 699 3458 769; x_wconf 89' lang='lat' dir='ltr'><strong>referre,</strong></span> 
     </span>
    </p>
   </div>
   <div class='ocr_carea' id='block_1_119' title="bbox 3043 787 3416 846">
    <p class='ocr_par' dir='ltr' id='par_1_119' title="bbox 3043 787 3416 846">
     <span class='ocr_line' id='line_1_120' title="bbox 3043 787 3416 846; baseline 0.008 -3"><span class='ocrx_word' id='word_1_514' title='bbox 3043 787 3105 844; x_wconf 86' lang='lat' dir='ltr'><strong>Ni</strong></span> <span class='ocrx_word' id='word_1_515' title='bbox 3136 788 3416 846; x_wconf 86' lang='lat' dir='ltr'><strong>brevitatis</strong></span> 
     </span>
    </p>
   </div>
   <div class='ocr_carea' id='block_1_120' title="bbox 3040 879 3477 940">
    <p class='ocr_par' dir='ltr' id='par_1_120' title="bbox 3040 879 3477 940">
     <span class='ocr_line' id='line_1_121' title="bbox 3040 879 3477 940; baseline 0.009 -4"><span class='ocrx_word' id='word_1_516' title='bbox 3040 879 3216 937; x_wconf 85' lang='lat' dir='ltr'><strong>Causa</strong></span> <span class='ocrx_word' id='word_1_517' title='bbox 3247 892 3477 940; x_wconf 89' lang='lat' dir='ltr'><strong>vetaret.</strong></span> 
     </span>
    </p>
   </div>
   <div class='ocr_carea' id='block_1_121' title="bbox 3044 969 3516 1038">
    <p class='ocr_par' dir='ltr' id='par_1_121' title="bbox 3044 969 3516 1038">
     <span class='ocr_line' id='line_1_122' title="bbox 3044 969 3516 1038; baseline 0.013 -14"><span class='ocrx_word' id='word_1_518' title='bbox 3044 969 3170 1027; x_wconf 68' lang='lat' dir='ltr'><strong>llaec</strong></span> <span class='ocrx_word' id='word_1_519' title='bbox 3197 972 3314 1038; x_wconf 88' lang='lat' dir='ltr'><strong>tibi,</strong></span> <span class='ocrx_word' id='word_1_520' title='bbox 3346 973 3516 1030; x_wconf 82' lang='lat' dir='ltr'><strong>frater</strong></span> 
     </span>
    </p>
   </div>
   <div class='ocr_carea' id='block_1_122' title="bbox 2934 1059 3457 1136">
    <p class='ocr_par' dir='ltr' id='par_1_122' title="bbox 2934 1059 3457 1136">
     <span class='ocr_line' id='line_1_123' title="bbox 2934 1059 3457 1136; baseline 0.017 -22"><span class='ocrx_word' id='word_1_521' title='bbox 2934 1059 3004 1115; x_wconf 85' lang='lat'><strong>85</strong></span> <span class='ocrx_word' id='word_1_522' title='bbox 3041 1063 3262 1136; x_wconf 87' lang='lat' dir='ltr'><strong>luclyte,</strong></span> <span class='ocrx_word' id='word_1_523' title='bbox 3292 1083 3457 1136; x_wconf 85' lang='lat' dir='ltr'><strong>parva</strong></span> 
     </span>
    </p>
   </div>
   <div class='ocr_carea' id='block_1_123' title="bbox 3045 1154 3424 1213">
    <p class='ocr_par' dir='ltr' id='par_1_123' title="bbox 3045 1154 3424 1213">
     <span class='ocr_line' id='line_1_124' title="bbox 3045 1154 3424 1213; baseline 0.011 -4"><span class='ocrx_word' id='word_1_524' title='bbox 3045 1154 3424 1213; x_wconf 82' lang='lat' dir='ltr'><strong>Litterularum</strong></span> 
     </span>
    </p>
   </div>
   <div class='ocr_carea' id='block_1_124' title="bbox 3043 1245 3553 1316">
    <p class='ocr_par' dir='ltr' id='par_1_124' title="bbox 3043 1245 3553 1316">
     <span class='ocr_line' id='line_1_125' title="bbox 3043 1245 3553 1316; baseline 0.008 -16"><span class='ocrx_word' id='word_1_525' title='bbox 3043 1245 3266 1303; x_wconf 78' lang='lat' dir='ltr'><strong>Munera</strong></span> <span class='ocrx_word' id='word_1_526' title='bbox 3308 1249 3553 1316; x_wconf 89' lang='lat' dir='ltr'><strong>mittens,</strong></span> 
     </span>
    </p>
   </div>
   <div class='ocr_carea' id='block_1_125' title="bbox 2937 1337 3478 1420">
    <p class='ocr_par' dir='ltr' id='par_1_125' title="bbox 2937 1337 3478 1420">
     <span class='ocr_line' id='line_1_126' title="bbox 2937 1337 3478 1420; baseline 0.015 -30"><span class='ocrx_word' id='word_1_527' title='bbox 2937 1411 2949 1420; x_wconf 35' lang='grc' dir='ltr'><strong><em>ο</em></strong></span> <span class='ocrx_word' id='word_1_528' title='bbox 3042 1337 3284 1409; x_wconf 78' lang='lat' dir='ltr'><strong>Suggere</strong></span> <span class='ocrx_word' id='word_1_529' title='bbox 3311 1357 3478 1399; x_wconf 87' lang='lat' dir='ltr'><strong>vanas</strong></span> 
     </span>
    </p>
   </div>
   <div class='ocr_carea' id='block_1_126' title="bbox 3044 1425 3512 1497">
    <p class='ocr_par' dir='ltr' id='par_1_126' title="bbox 3044 1425 3512 1497">
     <span class='ocr_line' id='line_1_127' title="bbox 3044 1425 3512 1497; baseline 0.021 -17"><span class='ocrx_word' id='word_1_530' title='bbox 3044 1425 3310 1497; x_wconf 84' lang='lat' dir='ltr'><strong>Linquere</strong></span> <span class='ocrx_word' id='word_1_531' title='bbox 3334 1446 3512 1490; x_wconf 89' lang='lat' dir='ltr'><strong>curas.</strong></span> 
     </span>
    </p>
   </div>
   <div class='ocr_carea' id='block_1_127' title="bbox 2937 1519 3479 1594">
    <p class='ocr_par' dir='ltr' id='par_1_127' title="bbox 2937 1519 3479 1594">
     <span class='ocr_line' id='line_1_128' title="bbox 2937 1519 3479 1594; baseline 0.004 -17"><span class='ocrx_word' id='word_1_532' title='bbox 2937 1519 3007 1577; x_wconf 90' lang='lat'><strong>90</strong></span> <span class='ocrx_word' id='word_1_533' title='bbox 3042 1520 3255 1590; x_wconf 67' lang='lat' dir='ltr'><strong>Drsine,</strong></span> <span class='ocrx_word' id='word_1_534' title='bbox 3277 1538 3479 1594; x_wconf 59' lang='lat' dir='ltr'><strong>quaso,</strong></span> 
     </span>
    </p>
   </div>
   <div class='ocr_carea' id='block_1_128' title="bbox 3047 1611 3495 1671">
    <p class='ocr_par' dir='ltr' id='par_1_128' title="bbox 3047 1611 3495 1671">
     <span class='ocr_line' id='line_1_129' title="bbox 3047 1611 3495 1671; baseline 0.011 -5"><span class='ocrx_word' id='word_1_535' title='bbox 3047 1611 3199 1668; x_wconf 85' lang='lat' dir='ltr'><strong>Nunc</strong></span> <span class='ocrx_word' id='word_1_536' title='bbox 3225 1617 3495 1671; x_wconf 89' lang='lat' dir='ltr'><strong>animosos</strong></span> 
     </span>
    </p>
   </div>
   <div class='ocr_carea' id='block_1_129' title="bbox 3046 1699 3490 1775">
    <p class='ocr_par' dir='ltr' id='par_1_129' title="bbox 3046 1699 3490 1775">
     <span class='ocr_line' id='line_1_130' title="bbox 3046 1699 3490 1775; baseline 0.014 -20"><span class='ocrx_word' id='word_1_537' title='bbox 3046 1699 3278 1760; x_wconf 87' lang='lat' dir='ltr'><strong>Pascere</strong></span> <span class='ocrx_word' id='word_1_538' title='bbox 3307 1706 3490 1775; x_wconf 86' lang='lat' dir='ltr'><strong>pingui</strong></span> 
     </span>
    </p>
   </div>
   <div class='ocr_carea' id='block_1_130' title="bbox 3043 1791 3496 1862">
    <p class='ocr_par' dir='ltr' id='par_1_130' title="bbox 3043 1791 3496 1862">
     <span class='ocr_line' id='line_1_131' title="bbox 3043 1791 3496 1862; baseline 0.011 -15"><span class='ocrx_word' id='word_1_539' title='bbox 3043 1791 3211 1849; x_wconf 78' lang='lat' dir='ltr'><strong>Farre</strong></span> <span class='ocrx_word' id='word_1_540' title='bbox 3238 1796 3496 1862; x_wconf 86' lang='lat' dir='ltr'><strong>caballos,</strong></span> 
     </span>
    </p>
   </div>
   <div class='ocr_carea' id='block_1_131' title="bbox 3046 1883 3517 1956">
    <p class='ocr_par' dir='ltr' id='par_1_131' title="bbox 3046 1883 3517 1956">
     <span class='ocr_line' id='line_1_132' title="bbox 3046 1883 3517 1956; baseline 0.008 -17"><span class='ocrx_word' id='word_1_541' title='bbox 3046 1883 3328 1956; x_wconf 84' lang='lat' dir='ltr'><strong>Lucraque</strong></span> <span class='ocrx_word' id='word_1_542' title='bbox 3352 1887 3517 1944; x_wconf 90' lang='lat' dir='ltr'><strong>lucris</strong></span> 
     </span>
    </p>
   </div>
   <div class='ocr_carea' id='block_1_132' title="bbox 2938 1973 3478 2044">
    <p class='ocr_par' dir='ltr' id='par_1_132' title="bbox 2938 1973 3478 2044">
     <span class='ocr_line' id='line_1_133' title="bbox 2938 1973 3478 2044; baseline 0.007 -14"><span class='ocrx_word' id='word_1_543' title='bbox 2938 1973 3007 2030; x_wconf 84' lang='lat'><strong><em>95</em></strong></span> <span class='ocrx_word' id='word_1_544' title='bbox 3044 1977 3446 2033; x_wconf 82' lang='lat' dir='ltr'><strong>Accumulando</strong></span> <span class='ocrx_word' id='word_1_545' title='bbox 3463 2020 3478 2044; x_wconf 87' lang='lat'><strong>,</strong></span> 
     </span>
    </p>
   </div>
   <div class='ocr_carea' id='block_1_133' title="bbox 3047 2067 3504 2126">
    <p class='ocr_par' dir='ltr' id='par_1_133' title="bbox 3047 2067 3504 2126">
     <span class='ocr_line' id='line_1_134' title="bbox 3047 2067 3504 2126; baseline 0.007 -4"><span class='ocrx_word' id='word_1_546' title='bbox 3047 2067 3244 2124; x_wconf 85' lang='lat' dir='ltr'><strong>Desine</strong></span> <span class='ocrx_word' id='word_1_547' title='bbox 3271 2071 3504 2126; x_wconf 86' lang='lat' dir='ltr'><strong>nummis</strong></span> 
     </span>
    </p>
   </div>
   <div class='ocr_carea' id='block_1_134' title="bbox 3044 2158 3551 2218">
    <p class='ocr_par' dir='ltr' id='par_1_134' title="bbox 3044 2158 3551 2218">
     <span class='ocr_line' id='line_1_135' title="bbox 3044 2158 3551 2218; baseline 0.006 -4"><span class='ocrx_word' id='word_1_548' title='bbox 3044 2158 3256 2215; x_wconf 82' lang='lat' dir='ltr'><strong>Addere</strong></span> <span class='ocrx_word' id='word_1_549' title='bbox 3279 2175 3551 2218; x_wconf 90' lang='lat' dir='ltr'><strong>nummos.</strong></span> 
     </span>
    </p>
   </div>
   <div class='ocr_carea' id='block_1_135' title="bbox 3051 2249 3497 2324">
    <p class='ocr_par' dir='ltr' id='par_1_135' title="bbox 3051 2249 3497 2324">
     <span class='ocr_line' id='line_1_136' title="bbox 3051 2249 3497 2324; baseline 0.011 -18"><span class='ocrx_word' id='word_1_550' title='bbox 3051 2249 3119 2307; x_wconf 90' lang='lat' dir='ltr'><strong>Ut</strong></span> <span class='ocrx_word' id='word_1_551' title='bbox 3145 2253 3272 2322; x_wconf 90' lang='lat' dir='ltr'><strong>quid</strong></span> <span class='ocrx_word' id='word_1_552' title='bbox 3303 2254 3497 2324; x_wconf 87' lang='lat' dir='ltr'><strong>iniquis</strong></span> 
     </span>
    </p>
   </div>
   <div class='ocr_carea' id='block_1_136' title="bbox 3042 2343 3406 2408">
    <p class='ocr_par' dir='ltr' id='par_1_136' title="bbox 3042 2343 3406 2408">
     <span class='ocr_line' id='line_1_137' title="bbox 3042 2343 3406 2408; baseline 0 -8"><span class='ocrx_word' id='word_1_553' title='bbox 3042 2343 3406 2408; x_wconf 87' lang='lat' dir='ltr'><strong>Consociaris,</strong></span> 
     </span>
    </p>
   </div>
   <div class='ocr_carea' id='block_1_137' title="bbox 2903 2434 3521 2508">
    <p class='ocr_par' dir='ltr' id='par_1_137' title="bbox 2903 2434 3521 2508">
     <span class='ocr_line' id='line_1_138' title="bbox 2903 2434 3521 2508; baseline -0.003 -15"><span class='ocrx_word' id='word_1_554' title='bbox 2903 2434 3006 2493; x_wconf 91' lang='grc'><strong>100</strong></span> <span class='ocrx_word' id='word_1_555' title='bbox 3043 2435 3261 2492; x_wconf 82' lang='lat' dir='ltr'><strong>Munera</strong></span> <span class='ocrx_word' id='word_1_556' title='bbox 3291 2451 3521 2508; x_wconf 88' lang='lat' dir='ltr'><strong>quorum</strong></span> 
     </span>
    </p>
   </div>
   <div class='ocr_carea' id='block_1_138' title="bbox 3043 2529 3568 2601">
    <p class='ocr_par' dir='ltr' id='par_1_138' title="bbox 3043 2529 3568 2601">
     <span class='ocr_line' id='line_1_139' title="bbox 3043 2529 3568 2601; baseline -0.004 -15"><span class='ocrx_word' id='word_1_557' title='bbox 3043 2529 3245 2586; x_wconf 88' lang='lat' dir='ltr'><strong>Crebra</strong></span> <span class='ocrx_word' id='word_1_558' title='bbox 3275 2530 3568 2601; x_wconf 76' lang='lat' dir='ltr'><strong>receptas?</strong></span> 
     </span>
    </p>
   </div>
   <div class='ocr_carea' id='block_1_139' title="bbox 3039 2621 3371 2693">
    <p class='ocr_par' dir='ltr' id='par_1_139' title="bbox 3039 2621 3371 2693">
     <span class='ocr_line' id='line_1_140' title="bbox 3039 2621 3371 2693; baseline 0.003 -16"><span class='ocrx_word' id='word_1_559' title='bbox 3039 2621 3164 2677; x_wconf 89' lang='lat' dir='ltr'><strong>Odit</strong></span> <span class='ocrx_word' id='word_1_560' title='bbox 3205 2621 3371 2693; x_wconf 89' lang='lat' dir='ltr'><strong>iniqui</strong></span> 
     </span>
    </p>
   </div>
   <div class='ocr_carea' id='block_1_140' title="bbox 3039 2715 3543 2772">
    <p class='ocr_par' dir='ltr' id='par_1_140' title="bbox 3039 2715 3543 2772">
     <span class='ocr_line' id='line_1_141' title="bbox 3039 2715 3543 2772; baseline 0.004 -2"><span class='ocrx_word' id='word_1_561' title='bbox 3039 2715 3258 2772; x_wconf 78' lang='lat' dir='ltr'><strong>Munera</strong></span> <span class='ocrx_word' id='word_1_562' title='bbox 3279 2715 3543 2772; x_wconf 87' lang='lat' dir='ltr'><strong>Christus.</strong></span> 
     </span>
    </p>
   </div>
   <div class='ocr_carea' id='block_1_141' title="bbox 3037 2805 3424 2878">
    <p class='ocr_par' dir='ltr' id='par_1_141' title="bbox 3037 2805 3424 2878">
     <span class='ocr_line' id='line_1_142' title="bbox 3037 2805 3424 2878; baseline 0 -16"><span class='ocrx_word' id='word_1_563' title='bbox 3037 2805 3165 2862; x_wconf 79' lang='lat' dir='ltr'><strong>Hrec</strong></span> <span class='ocrx_word' id='word_1_564' title='bbox 3193 2807 3424 2878; x_wconf 75' lang='lat' dir='ltr'><strong>sapienti</strong></span> 
     </span>
    </p>
   </div>
   <div class='ocr_carea' id='block_1_142' title="bbox 2902 2897 3423 2968">
    <p class='ocr_par' dir='ltr' id='par_1_142' title="bbox 2902 2897 3423 2968">
     <span class='ocr_line' id='line_1_143' title="bbox 2902 2897 3423 2968; baseline -0.004 -14"><span class='ocrx_word' id='word_1_565' title='bbox 2902 2897 3005 2954; x_wconf 87' lang='grc'><strong>105</strong></span> <span class='ocrx_word' id='word_1_566' title='bbox 3041 2897 3388 2968; x_wconf 88' lang='lat' dir='ltr'><strong>Despicienda</strong></span> <span class='ocrx_word' id='word_1_567' title='bbox 3405 2936 3423 2961; x_wconf 82' lang='lat'><strong>,</strong></span> 
     </span>
    </p>
   </div>
   <div class='ocr_carea' id='block_1_143' title="bbox 3041 2986 3408 3060">
    <p class='ocr_par' dir='ltr' id='par_1_143' title="bbox 3041 2986 3408 3060">
     <span class='ocr_line' id='line_1_144' title="bbox 3041 2986 3408 3060; baseline 0.003 -17"><span class='ocrx_word' id='word_1_568' title='bbox 3041 2987 3142 3057; x_wconf 89' lang='lat' dir='ltr'><strong>Qui</strong></span> <span class='ocrx_word' id='word_1_569' title='bbox 3158 2986 3408 3060; x_wconf 71' lang='lat' dir='ltr'><strong>fugitiva:</strong></span> 
     </span>
    </p>
   </div>
   <div class='ocr_carea' id='block_1_144' title="bbox 3042 3081 3460 3152">
    <p class='ocr_par' dir='ltr' id='par_1_144' title="bbox 3042 3081 3460 3152">
     <span class='ocr_line' id='line_1_145' title="bbox 3042 3081 3460 3152; baseline 0 -16"><span class='ocrx_word' id='word_1_570' title='bbox 3042 3081 3217 3152; x_wconf 81' lang='lat' dir='ltr'><strong>Atque</strong></span> <span class='ocrx_word' id='word_1_571' title='bbox 3242 3081 3460 3138; x_wconf 71' lang='lat' dir='ltr'><strong>caducae</strong></span> 
     </span>
    </p>
   </div>
   <div class='ocr_carea' id='block_1_145' title="bbox 3041 3171 3466 3229">
    <p class='ocr_par' dir='ltr' id='par_1_145' title="bbox 3041 3171 3466 3229">
     <span class='ocr_line' id='line_1_146' title="bbox 3041 3171 3466 3229; baseline -0.002 0"><span class='ocrx_word' id='word_1_572' title='bbox 3041 3171 3278 3229; x_wconf 89' lang='lat' dir='ltr'><strong>Cernere</strong></span> <span class='ocrx_word' id='word_1_573' title='bbox 3305 3173 3466 3229; x_wconf 87' lang='lat' dir='ltr'><strong>debet</strong></span> 
     </span>
    </p>
   </div>
   <div class='ocr_carea' id='block_1_146' title="bbox 3041 3264 3481 3338">
    <p class='ocr_par' dir='ltr' id='par_1_146' title="bbox 3041 3264 3481 3338">
     <span class='ocr_line' id='line_1_147' title="bbox 3041 3264 3481 3338; baseline -0.005 -17"><span class='ocrx_word' id='word_1_574' title='bbox 3041 3264 3308 3338; x_wconf 86' lang='lat' dir='ltr'><strong>Tempora</strong></span> <span class='ocrx_word' id='word_1_575' title='bbox 3339 3265 3481 3321; x_wconf 71' lang='lat' dir='ltr'><strong>vitm.</strong></span> 
     </span>
    </p>
   </div>
   <div class='ocr_carea' id='block_1_147' title="bbox 2903 3356 3447 3413">
    <p class='ocr_par' dir='ltr' id='par_1_147' title="bbox 2903 3356 3447 3413">
     <span class='ocr_line' id='line_1_148' title="bbox 2903 3356 3447 3413; baseline -0.002 0"><span class='ocrx_word' id='word_1_576' title='bbox 2903 3357 3005 3413; x_wconf 89' lang='grc'><strong>110</strong></span> <span class='ocrx_word' id='word_1_577' title='bbox 3039 3356 3245 3413; x_wconf 85' lang='lat' dir='ltr'><strong>Sufllcit</strong></span> <span class='ocrx_word' id='word_1_578' title='bbox 3269 3367 3447 3412; x_wconf 88' lang='lat' dir='ltr'><strong>autem</strong></span> 
     </span>
    </p>
   </div>
   <div class='ocr_carea' id='block_1_148' title="bbox 3043 3449 3390 3521">
    <p class='ocr_par' dir='ltr' id='par_1_148' title="bbox 3043 3449 3390 3521">
     <span class='ocr_line' id='line_1_149' title="bbox 3043 3449 3390 3521; baseline -0.003 -16"><span class='ocrx_word' id='word_1_579' title='bbox 3043 3449 3147 3505; x_wconf 87' lang='lat' dir='ltr'><strong>Ista</strong></span> <span class='ocrx_word' id='word_1_580' title='bbox 3177 3451 3390 3521; x_wconf 89' lang='lat' dir='ltr'><strong>loquaci</strong></span> 
     </span>
    </p>
   </div>
   <div class='ocr_carea' id='block_1_149' title="bbox 3042 3542 3484 3600">
    <p class='ocr_par' dir='ltr' id='par_1_149' title="bbox 3042 3542 3484 3600">
     <span class='ocr_line' id='line_1_150' title="bbox 3042 3542 3484 3600; baseline -0.002 -2"><span class='ocrx_word' id='word_1_581' title='bbox 3042 3542 3192 3599; x_wconf 83' lang='lat' dir='ltr'><strong>Nunc</strong></span> <span class='ocrx_word' id='word_1_582' title='bbox 3221 3543 3484 3600; x_wconf 78' lang='lat' dir='ltr'><strong>cecinisse</strong></span> 
     </span>
    </p>
   </div>
   <div class='ocr_carea' id='block_1_150' title="bbox 3039 3637 3510 3693">
    <p class='ocr_par' dir='ltr' id='par_1_150' title="bbox 3039 3637 3510 3693">
     <span class='ocr_line' id='line_1_151' title="bbox 3039 3637 3510 3693; baseline -0.002 -1"><span class='ocrx_word' id='word_1_583' title='bbox 3039 3637 3288 3693; x_wconf 87' lang='lat' dir='ltr'><strong>Carmina</strong></span> <span class='ocrx_word' id='word_1_584' title='bbox 3318 3641 3510 3692; x_wconf 77' lang='lat' dir='ltr'><strong>versu.&quot;</strong></span> 
     </span>
    </p>
   </div>
   <div class='ocr_carea' id='block_1_151' title="bbox 3041 3727 3544 3782">
    <p class='ocr_par' dir='ltr' id='par_1_151' title="bbox 3041 3727 3544 3782">
     <span class='ocr_line' id='line_1_152' title="bbox 3041 3727 3544 3782; baseline -0.002 0"><span class='ocrx_word' id='word_1_585' title='bbox 3041 3727 3172 3782; x_wconf 84' lang='lat' dir='ltr'><strong>Nam</strong></span> <span class='ocrx_word' id='word_1_586' title='bbox 3202 3742 3338 3782; x_wconf 90' lang='lat' dir='ltr'><strong>nova</strong></span> <span class='ocrx_word' id='word_1_587' title='bbox 3365 3727 3544 3781; x_wconf 87' lang='lat' dir='ltr'><strong>forsan</strong></span> 
     </span>
    </p>
   </div>
   <div class='ocr_carea' id='block_1_152' title="bbox 2902 3820 3408 3877">
    <p class='ocr_par' dir='ltr' id='par_1_152' title="bbox 2902 3820 3408 3877">
     <span class='ocr_line' id='line_1_153' title="bbox 2902 3820 3408 3877; baseline -0.004 -1"><span class='ocrx_word' id='word_1_588' title='bbox 2902 3821 3006 3876; x_wconf 93' lang='grc'><strong>115</strong></span> <span class='ocrx_word' id='word_1_589' title='bbox 3040 3820 3169 3877; x_wconf 84' lang='lat' dir='ltr'><strong>Esse</strong></span> <span class='ocrx_word' id='word_1_590' title='bbox 3201 3821 3408 3876; x_wconf 89' lang='lat' dir='ltr'><strong>videtur</strong></span> 
     </span>
    </p>
   </div>
   <div class='ocr_carea' id='block_1_153' title="bbox 3040 3912 3372 3981">
    <p class='ocr_par' dir='ltr' id='par_1_153' title="bbox 3040 3912 3372 3981">
     <span class='ocr_line' id='line_1_154' title="bbox 3040 3912 3372 3981; baseline -0.009 -12"><span class='ocrx_word' id='word_1_591' title='bbox 3040 3912 3144 3969; x_wconf 84' lang='lat' dir='ltr'><strong>Ista</strong></span> <span class='ocrx_word' id='word_1_592' title='bbox 3175 3913 3372 3981; x_wconf 74' lang='lat' dir='ltr'><strong>legenti</strong></span> 
     </span>
    </p>
   </div>
   <div class='ocr_carea' id='block_1_154' title="bbox 3043 4005 3626 4061">
    <p class='ocr_par' dir='ltr' id='par_1_154' title="bbox 3043 4005 3626 4061">
     <span class='ocr_line' id='line_1_155' title="bbox 3043 4005 3626 4061; baseline -0.002 0"><span class='ocrx_word' id='word_1_593' title='bbox 3043 4005 3290 4061; x_wconf 85' lang='lat' dir='ltr'><strong>Formula</strong></span> <span class='ocrx_word' id='word_1_594' title='bbox 3319 4020 3527 4060; x_wconf 68' lang='lat' dir='ltr'><strong>versus.</strong></span> <span class='ocrx_word' id='word_1_595' title='bbox 3617 4041 3626 4046; x_wconf 79' lang='grc'><strong>-</strong></span> 
     </span>
    </p>
   </div>
   <div class='ocr_carea' id='block_1_155' title="bbox 3041 4095 3470 4151">
    <p class='ocr_par' dir='ltr' id='par_1_155' title="bbox 3041 4095 3470 4151">
     <span class='ocr_line' id='line_1_156' title="bbox 3041 4095 3470 4151; baseline -0.009 0"><span class='ocrx_word' id='word_1_596' title='bbox 3041 4095 3148 4151; x_wconf 82' lang='lat' dir='ltr'><strong>Sed</strong></span> <span class='ocrx_word' id='word_1_597' title='bbox 3171 4105 3350 4150; x_wconf 90' lang='lat' dir='ltr'><strong>tamen</strong></span> <span class='ocrx_word' id='word_1_598' title='bbox 3382 4095 3470 4150; x_wconf 89' lang='lat' dir='ltr'><strong>illa</strong></span> 
     </span>
    </p>
   </div>
   <div class='ocr_carea' id='block_1_156' title="bbox 3042 4185 3465 4258">
    <p class='ocr_par' dir='ltr' id='par_1_156' title="bbox 3042 4185 3465 4258">
     <span class='ocr_line' id='line_1_157' title="bbox 3042 4185 3465 4258; baseline -0.009 -17"><span class='ocrx_word' id='word_1_599' title='bbox 3042 4185 3465 4258; x_wconf 84' lang='lat' dir='ltr'><strong>Trojugenarum</strong></span> 
     </span>
    </p>
   </div>
   <div class='ocr_carea' id='block_1_157' title="bbox 2901 4275 3419 4348">
    <p class='ocr_par' dir='ltr' id='par_1_157' title="bbox 2901 4275 3419 4348">
     <span class='ocr_line' id='line_1_158' title="bbox 2901 4275 3419 4348; baseline -0.015 -12"><span class='ocrx_word' id='word_1_600' title='bbox 2901 4278 3004 4336; x_wconf 66' lang='grc'><strong>190</strong></span> <span class='ocrx_word' id='word_1_601' title='bbox 3040 4275 3240 4348; x_wconf 86' lang='lat' dir='ltr'><strong>Inclyta</strong></span> <span class='ocrx_word' id='word_1_602' title='bbox 3268 4283 3419 4329; x_wconf 88' lang='lat' dir='ltr'><strong>vates</strong></span> 
     </span>
    </p>
   </div>
   <div class='ocr_carea' id='block_1_158' title="bbox 3042 4365 3515 4436">
    <p class='ocr_par' dir='ltr' id='par_1_158' title="bbox 3042 4365 3515 4436">
     <span class='ocr_line' id='line_1_159' title="bbox 3042 4365 3515 4436; baseline -0.006 -13"><span class='ocrx_word' id='word_1_603' title='bbox 3042 4368 3267 4424; x_wconf 81' lang='lat' dir='ltr'><strong>Nomine</strong></span> <span class='ocrx_word' id='word_1_604' title='bbox 3293 4365 3515 4436; x_wconf 87' lang='lat' dir='ltr'><strong>Sappho</strong></span> 
     </span>
    </p>
   </div>
   <div class='ocr_carea' id='block_1_159' title="bbox 3049 4451 3443 4510">
    <p class='ocr_par' dir='ltr' id='par_1_159' title="bbox 3049 4451 3443 4510">
     <span class='ocr_line' id='line_1_160' title="bbox 3049 4451 3443 4510; baseline -0.013 0"><span class='ocrx_word' id='word_1_605' title='bbox 3049 4453 3301 4510; x_wconf 82' lang='lat' dir='ltr'><strong>Versibus</strong></span> <span class='ocrx_word' id='word_1_606' title='bbox 3325 4451 3443 4506; x_wconf 88' lang='lat' dir='ltr'><strong>istis</strong></span> 
     </span>
    </p>
   </div>
   <div class='ocr_carea' id='block_1_160' title="bbox 3047 4544 3442 4602">
    <p class='ocr_par' dir='ltr' id='par_1_160' title="bbox 3047 4544 3442 4602">
     <span class='ocr_line' id='line_1_161' title="bbox 3047 4544 3442 4602; baseline -0.008 -2"><span class='ocrx_word' id='word_1_607' title='bbox 3047 4545 3210 4602; x_wconf 83' lang='lat' dir='ltr'><strong>Dulce</strong></span> <span class='ocrx_word' id='word_1_608' title='bbox 3234 4544 3442 4601; x_wconf 86' lang='lat' dir='ltr'><strong>solebat</strong></span> 
     </span>
    </p>
   </div>
   <div class='ocr_carea' id='block_1_161' title="bbox 3045 4636 3494 4693">
    <p class='ocr_par' dir='ltr' id='par_1_161' title="bbox 3045 4636 3494 4693">
     <span class='ocr_line' id='line_1_162' title="bbox 3045 4636 3494 4693; baseline -0.002 -2"><span class='ocrx_word' id='word_1_609' title='bbox 3045 4636 3220 4693; x_wconf 84' lang='lat' dir='ltr'><strong>Edere</strong></span> <span class='ocrx_word' id='word_1_610' title='bbox 3252 4649 3494 4693; x_wconf 85' lang='lat' dir='ltr'><strong>carmen.</strong></span> 
     </span>
    </p>
   </div>
   <div class='ocr_carea' id='block_1_162' title="bbox 2904 4729 3384 4786">
    <p class='ocr_par' dir='ltr' id='par_1_162' title="bbox 2904 4729 3384 4786">
     <span class='ocr_line' id='line_1_163' title="bbox 2904 4729 3384 4786; baseline -0.002 0"><span class='ocrx_word' id='word_1_611' title='bbox 2904 4729 3009 4786; x_wconf 76' lang='grc'><strong>125</strong></span> <span class='ocrx_word' id='word_1_612' title='bbox 3043 4730 3100 4786; x_wconf 92' lang='lat' dir='ltr'><strong>Si</strong></span> <span class='ocrx_word' id='word_1_613' title='bbox 3133 4729 3227 4786; x_wconf 89' lang='lat' dir='ltr'><strong>tibi</strong></span> <span class='ocrx_word' id='word_1_614' title='bbox 3256 4744 3384 4785; x_wconf 88' lang='lat' dir='ltr'><strong>cura</strong></span> 
     </span>
    </p>
   </div>
   <div class='ocr_carea' id='block_1_163' title="bbox 3046 4821 3434 4879">
    <p class='ocr_par' dir='ltr' id='par_1_163' title="bbox 3046 4821 3434 4879">
     <span class='ocr_line' id='line_1_164' title="bbox 3046 4821 3434 4879; baseline -0.005 -2"><span class='ocrx_word' id='word_1_615' title='bbox 3046 4821 3208 4879; x_wconf 86' lang='lat' dir='ltr'><strong>Forte</strong></span> <span class='ocrx_word' id='word_1_616' title='bbox 3233 4821 3434 4877; x_wconf 88' lang='lat' dir='ltr'><strong>volenti</strong></span> 
     </span>
    </p>
   </div>
   <div class='ocr_carea' id='block_1_164' title="bbox 3039 4911 3416 4968">
    <p class='ocr_par' dir='ltr' id='par_1_164' title="bbox 3039 4911 3416 4968">
     <span class='ocr_line' id='line_1_165' title="bbox 3039 4911 3416 4968; baseline -0.005 0"><span class='ocrx_word' id='word_1_617' title='bbox 3039 4911 3292 4968; x_wconf 86' lang='lat' dir='ltr'><strong>Carmina</strong></span> <span class='ocrx_word' id='word_1_618' title='bbox 3321 4912 3416 4966; x_wconf 91' lang='lat' dir='ltr'><strong>tali</strong></span> 
     </span>
    </p>
   </div>
   <div class='ocr_carea' id='block_1_165' title="bbox 3041 5003 3511 5070">
    <p class='ocr_par' dir='ltr' id='par_1_165' title="bbox 3041 5003 3511 5070">
     <span class='ocr_line' id='line_1_166' title="bbox 3041 5003 3511 5070; baseline -0.004 -11"><span class='ocrx_word' id='word_1_619' title='bbox 3041 5003 3291 5061; x_wconf 89' lang='lat' dir='ltr'><strong>Condere</strong></span> <span class='ocrx_word' id='word_1_620' title='bbox 3331 5018 3511 5070; x_wconf 90' lang='lat' dir='ltr'><strong>versu,</strong></span> 
     </span>
    </p>
   </div>
   <div class='ocr_carea' id='block_1_166' title="bbox 3044 5103 3529 5171">
    <p class='ocr_par' dir='ltr' id='par_1_166' title="bbox 3044 5103 3529 5171">
     <span class='ocr_line' id='line_1_167' title="bbox 3044 5103 3529 5171; baseline -0.006 -14"><span class='ocrx_word' id='word_1_621' title='bbox 3044 5103 3272 5171; x_wconf 91' lang='lat' dir='ltr'><strong>Semper</strong></span> <span class='ocrx_word' id='word_1_622' title='bbox 3299 5108 3358 5154; x_wconf 92' lang='lat' dir='ltr'><strong>ut</strong></span> <span class='ocrx_word' id='word_1_623' title='bbox 3385 5113 3529 5154; x_wconf 87' lang='lat' dir='ltr'><strong>unus</strong></span> 
     </span>
    </p>
   </div>
   <div class='ocr_carea' id='block_1_167' title="bbox 2903 5191 3418 5249">
    <p class='ocr_par' dir='ltr' id='par_1_167' title="bbox 2903 5191 3418 5249">
     <span class='ocr_line' id='line_1_168' title="bbox 2903 5191 3418 5249; baseline -0.008 0"><span class='ocrx_word' id='word_1_624' title='bbox 2903 5193 3006 5249; x_wconf 76' lang='grc'><strong>130</strong></span> <span class='ocrx_word' id='word_1_625' title='bbox 3041 5191 3240 5248; x_wconf 89' lang='lat' dir='ltr'><strong>Ordine</strong></span> <span class='ocrx_word' id='word_1_626' title='bbox 3264 5197 3418 5248; x_wconf 90' lang='lat' dir='ltr'><strong>certo</strong></span> 
     </span>
    </p>
   </div>
   <div class='ocr_carea' id='block_1_168' title="bbox 2257 5303 3410 5374">
    <p class='ocr_par' dir='ltr' id='par_1_168' title="bbox 2257 5303 3410 5374">
     <span class='ocr_line' id='line_1_169' title="bbox 2257 5303 3410 5374; baseline 0.005 -22"><span class='ocrx_word' id='word_1_627' title='bbox 2257 5303 2325 5353; x_wconf 79' lang='lat' dir='ltr'><strong>Ex</strong></span> <span class='ocrx_word' id='word_1_628' title='bbox 2334 5304 2450 5355; x_wconf 89' lang='lat' dir='ltr'><strong>altat</strong></span> <span class='ocrx_word' id='word_1_629' title='bbox 2471 5320 2708 5359; x_wconf 88' lang='lat' dir='ltr'><strong>numerus</strong></span> <span class='ocrx_word' id='word_1_630' title='bbox 2726 5311 2962 5373; x_wconf 82' lang='lat' dir='ltr'><strong>iustorum</strong></span> <span class='ocrx_word' id='word_1_631' title='bbox 2987 5321 3143 5374; x_wconf 80' lang='lat' dir='ltr'><strong>regna</strong></span> <span class='ocrx_word' id='word_1_632' title='bbox 3163 5313 3410 5370; x_wconf 88' lang='lat' dir='ltr'><strong>potenter.</strong></span> 
     </span>
    </p>
   </div>
   <div class='ocr_carea' id='block_1_169' title="bbox 2145 5373 3306 5451">
    <p class='ocr_par' dir='ltr' id='par_1_169' title="bbox 2145 5373 3306 5451">
     <span class='ocr_line' id='line_1_170' title="bbox 2145 5373 3306 5451; baseline -0.001 -17"><span class='ocrx_word' id='word_1_633' title='bbox 2241 5375 2646 5451; x_wconf 12' lang='lat' dir='ltr'><strong>Q97.7Com&#39;git.</strong></span> <span class='ocrx_word' id='word_1_634' title='bbox 2680 5381 2776 5438; x_wconf 81' lang='lat' dir='ltr'><strong>Ms.</strong></span> <span class='ocrx_word' id='word_1_635' title='bbox 2805 5382 2862 5437; x_wconf 75' lang='lat' dir='ltr'><strong>S.’</strong></span> <span class='ocrx_word' id='word_1_636' title='bbox 2886 5373 3306 5451; x_wconf 12' lang='lat' dir='ltr'><strong>Galli,icorripit.</strong></span> 
     </span>
    </p>
   </div>
   <div class='ocr_carea' id='block_1_170' title="bbox 2145 5445 3486 5523">
    <p class='ocr_par' dir='ltr' id='par_1_170' title="bbox 2145 5445 3486 5523">
     <span class='ocr_line' id='line_1_171' title="bbox 2145 5445 3486 5523; baseline 0.001 -22"><span class='ocrx_word' id='word_1_637' title='bbox 2359 5450 2533 5523; x_wconf 55' lang='lat' dir='ltr'><strong>Aurea</strong></span> <span class='ocrx_word' id='word_1_638' title='bbox 2552 5445 2729 5523; x_wconf 56' lang='lat' dir='ltr'><strong>&#39;pellia.</strong></span> <span class='ocrx_word' id='word_1_639' title='bbox 2766 5445 3045 5523; x_wconf 84' lang='lat' dir='ltr'><strong>Plerisque</strong></span> <span class='ocrx_word' id='word_1_640' title='bbox 3073 5445 3282 5505; x_wconf 72' lang='lat' dir='ltr'><strong>aureum</strong></span> <span class='ocrx_word' id='word_1_641' title='bbox 3305 5450 3486 5505; x_wconf 78' lang='lat' dir='ltr'><strong>uellus.</strong></span> 
     </span>
    </p>
   </div>
   <div class='ocr_carea' id='block_1_171' title="bbox 2148 5515 3058 5588">
    <p class='ocr_par' dir='ltr' id='par_1_171' title="bbox 2148 5515 3058 5588">
     <span class='ocr_line' id='line_1_172' title="bbox 2148 5515 3058 5588; baseline 0.008 -19"><span class='ocrx_word' id='word_1_642' title='bbox 2148 5515 2209 5588; x_wconf 57' lang='grc' dir='ltr'><strong>Υ.</strong></span> <span class='ocrx_word' id='word_1_643' title='bbox 2241 5516 2330 5588; x_wconf 56' lang='grc'><strong>46.</strong></span> <span class='ocrx_word' id='word_1_644' title='bbox 2364 5515 2656 5588; x_wconf 72' lang='lat' dir='ltr'><strong>Popnldait.</strong></span> <span class='ocrx_word' id='word_1_645' title='bbox 2694 5515 3058 5578; x_wconf 77' lang='lat' dir='ltr'><strong>Archaisnius.</strong></span> 
     </span>
    </p>
   </div>
   <div class='ocr_carea' id='block_1_172' title="bbox 2147 5585 3657 5660">
    <p class='ocr_par' dir='ltr' id='par_1_172' title="bbox 2147 5585 3657 5660">
     <span class='ocr_line' id='line_1_173' title="bbox 2147 5585 3657 5660; baseline 0.003 -19"><span class='ocrx_word' id='word_1_646' title='bbox 2147 5585 2217 5660; x_wconf 56' lang='grc' dir='ltr'><strong>ν.</strong></span> <span class='ocrx_word' id='word_1_647' title='bbox 2256 5587 2344 5643; x_wconf 80' lang='grc' dir='ltr'><strong>(ιϐ.</strong></span> <span class='ocrx_word' id='word_1_648' title='bbox 2386 5585 2619 5645; x_wconf 74' lang='lat' dir='ltr'><strong>Adulter.</strong></span> <span class='ocrx_word' id='word_1_649' title='bbox 2645 5589 2786 5648; x_wconf 80' lang='lat' dir='ltr'><strong>Edil.</strong></span> <span class='ocrx_word' id='word_1_650' title='bbox 2830 5593 2969 5649; x_wconf 79' lang='lat' dir='ltr'><strong>Bibl.</strong></span> <span class='ocrx_word' id='word_1_651' title='bbox 3013 5592 3119 5648; x_wconf 89' lang='lat' dir='ltr'><strong>PP.</strong></span> <span class='ocrx_word' id='word_1_652' title='bbox 3170 5589 3362 5660; x_wconf 80' lang='lat' dir='ltr'><strong>Lngd.,</strong></span> <span class='ocrx_word' id='word_1_653' title='bbox 3387 5589 3456 5644; x_wconf 80' lang='lat' dir='ltr'><strong>ad</strong></span> <span class='ocrx_word' id='word_1_654' title='bbox 3494 5591 3657 5646; x_wconf 78' lang='lat' dir='ltr'><strong>inter.</strong></span> 
     </span>
    </p>
   </div>
   <div class='ocr_carea' id='block_1_173' title="bbox 2073 5657 2332 5714">
    <p class='ocr_par' dir='ltr' id='par_1_173' title="bbox 2073 5657 2332 5714">
     <span class='ocr_line' id='line_1_174' title="bbox 2073 5657 2332 5714; baseline 0.008 -2"><span class='ocrx_word' id='word_1_655' title='bbox 2073 5657 2332 5714; x_wconf 84' lang='lat' dir='ltr'><strong>Pessime.</strong></span> 
     </span>
    </p>
   </div>
   <div class='ocr_carea' id='block_1_174' title="bbox 2144 5727 3667 5805">
    <p class='ocr_par' dir='ltr' id='par_1_174' title="bbox 2144 5727 3667 5805">
     <span class='ocr_line' id='line_1_175' title="bbox 2144 5727 3667 5805; baseline 0.005 -24"><span class='ocrx_word' id='word_1_656' title='bbox 2144 5727 2208 5805; x_wconf 82' lang='lat' dir='ltr'><strong>V.</strong></span> <span class='ocrx_word' id='word_1_657' title='bbox 2234 5727 2330 5805; x_wconf 85' lang='lat' dir='ltr'><strong>_6&#39;l.</strong></span> <span class='ocrx_word' id='word_1_658' title='bbox 2367 5731 2562 5805; x_wconf 75' lang='lat' dir='ltr'><strong>thulit</strong></span> <span class='ocrx_word' id='word_1_659' title='bbox 2603 5749 2809 5791; x_wconf 82' lang='lat' dir='ltr'><strong>aurum.</strong></span> <span class='ocrx_word' id='word_1_660' title='bbox 2856 5733 2916 5792; x_wconf 86' lang='lat' dir='ltr'><strong>lu</strong></span> <span class='ocrx_word' id='word_1_661' title='bbox 2965 5735 3151 5793; x_wconf 82' lang='lat' dir='ltr'><strong>eadem</strong></span> <span class='ocrx_word' id='word_1_662' title='bbox 3183 5734 3312 5793; x_wconf 86' lang='lat' dir='ltr'><strong>edit.</strong></span> <span class='ocrx_word' id='word_1_663' title='bbox 3359 5732 3667 5805; x_wconf 75' lang='lat' dir='ltr'><strong>improvido</strong></span> 
     </span>
    </p>
   </div>
   <div class='ocr_carea' id='block_1_175' title="bbox 2073 5800 2691 5862">
    <p class='ocr_par' dir='ltr' id='par_1_175' title="bbox 2073 5800 2691 5862">
     <span class='ocr_line' id='line_1_176' title="bbox 2073 5800 2691 5862; baseline 0.01 -6"><span class='ocrx_word' id='word_1_664' title='bbox 2073 5800 2340 5857; x_wconf 90' lang='lat' dir='ltr'><strong>omittitur</strong></span> <span class='ocrx_word' id='word_1_665' title='bbox 2368 5802 2455 5858; x_wconf 86' lang='lat' dir='ltr'><strong>hic</strong></span> <span class='ocrx_word' id='word_1_666' title='bbox 2481 5819 2691 5862; x_wconf 84' lang='lat' dir='ltr'><strong>versus.</strong></span> 
     </span>
    </p>
   </div>
  </div>
