3978 6182
427 329 537 388 523

1008 322 1101 377 an
1130 320 1189 377 s.
1217 289 1609 377 comitem
1637 312 1868 371 orcus
1893 307 2256 367 arcanum.
2285 340 2357 354 -
2388 306 2779 365 Dll’LOMH‘A
2808 308 3143 377 euentu.

3595 306 3698 363 3‘31

431 458 522 498 res
564 440 684 495 illas
715 451 833 506 qua:
859 433 1015 490 nobis
1042 434 1413 494 obvenerunt,
1466 446 1563 501 per
1607 436 1935 497 ιιτωοεῃιυιιι
1983 438 2014 478 a
2046 424 2098 485 Α
2123 430 2301 478 vestra
2347 423 2589 479 omnium
2636 430 2824 480 sancta
2873 422 3167 494 postulavit
3231 424 3547 493 paternitas.
3598 425 3700 481 Nos

430 528 820 601 gloriosissimo
847 539 969 594 rege
1000 523 1253 593 Agilulfo,
1283 538 1404 594 quae
1433 522 1688 591 adjacent
1729 521 1883 591 juxta
1915 519 2019 573 llu-

434 638 555 676 men
585 618 792 675 Trevia:
823 618 875 672 in
894 617 1031 672 valle
1060 631 1180 685 qua:
1201 615 1509 670 nominatur
1529 612 1723 679 Dubio,
1742 622 1797 667 et
1818 620 1902 666 est
1922 625 2021 679 pro

436 711 675 781 legitima
704 723 957 765 mensura
985 706 1232 761 milliaria
1262 714 1497 774 quatuor
1524 721 1589 761 ex
1618 705 1870 760 omnibus
1897 717 2023 773 par-

435 803 596 865 tibus,
625 801 711 855 vel
748 798 891 869 quod
932 814 1030 853 nos
1078 797 1358 869 nostrique
1383 812 1726 853 successores
1751 796 2022 865 acquisie-

438 895 634 957 rimus,
667 900 726 945 ut
751 892 850 946 sub
871 888 1186 944 defensione
1213 896 1270 943 et
1308 888 1647 943 immunitate
1673 884 2024 942 sanctissima:

436 984 585 1039 sedis
608 983 939 1053 apostolicae,
970 990 1151 1036 vestro
1179 981 1481 1051 vestrisque
1509 978 1915 1035 successoribus
1938 977 2026 1046 ju-

438 1075 580 1128 dicio
609 1071 987 1142 pncjudicamli
1027 1079 1169 1125 sunt.
1197 1069 1257 1124 Si
1283 1085 1519 1142 unquam
1546 1071 1599 1125 in
1630 1078 1873 1139 tempore
1903 1077 2027 1138 post

441 1172 808 1219 constructum
849 1162 1153 1218 cunmbium
1201 1160 1381 1230 aliqua
1425 1161 1703 1217 contentio
1738 1175 1808 1215 ex
1853 1159 2027 1230 quali-

440 1269 653 1323 cunque
680 1262 833 1322 parte
866 1261 984 1306 orta
1014 1252 1172 1306 fuerit
1223 1266 1292 1306 ex
1337 1266 1529 1320 magna
1583 1265 1860 1321 parvaque
1903 1265 2026 1320 per-

440 1360 576 1399 sena
604 1351 882 1414 appareat,
911 1342 1054 1411 quod
1086 1343 1137 1395 in
1167 1354 1463 1411 conspecui
1508 1341 1833 1397 sanctissimi
1862 1341 2026 1396 vestri

444 1437 677 1504 pectoris
704 1436 755 1490 in
784 1435 1031 1506 pra-senti
1060 1434 1199 1489 facta
1228 1442 1384 1498 sunt,
1422 1434 1551 1488 utin
1584 1433 1764 1488 futuro
1795 1433 2015 1503 perenni

444 1540 686 1597 tempore
706 1524 855 1580 firma
879 1524 1249 1595 permaneant.
1268 1524 1325 1579 Si
1347 1525 1467 1595 quis
1495 1525 1638 1580 enim
1664 1525 1821 1580 aliter
1858 1526 2030 1595 egerit

442 1634 626 1689 quam,
659 1623 717 1671 ut
741 1631 901 1685 supra
930 1615 1128 1683 scripta
1156 1624 1310 1680 sunt,
1342 1615 1394 1670 ei
1423 1616 1830 1680 committimus,
1864 1616 1933 1670 ab
1960 1630 2027 1669 eo

440 1710 535 1781 qui
572 1710 741 1764 dixit:
775 1707 905 1762 Mihi
942 1707 1242 1772 vindictam,
1299 1716 1347 1760 et
1392 1722 1486 1779 ego
1533 1708 1857 1761 retribuam:
1888 1707 2030 1762 unde

2123 514 2305 583 itaque
2348 522 2606 569 aeternam
2651 523 3027 585 exspectantes
3072 515 3586 583 remunerationem,
3609 516 3701 572 tle-

2119 603 2392 658 crevimus
2440 603 2743 660 acclamare
2783 604 3087 675 praasentia,
3121 615 3184 660 ut
3223 619 3528 663 mereamur
3553 615 3707 662 aiter-

2122 710 2220 759 na,
2246 703 2304 750 et
2341 693 2458 751 sine
2487 694 2593 750 line
2621 709 2894 750 mansura.
2935 693 3005 749 Et
3040 694 3163 750 ideo
3208 703 3444 751 vestram
3473 696 3704 752 omnium

2122 785 2402 840 audientes
2448 785 2761 855 petitionem
2804 785 3218 855 conﬁrmamus,
3258 795 3421 856 atque
3470 785 3706 844 cedimus

2121 877 2274 934 vobis
2291 878 2354 932 ad
2371 890 2495 933 nom
2516 894 2565 932 'n
2587 879 2868 933 beatorum
2889 878 3260 948 apostolorum
3285 879 3430 936 Petri
3452 888 3510 935 et
3530 878 3702 948 Pauli,

2124 967 2396 1022 basilicam
2427 970 2585 1022 sitam
2615 968 2669 1023 in
2717 968 2889 1024 Bobio
2929 968 2984 1024 in
3014 967 3109 1025 Dei
3138 971 3359 1026 nomine
3389 971 3606 1026 licentia
3633 970 3711 1025 in—

2124 1060 2400 1115 liabitandi
2427 1068 2483 1115 et
2519 1059 2844 1130 possidendi.
2875 1060 3227 1116 Derernimus
3269 1062 3453 1132 itaque
3482 1060 3617 1116 lines
3643 1062 3706 1115 ab

2098 1153 2273 1227 gomni
2304 1161 2455 1222 parte
2498 1151 2734 1208 basilice
2774 1140 2940 1222 ipsius
2988 1152 3233 1207 milliaria
3280 1160 3535 1224 quatuor,
3578 1152 3714 1206 sicut

2129 1241 2385 1296 Dominus
2414 1242 2629 1310 genitor
2652 1249 2837 1296 uester
2873 1256 2972 1311 per
3000 1258 3156 1297 suum
3195 1251 3523 1312 praeceptum
3551 1242 3711 1296 beato

2127 1331 2460 1387 Columbano
2491 1326 2721 1387 instituit
2765 1332 2985 1388 habere.
3030 1333 3234 1388 Praeter
3272 1341 3478 1389 tantum
3510 1332 3712 1388 medie-

2129 1432 2293 1478 tatem
2324 1423 2489 1493 putei,
2523 1423 2665 1495 quod
2695 1424 2836 1479 idem
2866 1425 3081 1494 genitor
3120 1425 3365 1480 fundavit
3391 1425 3716 1482 venerabilis

2129 1513 2403 1568 memoria:
2428 1513 2526 1577 vir,
2548 1502 2816 1569 concessit
2841 1512 2925 1567 vel
2950 1513 3090 1581 ligna
3121 1512 3188 1568 ad
3219 1513 3360 1569 sales
3387 1513 3714 1583 coquendas,

2127 1600 2272 1670 quod
2298 1609 2352 1654 et
2377 1615 2475 1655 nos
2495 1600 2654 1654 simili
2684 1600 2846 1657 modo
2872 1602 3220 1658 concedimus
3250 1610 3413 1671 atque
3443 1603 3716 1656 firmamus

2130 1690 2531 1762 possidendum.
2572 1690 2829 1746 Similiter
2854 1691 3203 1762 Alpecellam,
3241 1709 3362 1763 qua:
3410 1693 3713 1764 appellatur

446 1779 565 1857 dum
593 1800 850 1857 chartula:
878 1799 992 1871 pari
1024 1804 1213 1853 tenore
1250 1797 1564 1867 subscripta:
1602 1784 1711 1867 prd
1731 1798 2028 1853 certissima
2061 1779 2104 1837 Β
2138 1782 2394 1871 Pennice,
2423 1782 2512 1837 ubi
2540 1782 2755 1838 domina
2785 1793 2842 1839 et
2875 1784 3106 1855 genitrix
3140 1797 3326 1841 ucstra
3353 1785 3721 1843 Theodolinda

447 1893 673 1948 veritate
692 1889 808 1945 fieri
830 1890 1095 1953 volumus,
1117 1903 1345 1956 quarum
1374 1904 1533 1942 unam
1557 1878 1610 1942 in
1633 1887 1861 1943 ecclesia
1887 1888 2032 1943 beati

450 1983 593 2039 Petri
619 1982 990 2054 apostolorum
1022 1980 1276 2049 principis
1316 1979 1575 2033 tradimus
1615 1978 2030 2044 observandam,

451 2077 675 2131 alteram
725 2073 880 2128 nobis
921 2070 1259 2134 retinuimns,
1304 2070 1608 2139 nostrisque
1634 2070 2037 2126 successoribus

447 2163 814 2226 retinendam,
860 2171 921 2216 ut
966 2160 1197 2215 diximus
1241 2161 1388 2215 omni
1432 2159 1776 2216 contentione
1806 2170 2032 2225 remota,

453 2257 780 2312 destruatur.
813 2254 923 2310 llas
949 2253 1220 2309 chartulas
1245 2251 1547 2308 ofiersionis
1575 2267 1708 2307 mea:
1737 2244 1898 2306 Petro
1944 2267 2035 2306 rc-

452 2348 842 2403 vercndissimo
888 2346 1117 2401 diacono
1163 2344 1477 2400 tradidimus
1522 2358 1646 2401 cum
1688 2338 2037 2415 stipulatione

451 2439 769 2494 solemniter
797 2437 1135 2507 interposita.

524 2529 717 2584 Actum
759 2529 811 2583 in
840 2528 1040 2596 palatio
1064 2527 1369 2594 Constant.,
1400 2528 1499 2584 sub
1527 2528 1614 2583 die
1644 2530 1801 2584 tertia
1842 2529 2040 2585 mensis

452 2619 792 2686 Novembris,
825 2619 1116 2676 indictione
1143 2636 1305 2691 supra
1333 2622 1531 2690 scripta
1561 2620 1805 2699 feliciter.
1846 2602 1857 2613 ί

525 2709 639 2780 Ego
664 2709 1032 2767 Columbauus
1068 2710 1153 2765 hic
1192 2709 1456 2766 chartulas
1502 2708 1807 2767 oifcrsiouis
1843 2724 1978 2765 meae
2006 2723 2040 2764 ι

453 2816 546 2858 me
574 2801 726 2858 factae
749 2810 900 2866 sunt,
941 2808 999 2854 et
1020 2800 1202 2854 relata}
1222 2809 1370 2854 sunt.

529 2892 643 2963 Ego
672 2891 977 2947 Bubuleuus
1006 2889 1306 2946 monachus
1326 2898 1381 2944 et
1410 2891 1682 2946 sacerdos.

528 2983 642 3053 Ego
672 2981 960 3037 Eunuchus
981 2980 1236 3037 sacerdos
1265 2990 1321 3037 et
1346 2982 1662 3036 monachus.

527 3074 642 3144 Ego
667 3073 971 3131 Domitialis
996 3073 1214 3129 buinilis
1251 3073 1388 3129 diac.
1420 3072 1611 3129 Scotto
1639 3082 1694 3127 et
1718 3073 2038 3131 monachus.

527 3168 642 3238 Ego
671 3167 958 3222 Evoneuus
980 3166 1232 3222 sacerdos
1259 3176 1317 3221 et
1344 3166 1663 3222 monachus.

529 3258 644 3330 Ego
673 3259 979 3314 Bobulenus
1005 3259 1302 3313 monachus
1328 3267 1385 3313 et
1412 3258 1689 3314 sacerdos.

530 3348 647 3419 Ego
675 3348 953 3416 Gurgazus
977 3359 1176 3414 genere
1204 3346 1488 3402 Bertonns.

533 3439 651 3520 1:330
681 3436 987 3494 Bonifacius
1015 3436 1542 3495 archiscrdtinarins.

532 3527 648 3599 Ego
678 3527 886 3583 Attalus
911 3527 1166 3584 sacerdos
1191 3526 1260 3582 de
1284 3540 1484 3595 genere
1520 3526 1880 3585 Francorum.

484 3638 503 3654 ί
536 3622 651 3692 Ego
680 3620 970 3678 Deusdedit
1007 3620 1381 3678 scrutinarius.

538 3715 648 3784 Ego
677 3713 998 3770 Meliaderus
1025 3712 1321 3785 prmsbyter
1345 3721 1401 3769 et
1429 3714 1743 3769 monachus.

539 3807 652 3875 Ego
682 3805 958 3862 Romanus
982 3804 1243 3862 diaconus
1269 3806 1481 3876 signum
1503 3805 1574 3859 al.
1602 3805 1671 3859 al.
1697 3806 1769 3859 al.

542 3896 709 3951 Leoni
729 3903 785 3949 et
809 3894 1068 3957 Simeoni,
1107 3902 1164 3950 et
1184 3894 1337 3950 Audo
1364 3904 1529 3950 testes
1565 3896 1773 3965 signum
1794 3896 1866 3949 al.
1891 3896 1962 3951 al.
1982 3897 2053 3950 al.

541 3986 732 4049 Leoni,
766 3983 1041 4038 Zacharias
1069 3982 1336 4053 Epiphoui
1364 3994 1551 4039 testes.

542 4076 657 4144 Ege
706 4074 898 4129 Petrus
941 4073 1235 4140 diaconos,
1283 4083 1341 4131 et
1383 4076 1622 4131 notarius
1671 4084 1872 4130 sancta:
1914 4077 2059 4135 sedis

472 4166 781 4240 apostolicae
801 4165 899 4219 has
919 4165 1195 4221 chartulas
1215 4166 1517 4223 otl'ersionis
1540 4169 1751 4240 scripsi,
1772 4174 2056 4243 publicavi,

471 4256 745 4329 complevi
773 4263 830 4311 et
853 4253 996 4311 dedi.

1201 4343 1291 4398 Ill.

2133 1868 2524 1941 glo'i'iosissima
2554 1873 2739 1942 regina
2762 1875 2832 1930 ob
2857 1888 3098 1930 amorem
3129 1875 3296 1945 patris
3316 1877 3489 1931 nostri
3505 1875 3722 1932 Colum-

2134 1963 2261 2018 bani
2290 1962 2532 2017 ascendit
2561 1963 2627 2016 ad
2657 1963 2835 2035 locum
2875 1964 3034 2019 istum
3064 1966 3488 2035 praevidendum.
3519 1966 3716 2022 Postu-

2136 2051 2269 2107 lavit
2313 2067 2343 2106 a
2372 2052 2528 2109 nobis
2565 2060 2624 2108 ut
2671 2054 2724 2108 in
2752 2062 2932 2111 vestro
2975 2065 3164 2111 sancto
3192 2057 3721 2128 monasterieipsam

2136 2143 2556 2199 concederemus
2584 2145 2929 2216 Alpecellam,
2968 2149 3111 2219 quod
3137 2157 3193 2204 et
3229 2165 3329 2207 nos
3369 2150 3536 2220 ipsius
3564 2165 3723 2219 roga-

2139 2238 2341 2293 tionem
2387 2237 2671 2294 audicntcs
2718 2237 2903 2292 libenti
2950 2239 3130 2293 animo
3177 2238 3513 2296 decrevimus
3558 2239 3721 2301 dare,

2138 2329 2430 2397 datumque
2457 2328 2511 2383 in
2558 2338 2876 2399 perpetuum
2904 2329 3074 2391 vobis,
3108 2337 3164 2384 et
3208 2329 3301 2398 qui
3352 2339 3478 2400 post
3524 2346 3627 2386 vos
3653 2330 3724 2385 ibi

2141 2420 2252 2475 Deo
2278 2421 2553 2475 militaturi
2584 2418 2798 2484 fuerint,
2829 2421 3076 2476 volumus
3106 2436 3443 2492 permanere.
3488 2422 3723 2495 Ideoque

2140 2523 2395 2568 mternam
2436 2529 2539 2568 nos
2581 2514 2985 2570 considerantes
3023 2511 3433 2571 retributionem
3480 2531 3580 2587 per
3628 2516 3729 2572 hoc

2140 2606 2424 2677 potestxtis
2459 2615 2660 2663 nostrae
2698 2618 3024 2678 pratceptum
3054 2608 3439 2664 confirmamus
3468 2609 3522 2664 in
3545 2619 3727 2664 vestro

2142 2707 2330 2754 sancto
2358 2698 2688 2754 monasterio
2716 2699 2801 2754 vel
2829 2709 3019 2754 vestra:
3041 2700 3403 2757 venerationis
3426 2700 3538 2768 jam
3566 2713 3731 2770 super

2142 2788 2229 2858 ius
2255 2789 2571 2844 terminatos
2597 2787 2734 2845 ﬁnes
2759 2804 2880 2845 cum
2912 2790 3025 2860 ipsa
3055 2790 3329 2861 Alpecella
3367 2799 3552 2846 monte
3580 2788 3721 2846 Pen-

2146 2879 2265 2934 nice
2304 2894 2430 2934 cum
2471 2878 2664 2935 finibus
2704 2880 2815 2935 suis
2862 2888 3212 2950 percurrente
3257 2896 3358 2955 per
3401 2884 3548 2951 ipsos
3596 2881 3730 2936 fines

2144 2984 2313 3039 usque
2343 2969 2396 3025 in
2425 2980 2576 3040 petra
2604 2968 2674 3026 de
2698 2968 2915 3040 Gragio,
2948 2972 3179 3042 indeque
3204 2980 3513 3028 reverteute
3541 2973 3731 3029 subtus

2146 3070 2299 3132 petra
2322 3059 2574 3121 Pedenna
2621 3062 2675 3116 in
2699 3071 2884 3119 causta
2932 3071 3222 3133 antequam
3282 3064 3634 3134 perveniatur
3676 3062 3729 3117 in

2069 3129 2117 3193 (ἶ
2147 3129 2298 3225 petra
2340 3154 2408 3210 de
2454 3154 2656 3223 Digna,
2712 3161 2771 3208 et
2816 3153 3011 3209 exinde
3052 3129 3151 3225 per
3187 3129 3360 3225 ipsam
3385 3154 3497 3223 jam
3532 3153 3735 3209 dictam

2148 3254 2356 3303 costam
2384 3258 2552 3312 usque
2580 3244 2633 3298 in
2663 3241 2829 3299 ﬂuvio
2853 3242 3062 3300 Trevia:
3092 3259 3188 3312 per
3224 3254 3438 3302 nostras
3464 3245 3741 3301 recentio-

2155 3352 2245 3393 res
2287 3335 2469 3405 apices
2508 3332 2800 3390 identidem
2833 3334 3214 3405 possidendum
3242 3335 3387 3391 dono
3433 3345 3625 3391 nostro
3653 3334 3741 3391 ﬁr~

2151 3441 2382 3482 mantus.
2425 3423 2700 3492 Quatenus
2734 3423 2992 3496 deinceps
3018 3425 3196 3483 nullus
3222 3416 3294 3482 ei
3330 3424 3620 3494 iudicibus,
3646 3439 3741 3480 co-

2153 3517 2397 3581 mitibus,
2463 3515 2770 3585 gastaldiis,
2828 3516 2914 3571 vel
2966 3517 3248 3586 agentibus
3298 3517 3496 3573 nostris
3544 3515 3744 3571 exinde

2157 3611 2398 3665 minuere
2424 3616 2717 3681 praesumat
2752 3607 2972 3677 aliquid,
2999 3607 3096 3664 sed
3124 3622 3208 3675 ea,
3237 3623 3358 3677 qua:
3383 3607 3496 3663 Deo
3522 3605 3747 3676 auspice

2155 3699 2483 3755 contulimus
2512 3699 2565 3753 in
2614 3699 2732 3767 ipso
2760 3708 2948 3754 sancto
2991 3713 3055 3754 ac
3083 3698 3392 3753 venerando
3438 3698 3586 3763 loco,
3641 3706 3745 3751 tam

2159 3786 2479 3842 felicissimis
2507 3787 2708 3840 nostris
2739 3785 3092 3856 temporibus,
3126 3801 3286 3855 quam
3317 3785 3479 3841 etiam
3512 3795 3570 3841 et
3599 3785 3746 3840 futu-

2159 3877 2235 3933 ris
2262 3876 2438 3932 stabili
2467 3877 2655 3931 ordine
2686 3876 2801 3945 ipse
2828 3886 3050 3933 sanctus
3072 3876 3243 3943 locus,
3274 3878 3360 3933 vel
3389 3887 3481 3932 tua
3510 3877 3747 3932 beatitu-

2161 3968 2255 4035 do,
2280 3984 2376 4022 seu
2398 3968 2487 4035 qui
2508 3966 2790 4023 decedenti
2821 3974 3063 4038 tempore
3090 3968 3184 4023 tibi
3207 3968 3369 4024 fuerit
3393 3982 3746 4026 successurus

2162 4058 2545 4114 inviolabiliter
2570 4057 2857 4113 valeamini
2906 4059 3205 4128 possidere.
3251 4057 3330 4115 Ex
3369 4059 3516 4116 dictu
3544 4060 3747 4115 domini

2162 4144 2339 4216 regis,
2388 4156 2444 4202 et
2489 4162 2558 4201 ex
2605 4147 2753 4201 dictu
2783 4147 3019 4221 Agiderii
3058 4150 3255 4205 notarii
3302 4149 3600 4220 subscripsi
3649 4163 3750 4219 ego

2164 4254 2322 4310 pron.

2238 4327 2430 4382 Datum
2471 4326 2660 4384 Ticino
2690 4329 2742 4383 in
2792 4328 2995 4399 palatio
3025 4320 3127 4385 sub
3174 4328 3262 4386 dic
3314 4329 3347 4384 8
3387 4329 3751 4386 Kalendarqu

474 4460 817 4531 ςοηβηηαιίο
867 4457 1152 4530 supradicti
1196 4458 1450 4530 prim-legi;
1502 4460 1565 4514 ab
1612 4461 1869 4520 Αάίυαιάο
1918 4482 2057 4537 πρε.
2092 4420 2600 4544 “2123:2311qu
2619 4421 2910 4478 felicissimi
2958 4422 3110 4491 regni
3153 4424 3325 4480 nostri
3350 4424 3405 4492 6,
3458 4424 3753 4479 indictione

552 4568 763 4623 Flavius
791 4568 1080 4623 Adivaldus
1107 4568 1589 4626 excellentissimus
1609 4588 1704 4627 rex
1728 4578 2057 4633 monasterio

480 4658 911 4713 beatissimorum
957 4657 1324 4725 apostolorum
1371 4656 1515 4715 Petri
1565 4669 1623 4717 ct
1672 4660 1823 4720 Pauli
1869 4666 1976 4721 sito
2005 4667 2061 4724 ilt

481 4748 712 4815 Ebobio,
735 4758 790 4801 et
816 4746 957 4803 \’.B.
988 4747 1252 4802 Attalatue
1279 4749 1403 4803 abb.
1429 4758 1484 4805 et
1512 4754 1760 4809 omnibus
1785 4757 2057 4814 incoachis

481 4841 618 4908 ejus.
650 4836 785 4892 Dum
813 4836 1114 4893 devotionis
1141 4854 1305 4893 causa
1349 4857 1447 4910 pro
1490 4845 1689 4899 nostris
1734 4846 2063 4905 facinoribus

480 4928 873 5002 deprecandam
904 4928 1186 4983 beatorum
1214 4934 1582 4999 apostolorum
1614 4936 1793 4990 aulam
1821 4939 2063 4995 venisse-

484 5034 623 5089 mus,
658 5022 819 5077 dbibo
847 5037 1008 5076 mem.
1035 5031 1189 5092 pater
1212 5032 1396 5077 noster
1419 5024 1669 5080 dominus
1696 5026 2064 5086 Columbauus

482 5131 713 5187 corpore
740 5113 987 5184 Quiescit.
1035 5113 1186 5182 petiit
1229 5114 1384 5168 nobis
1414 5123 1502 5169 tua
1534 5118 1831 5184 veneratio,
1859 5122 2063 5176 οωιιίδ-

483 5221 591 5275 que
631 5203 793 5260 simul
830 5217 1111 5259 servorum
1150 5200 1245 5257 Dei
1294 5204 1435 5257 alma
1463 5208 1831 5275 congregatio,
1875 5219 1931 5264 et
1957 5228 2069 5281 pne

484 5293 734 5351 manibus
779 5291 1089 5347 ostendistis
1135 5291 1291 5347 nobis
1337 5304 1663 5364 praeceptum
1709 5295 1962 5365 Domini',
2013 5311 2069 5356 et

482 5387 739 5455 genitoris
771 5386 939 5440 nostri
967 5384 1179 5454 Agilulli
1207 5386 1370 5456 regis,
1400 5388 1888 5460 continebaturque
1916 5394 1969 5447 in
2001 5409 2069 5449 eo

481 5477 628 5550 quod
651 5478 862 5547 genitor
890 5488 1075 5532 uoster
1104 5477 1281 5532 locum
1330 5478 1491 5534 istum
1529 5480 1691 5537 beato
1730 5479 2066 5542 Columbano

483 5569 780 5623 tradiderat
806 5567 874 5621 ad
904 5566 1331 5635 inhabitantium,
1360 5579 1414 5622 ct
1443 5570 1822 5639 posstdcndum
1852 5574 1971 5641 sibi,
2017 5585 2072 5630 et

488 5661 579 5728 qui
613 5668 737 5728 post
775 5660 945 5729 ipsum
977 5667 1240 5731 perpetuo
1270 5657 1498 5716 Domino
1526 5663 1656 5719 inibi
1684 5666 2071 5725 desserviexint

491 5768 590 5826 pro
619 5751 881 5824 tempore,
910 5752 1058 5824 quod
1084 5763 1140 5809 et
1166 5769 1269 5811 nos
1288 5754 1448 5811 simul
1473 5756 1657 5827 tundo,
1691 5768 1749 5815 ut
1774 5760 2009 5820 facerem
2047 5783 2073 5821 s

2168 4513 2202 4566 9
2232 4511 2478 4567 feliciter.

2870 4579 2959 4636 IV.

2376 4676 2552 4730 Altera
2569 4672 2908 4744 Confirmatio
2936 4673 3219 4745 supradicti
3259 4674 3537 4746 privilegii.

2236 4766 2451 4823 Flavius
2479 4766 2804 4835 Adjuvaldus
2819 4764 3297 4824 excellentissimus
3315 4782 3413 4822 rex
3436 4764 3756 4821 venerabilis

2166 4856 2457 4926 Bertuipbo
2482 4855 2683 4921 abbati,
2714 4856 2795 4911 vel
2835 4856 3084 4911 omnibus
3140 4857 3419 4912 monachis
3469 4856 3755 4927 cjuspiam,

2168 4946 2323 5002 nobis
2343 4947 2608 5002 credimus
2645 4948 2712 5002 ab
2760 4948 3116 5017 omnipotenti
3150 4947 3381 5003 Domino
3430 4949 3759 5027 \vicissithi-

2169 5056 2291 5096 nem
2318 5042 2739 5111 recompensari,
2766 5043 2808 5095 si
2838 5040 3150 5098 sacerdotes
3177 5057 3230 5097 ιη
3261 5055 3427 5110 regno
3452 5052 3641 5096 nostro
3669 5056 3757 5094 sa-

2170 5130 2308 5187 lubri
2337 5131 2678 5188 ordinatione
2704 5131 2815 5188 Dec
2847 5149 2942 5188 sua
2975 5133 3242 5187 valuerint
3286 5142 3412 5187 Vula
3458 5132 3756 5202 complere.

2174 5221 2405 5292 Ideoque
2432 5223 2571 5278 sicut
2617 5223 2802 5293 pietati
2849 5232 3049 5278 nostrae
3078 5221 3339 5281 Dominus
3368 5220 3632 5293 Agilulfus
3663 5237 3757 5276 rex

2171 5314 2383 5383 genitor
2415 5324 2600 5369 noster
2647 5329 2763 5379 vos,
2804 5317 2889 5368 vel
2922 5329 3273 5385 praecessores
3303 5324 3531 5379 vrstros,
3562 5327 3761 5370 sanczzc

2174 5419 2446 5465 memorat:
2475 5404 2693 5460 domino
2737 5404 3090 5472 Columbano,
3121 5407 3206 5461 vel
3229 5406 3420 5462 Attalo;
3477 5406 3763 5461 abbatibus

2174 5492 2325 5549 Bobii
2356 5493 2424 5547 ad
2458 5494 2757 5557 basilicam,
2792 5494 2935 5550 beati
2981 5511 3047 5550 ac
3080 5496 3339 5567 principis
3390 5497 3763 5566 apostolorum

2180 5585 2321 5639 Petri
2346 5585 2613 5641 concessit
2632 5585 2977 5640 habitandum
3006 5602 3102 5657 per
3122 5589 3225 5644 hoc
3243 5590 3494 5659 generale
3516 5596 3765 5643 nostrum

2176 5688 2500 5746 praeceptum
2523 5672 2767 5743 cedimus
2789 5675 2940 5731 vobis
2955 5676 3023 5731 ad
3048 5677 3208 5732 limen
3232 5679 3372 5734 beati
3390 5664 3534 5733 Petri
3562 5676 3767 5732 ibidem

2178 5766 2233 5822 iu
2247 5765 2343 5822 Dei
2357 5765 2574 5823 nomine
2593 5764 2830 5835 licentia,
2846 5766 3119 5824 habitandi
3131 5776 3186 5824 et
3205 5768 3513 5841 possidendi
3528 5767 3770 5839 undique
