3932 6184
281 364 395 421 52.5

818 361 878 417 S.
911 358 1207 415 ALI‘HANI
1249 356 1737 413 BENEVENTANi
1778 356 2080 415 EPISCUPl
2122 358 2403 413 CIIARTA
2446 360 3047 421 RENUNTIATIONIS.
3466 354 3568 423 3-3.6

280 480 420 535 ﬁnes
444 476 788 531 decernimus
815 474 953 528 sicut
976 488 1006 527 a
1043 473 1288 534 Domino,
1315 481 1371 526 et
1397 473 1641 539 genitore
1670 479 1875 533 nostro,
1906 479 1957 537 Α
1987 485 2154 538 usque
2202 471 2254 525 in
2286 480 2437 540 petra
2467 471 2535 526 de
2562 472 2778 542 Gragio,
2810 484 2864 529 et
2892 476 3087 531 exinde
3113 475 3301 531 subtus
3326 489 3478 547 petra
3507 483 3576 535 de

279 578 484 624 sancta:
506 564 779 620 memorias
807 562 1026 617 domino
1051 561 1403 623 Columbano,
1419 560 1503 614 vel
1527 559 1718 613 Attalte
1747 574 1883 612 con-

278 672 520 721 cessum,
534 656 617 709 vel
640 653 895 707 traditum
925 650 1027 704 fuit
1045 650 1113 703 ab
1136 650 1282 703 omni
1312 657 1465 718 parte
1485 664 1580 718 per
1599 648 1882 703 circuitum

282 750 516 805 milliara
537 754 793 816 quatuor,
813 759 906 800 seu
931 742 1096 807 culto,
1112 741 1197 796 vel
1224 742 1448 805 inculto,
1469 746 1661 810 praeter
1677 746 1881 793 tantum

282 841 634 895 medietatem
665 836 835 905 putei,
868 833 1121 904 quodque
1149 833 1382 887 suaserit
1427 832 1679 887 decessor
1705 839 1760 884 et
1788 844 1883 899 ge-

280 930 429 984 nitor
451 937 637 982 noster
665 924 929 995 Agilull‘us
952 938 1050 977 rex
1078 922 1367 986 concessit,
1396 922 1480 977 vel
1511 921 1652 989 ligna
1706 921 1772 974 ad
1802 921 1883 974 in-

281 1018 625 1074 cendendum
655 1016 783 1069 inibi
811 1014 876 1068 ad
906 1015 1048 1068 sales
1097 1013 1428 1081 coquendas.
1483 1011 1591 1066 Sed
1641 1019 1695 1065 et
1736 1012 1881 1080 quod

284 1111 440 1163 Vultis
470 1124 498 1161 a
525 1108 769 1162 Russone
795 1122 895 1177 p:o
932 1106 1244 1169 donatione,
1296 1112 1460 1173 atque
1507 1119 1630 1159 cum
1678 1103 1883 1157 ditione

280 1201 464 1254 evenit
485 1206 548 1254 ea
571 1200 713 1253 dono
737 1206 921 1252 nostro
940 1196 994 1249 in
1025 1202 1211 1249 vestro
1238 1193 1567 1247 monasterio
1592 1192 1884 1247 conlirma-

280 1307 443 1355 mus;
476 1290 569 1344 sed
596 1290 757 1343 etiam
788 1289 920 1342 lines
951 1286 1090 1351 illos,
1119 1300 1257 1355 quos
1286 1284 1532 1354 superius
1578 1284 1881 1338 nominavi-

1988 559 2199 615 Pedena
2231 562 2284 616 in
2333 572 2481 617 costa
2511 573 2795 632 antequam
2830 568 3173 635 perveniatur
3212 569 3279 622 ad
3310 570 3488 639 digna,
3519 579 3577 627 et

1988 653 2267 723 pet-ipsam
2294 664 2501 709 costam
2527 669 2691 725 usque
2725 656 2776 709 in
2805 657 2964 713 llurio
2989 658 3210 713 Treviro.
3239 660 3579 731 Quapropter

1985 746 2174 800 dantes
2204 746 2257 799 in
2288 747 2553 802 mandatis
2581 748 2831 802 omnibus
2872 749 3114 813 ducibus,
3163 753 3444 821 gastaldis,
3477 768 3574 807 seu

1985 835 2295 889 actionariis
2336 836 2552 899 nostris,
2605 849 2660 890 ut
2710 838 2891 892 nullus
2941 854 3129 893 eorum
3184 852 3372 895 contra
3431 842 3572 896 hanc

1985 924 2237 993 prazcepti
2280 926 2449 980 nostri
2491 927 2739 996 paginam
2782 928 2861 981 ire
2899 929 3220 997 quandoque
3266 943 3573 999 praesumat.

1983 1014 2259 1079 Quatenus
2286 1032 2382 1083 pro
2409 1017 2603 1080 salute,
2630 1026 2685 1071 et
2712 1018 3005 1072 stabilitate
3030 1020 3175 1087 regni
3209 1021 3378 1074 nostri
3398 1022 3574 1075 domi-

1984 1123 2111 1159 num
2146 1106 2370 1163 valentis
2395 1106 2483 1162 die
2509 1123 2572 1162 ac
2602 1118 2760 1163 nocte
2784 1109 3097 1178 deprecare.
3125 1110 3323 1178 Scripsi
3346 1125 3444 1180 ego
3474 1110 3579 1164 llo-

1987 1214 2087 1253 nus
2115 1199 2378 1253 notarius.
2790 1242 2795 1247 .

2060 1287 2253 1341 Datum
2276 1287 2454 1357 Papia:
2478 1290 2529 1343 in
2553 1290 2751 1359 palatio
2776 1290 2876 1345 sub
2904 1290 2989 1345 die
3020 1290 3086 1343 16
3110 1292 3306 1347 mensis
3332 1292 3577 1361 Augusti,

280 1396 430 1446 mus,
465 1381 702 1436 basilica:
730 1379 874 1435 beati
904 1377 1049 1433 Petri
1070 1377 1155 1433 vel
1180 1377 1335 1431 vobis
1354 1377 1634 1431 tribuimus
1657 1375 1887 1429 habendi
1918 1371 1965 1429 B
1996 1390 2138 1430 anno
2161 1377 2310 1444 regni
2342 1379 2509 1431 ilOaili
2538 1379 2761 1433 feliciter
2791 1381 2843 1445 7,
2878 1380 3170 1435 indictione
3200 1381 3284 1434 10.

300 1555 315 1599 Ι
346 1548 1419 1602 EM—m-ﬁ—
1440 1547 2833 1596 §-*Em“_m_,__
3222 1555 3287 1560 -ν-
3408 1556 3433 1561 ⁸

1598 1696 1768 1737 ANNO
1815 1694 2042 1736 DOMINI
2094 1695 2288 1737 DCXV.

654 1978 1435 2162 SANCT
1466 1999 1749 2159 US
1884 1998 3219 2180 ALPHANUSt

1366 2222 2039 2333 SBENEVENTANUS
2084 2258 2527 2332 EPISCOPUS.

852 2576 1351 2664 NOTITIA
1424 2575 2077 2660 HISTORICA
2130 2576 2253 2659 IN
2312 2572 3016 2663 ALPHANUM.

1893 2742 1982 2759 _

1413 2831 1653 2895 (Ughelli,
1682 2831 1817 2881 Italia
1841 2830 2016 2889 Sacra,
2045 2842 2079 2881 ι.
2109 2832 2241 2895 νιιι,
2271 2849 2321 2896 p.
2351 2834 2450 2898 18.)

370 3008 662 3079 Alphanus.
692 3008 1079 3063 Beneventame
1129 3004 1371 3061 ecclesiae
1411 3003 1715 3074 episcopus,
1748 3003 1885 3056 vixit

285 3116 438 3155 anno
450 3100 646 3154 Christi
666 3099 790 3167 615,
813 3099 967 3154 ducis
984 3098 1191 3154 Arichis
1208 3097 1363 3167 primi
1381 3096 1880 3152 Beueventanorum

285 3208 441 3246 anno
470 3191 569 3257 2i;
599 3192 744 3263 quod
787 3192 1010 3260 ἱηιειίίεἰ
1057 3196 1242 3260 potest
1268 3204 1337 3244 ex
1382 3188 1709 3244 documento
1738 3187 1884 3255 ejus-

286 3282 421 3333 dem
463 3280 689 3351 Alphani
732 3280 1145 3336 renuntiationis
1186 3279 1389 3350 jurium
1429 3278 1678 3333 ecclesiae
1706 3277 1884 3333 sancti

287 3372 545 3434 Martini,
596 3372 747 3440 cujus
792 3372 952 3425 verba
1001 3371 1138 3426 infra
1192 3370 1439 3439 eXposita
1488 3377 1702 3425 exstant
1740 3368 1885 3440 apud

290 3462 504 3515 Chron.
524 3461 733 3517 Sancttc
761 3462 993 3531 Sophim.
1690 3446 1693 3447 ν

370 3553 594 3608 ludictio
635 3563 691 3608 et
733 3554 941 3623 epocba
983 3568 1245 3607 annorum
1276 3552 1503 3607 ducatus
1546 3549 1758 3605 Aricbis
1788 3564 1887 3619 op-

292 3651 536 3712 portune
563 3643 615 3698 in
647 3642 749 3699 hoc
786 3644 1114 3698 documento
1144 3642 1289 3698 cadit
1335 3642 1389 3696 in
1429 3656 1571 3697 anno
1601 3639 1725 3694 6l5.
1778 3640 1887 3696 lle-

1992 3015 2159 3070 gnare
2186 3004 2353 3073 coepit
2402 3007 2608 3061 Arichis
2647 3009 2851 3078 primus
2895 3015 3018 3078 post
3062 2974 3345 3076 Zoionem,
3390 3008 3583 3063 salutis

1992 3111 2135 3151 ιιιιιιο
2174 3096 2298 3151 591.
2333 3096 2502 3153 Porro
2530 3100 2757 3155 ecclesia
2804 3100 2891 3153 illa
2921 3100 3092 3155 sancti
3142 3100 3352 3154 Martini
3393 3100 3461 3153 ab
3486 3101 3577 3152 Al-

1993 3187 2175 3257 pliano
2214 3188 2463 3245 immunis
2493 3188 2632 3243 facta
2660 3191 2820 3245 cessit
2868 3198 2991 3259 pOst
3034 3204 3205 3244 annos
3234 3188 3491 3258 plurimos
3522 3189 3578 3242 in

1992 3279 2376 3348 proprietatem
2420 3282 2629 3335 etnaobi
2673 3292 2873 3335 sancta:
2917 3280 3166 3349 Sophim,
3217 3279 3358 3333 unde
3409 3279 3582 3342 ipsum

1993 3370 2221 3439 Alphani
2266 3370 2646 3427 documentum
2677 3372 2817 3426 inter
2864 3372 2968 3425 alia
3011 3370 3336 3439 exscriptum
3380 3368 3478 3420 fuit
3525 3368 3579 3421 in

1994 3460 2264 3532 Sophiana
2292 3463 2582 3531 Chronica,
2613 3480 2733 3534 qua:
2771 3464 3001 3536 Alphani
3027 3463 3341 3519 memoriam
3373 3462 3439 3515 ad
3468 3475 3578 3531 po-

1994 3562 2171 3610 steros
2196 3556 2532 3624 perennavit.

1133 3848 1819 4013 sanie-rx
1894 3899 2754 4012 numam

1567 4104 2010 4157 BENEVENTANI
2045 4108 2353 4173 EPISCOPI,

455 4256 859 4389 CHARTA
892 4178 1771 4381 RENUNTIATIONIS
1822 4255 2207 4382 JURIUM
2260 4256 2740 4386 EGCLESIIE
2795 4260 2883 4385 s.
2928 4258 3418 4386 MARTlNl.

373 4587 437 4641 In
478 4583 697 4639 nomine
738 4580 951 4635 Domini
998 4579 1167 4635 nostri
1214 4576 1341 4633 Jcsu
1392 4575 1610 4639 Christi,
1668 4574 1894 4643 ejusque
1924 4555 1968 4616 Ο
2003 4574 2158 4639 siam,
2206 4584 2263 4629 ut
2290 4590 2397 4629 non
2429 4576 2732 4646 presbyter,
2777 4575 3056 4641 diaconus,
3101 4575 3185 4629 vel
3229 4576 3593 4633 subdiaconus

302 4676 661 4733 sanctissima:
690 4670 1003 4725 Genitricis.

378 4764 738 4835 Temporibus
764 4761 964 4817 domini
992 4760 1090 4814 viri
1114 4757 1484 4828 gloriosissimi
1518 4753 1726 4809 Arichis
1754 4769 1899 4809 sum—

305 4862 382 4915 mi
438 4859 592 4914 ducis
652 4856 826 4925 gentis
877 4851 1383 4921 Langobardorum,
1442 4863 1584 4901 anno
1642 4847 1898 4915 vigesimo

310 4960 504 5021 quarto
542 4946 916 5017 gloriosissimi
945 4945 1188 5009 ducatus,
1222 4941 1312 5010 qui
1345 4954 1529 4994 mense
1570 4939 1782 5007 Martio,
1814 4938 1899 4992 in-

310 5043 547 5095 dictione
572 5048 764 5107 quarta
786 5038 1048 5090 lirmatus.

385 5132 494 5188 Nos
529 5132 777 5186 dominus
822 5130 903 5182 vir
954 5128 1299 5183 beatissimus
1344 5125 1502 5194 hujus
1548 5123 1899 5179 sanctISsime

310 5225 456 5281 sedis
498 5223 893 5278 Beneventanze
942 5220 1222 5289 Alphanus
1267 5217 1739 5272 reveremlissimus
1788 5215 1901 5285 epi-

314 5332 535 5388 scoptts,
581 5316 654 5369 ob
697 5313 1022 5368 solutionem
1053 5310 1295 5366 ecclesia:
1322 5309 1492 5363 sancti
1519 5307 1753 5370 Martini,
1806 5306 1903 5359 tibi

317 5404 687 5461 Trasemundo
723 5403 1091 5467 SchulJacbis,
1118 5403 1348 5472 qualiter
1374 5412 1431 5454 tu
1462 5399 1736 5454 nominate
1766 5399 1897 5451 Tra-

315 5500 564 5554 simunde
606 5498 772 5566 ipsam
802 5496 997 5564 saepius
1024 5495 1221 5550 dictam
1247 5493 1528 5548 ecclesiam
1559 5508 1589 5545 a
1619 5507 1761 5547 novo
1787 5491 1906 5545 fun-

317 5590 552 5653 damine.
602 5602 771 5659 usque
809 5588 875 5642 ad
906 5587 1116 5641 culmen
1149 5583 1573 5641 consecrationis
1610 5582 1907 5652 perduceze

318 5685 460 5736 risus
495 5696 554 5735 es
599 5680 652 5733 in
682 5687 774 5734 tuo
803 5678 1023 5749 proprio
1058 5676 1350 5740 territorio,
1393 5675 1516 5730 loco
1560 5674 1652 5744 qui
1684 5684 1908 5729 vocatur

318 5772 745 5835 Morisbonionis,
792 5770 884 5839 qui
912 5783 1033 5826 esse
1064 5767 1274 5822 videtur
1308 5767 1360 5821 in
1405 5766 1613 5821 Buente
1634 5766 1781 5830 loco,
1815 5780 1907 5819 ca-

317 5863 511 5917 nonica
574 5862 785 5917 ratione
834 5860 1163 5918 absolvimus
1205 5874 1324 5915 eam
1375 5858 1686 5930 prxdictam
1732 5856 1906 5914 eccle-

2005 4662 2200 4717 habeat
2251 4673 2572 4733 potestatem
2610 4681 2730 4720 eam
2776 4665 3009 4719 dandam
3043 4666 3094 4719 in
3138 4667 3386 4735 plebutea
3433 4678 3593 4737 parte

2003 4770 2125 4811 erse
2167 4756 2474 4823 voluerunt,
2529 4764 2624 4811 aut
2667 4757 3104 4821 subtrahendam,
3154 4771 3248 4827 per
3297 4758 3593 4826 quemlibet

2006 4846 2237 4908 titulum,
2296 4856 2524 4918 excepto
2569 4850 2914 4917 presbytero,
2968 4864 3128 4916 quem
3192 4858 3269 4913 tu,
3316 4848 3595 4902 nomitrato

2004 4934 2374 4999 Trasimunde,
2418 4936 2502 4990 vel
2530 4938 2604 4989 tui
2635 4937 2871 4991 haeredes
2910 4952 3006 5006 per
3033 4946 3298 5005 tempora,
3339 4936 3592 4989 ordinare

2010 5026 2253 5091 solveris,
2293 5027 2407 5095 ipsa
2448 5028 2559 5096 jam
2587 5028 2727 5081 facta
2752 5028 3002 5092 ecclesia,
3058 5027 3229 5088 nobis,
3279 5025 3362 5078 vel
3391 5025 3593 5100 nostris

2010 5118 2408 5172 successoribus
2434 5119 2485 5171 in
2518 5120 2849 5171 nominatam
2877 5126 3115 5171 sanctam
3141 5113 3321 5169 sedem
3353 5121 3591 5167 nostram

2012 5207 2253 5277 pervenit
2291 5207 2710 5272 consecrandus,
2758 5206 3055 5262 secundum
3104 5202 3419 5259 canonicam
3466 5216 3592 5255 sau-

2011 5298 2275 5352 ctionem;
2300 5313 2421 5351 nam
2444 5298 2602 5351 aliam
2625 5297 2825 5350 nullam
2847 5310 3023 5349 rerum
3048 5296 3242 5348 haheat
3272 5300 3592 5361 potesratem

2011 5390 2172 5445 dandi
2204 5405 2288 5453 ea,
2338 5405 2513 5458 neque
2540 5406 2569 5443 a
2599 5404 2685 5443 me
2723 5389 2968 5458 Alphano
3016 5386 3225 5441 Domini
3265 5383 3436 5454 gratia
3474 5383 3593 5453 epi-

2009 5497 2195 5551 scopo,
2226 5496 2400 5550 neque
2436 5485 2488 5536 in
2517 5481 2747 5551 posteris
2778 5482 2911 5533 meis
2940 5493 3209 5547 nunquam
3262 5475 3464 5531 habeas
3493 5476 3594 5529 ali-

2010 5574 2225 5641 quando
2254 5573 2485 5641 aliquatn
2525 5572 2950 5640 requisitionetn,
2997 5578 3087 5622 aut
3115 5568 3592 5637 reprehensionem

2011 5664 2078 5719 de
2109 5667 2210 5719 hac
2239 5680 2357 5719 mea
2387 5664 2759 5739 εὺδοιυιιοιιες
2797 5661 2891 5715 sed
2923 5675 2987 5715 ex
3036 5674 3200 5727 nunc,
3236 5667 3291 5715 et
3320 5672 3490 5727 usque
3541 5658 3596 5711 in

2010 5757 2284 5827 perpetuis
2314 5756 2663 5826 temporibus,
2712 5752 2940 5823 qualiter
2985 5752 3231 5822 superius
3270 5751 3483 5821 legitur,
3539 5751 3596 5803 in

2012 5856 2125 5925 ipsa
2141 5854 2350 5910 ratione
2363 5865 2677 5924 permanere
2695 5849 2872 5907 valeat
2895 5850 3007 5920 ipsa
3039 5848 3313 5905 uouiinata
3341 5844 3595 5902 ecclesia.
