3978 6182
357 234 461 293 551

1294 226 1369 280 ~s.
1404 184 1789 280 ‘AiLi’IitMth
1829 218 2356 282 SCOTO-HIBERNI
2400 222 2690 279 ABBATIS

3513 232 3608 289 532

360 359 490 418 terp.
516 361 655 402 nom.
682 384 697 410 ,
728 344 791 397 de
815 339 1006 403 Exod,
1035 336 1222 403 Nam,
1251 335 1479 407 ludia),
1507 335 1601 406 qui
1629 334 1762 390 dicit
1786 352 1798 388 :
1820 332 1938 388 Ne-
1972 347 2018 403 Α
2046 332 2136 411 sed
2176 350 2279 388 non
2324 332 2513 388 multos
2563 340 2777 403 patres;
2809 346 2930 384 nam
2992 347 3047 384 tn
3095 330 3334 388 Cuals'ro
3382 332 3510 390 Isso
3546 355 3623 407 per

361 458 444 496 mo
473 438 607 495 tollit
632 436 861 491 animam
900 446 1065 484 meam
1088 446 1121 483 a
1151 445 1231 484 me
1248 430 1362 499 ipso
1392 428 1575 501 (Joan.
1607 427 1802 499 ι,ε18).
1828 426 1902 481 Et
1926 443 1942 481 :

361 531 423 588 Si
443 532 515 586 vis
544 530 597 582 in
619 527 777 581 vitam
804 523 998 589 venire,
1019 536 1164 575 serva
1184 519 1433 573 mandata
1458 518 1674 584 (Matth.
1697 533 1811 582 xix,
1836 516 1947 587 17).

429 618 486 674 lo
506 617 717 673 Naason
739 628 1004 685 augurum
1021 610 1290 678 (meram,
1309 608 1349 664 l.
1374 607 1575 680 Interp.
1599 624 1740 664 nom.
1761 606 1977 672 llebr.,,

355 714 421 768 de
449 707 588 763 Actis
616 713 809 776 apost,
832 712 880 757 et
910 700 1148 772 Matth)
1174 702 1263 772 qui
1287 701 1551 771 proruitzit
1570 699 1756 755 dicens
1780 718 1791 752 :
1824 696 1953 752 Cum

358 797 551 850 venerit
579 794 751 849 Filius
776 794 998 848 hominis
1028 794 1083 845 in
1112 790 1387 864 majestate
1414 808 1507 845 sua
1532 789 1683 863 (Luc.
1718 807 1795 859 Ix,
1836 786 1872 843 2
1909 792 1947 857 ),

357 885 512 955 cujus
542 885 825 955 prophetia
853 883 908 937 in
940 882 1042 936 tria
1072 882 1371 951 prophetia:
1403 890 1648 951 tempora
1688 880 1947 950 respexit,

358 977 413 1030 in
453 974 806 1046 prmleritum,
836 979 895 1027 ut
915 978 1016 1036 est,
1048 969 1174 1025 vidit
1220 968 1485 1024 Abraham
1534 969 1670 1024 diem
1714 966 1948 1041 [meum],

355 1077 404 1121 et
421 1067 627 1138 gavisus
649 1074 725 1119 est
749 1082 767 1131 ;
796 1066 849 1119 in
871 1077 1128 1134 praesens,
1154 1069 1212 1115 ut
1235 1070 1318 1117 cst
1342 1079 1354 1115 :
1386 1058 1524 1126 Quid
1544 1062 1782 1134 cogitatis
1811 1063 1953 1116 mala

358 1158 411 1212 in
441 1155 682 1214 cordibus
734 1157 914 1212 vestris
963 1153 1144 1227 (Joan.
1194 1171 1304 1220 un,
1337 1152 1426 1224 56)
1450 1157 1473 1207 ‘t
1501 1152 1558 1208 ln
1608 1154 1864 1217 futurum,
1896 1162 1955 1208 ut

358 1257 474 1303 est:
507 1245 676 1303 Erunt
721 1248 857 1302 enim
896 1248 1029 1301 sicut
1062 1245 1232 1317 angeli
1263 1245 1315 1299 in
1343 1244 1471 1301 caelo
1516 1242 1734 1314 (Matth.
1753 1260 1841 1311 ιι,
1870 1243 1951 1317 4);

358 1350 416 1396 et
440 1341 566 1395 illu’d
600 1360 612 1395 :
646 1340 843 1396 Solvite
865 1338 1107 1410 templum
1134 1338 1251 1402 hoc,
1283 1346 1332 1392 et
1361 1342 1416 1392 in
1446 1335 1613 1392 tribus
1652 1334 1827 1392 diebus
1855 1353 1949 1393 ea:-

360 1431 527 1486 citttbo
555 1427 729 1504 [illud]
752 1427 935 1500 (Joan.
964 1445 1021 1496 ιι,
1047 1427 1159 1499 19).

431 1519 489 1577 lu
539 1520 798 1576 Salomon
849 1519 1108 1575 sensibilis
1156 1517 1331 1592 (Hier.
1359 1518 1397 1574 l.
1445 1517 1646 1590 Interp.
1684 1530 1834 1574 “nom.
1890 1519 1953 1573 de

361 1602 580 1681 Matth.)
612 1610 823 1679 ;Marc.
854 1627 947 1669 xu.
976 1609 1056 1665 ‘25
1087 1654 1103 1680 ,
1132 1612 1363 1683 quidicit
1388 1630 1400 1667 :
1432 1610 1619 1684 Tetigit
1645 1628 1726 1667 me
1741 1611 1951 1684 aliquis,

2058 402 2398 494 Evangelium
2420 439 2513 495 ego
2534 402 2622 477 vos
2652 421 2807 494 genui
2838 420 2887 493 (1
2916 418 3039 476 Cor.
3081 421 3160 490 4).
3190 421 3245 477 Si
3267 433 3448 480 autem
3476 402 3627 484 disci-

2053 513 2210 585 pulus
2258 514 2456 569 meruit
2483 521 2639 586 pater
2680 512 2888 581 vocari,
2932 521 3138 582 quanto
3190 516 3362 585 magis
3389 515 3631 586 Magister

2055 618 2193 674 ejus.

2124 696 2180 752 In
2210 697 2314 753 Asa
2341 696 2527 754 tollens
2572 697 2771 770 (Philo,
2802 698 2839 752 l.
2894 699 3002 757 lnt.
3058 719 3177 757 nom
3207 743 3223 766 ,
3251 703 3314 756 de
3338 700 3438 757 111
3484 703 3633 778 Reg.,

2051 786 2326 859 Ieremia),
2360 790 2428 844 de
2451 806 2559 859 quo
2587 788 2824 845 Joannes
2856 810 2868 844 :
2901 790 3059 860 Ecce,
3091 796 3283 865 inqmt,
3314 796 3494 867 Agnus
3521 796 3631 865 Dei,

2054 879 2140 949 qui
2164 879 2297 932 tollit
2324 892 2536 949 peccata
2564 879 2743 949 (Joan.
2774 898 2812 948 ι,
2843 880 2954 952 29).

2123 965 2180 1022 In
2196 966 2459 1038 Josaphat
2478 970 2588 1039 ipse
2601 970 2846 1041 judicans
2863 968 3062 1044 (Philo,
3076 973 3203 1040 ibiJ,
3218 966 3354 1046 Reg.
3395 974 3481 1040 11,
3499 975 3635 1048 Ill),

2055 1070 2115 1117 ut
2141 1062 2255 1117 ait:
2291 1060 2453 1116 Pater
2492 1080 2597 1118 non
2616 1064 2823 1135 judicat
2848 1082 3173 1137 quemquam,
3201 1066 3294 1121 sed
3319 1085 3470 1124 omne
3494 1070 3636 1141 judi-

2054 1152 2189 1206 cium
2219 1151 2360 1205 dedit
2387 1149 2530 1207 Filio
2561 1150 2741 1223 (Joan.
2777 1170 2831 1221 v,
2860 1152 2979 1224 22).

2127 1239 2186 1295 In
2214 1238 2399 1296 Joram
2426 1241 2514 1296 ubi
2537 1251 2613 1297 est
2641 1245 2874 1298 excelsus
2894 1244 3105 1315 (Philo,
3135 1246 3288 1310 ibia.,
3326 1248 3455 1321 lleg.
3506 1248 3638 1317 III;

2054 1328 2301 1400 llieron.,
2348 1332 2503 1403 ibid.,
2546 1331 2610 1390 ile
2630 1331 2871 1404 Matth)
2904 1344 2962 1392 ut
2990 1336 3103 1393 ait:
3135 1334 3307 1394 Nemo
3335 1342 3566 1397 ascendit
3590 1345 3640 1398 in

2054 1428 2256 1493 ctutum,
2280 1429 2382 1482 nisi
2403 1430 2489 1500 qui
2510 1428 2573 1484 de
2603 1430 2730 1485 coelo
2756 1430 3021 1486 descendit
3042 1430 3225 1504 (Joan.
3249 1450 3329 1500 ιιι,
3352 1430 3477 1506 ¹15).

2123 1515 2182 1572 In
2212 1514 2341 1572 Ozia
2384 1517 2627 1574 robustus
2654 1516 2879 1575 ‘Domini
2912 1520 3114 1592 (Philo,
3146 1520 3300 1593 ibid.,
3331 1525 3395 1579 de
3432 1524 3638 1599 Esaia),

2052 1611 2145 1683 qui
2175 1611 2349 1666 dixit:
2380 1610 2603 1680 Lazare,
2633 1608 2786 1682 prodi
2816 1616 2958 1683 [aras
2988 1613 3167 1686 (Joan.
3226 1632 3300 1682 ιι,
3330 1616 3447 1689 45).
3496 1617 3641 1676 Tunc

360 1722 483 1761 nam
502 1720 595 1784 ego
632 1704 773 1758 sensi
794 1702 1029 1758 virtutem
1076 1704 1140 1757 de
1184 1718 1263 1757 me
1292 1703 1464 1758 exisse
1491 1701 1641 1775 (Luc.
1674 1718 1789 1769 vui,
1838 1700 1953 1772 46).
1992 1712 2034 1770 Β
2060 1704 2261 1760 etenim
2293 1718 2395 1760 vos
2446 1704 2657 1761 Domini
2685 1704 2865 1762 fuitin
2894 1707 3247 1777 virtute,cum
3266 1711 3496 1766 animam
3517 1728 3643 1784 qua-

361 1797 462 1853 Et:
481 1776 633 1863 'Ouid
660 1796 899 1868 cogitatis
920 1794 1061 1850 mala
1090 1794 1143 1849 in
1169 1794 1409 1851 cordibus
1430 1796 1608 1851 vestris
1631 1792 1843 1867 (Matth.
1871 1812 1946 1864 Ix,

359 1888 419 1960 ι)
445 1890 467 1942 ?
497 1887 638 1944 Vere
669 1887 1069 1953 sensibilis'est,
1102 1888 1193 1958 qui
1227 1887 1460 1957 cogitata
1489 1897 1548 1943 ut
1589 1889 1754 1956 facta,
1783 1898 1838 1945 et
1865 1888 1950 1944 lu-

362 1992 481 2037 tura
527 1991 587 2037 ut
615 1980 899 2052 praesentia
927 1978 1132 2048 cernit;
1160 1980 1301 2037 sicut
1339 1978 1410 2036 de
1445 1995 1513 2038 eo
1542 1976 1798 2053 scriptum
1827 1990 1947 2037 est:

365 2070 467 2137 Qui
497 2072 752 2141 fecitque:
778 2072 953 2142 ﬁttura
980 2079 1102 2123 sunt
1132 2066 1286 2141 (sap.
1317 2063 1530 2138 vnn-8).

434 2159 490 2214 In
522 2159 668 2216 Booz
694 2162 750 2215 in
771 2176 870 2232 quo
901 2159 1058 2214 robur
1083 2170 1155 2214 est
1168 2150 1382 2231 (Philo,
1407 2164 1442 2215 Ι.
1469 2159 1668 2231 Interp.
1697 2176 1859 2227 nom,
1888 2160 1954 2216 de

363 2251 452 2308 lib.
477 2251 682 2323 Judic.,
714 2248 877 2325 Ruth)
901 2252 992 2324 qui
1017 2252 1129 2307 ait:
1167 2249 1359 2306 Omnia
1386 2251 1589 2306 traham
1609 2253 1679 2306 ad
1701 2252 1951 2320 meipsum

364 2342 547 2416 (Joan.
593 2360 686 2409 ιιι,
716 2334 832 2416 52).
862 2341 1049 2398 Omnis
1078 2336 1311 2397 hominis
1336 2342 1507 2397 virtus
1537 2341 1590 2396 in
1620 2352 1795 2397 morte
1821 2341 1954 2399 deti-

361 2435 455 2501 cit,
497 2433 733 2489 Ven-hum
772 2449 899 2490 vero
927 2432 1071 2503 quod
1102 2448 1230 2488 caro
1257 2431 1461 2487 factum
1489 2440 1593 2497 est,
1630 2431 1698 2485 de.
1727 2431 1952 2488 inﬁrmi-

364 2531 477 2580 tate
500 2523 711 2591 fortius,
740 2523 808 2580 de
844 2528 1022 2580 morte
1056 2522 1315 2591 vivacius,
1347 2520 1415 2579 de
1441 2520 1747 2579 humilitate
1776 2524 1985 2591 escela

363 2613 477 2670 sius
504 2612 706 2669 iactum
734 2622 838 2669 est.
1396 2664 1403 2669 .

429 2701 489 2760 in
510 2694 658 2760 Obesi
686 2704 909 2760 serviens
933 2694 1167 2774 (Ioseph,
1194 2703 1232 2758 l.
1264 2719 1316 2769 ν,
1348 2718 1394 2757 c.
1425 2701 1515 2769 11,
1536 2700 1709 2775 Ant.),
1741 2703 1827 2771 qui
1852 2719 1955 2760 non

356 2792 501 2847 venit
516 2794 832 2862 ministrari,
848 2793 952 2847 'sed
980 2792 1278 2847 ministrare
1300 2790 1516 2864 (Matth.
1538 2808 1627 2858 xx,
1649 2792 1765 2864 28);
1798 2793 1969 2847 item-‘

362 2900 471 2953 que
502 2883 798 2957 Apostolus
824 2904 836 2940 :
870 2880 1143 2954 Formam,
1174 2885 1370 2956 inquit,
1400 2884 1536 2941 servi
1579 2887 1776 2958 accepit
1804 2880 1959 2959 (Phi-

366 2977 498 3048 lipp.
526 2993 582 3043 ιι,
615 2977 693 3048 7).

2053 1794 2285 1851 triduani
2331 1796 2534 1851 mortui
2563 1795 2631 1852 ah
2665 1795 2873 1868 inferis,
2919 1807 2976 1854 et
3001 1813 3200 1870 corpus
3249 1804 3534 1859 revocavit
3573 1803 3638 1861 de

2052 1885 2323 1956 sepulcro.

2124 1976 2181 2031 in
2227 1975 2478 2032 balbum
2528 1988 2912 2035 consummatus
2959 1979 3220 2051 (Hieron.
3262 1981 3303 2037 l.
3349 1980 3458 2036 Int.
3503 2001 3639 2038 nom.

2056 2060 2218 2130 Ileb.,
2243 2067 2308 2121 de
2330 2064 2574 2139 Matth),
2596 2066 2664 2124 de
2690 2083 2799 2138 quo
2829 2068 3061 2125 dicitur:
3093 2069 3464 2125 Consummata
3500 2077 3639 2127 omni

2054 2158 2336 2213 tentatione
2381 2155 2531 2229 (Luc.
2581 2173 2655 2224 tv,
2710 2156 2838 2230 1'5);
2869 2168 2928 2215 et
2968 2161 3021 2215 in
3054 2161 3158 2217 line
3207 2164 3469 2229 Omnium,
3527 2182 3643 2237 qua:

2056 2248 2377 2318 prophetata
2398 2258 2526 2306 sunt
2549 2251 2619 2307 de
2638 2265 2706 2307 eo
2732 2250 2929 2308 dicitur
2949 2268 2968 2307 :
2989 2250 3060 2307 Et
3077 2270 3191 2309 cum
3220 2268 3643 2313 consummasset.

2057 2334 2210 2394 Tunc
2248 2337 2428 2394 omnia
2459 2340 2622 2395 verba
2669 2339 2785 2396 htcc
2830 2341 2965 2397 dixit
3005 2342 3279 2415 discipulis
3310 2348 3457 2401 suis:
3489 2349 3644 2402 Scitis

2056 2428 2177 2498 quia
2199 2436 2318 2493 post
2347 2428 2555 2483 biduum
2584 2430 2782 2500 pascha
2803 2430 2894 2502 ﬁet
2941 2430 3155 2505 (Matth.
3196 2452 3345 2503 xsvr,
3386 2436 3468 2509 2).
3495 2435 3567 2494 Ει
3592 2440 3643 2495 iu

2058 2530 2218 2573 cruce
2247 2518 2490 2588 pendens
2513 2529 2775 2591 acetoque
2803 2531 3021 2593 potatus
3036 2522 3167 2580 dixit
3192 2524 3645 2584 :Consttmntatunt

2057 2619 2153 2673 est,
2171 2620 2223 2665 et
2237 2611 2485 2669 inclinato
2506 2610 2676 2682 capite
2699 2606 2917 2669 tradidit
2932 2615 3172 2687 spiritum
3193 2616 3372 2689 (Joan.
3391 2635 3510 2689 xu,
3532 2619 3644 2692 50).

2059 2699 2116 2757 Si
2152 2718 2279 2758 vero
2327 2705 2582 2775 perfectus
2625 2703 2843 2777 (Auctor
2887 2723 3028 2773 oper.
3061 2708 3270 2780 imper)".
3297 2748 3314 2776 ,
3359 2710 3553 2767 horrui
3598 2714 3649 2769 in

2048 2790 2282 2865 'Matthl)
2312 2794 2541 2860 dicatur,
2595 2794 2674 2851 sic
2702 2797 3024 2867 exponitur,
3071 2812 3196 2869 quia
3224 2799 3313 2868 qui
3343 2815 3474 2857 suos
3493 2802 3645 2871 jubet

2061 2901 2183 2945 esse
2211 2885 2503 2957 perfectos,
2526 2888 2748 2945 dicens:
2777 2886 2955 2945 Estote
2982 2891 3218 2962 perfecti,
3246 2893 3379 2959 sicut
3407 2901 3459 2948 et
3490 2893 3653 2949 Pater

2063 2987 2225 3033 vester
2252 2968 2469 3033 caelestis
2492 2980 2748 3050 perfectus
2771 2990 2847 3036 est
2868 2980 3084 3052 (Matth.
3109 2998 3164 3051 v,
3181 2979 3270 3053 48)
3307 3000 3321 3048 ;
3353 2999 3463 3053 pm:
3486 2993 3653 3040 caete-

430 3066 491 3124 ln
520 3068 674 3126 Jesse
700 3066 966 3127 intensum
1018 3065 1219 3143 (Philo,
1271 3069 1308 3124 l.
1354 3067 1582 3140 Interp.,
1612 3069 1678 3123 de
1718 3067 1750 3124 ι
1779 3062 1957 3126 ειἸΙΙ
1988 3068 2032 3129 C
2066 3070 2141 3125 ris
2169 3071 2439 3141 perfectus
2462 3072 2567 3127 dici
2596 3071 2785 3129 debuit
2811 3073 2988 3140 Jesus,
3032 3075 3232 3146 quippe
3259 3076 3352 3145 qui
3379 3077 3537 3148 carpit
3570 3078 3653 3148 [u-

365 3159 522 3231 lleg.)
553 3162 641 3231 qui
674 3161 749 3216 ait
773 3180 784 3216 :
808 3152 1002 3233 'Ignem
1030 3162 1140 3217 veni
1170 3160 1370 3215 mittere
1388 3159 1443 3215 in
1471 3170 1661 3214 terram
1681 3158 1841 3231 (Luc.
1864 3177 1958 3226 xu,

364 3247 479 3319 49).
515 3248 583 3304 Et
603 3248 868 3306 Joannes:
897 3253 1026 3318 ipse,
1067 3250 1177 3325 ait:
1204 3242 1510 3320 'Baptizubit
1538 3265 1625 3303 vos
1661 3250 1712 3303 in
1760 3248 1961 3321 Spiritu

365 3350 545 3394 sancto
573 3347 621 3392 et
651 3339 758 3410 igni
785 3328 999 3411 (Matth;
1034 3342 1129 3407 ttt,’
1148 3328 1205 3393 11
1232 3358 1246 3406 ;
1272 3339 1400 3395 Luc.
1431 3341 1534 3410 ιιι).

438 3430 496 3486 In
554 3424 719 3486 David
772 3430 1131 3488 deiidcrabilis
1172 3424 1415 3504 (Hieron.
1447 3432 1485 3486 l.
1536 3428 1642 3486 lnt.
1700 3449 1865 3496 nom.,
1898 3431 1963 3487 de

368 3521 562 3581 Matth.
591 3538 607 3592 ;
638 3533 685 3578 et
706 3514 1154 3595 'Act.'a'post.),”de
1181 3539 1289 3594 quo
1316 3524 1646 3594 evangelista
1690 3524 1817 3580 dicit
1846 3543 1858 3578 :
1893 3520 1963 3578 Et

366 3617 684 3688 resplenduit
713 3616 876 3689 [alies
901 3616 1014 3689 ejus
1040 3618 1171 3671 sicut
1199 3618 1278 3673 sol
1334 3613 1549 3690 (Matth.
1585 3616 1711 3684 xi'tt,
1742 3612 1815 3688 2).
1848 3614 1954 3672 Un-

318 3738 323 3745 ~
366 3711 434 3764 de
479 3707 639 3764 ciam
692 3698 963 3778 Propheta
1002 3706 1253 3762 dixerat:
1313 3706 1592 3779 Speciosus
1651 3708 1820 3781 [arma
1849 3723 1962 3780 pra:

367 3801 493 3873 ﬁliis
524 3800 783 3854 hominum
810 3797 984 3871 (Psal.
1016 3815 1164 3861 xuv,
1194 3798 1274 3867 5).

438 3887 496 3943 ιιι
525 3888 814 3943 Salomone
866 3888 1117 3960 paciﬁcus
1168 3886 1344 3958 (Orig.
1392 3888 1531 3941 hom.
1585 3884 1617 3939 6
1647 3890 1696 3940 in
1750 3886 1960 3957 Joan.),

368 3978 459 4050 qui
482 3979 556 4033 ait
579 3998 589 4032 :
618 3977 807 4031 Pacem
830 3994 996 4032 meam
1018 3978 1083 4032 do
1107 3976 1245 4031 vobis
1265 3975 1445 4050 (Joan.
1477 3996 1486 4011 ε
1511 3993 1581 4044 tv,
1609 3974 1719 4045 27).
1750 3975 1963 4031 Addens

370 4080 539 4128 mea’m
587 4071 822 4128 ostendit
870 4069 1048 4126 odisse
1094 4085 1201 4126 non
1232 4085 1424 4135 suam;
1464 4069 1540 4124 'de
1591 4084 1696 4140 qua
1726 4069 1958 4123 dicitur:

371 4163 497 4222 Non
543 4164 655 4222 verti
705 4170 884 4235 pacem
937 4163 1140 4217 mittere
1189 4163 1244 4217 in
1303 4174 1494 4217 terram
1523 4205 1535 4227 ,
1591 4163 1683 4217 sed
1732 4163 1960 4234 gladium

374 4256 588 4329 (Matth.
625 4273 677 4323 ιι,
700 4252 815 4327 54).
834 4252 903 4309 Ει
923 4254 1216 4327 Apostolus
1235 4253 1302 4310 de
1327 4253 1576 4308 Christo:
1610 4252 1751 4325 Ipse,
1770 4253 1941 4322 inquit

370 4359 448 4403 est
477 4366 581 4418 pax
611 4361 787 4403 nostra
816 4349 901 4419 qui
932 4347 1055 4418 fecit
1084 4355 1301 4427 utraque
1330 4362 1485 4399 unum
1518 4343 1734 4416 (Ep/tes.
1768 4360 1823 4409 ιι,
1849 4342 1959 4412 14).

2063 3176 2178 3215 cere
2201 3170 2249 3214 et
2278 3161 2460 3216 docere
2482 3161 2618 3231 (Act.
2645 3178 2685 3231 ι,
2713 3162 2764 3234 1)
2792 3179 2913 3231 qua:
2939 3166 3177 3237 perlecta
3200 3175 3344 3221 sunt.

2133 3251 2190 3307 In
2224 3252 2406 3308 Aehaz
2436 3262 2733 3311 convertens
2760 3256 2997 3327 .(Auctor
3036 3268 3122 3328 op.
3170 3259 3412 3328 intper[.,
3445 3240 3590 3316 hom.
3629 3260 3649 3314 1

2064 3346 2117 3399 in
2145 3342 2340 3399 Matth.
2363 3388 2379 3413 ,
2406 3355 2455 3401 et
2487 3343 2665 3418 0rig.,
2698 3347 2752 3401 in
2782 3338 2959 3419 Eax),
2996 3349 3088 3418 qui
3118 3350 3192 3405 ait
3220 3370 3232 3404 :
3288 3349 3657 3408 Ptenitentiant

2063 3436 2228 3507 agite,
2260 3437 2690 3507 appropinquavit
2730 3440 2867 3497 enim
2892 3456 3106 3511 regnum
3145 3441 3386 3496 caelorum
3433 3441 3656 3513 (Matth.

2063 3543 2141 3592 ιιι,
2172 3526 2263 3599 ‘2);
2297 3529 2378 3583 vel
2408 3529 2798 3599 apprehendens
2823 3529 3001 3601 (Philo
3022 3573 3036 3598 ,
3062 3532 3101 3588 l.
3137 3530 3244 3587 lnt.
3278 3551 3419 3589 nom.
3444 3537 3513 3589 de
3549 3532 3659 3591 Mi-

2063 3617 2254 3688 t-hwa),
2284 3620 2377 3688 qui
2423 3620 2757 3691 apprehensa
2798 3636 2958 3677 manu
3004 3636 3216 3677 socrum
3246 3621 3391 3678 Petri
3438 3634 3659 3680 sanam

2066 3706 2457 3765 febricitantem
2504 3707 2653 3782 (Luc.
2685 3726 2760 3776 tv,
2786 3708 2902 3779 58),
2944 3718 3001 3766 et
3028 3710 3186 3766 tiliam
3216 3713 3477 3783 principis
3509 3730 3660 3770 mor-

2065 3807 2211 3853 tuam
2242 3800 2579 3857 resuscitavit
2626 3801 2841 3873 (Matth.
2876 3818 2949 3868 Ix,
2991 3802 3105 3873 25).
3153 3800 3349 3861 Paulus
3389 3819 3653 3876 quoque:

2066 3891 2126 3947 Si
2155 3910 2253 3965 quo
2276 3894 2447 3960 modo,
2475 3893 2664 3963 inquit,
2697 3896 3083 3966 apprehendam
3114 3897 3167 3950 in
3188 3914 3287 3969 quo
3307 3899 3664 3970 apprehensus

2062 3999 2174 4036 sum
2202 3982 2457 4056 (Philipp.
2491 4000 2566 4047 ιιι,
2594 3983 2703 4051 12).
2737 3984 2869 4040 Item
2897 3986 3026 4041 alihi
3055 4005 3066 4040 :
3103 3985 3226 4042 Non
3263 3989 3399 4042 enim
3424 3989 3662 4062 eongelos

2064 4060 2423 4145 apprehendit,
2482 4075 2573 4129 sed
2612 4092 2782 4131 semen
2821 4077 3047 4133 Abrahte
3094 4079 3441 4150 apprehendit
3463 4060 3661 4149 (llcbr.

2066 4161 2334 4233 xxn,16p

2135 4252 2192 4307 In
2220 4248 2444 4308 Ezechia
2470 4257 2780 4328 confortavit
2812 4255 3063 4314 Dominus
3092 4259 3329 4329 (Auctor.
3380 4278 3664 4334 anortynt.,

2066 4342 2204 4396 hom.
2234 4342 2260 4396 1
2314 4344 2366 4400 in
2399 4343 2636 4418 Matt/1.),
2671 4349 2761 4418 qui
2787 4350 2902 4405 ait:
2930 4349 3207 4421 Con/idite,
3250 4368 3344 4424 ego
3371 4354 3469 4407 vici
3497 4369 3660 4409 mutt-

446 4443 502 4497 In
532 4442 773 4497 Rohoam
803 4440 1024 4497 latitudo
1052 4441 1229 4512 populi
1251 4438 1452 4510 (Philo,
1486 4440 1522 4494 l.
1559 4436 1665 4494 lnt.
1701 4456 1865 4501 nom.,
1896 4439 1961 4491 de
1990 4431 2035 4488 Π
2063 4436 2185 4490 dum
2231 4436 2412 4508 (Joan.
2445 4454 2556 4505 χιι,
2578 4439 2692 4512 51).
2739 4440 2808 4497 Et
2861 4439 3086 4499 Paulus:
3144 4442 3260 4499 Nos
3306 4454 3505 4514 autem,
3563 4446 3662 4508 ait,

377 4528 634 4601 II'Reg.;
670 4526 911 4594 Hieron.,
953 4530 1080 4586 ibid.
1110 4574 1124 4597 ,
1150 4530 1213 4595 de
1243 4529 1484 4601 Matth.),
1506 4547 1629 4585 cum
1655 4531 1763 4585 ait:
1802 4528 1955 4585 Multi

372 4620 439 4677 ab
487 4619 701 4675 Oriente
745 4631 795 4675 et
824 4621 1107 4675 Occidente
1149 4624 1370 4679 venient.
1424 4630 1471 4674 et
1510 4621 1805 4675 recumbent
1840 4636 1955 4676 cum

373 4711 636 4767 Abraham
659 4721 707 4766 et
736 4706 892 4766 Isaac
919 4722 970 4767 et
1006 4711 1168 4767 Jacob
1205 4715 1259 4768 in
1288 4729 1447 4785 regno
1473 4714 1714 4769 (telorum
1738 4713 1953 4784 (Matth.

373 4805 511 4871 vus).
534 4802 772 4874 itemque
792 4803 950 4859 alibi:
980 4803 1161 4859 Venite
1178 4805 1250 4858 ad
1269 4821 1373 4871 nte,
1400 4820 1579 4861 omnes
1600 4807 1687 4878 qui
1707 4804 1958 4861 laboratis

374 4904 425 4949 et
449 4895 651 4951 onerati
679 4895 802 4950 estis
832 4893 1051 4965 (Matth.
1095 4910 1170 4959 ιι,
1200 4894 1319 4964 28),
1371 4896 1605 4967 impetus
1650 4905 1832 4952 autem
1857 4911 1959 4968 po-

379 4984 723 5056 puli‘idc'irco‘
740 4994 983 5052 vocatur,
1028 4987 1151 5056 quia
1174 4987 1305 5041 sicut
1329 4987 1503 5059 fulgur
1522 4989 1629 5043 exit
1655 4987 1718 5041 ab
1742 4983 1962 5043 Oriente

377 5088 427 5133 et
454 5088 598 5149 paret
626 5095 787 5151 usque
810 5080 863 5134 in
885 5078 1237 5147 Occidentem,
1258 5080 1331 5135 ita
1355 5079 1454 5135 erit
1476 5088 1526 5135 et
1553 5080 1803 5135 adventus
1835 5079 1961 5135 Filii

380 5171 603 5226 hominis
633 5169 848 5240 (Matth.
873 5187 1015 5236 sxw,
1047 5171 1159 5242 27).

450 5260 508 5316 In
539 5262 672 5317 Ahia
720 5261 881 5317 Pater
931 5261 1181 5317 Dominus
1229 5260 1496 5335 (Hieron,
1536 5260 1620 5315 ubi
1671 5270 1851 5332 supra,
1901 5263 1964 5317 de

384 5350 619 5422 Matth.),
648 5353 736 5422 qui
760 5353 860 5408 ait:
882 5351 1062 5410 Nolite
1082 5370 1264 5411 vocare
1290 5353 1430 5409 vobis
1456 5348 1665 5408 Patrem
1689 5371 1842 5424 super
1863 5364 1966 5408 ter-

378 5457 497 5496 ram
534 5441 752 5514 (Matth.
782 5444 1034 5514 ιιιιι,υ),
1087 5460 1194 5500 non
1222 5444 1349 5512 quia
1399 5442 1536 5498 duos
1580 5444 1636 5497 in
1676 5443 1966 5500 divinitate

383 5532 627 5589 dicamus
653 5548 793 5599 esse,
836 5535 935 5592 sed
960 5534 1107 5606 quod
1133 5535 1295 5590 etiam
1326 5535 1491 5590 homo
1536 5535 1779 5604 magisni
1826 5534 1966 5592 illius

386 5619 618 5678 hominis
647 5632 803 5693 pater
831 5626 897 5679 sit
928 5640 1086 5695 quem
1126 5625 1306 5690 docet,
1340 5623 1508 5679 l’aulo
1540 5624 1785 5681 dicente:
1827 5624 1967 5682 Nam

384 5712 479 5764 etsi
518 5713 691 5766 decem
731 5715 891 5769 millia
921 5709 1323 5786 pa'dng'agornm
1354 5716 1607 5770 habeatis
1654 5718 1706 5770 in
1738 5716 1963 5783 Christo,

2059 4527 2447 4607 pradicamus:
2482 4530 2745 4587 Christum
2773 4531 2867 4587 Dei
2894 4533 3131 4589 virtutem
3145 4545 3196 4590 et
3224 4534 3322 4590 Dei
3344 4539 3663 4607 sapientia:-

2059 4605 2242 4676 (lCor.
2266 4635 2303 4685 ι,
2332 4617 2447 4692 24).

2126 4707 2185 4764 la
2214 4709 2460 4767 Manasse
2482 4712 2755 4769 obliuiosus
2785 4713 2989 4786 (Philo.
3014 4716 3286 4788 ubi'supra
3305 4719 3368 4773 de
3416 4718 3665 4791 Gentem).

2059 4801 2150 4871 qui
2175 4802 2285 4856 sit:
2340 4802 2692 4857 Remittuntur
2729 4806 2777 4858 ei
2822 4816 3037 4876 peccata
3058 4809 3242 4875 multa,
3299 4810 3421 4879 quia
3470 4810 3668 4865 dilexit

2061 4892 2275 4946 multum
2296 4890 2444 4964 (Luc.
2482 4908 2571 4957 ιιι,
2589 4891 2679 4962 47)
2708 4911 2722 4960 ;
2755 4893 3000 4951 Charitas
3019 4882 3250 4967 namque
3271 4898 3664 4953 multitudinem

2061 4985 2224 5049 operit
2260 4997 2580 5055 peccatorum
2613 4984 2753 5056 (Jac.
2783 5002 2833 5051 v,
2864 4984 2980 5059 ΞΟ).
3014 4985 3083 5043 Et
3104 4986 3354 5044 Ezechiel
3380 5007 3394 5043 ε
3425 4986 3493 5044 In
3523 5006 3664 5058 qua-

2062 5091 2259 5147 cunque
2282 5076 2386 5143 die,
2414 5076 2510 5139 ait,
2534 5092 2807 5132 conversus
2850 5080 3013 5149 fuerit
3031 5079 3257 5150 injustus
3296 5079 3365 5132 ab
3388 5080 3667 5151 injustitia

2064 5182 2179 5230 sua,
2220 5182 2395 5222 omnes
2413 5168 2707 5237 iniquitates
2728 5168 2839 5239 cj..s
2865 5168 3402 5247 oblivioni-tradentur
3431 5168 3665 5242 (Each.

2064 5259 2237 5332 mn).
2732 5252 2749 5273 ⁵

2039 5403 2049 5424 ,
2135 5350 2193 5405 in
2214 5351 2387 5406 Anton
2414 5351 2584 5422 ﬁdelis
2628 5351 2827 5421 (Philo,
2858 5352 3008 5419 ibid,
3038 5353 3107 5407 de
3131 5352 3519 5423 Jerem.),-qui
3548 5354 3667 5409 ait:

2069 5439 2236 5497 Petite
2270 5452 2319 5496 et
2349 5442 2561 5496 dabitur
2581 5444 2722 5497 vobis
2752 5442 2969 5499 (Matth.
2997 5459 3091 5509 vn,
3115 5443 3199 5512 7).
3225 5443 3291 5498 Et
3313 5442 3509 5498 Pacius
3538 5446 3625 5498 ait
3652 5461 3669 5510 ;

2070 5529 2140 5587 Ut
2165 5533 2454 5589 misericors
2477 5533 2642 5602 ﬁeret,
2685 5542 2735 5586 et
2761 5528 3212 5605 ﬁdelis'l’ontifea
3256 5535 3326 5588 ad
3372 5532 3672 5588 Dominum

2067 5625 2253 5698 (Hebr.
2303 5643 2360 5695 tt,
2392 5610 2500 5684 l7).
2525 5624 2591 5680 Et
2629 5623 2863 5680 Joannes
2882 5629 2940 5681 in
2971 5626 3330 5699 Apocalypsi:
3362 5626 3435 5680 Et‘
3465 5642 3498 5678 a
3531 5625 3675 5701 Jest‘

2066 5718 2304 5783 Christo,
2338 5718 2422 5787 qui
2465 5724 2539 5770 est
2574 5717 2715 5771 testis
2741 5716 2915 5784 ﬁdelis
2946 5717 3131 5787 (Apoc.
3160 5734 3196 5784 ι,
3228 5717 3325 5788 5);
3358 5717 3535 5771 lidclis
3568 5733 3665 5769 au-
