3978 6182
311 243 415 299 555

1255 237 1314 293 s.
1356 235 1736 293 MLERAMNI
1779 193 2306 291 suom-niueum
2348 231 2638 288 annms

3482 227 3583 284 356

309 367 368 412 ut
418 373 507 428 per
555 357 858 426 patientium
917 362 968 406 et
1012 352 1414 406 consolationem
1466 352 1857 422 Scripturarum
1879 390 1896 417 ,
1927 357 1972 411 Α
2001 347 2264 414 videntes,
2295 347 2400 402 hoc
2423 355 2528 414 est,
2553 347 2788 402 litteram
2817 359 2845 400 a
2876 346 3086 416 spiritu,
3112 353 3169 401 et
3197 345 3352 410 vitia,
3382 352 3444 404 ut
3464 355 3585 400 ante

311 454 473 518 spem,
491 445 643 514 juxta
701 443 848 497 Pauli
908 441 1185 511 eloquium
1244 441 1421 511 (Rom.
1470 441 1562 513 xv)
1617 440 1895 495 habeamus

314 537 452 606 (Jac.
508 537 572 604 1);
628 533 965 602 gaudeamus
1020 534 1072 588 in
1119 533 1349 589 Domino
1395 549 1642 604 semper;
1693 532 1937 600 etenim.

310 631 428 684 sine
452 628 562 682 Deo
592 627 716 682 licet
742 625 909 696 gavisi
940 626 1214 694 fuerimus,
1245 642 1462 697 semper
1507 627 1745 696 gaudere
1789 641 1896 681 non

311 735 594 791 possumus
617 734 632 784 ;
655 719 762 774 hoc
810 734 1044 788 namque
1073 727 1154 775 est
1203 721 1588 789 sempiternum
1618 735 1682 774 ac
1710 733 1897 774 verum

311 818 365 863 et
393 825 551 863 omne
571 809 848 878 gaudium,
877 811 1024 880 quod
1081 810 1167 864 hic
1212 810 1454 864 initiatur
1509 825 1606 881 per
1637 808 1821 874 tidem,
1846 816 1902 863 et

311 899 419 954 illic
471 909 877 955 consummatur
905 915 1002 970 per
1032 901 1297 970 speciem;
1344 901 1617 970 quomodo
1665 915 1902 970 praesens

311 992 489 1046 sznculi
539 991 789 1060 gaudium
857 989 962 1045 fine
1005 991 1363 1054 concluditur,
1394 1001 1449 1044 et
1496 991 1642 1046 luctu
1666 990 1899 1058 deletur,

314 1080 441 1135 illud
466 1096 592 1135 vero
623 1081 856 1135 futurum
886 1080 1170 1135 terminum
1221 1080 1409 1145 nescit,
1443 1094 1540 1134 nec
1580 1079 1902 1135 mmroribus

317 1170 739 1239 interrumpitur.

383 1261 440 1317 In
468 1261 653 1327 Jacob,
673 1270 731 1316 ιιι
751 1269 994 1318 nostrum
1023 1271 1261 1318 veterem
1283 1263 1555 1318 hominem
1587 1262 1900 1332 ldumwum,

313 1356 367 1411 id
413 1364 514 1423 est,
560 1365 853 1420 terrenum,
910 1371 1051 1410 novo
1100 1355 1320 1411 homine
1359 1355 1788 1425 supplantemus,
1846 1364 1903 1410 et

315 1455 510 1500 nostra:
533 1444 726 1500 mentis
750 1445 988 1515 spiritus,
1007 1445 1300 1500 secundum
1355 1443 1643 1500 Dominum
1673 1459 1902 1502 renova-

317 1546 399 1591 tus
422 1535 841 1606 Snpplantatoris
868 1551 1065 1592 nomen
1086 1535 1362 1590 sortiatur.
1394 1534 1530 1590 Caro
1559 1536 1758 1606 quippe
1811 1551 1900 1592 se-

312 1625 543 1680 cumlum
561 1624 876 1695 Aepostolum
898 1625 1210 1695 concupiscit
1232 1625 1478 1679 adversus
1505 1625 1763 1695 spiritum,
1789 1625 1899 1695 spi-

2005 438 2259 505 diximus,
2287 453 2318 492 a
2345 439 2633 493 virtutibus
2687 439 3082 506 distinguentes
3131 439 3323 492 Omnia
3367 453 3582 508 quoque

2002 531 2294 588 secundum
2313 531 2628 602 Apostolum
2648 532 3005 602 approbemus
3031 529 3239 602 [Forte,
3256 529 3584 600 probemus],

2003 630 2058 677 et
2085 621 2257 678 solum
2302 621 2448 691 quod
2498 622 2700 676 bonum
2749 631 2832 676 est
2881 631 3180 686 teneamus,
3211 631 3270 676 ut
3305 636 3426 676 cum
3475 621 3588 674 dies

2005 713 2270 768 tremendi
2311 712 2455 768 illius
2487 713 2752 767 examinis
2775 712 3075 773 advenerit,
3107 727 3205 766 nos
3233 712 3325 780 qui
3352 721 3588 764 nosmet-

2003 801 2150 871 ipsos
2165 799 2540 870 judicavimus.
2570 817 2675 855 non
2692 800 2997 869 judicemur
3018 817 3048 854 a
3066 800 3318 866 Domino,
3344 815 3447 854 nec
3467 815 3587 855 cum

2003 894 2204 950 mundo
2229 895 2461 963 maligno
2491 893 2809 949 damnemur
2838 892 2891 964 (Ι
2922 893 3102 948 Thess.
3137 893 3216 962 v).

2075 983 2141 1039 In
2171 983 2314 1038 Zara
2339 983 2790 1056 [a|.,Zaram],ut
2816 982 3006 1038 lucifer
3032 984 3241 1038 oriatur
3262 982 3314 1036 in
3337 979 3590 1037 cordibus

2003 1075 2202 1131 nostris
2228 1073 2317 1145 (11
2345 1074 2488 1129 Petr.
2514 1074 2553 1144 ι)
2611 1083 2666 1130 et
2733 1075 2816 1129 sol
2858 1073 3102 1144 justitim,
3133 1074 3228 1142 qui
3278 1071 3590 1127 timentibus

2003 1164 2289 1220 Dominum
2316 1165 2507 1232 oritur,
2559 1174 2615 1220 et
2666 1165 3055 1234 negligentibus
3081 1165 3298 1230 occidit,
3330 1163 3590 1220 illuminat

2003 1268 2123 1319 nos,
2146 1254 2237 1308 lux
2265 1253 2517 1314 videlicet
2544 1268 2671 1309 vera
2693 1269 2812 1324 quze
2843 1254 3108 1309 illuminat
3145 1270 3361 1310 omnem
3411 1254 3585 1310 homi-

2003 1358 2127 1399 nem
2155 1345 2459 1400 venientem
2483 1345 2537 1399 in
2561 1345 2705 1399 hunc
2734 1346 2991 1400 mundum
3015 1345 3193 1416 (Joan.
3225 1345 3288 1415 1);
3311 1361 3411 1402 nec
3431 1361 3592 1416 super

2003 1434 2335 1490 iracundiam
2363 1443 2625 1501 nostram,
2653 1444 2748 1490 aut
2776 1436 2975 1506 aliquid
3021 1435 3356 1491 mortiferum
3381 1437 3590 1492 occid:.t

2002 1524 2190 1579 vitium
2225 1541 2238 1578 :
2271 1523 2424 1593 cujus
2453 1524 2663 1594 fulgore
2684 1525 2878 1580 radiati
2901 1534 2955 1581 et
2977 1527 3072 1596 ipsi
3103 1527 3245 1582 sicut
3270 1527 3449 1583 Stellae
3474 1528 3578 1599 ful-

2005 1615 2232 1687 gebimus
2249 1617 2304 1670 iu
2321 1625 2590 1686 perpetuas
2611 1619 2923 1672 cternitates
2954 1618 3119 1688 (Dan.
3146 1620 3264 1686 xtl),
3279 1628 3334 1674 et
3353 1621 3589 1678 oriemur

310 1721 441 1773 ritus
464 1735 580 1774 vero
611 1718 856 1774 adversus
884 1733 1092 1772 carnem
1120 1715 1264 1788 (Gal.
1301 1717 1393 1783 v);
1422 1717 1605 1772 senior
1658 1716 1906 1772 videlicet
1939 1713 1983 1774 B
2009 1707 2151 1762 δίουι
2178 1706 2460 1762 luminaria
2490 1707 2615 1762 δυίο
2645 1707 2870 1777 ωυηάον
2889 1709 3112 1764 verbum
3157 1709 3280 1764 νίιπ
3301 1710 3589 1766 Commen-

310 1809 476 1864 frater
497 1810 756 1865 adversus
777 1807 1068 1878 juniorem,
1097 1816 1153 1863 et
1179 1807 1364 1878 junior
1389 1817 1578 1863 contra
1607 1809 1899 1874 seniorem,

307 1902 429 1972 quia
452 1917 555 1956 non
576 1901 720 1971 prius
766 1899 902 1971 quod
942 1899 1232 1969 spirituale,
1257 1899 1348 1953 sed
1403 1900 1543 1972 quod
1591 1899 1818 1955 animale
1847 1900 1901 1972 (Ι

307 1990 430 2046 Car.
454 1991 570 2059 xv),
600 1991 692 2060 qui
713 1997 894 2044 autem
916 1988 1095 2060 [Deest
1123 1991 1163 2061 ι’.
1195 1986 1274 2060 in]
1302 1987 1460 2058 hujus
1506 1989 1902 2045 colluctatiouis

307 2075 602 2129 certamine
653 2074 830 2130 victor
876 2074 1178 2140 exstiterit,
1210 2073 1316 2140 hic,
1349 2073 1562 2130 devicto
1613 2073 1814 2130 carnali
1845 2083 1901 2130 et

306 2169 474 2223 veteri
497 2167 734 2230 homine,
753 2165 1199 2235 mortificatisque
1221 2165 1476 2221 membris
1501 2165 1613 2221 suis
1633 2179 1753 2233 quae
1773 2173 1900 2220 sunt

306 2271 474 2328 super
501 2268 726 2325 terram,
759 2255 990 2311 mundus
1011 2255 1178 2312 corde
1207 2255 1454 2321 effectus,
1475 2256 1622 2312 vitiis
1648 2256 1898 2313 videlicet

305 2347 633 2412 exinanitus,
664 2362 729 2402 ac
749 2347 1034 2402 virtutibus
1079 2347 1340 2417 repletus,
1371 2362 1472 2418 per
1521 2347 1784 2404 actualem
1840 2349 1894 2404 in

306 2438 778 2509 contemplativam
806 2439 1072 2494 transiens
1094 2439 1280 2506 vitam,
1304 2438 1515 2494 lsraclis
1534 2439 1752 2495 nomine
1780 2454 1895 2494 me-

304 2532 511 2588 rebitur
536 2531 820 2603 appellari,
851 2532 957 2588 hoc
1002 2539 1106 2597 εει,
1133 2533 1250 2596 viri,
1275 2532 1388 2586 sive
1436 2532 1620 2586 mentis
1673 2530 1892 2586 videntis

304 2622 608 2692 Dominum,
636 2624 748 2678 sive
767 2624 1016 2694 principis
1045 2640 1159 2678 cum
1183 2622 1428 2687 Domino,
1459 2631 1551 2678 aut
1580 2623 1761 2677 directi
1787 2622 1890 2695 [tli-

305 2713 442 2787 lecti]
469 2713 702 2780 Domini,
726 2727 884 2783 quem
913 2714 965 2768 in
996 2714 1246 2782 praesenti
1303 2714 1411 2767 vita
1451 2713 1650 2768 videbit
1686 2728 1783 2783 per
1827 2709 1888 2765 li-

303 2804 448 2869 dem,
479 2813 534 2859 et
564 2804 616 2858 in
647 2803 827 2858 futuro
879 2803 1331 2874 contemplabitur
1384 2803 1523 2859 facie
1550 2803 1617 2858 ad
1644 2803 1838 2860 faciem
1870 2822 1882 2857 :

303 2895 475 2963 Beati,
507 2896 702 2966 inquit,
732 2897 924 2953 mundo
947 2896 1122 2964 corde,
1145 2899 1388 2968 quoniam
1424 2896 1526 2967 ipsi
1557 2894 1720 2951 Deum
1745 2897 1885 2951 cida-

301 2988 427 3041 buut
451 2986 667 3058 (Matth.
687 2990 766 3058 v).

2007 1807 2109 1865 tes,
2142 1807 2202 1854 ut
2227 1799 2408 1854 luceat
2444 1801 2535 1853 tua:
2563 1809 2742 1855 nostra
2770 1816 2948 1855 coram
2973 1800 3282 1863 hominibus,
3312 1810 3363 1854 et
3388 1802 3588 1872 glori/i-

2004 1902 2120 1948 cent
2165 1908 2323 1963 opera
2375 1902 2560 1947 nostra
2613 1890 2823 1946 Patrem
2875 1901 3110 1946 nostrum
3149 1893 3315 1962 quiin
3341 1893 3482 1947 caelis
3511 1903 3588 1946 est

2005 1979 2216 2052 (Matth.
2236 1980 2315 2051 v);
2347 1997 2447 2037 nec
2467 1980 2594 2037 satis
2608 1981 2679 2036 sit
2698 1982 2856 2037 n‘obis
2875 1981 3212 2038 solummodo
3233 1983 3287 2037 in
3314 1980 3588 2037 Christum

2000 2072 2242 2138 credere,
2265 2071 2382 2139 sed,
2412 2073 2459 2128 si
2490 2072 2565 2127 ita
2595 2073 2888 2128 necessitas
2918 2073 3174 2143 impellat,
3201 2089 3300 2143 pro
3342 2073 3460 2142 ejus
3486 2091 3585 2128 no~

1999 2164 2144 2220 mine
2170 2165 2342 2235 parati
2373 2165 2532 2221 simul
2554 2165 2764 2238 [simus]
2788 2165 2951 2220 etiam
2981 2174 3226 2222 nostrum
3272 2167 3588 2236 sanguinem

1996 2253 2224 2311 fundere
2243 2255 2669 2337 etlconjunctam
2699 2264 2992 2330 martyrum
3031 2257 3215 2314 subire
3254 2259 3583 2328 passionem.

1996 2347 2262 2406 Coccinus
2284 2349 2403 2422 [al.,
2428 2345 2646 2421 coccus]
2669 2363 2886 2421 quoque
2930 2357 3115 2405 noster
3140 2349 3216 2404 bis
3259 2351 3450 2404 tinctus
3495 2350 3587 2414 sit,

1995 2439 2100 2496 hoc
2125 2448 2227 2506 est,
2256 2455 2353 2511 per
2372 2440 2630 2511 Spiritum
2669 2451 2916 2497 sanctum
2946 2441 3112 2509 ignita
3160 2441 3254 2496 Dei
3299 2441 3590 2497 dilectione

1993 2528 2281 2599 impleatur
2309 2538 2366 2584 et
2391 2530 2655 2600 proximi;
2683 2530 2752 2586 de
2778 2545 2885 2600 qua
2940 2530 3138 2586 dicitur
3168 2549 3181 2583 :
3213 2533 3372 2600 Aqua:
3411 2532 3590 2586 multat

1991 2635 2096 2673 non
2133 2628 2406 2690 potuerunt
2432 2622 2759 2693 exstinguere
2800 2621 3132 2687 charitatem,
3173 2623 3441 2693 lampades
3469 2624 3588 2695 ejus

1990 2711 2258 2782 lampades
2285 2712 2421 2784 ignis
2446 2722 2496 2766 et
2530 2713 2861 2782 ﬂammarum
2895 2712 3074 2785 (Cant.
3107 2712 3186 2783 8).

2063 2801 2127 2856 In
2157 2801 2350 2866 Esron,
2383 2811 2444 2858 ιιι
2471 2803 2724 2859 ardentes
2749 2803 2950 2860 diaboli
3004 2805 3246 2875 sagittas,
3282 2805 3444 2875 ignita
3477 2808 3587 2863 ini-

1988 2895 2112 2952 mici
2130 2895 2304 2965 jacula
2334 2897 2626 2967 perspicaci
2654 2896 2833 2952 cordis
2863 2897 3055 2953 intuitu
3081 2899 3435 2968 praevidentes
3457 2915 3584 2957 cum

1991 2984 2238 3053 apostolo
2266 2983 2432 3038 Paulo
2460 2985 2644 3040 dicere
2682 2986 2952 3054 possimus
2981 3004 2995 3040 :
3027 2985 3154 3042 Non
3176 2989 3312 3042 enim
3361 2990 3584 3061 ignora-

372 3078 427 3132 In
447 3078 608 3143 Juda,
638 3088 696 3134 ut
717 3079 995 3135 laudemus
1022 3087 1078 3135 et
1106 3093 1320 3150 semper
1360 3077 1725 3149 glorificamus
1769 3077 1878 3133 Do-
1907 3069 1956 3134 C
1988 3093 2102 3132 mus
2128 3077 2376 3132 uersutiae
2406 3077 2519 3148 ejus
2541 3075 2628 3150 (ll
2657 3077 2781 3133 Cor.
2815 3079 2896 3144 u);
2926 3079 2992 3133 ad
3036 3094 3172 3149 quas
3217 3081 3475 3137 videndas
3503 3083 3586 3137 vi-

300 3169 530 3235 minum,
551 3177 608 3224 et
657 3168 1013 3225 confiteamnr
1065 3169 1143 3224 illi
1191 3169 1471 3225 laudantes
1521 3183 1716 3224 nomen
1744 3167 1880 3237 ejus.

300 3257 665 3314 Confessionis
703 3273 834 3315 vero
866 3259 921 3314 in
949 3258 1140 3316 divinis
1164 3258 1453 3328 Scripturis
1480 3259 1676 3329 duplex
1696 3259 1886 3314 modus

301 3361 414 3418 est;
445 3357 538 3404 aut
558 3349 702 3404 enim
728 3349 794 3404 ad
823 3349 1152 3422 pienitentia:
1173 3348 1595 3406 satisfactionem
1642 3351 1884 3420 respicit,

301 3450 396 3497 aut
419 3441 814 3513 baptizabantur
837 3442 900 3496 ab
931 3457 991 3496 eo
1011 3429 1536 3513 conﬁtentes'peccata
1552 3459 1648 3497 sua
1665 3441 1882 3513 (Matth.

302 3531 405 3602 tu);
435 3538 490 3586 et
515 3529 710 3585 iterum
754 3548 766 3584 :
825 3528 1178 3600 Conﬁtemiui,
1212 3530 1406 3601 inquit,
1434 3533 1740 3587 alterutrum
1769 3549 1886 3602 pec—

301 3633 419 3679 cata
439 3629 607 3677 vestra
633 3619 774 3693 (Jac.
791 3621 868 3689 v);
893 3630 987 3676 aut
1014 3621 1082 3676 ad
1108 3621 1399 3690 gratiarum
1422 3623 1688 3679 actionem
1730 3622 1886 3678 refer-

301 3723 390 3769 tur
405 3722 460 3771 et
487 3713 793 3779 laudem,ut
821 3721 1042 3770 sanctus
1069 3712 1259 3768 Daniel
1311 3731 1325 3767 :
1360 3711 1496 3782 Tibi,
1525 3713 1714 3790 inquit,
1748 3712 1886 3769 Deus

303 3808 524 3864 Patrum
569 3817 865 3863 nostrorum
892 3807 1165 3876 conﬁteor,
1179 3815 1323 3878 teque
1347 3806 1502 3862 laudo
1533 3805 1696 3878 (Dan.
1729 3807 1809 3878 ιι),
1833 3814 1890 3861 ει

301 3903 498 3957 iterum
543 3901 598 3956 in
629 3899 944 3969 Evangelio,
974 3899 1064 3969 qui
1117 3900 1257 3954 sicut
1295 3899 1412 3954 ovis
1453 3908 1731 3970 peccaturo
1780 3914 1887 3953 non

303 3989 470 4046 fecit:
500 3989 779 4060 Conﬁteor,
806 3988 901 4054 ait,
933 3988 1024 4042 tibi
1059 3987 1217 4042 Pater
1265 3987 1485 4045 Domine
1512 3989 1627 4044 caeli
1653 3996 1703 4044 et
1734 3999 1888 4044 terra:

304 4080 523 4152 (Matth.
576 4081 674 4150 ιι),
705 4080 756 4135 id
801 4087 902 4145 est,
941 4078 1141 4148 gratias
1187 4093 1290 4148 ago
1343 4079 1453 4142 tibi,
1485 4079 1599 4135 sive
1643 4078 1888 4148 gloiilico

303 4171 392 4241 (S.
416 4172 656 4244 August,
689 4170 862 4228 Serm.
885 4169 920 4224 8
939 4169 1002 4224 de
1026 4167 1166 4224 verb.
1199 4168 1403 4239 Dom.).
1437 4168 1578 4240 Ergo
1600 4170 1892 4240 praevenia-

304 4277 424 4316 mus
470 4263 525 4317 in
553 4260 896 4317 conlessione
928 4258 1120 4315 faciem
1172 4256 1429 4331 [Domini]
1457 4269 1512 4314 et
1536 4257 1891 4314 confiteamur

307 4361 530 4424 peccata
552 4361 735 4408 nostra
751 4369 766 4420 ;
785 4351 1090 4406 advocatum
1106 4351 1248 4405 enim
1266 4349 1508 4403 habemus
1523 4349 1660 4420 apud
1676 4349 1888 4404 Patrem

1989 3168 2278 3237 gilantibus
2289 3168 2466 3224 cordis
2486 3169 2656 3225 oculis
2685 3175 2820 3239 opus
2846 3171 3129 3226 habemus.
3159 3169 3282 3227 Non
3306 3179 3389 3227 est
3409 3173 3580 3238 enim,

1988 3259 2162 3328 inquit
2186 3259 2504 3329 Apostolus,
2533 3260 2680 3315 nobis
2707 3260 3001 3317 colluctatio
3029 3263 3274 3318 adversus
3295 3280 3509 3319 carnem
3530 3275 3582 3319 et

1987 3347 2313 3419 sanguinem,
2342 3349 2433 3404 sed
2455 3349 2696 3405 adversus
2725 3351 3045 3422 principatus
3085 3362 3135 3406 et
3154 3362 3452 3422 potestates,
3482 3356 3584 3408 atl-

1985 3454 2160 3493 versus
2183 3448 2405 3494 rectores
2434 3439 2758 3495 tenebrarum
2785 3442 2990 3509 harum,
3005 3443 3252 3498 adversus
3278 3445 3584 3513 spiritantia

1985 3530 2224 3601 nequitia:
2251 3531 2309 3584 in
2333 3530 2628 3586 coelestibus
2671 3530 2890 3604 (Ephes.
2920 3534 3017 3601 γι).
3051 3532 3119 3588 Ει
3146 3534 3287 3600 ideo,
3319 3543 3379 3588 ut
3431 3535 3586 3591 idem

1987 3619 2279 3691 Apostolus
2324 3619 2449 3675 alibi
2495 3621 2572 3676 ait
2621 3639 2634 3676 :
2681 3624 2842 3678 Arma
2887 3625 3089 3680 militia:
3107 3635 3298 3681 nostra:
3324 3643 3430 3682 non
3459 3637 3587 3682 sunt

1987 3712 2242 3776 carnalia,
2298 3711 2389 3766 sed
2433 3713 2725 3784 spiritualia
2768 3712 2859 3786 (ιι
2913 3711 3037 3770 Cor.
3070 3717 3163 3783 x);
3210 3715 3518 3786 spiritualib
3559 3735 3589 3774 ε

1989 3816 2220 3873 namque
2235 3811 2290 3858 et
2309 3802 2660 3858 invisibilibus
2672 3803 2836 3860 armis
2853 3804 3132 3861 invisibilis
3153 3806 3364 3874 animat,
3388 3816 3588 3862 contra

1989 3893 2284 3950 invisibiles
2312 3893 2500 3950 hostes
2527 3894 2890 3951 dimicandum
2919 3904 3020 3952 est.
3075 3895 3427 3952 Assumamus
3478 3898 3588 3952 ita-

1988 4000 2131 4055 que,
2171 3985 2463 4040 secundum
2506 3983 2821 4056 Apostolum
2849 3985 3063 4058 (Ephes.
3097 4003 3179 4054 vt;
3223 3987 3249 4041 ι
3286 3984 3468 4044 Thess.
3502 3999 3588 4059 ν),

1989 4085 2049 4131 ιιι
2077 4076 2343 4146 possimus
2370 4077 2625 4134 resistere
2645 4080 2700 4132 in
2722 4079 2805 4134 die
2825 4080 2984 4146 malo,
3013 4083 3067 4135 in
3097 4082 3334 4137 omnibus
3362 4099 3591 4139 sumen-

1991 4176 2063 4222 tes
2100 4176 2300 4222 scutum
2329 4168 2452 4238 ﬁdei
2480 4170 2535 4222 in
2561 4186 2660 4239 quo
2689 4173 2944 4238 possimus
2974 4173 3141 4244 ignita
3179 4172 3376 4228 inimici
3394 4175 3591 4246 facula

1989 4259 2331 4329 exstinguere,
2357 4267 2406 4312 et
2425 4259 2630 4330 galeam
2654 4261 2760 4331 spei
2782 4271 2830 4315 et
2848 4261 3061 4316 loricam
3086 4263 3356 4318 charitatis
3381 4273 3433 4319 et
3463 4265 3592 4337 gla-

1992 4349 2134 4404 dium
2161 4351 2393 4420 spiritus,
2418 4351 2556 4421 quod
2576 4360 2653 4405 est
2690 4351 2912 4406 Verbum
2961 4351 3082 4424 [Dei
3113 4352 3310 4425 deest];
3342 4363 3590 4426 utroque

307 4443 485 4498 Jesum
539 4439 800 4497 Christum
838 4441 1059 4512 justum,
1090 4448 1139 4494 et
1180 4441 1290 4511 ipse
1334 4448 1410 4494 est
1455 4441 1757 4510 prapitiatio
1794 4457 1887 4509 pro
1923 4442 1971 4503 D
1995 4439 2138 4495 enim
2168 4439 2331 4495 modo
2350 4441 2720 4511 accipiendum
2742 4448 2826 4498 est
2846 4442 3003 4498 nobis
3031 4459 3226 4499 nomen
3255 4443 3592 4512 Esron,sive

309 4533 533 4603 peccatis
559 4530 752 4585 nostris
779 4527 833 4601 (1
859 4529 1018 4585 Joau.
1046 4530 1124 4598 ιι).
1160 4529 1430 4584 Nudemus
1450 4529 1670 4584 vulnera
1708 4539 1888 4586 nostra

309 4622 584 4688 medenti;
615 4621 814 4676 etenim
841 4635 939 4675 sua
969 4620 1192 4676 vulnera
1241 4621 1408 4676 nutrit
1451 4621 1544 4691 qui
1575 4621 1738 4690 tegit;
1764 4621 1889 4676 abs-

309 4732 476 4774 conta
529 4717 719 4773 delicta
768 4716 1156 4786 patefaciantur
1201 4716 1463 4785 Domino;
1513 4718 1750 4774 revelata
1797 4730 1894 4787 per

313 4808 680 4881 pmnitentiam
705 4812 955 4877 tegantur
985 4821 1082 4876 per
1101 4805 1313 4862 Domini
1342 4805 1806 4870 misericordiam;
1838 4807 1889 4861 in

312 4900 551 4956 adversis
575 4899 774 4970 pariter
789 4906 846 4953 et
871 4897 1144 4967 pr08peris
1194 4896 1475 4952 laudemus
1517 4896 1808 4962 Chriszum,
1839 4896 1892 4952 in

314 4991 568 5048 omnibus
583 4989 807 5060 gratiam
833 4988 1062 5044 Domino
1091 4987 1233 5043 Patri
1257 4997 1477 5058 agentes
1506 5004 1602 5060 per
1626 4990 1820 5059 ipsum.

386 5067 454 5139 In
474 5080 696 5149 Phares,
723 5089 781 5134 ut
808 5088 958 5137 recte
1007 5079 1306 5136 dividamus
1333 5087 1390 5135 et
1437 5087 1584 5136 recte
1606 5078 1895 5136 offeramus

317 5174 568 5241 Domino,
585 5179 838 5230 caventes
868 5171 1159 5240 pessimum
1213 5171 1357 5226 illius
1406 5171 1685 5241 parricida:
1712 5187 1896 5226 exem-

315 5269 461 5340 plum
489 5282 552 5322 ac
580 5262 899 5336 patrimonia
925 5263 1204 5332 egentibus
1229 5261 1530 5318 dividamus
1544 5261 1896 5317 etreddamus

317 5361 627 5433 parentibus
656 5371 775 5425 qua:
800 5363 1081 5428 parentum
1110 5363 1274 5421 sunt;
1325 5356 1545 5426 insuper
1588 5354 1899 5410 studeamus

316 5453 575 5508 divisores
586 5448 724 5504 efﬁci
755 5463 1012 5517 aquarum
1030 5448 1367 5517 superiorum
1385 5448 1453 5501 ab
1469 5445 1828 5510 inferioribus,
1845 5446 1894 5500 id

316 5552 419 5607 est,
439 5544 674 5615 patiente
689 5539 1005 5615 [patientiae]
1029 5540 1392 5596 intercedente
1417 5537 1776 5606 ﬁrmamento,
1793 5539 1896 5594 viro

318 5643 464 5691 tutes
487 5648 848 5704 separemusa
880 5632 1047 5701 vitiis,
1069 5631 1266 5686 munda
1320 5631 1498 5687 eliecti
1546 5632 1812 5695 animalia,
1845 5632 1896 5686 in

321 5739 501 5781 arcam
551 5721 663 5778 Noe
717 5737 1071 5790 assumamur,
1096 5721 1512 5780 intellectualem
1541 5723 1790 5794 ungulam
1819 5719 1899 5775 di-

1994 4530 2142 4599 quia,
2176 4538 2236 4585 ut
2260 4546 2419 4600 supra
2451 4531 2648 4587 dictum
2671 4539 2772 4596 est,
2807 4531 3101 4588 diabolicas
3149 4548 3432 4592 caveamus
3490 4551 3592 4592 sa-

1995 4625 2176 4692 gittas,
2207 4624 2320 4681 sive
2347 4625 2474 4693 quia
2511 4623 2722 4680 Domini
2752 4624 2994 4680 videntes
3025 4628 3266 4695 sagittas,
3291 4643 3411 4698 qua:
3455 4638 3596 4684 sunt

1995 4715 2290 4770 secundum
2311 4715 2645 4770 Psalmistam
2671 4723 2862 4781 acutae,
2893 4714 3099 4783 sagittis
3141 4716 3284 4771 illius
3335 4733 3592 4787 oppona—

1996 4820 2146 4870 mus;
2174 4819 2333 4859 nemo
2359 4803 2559 4859 etenim
2587 4804 2640 4858 in
2669 4817 2843 4872 agone
2863 4804 3177 4859 contendens
3224 4807 3598 4875 coronabitur,

1997 4895 2096 4950 nisi
2127 4896 2212 4963 qui
2232 4895 2457 4966 legitime
2470 4882 2752 4949 Qertaverit
2785 4893 2873 4965 (II
2900 4893 3032 4949 Tim.
3067 4895 3149 4964 tt).
3181 4897 3388 4951 Atrium
3410 4899 3594 4954 etiam

1997 4986 2313 5051 elliciamur,
2339 4995 2396 5039 nt
2421 4985 2586 5040 veluti
2632 4985 2686 5039 in
2741 4987 2880 5040 atrio
2918 4994 3106 5041 sancto
3131 5001 3232 5042 suo
3290 4987 3504 5042 habitet
3536 4989 3599 5044 in

1997 5079 2174 5146 nobis,
2204 5078 2416 5133 dicente
2444 5077 2597 5148 ipso:
2638 5075 2896 5131 Habitabo
2923 5078 2977 5130 in
2998 5077 3124 5132 illis.
3155 5077 3363 5133 Stemus
3413 5079 3598 5135 etiam

1992 5165 2050 5222 in
2080 5168 2242 5224 domo
2268 5168 2476 5223 Domini
2533 5167 2720 5231 nostri,
2754 5167 2806 5221 in
2833 5167 2982 5221 atriis
3018 5167 3211 5222 dotnus
3269 5167 3364 5221 Dei
3405 5171 3599 5224 nostri

2000 5260 2173 5333 (Psal.
2207 5260 2353 5330 cxv);
2401 5261 2682 5315 laudantes
2729 5253 3014 5314 Dominum
3064 5260 3319 5328 quoniam
3369 5260 3558 5317 bonus

1999 5353 2259 5434 intremus
2280 5361 2461 5423 portas
2479 5351 2593 5421 ejus
2619 5352 2672 5406 in
2712 5351 3070 5407 exsultatione
3094 5361 3150 5406 et
3176 5353 3312 5407 atria
3371 5352 3498 5422 ejus
3545 5356 3605 5411 in

2001 5443 2213 5514 hymnis
2241 5441 2839 5514 (Psal.:c1x),plantati
2870 5441 3069 5497 ctenim
3101 5442 3153 5496 in
3179 5442 3340 5497 domo
3372 5443 3606 5501 Domini

1994 5535 2049 5590 in
2078 5537 2232 5592 atriis
2274 5537 2464 5593 domus
2501 5536 2596 5592 Dei
2625 5539 2793 5594 nostri
2840 5536 3108 5595 ﬂorebunt
3153 5540 3326 5611 (Psal.
3359 5542 3504 5609 xei),
3534 5552 3602 5598 ut

2001 5634 2126 5696 post
2147 5641 2306 5698 quam
2355 5628 2406 5682 in
2445 5631 2596 5686 atriis
2649 5632 2924 5700 przesentis
2973 5629 3226 5687 Ecclesia:
3276 5634 3602 5704 ﬂoruerint,

1999 5721 2222 5776 stabiles
2256 5723 2309 5776 in
2337 5719 2498 5777 domo
2522 5725 2671 5794 regni
2701 5724 3010 5794 plantcntur
3037 5727 3242 5783 tctcrni.
