3978 6182
1085 295 1635 357 INTERPRETATIO
1675 301 1974 362 MORALIS
2015 307 2552 376 PROGENITORUM
2592 320 2890 381 CHRISTI.

3602 341 3710 397 338

516 403 578 458 In
607 405 790 470 Aram,
817 405 944 458 utin
978 421 1202 462 numero
1251 412 1547 467 habeamur
1583 413 1875 470 electorum
1925 418 2026 474 Do-
2055 425 2103 482 A
2133 424 2358 482 inimicis
2385 431 2717 501 triumphare
2746 438 3035 509 possimus,
3063 442 3312 500 timentes
3333 463 3548 518 quoque
3579 451 3707 508 illud

446 498 589 561 mini,
622 497 882 552 adversus
930 515 1066 568 quos
1116 501 1293 555 nullus
1322 511 1404 559 est
1446 505 1538 577 qui
1589 517 1838 574 accuset;
1869 510 2032 579 elegit
2130 515 2497 585 Apostolicum
2523 497 2858 593 z-Qttomodo,
2885 531 2980 592 ait,
3007 497 3131 600 facti
3182 537 3305 588 estis
3349 497 3534 608 anib'us
3578 543 3711 596 tacte

442 591 580 644 enim
607 606 706 643 uos
729 588 889 644 Pater
914 591 963 643 in
984 590 1200 644 Christo
1219 601 1275 646 ut
1302 609 1542 650 essemus
1563 599 1730 653 sancti
1760 609 1816 654 et
1835 600 2027 654 imma-

440 680 597 735 culati
625 696 809 734 coram
845 681 956 750 ipso
983 679 1069 752 (II
1097 681 1239 737 Petr.
1273 685 1554 750 I);certam
1584 689 1764 756 itaque
1787 700 2027 748 nostram

439 771 792 826 vocationem'
812 780 869 826 et
892 771 1214 828 electionem
1259 791 1355 846 per
1383 776 1522 831 bona
1549 794 1716 848 opera
1746 779 2026 850 faciamus,

439 869 496 915 ut
521 863 645 931 quia
671 862 822 916 multi
843 870 969 918 sunt
992 865 1168 919 vocati
1189 881 1310 921 cum
1334 869 1517 937 paucis
1545 871 1879 928 inveniamur
1915 875 2026 930 ele-

435 953 532 1007 ctis
558 971 569 1005 :
601 967 792 1008 omnes
819 953 1020 1024 quippe
1049 955 1138 1024 qui
1169 955 1379 1014 Domini
1425 960 1686 1016 obediunt
1733 963 2022 1031 voluntati,

432 1045 681 1100 dicuntur
707 1059 881 1114 genus
909 1046 1164 1114 electam,
1192 1049 1372 1119 regale
1398 1052 1756 1108 sacerdotium
1789 1053 1842 1126 (ι
1871 1054 2022 1113 Petr.

430 1137 511 1206 u);
543 1139 672 1191 item
700 1139 902 1194 excelsi
930 1138 1100 1195 simus
1128 1149 1183 1196 et
1209 1142 1484 1211 sublimes,
1511 1145 1826 1203 meritorum
1877 1149 2022 1204 scili-

425 1238 513 1282 cet
529 1229 788 1298 dignitate
801 1230 1077 1286 sublimati
1123 1249 1154 1287 a
1201 1235 1432 1292 terrenis
1461 1237 1787 1294 extollamur
1809 1240 1875 1294 ad
1907 1257 2019 1296 coe-

425 1316 604 1388 lestia,
624 1319 819 1388 quibus
838 1320 931 1389 qui
954 1320 1242 1376 adhaserit
1297 1321 1364 1380 de
1409 1326 1623 1383 excelso
1651 1329 1773 1383 cceli
1800 1329 2015 1384 habita-

420 1404 566 1470 culo,
598 1407 780 1461 omnia
807 1406 1036 1478 despicit
1065 1408 1288 1465 caduca.

493 1495 558 1550 In
588 1497 903 1566 Aminadab,
933 1508 992 1553 ut
1037 1508 1374 1569 spontaneos
1402 1502 1612 1560 Domini
1635 1505 1808 1562 simus
1835 1523 2010 1578 popu—

422 1587 616 1653 lus;in
661 1587 1026 1646 aediﬁcatione
1073 1592 1275 1646 etenim
1327 1593 1665 1650 tabernaculi
1712 1597 2008 1653 testimonii

421 1682 475 1737 in
509 1696 626 1750 quo
665 1683 784 1738 sine
830 1684 1084 1753 ambiguo
1135 1685 1466 1754 signiﬁcatur
1515 1687 1695 1743 omnis
1740 1686 2003 1758 Ecclesia,

418 1784 669 1846 prompto
687 1776 914 1846 quisque
943 1777 1125 1833 animo
1144 1777 1340 1833 obtulit
1359 1777 1503 1847 quod
1555 1779 1747 1834 voluit.
1775 1779 1926 1836 Unde
1953 1790 2009 1838 et
2041 1783 2085 1844 Β

417 1866 529 1936 ipsa
578 1867 781 1922 veritas
835 1887 848 1921 :
909 1868 970 1922 Si
1022 1869 1157 1939 quis,
1216 1869 1409 1939 inquit,
1432 1870 1535 1923 rult
1571 1881 1688 1942 post
1727 1887 1810 1925 me
1838 1874 2007 1927 venire

417 1963 630 2028 (Matth.
680 1961 816 2029 XVI);
859 1969 915 2015 et
963 1960 1091 2015 alibi
1123 1981 1136 2016 :
1165 1963 1227 2016 Si
1256 1964 1330 2016 vis
1355 1964 1612 2034 perfectus
1649 1980 1761 2018 esse
1787 1964 2000 2034 (Matth.

415 2051 549 2119 nx);
577 2061 634 2106 et
654 2051 848 2104 iterum
877 2049 946 2106 de
983 2051 1306 2120 virginitatis
1330 2051 1599 2108 electione
1620 2054 1850 2109 liberum
1880 2055 2004 2110 reli-

413 2143 528 2212 quit
555 2142 838 2197 arbitrium
865 2142 921 2212 (I
945 2142 1068 2199 Cor.
1093 2143 1210 2214 vn),
1241 2143 1428 2200 dicens
1458 2162 1472 2198 :
1498 2143 1598 2210 Qui
1626 2155 1793 2216 potest
1821 2163 2005 2216 capere

411 2235 624 2304 capiat;
653 2233 793 2287 sicut
812 2249 1042 2303 namque
1071 2233 1327 2290 Dominus
1350 2235 1515 2289 vitam
1546 2245 1782 2291 nostram
1807 2237 2001 2291 volun-

412 2327 543 2380 taria
567 2327 816 2394 passione
842 2326 1144 2395 acquisivit,
1174 2327 1247 2381 ita
1294 2335 1350 2383 et
1399 2343 1499 2383 uos
1551 2328 1853 2382 voluntarie
1885 2329 2001 2384 vult

409 2414 714 2469 sacriﬁcare
737 2414 860 2478 sibi,
888 2421 946 2468 ut
965 2414 1268 2469 voluntaria
1296 2416 1408 2470 eris
1439 2415 1606 2471 nostri
1655 2416 1998 2486 beneplacita

411 2505 508 2559 sibi
540 2504 724 2568 faciat,
755 2505 895 2559 sicut
922 2514 978 2560 et
1007 2519 1270 2560 caecorum
1293 2506 1625 2560 voluntatem
1657 2521 1778 2561 cum
1809 2507 1994 2575 sciret,

409 2595 996 2664 interrogabatdicens,
1019 2593 1156 2659 Quid
1178 2596 1327 2651 uultis
1347 2605 1402 2650 ut
1423 2599 1616 2669 faciam
1638 2597 1777 2652 vobis
1798 2597 1992 2667 (Marc.

409 2687 504 2756 x)?
528 2694 586 2742 et
611 2687 796 2741 statim
833 2686 1046 2742 iidelem
1083 2686 1422 2742 voluntatem
1470 2687 1716 2743 sanitatis
1767 2687 2025 2774 eiiectus.

407 2786 736 2833 consecutus
759 2786 866 2833 est.

475 2869 541 2924 1η
574 2867 821 2935 Naason,
853 2877 909 2924 ut
929 2870 1214 2927 mundanis
1235 2871 1474 2940 auguriis
1527 2870 1804 2940 gentilium
1832 2870 1988 2926 dere-

401 2961 562 3027 lictis,
581 2961 858 3031 promissis
881 2960 1076 3016 divinis
1101 2962 1254 3017 lidem
1281 2963 1651 3026 adhibeamus,
1666 2969 1721 3016 et
1743 2962 1984 3017 omnium

397 3053 813 3122 prosperitatem
842 3067 1020 3107 rerum
1051 3053 1102 3107 in
1130 3053 1337 3107 Domini
1359 3054 1527 3108 solius
1548 3054 1844 3120 voluntate,
1873 3070 1978 3109 non

2129 625 2256 677 opus
2284 611 2372 677 sit,
2404 629 2505 666 non
2535 614 2700 670 solido
2728 617 2838 672 cibo
2876 619 3059 682 (Hebr.
3091 624 3178 693 v)?
3207 623 3571 684 Perfectorum
3614 649 3712 687 au-

2129 708 2237 754 tem
2261 710 2344 756 est
2365 702 2563 756 solidus
2594 706 2744 761 cibus
2773 707 3026 770 virorum.
3057 713 3147 780 qui
3177 718 3500 773 exercitatos
3519 735 3710 775 sensus

2129 794 2329 855 habent
2354 797 2422 850 ad
2443 797 2821 856 discretionem
2849 803 2970 858 boni
2994 813 3049 859 et
3078 807 3222 860 mali.
3252 808 3366 864 Tali
3397 811 3709 869 fortitudine

2127 885 2412 941 roboratus
2442 901 2519 943 est
2548 889 2636 945 ille
2656 893 2745 960 qui
2775 892 3024 948 dicebat:
3060 895 3251 952 Omnia
3304 911 3473 955 autem
3496 922 3704 973 possum

2123 973 2177 1027 in
2208 991 2266 1028 eo
2287 977 2370 1040 qui
2398 994 2478 1031 me
2497 981 2755 1051 ranfortat
2777 981 3028 1055 (Philipp.
3061 986 3157 1056 tv).

2195 1086 2262 1142 In
2287 1085 2452 1156 Obed,
2479 1101 2536 1146 ut
2577 1093 2873 1149 serviamus
2932 1096 3158 1154 Domino
3207 1099 3261 1154 in
3295 1099 3472 1156 l:etitia
3529 1104 3699 1176 (Psal.

2123 1181 2328 1250 xcxux),
2363 1181 2452 1236 illa
2481 1182 2735 1240 videlicet
2779 1187 3058 1253 servitute,
3089 1205 3191 1258 qua
3214 1207 3321 1246 non
3345 1207 3440 1262 per
3459 1195 3700 1265 spiritum

2121 1269 2351 1339 timoris,
2380 1274 2475 1328 sed
2498 1290 2595 1344 per
2610 1277 2854 1345 spiritum
2885 1280 3190 1352 adeptionis
3217 1283 3449 1339 illioram
3471 1290 3704 1343 servitur

2119 1361 2346 1420 Domino
2376 1365 2553 1437 (Rom.
2578 1370 2821 1436 v);sicut
2873 1387 3104 1443 namque
3155 1375 3262 1430 duo
3312 1386 3438 1431 sunt
3485 1379 3703 1435 timores

2117 1451 2206 1518 qui
2235 1451 2437 1509 faciunt
2463 1455 2572 1510 duo
2600 1469 2799 1524 genera
2833 1459 3154 1527 timentium,
3182 1463 3255 1517 ita
3285 1465 3403 1520 dum
3430 1476 3557 1521 sunt
3581 1484 3700 1523 ser-

2117 1539 2330 1608 vitutes,
2355 1558 2476 1612 quin
2525 1545 2727 1601 iaciunt
2760 1548 2868 1605 duo
2897 1563 3094 1618 genera
3119 1567 3396 1610 servorum
3430 1575 3444 1610 :
3468 1558 3606 1614 alter
3635 1561 3700 1615 ti-

2111 1645 2230 1687 mor
2256 1635 2482 1703 poenalis
2511 1636 2562 1690 in
2589 1639 2868 1706 servitute,
2890 1642 3027 1697 alter
3047 1643 3248 1717 [Forte,
3271 1663 3334 1702 ac
3359 1647 3461 1718 est}
3492 1651 3698 1708 initium

2110 1723 2404 1794 sapientize,
2436 1725 2574 1782 alter
2601 1728 2881 1798 plenitudo
2908 1742 2993 1788 est
3032 1734 3168 1804 legis
3188 1736 3404 1794 divinae.
3452 1738 3695 1798 Perfecta

2111 1811 2272 1878 igitur
2311 1816 2571 1872 servitute
2615 1820 2882 1888 periectas
2945 1837 3132 1880 servos
3197 1841 3297 1882 nos
3349 1829 3698 1890 exhibeamus

2110 1900 2358 1970 Domino,
2389 1919 2464 1969 ιιι,
2498 1924 2620 1963 cum
2667 1919 2876 1982 tempus
2925 1914 3198 1971 servitutis
3255 1918 3416 1976 fuerit
3462 1922 3690 1995 ﬁnitum,

2107 2006 2361 2049 vocemur
2387 2010 2416 2048 a
2444 1997 2670 2053 Domino
2693 1999 2745 2053 in
2777 2017 2996 2071 regnum
3019 2012 3300 2064 mtemum.

2177 2083 2244 2140 In
2266 2086 2433 2153 Jesse,
2466 2097 2526 2142 ut
2547 2090 2824 2147 incensum
2851 2097 3157 2152 orationum
3190 2100 3240 2153 in
3267 2117 3358 2155 ara
3389 2105 3565 2158 cordis
3593 2122 3691 2162 no-

2105 2175 2199 2228 stri
2247 2175 2576 2246 incedamus,
2615 2181 2892 2254 dirigatur,
2926 2185 3096 2255 inquit
3125 2188 3314 2259 David,
3338 2195 3504 2249 oratio
3553 2213 3688 2264 mea,

2101 2267 2232 2320 sicut
2250 2267 2512 2325 incensum
2542 2273 2592 2326 in
2615 2286 2889 2346 conspectu
2912 2288 2997 2332 tuo
3029 2278 3200 2351 (Psal.
3233 2292 3383 2353 CXL);
3411 2295 3466 2339 et
3507 2289 3688 2342 omnia

2101 2357 2450 2417 incendentes
2477 2364 2869 2434 conilagremus
2891 2369 3013 2438 igne
3039 2372 3278 2442 spiritus,
3297 2377 3544 2445 spiritum
3563 2395 3688 2433 con-

2101 2451 2409 2507 tribulatum
2465 2454 2694 2512 Domino
2758 2458 3067 2526 oilerente=,
3100 2474 3156 2518 et
3201 2465 3541 2524 immolaatcs
3572 2469 3686 2526 Deo

2098 2541 2329 2598 hostiam
2357 2546 2531 2602 laudis
2559 2547 2732 2619 (Psal.
2772 2551 2918 2620 cxv),
2949 2553 3075 2621 igne
3125 2563 3415 2614 mstuantes
3467 2560 3582 2624 Dei,
3615 2562 3681 2618 de

2093 2649 2203 2704 quo
2250 2638 2447 2694 dicitur
2493 2658 2506 2692 :
2553 2638 2737 2713 Ignem
2783 2644 2901 2698 veni
2947 2646 3148 2701 mittere
3199 2648 3252 2701 in
3297 2658 3488 2705 terram
3527 2653 3678 2723 (Luc.

2093 2741 2186 2790 xu,
2218 2727 2331 2799 49).

2161 2839 2227 2895 In
2254 2841 2441 2912 David,
2467 2854 2524 2900 ut
2539 2850 2783 2918 proprias
2803 2852 3136 2910 remittamus
3161 2856 3381 2924 injurias
3396 2860 3676 2916 etdcsidc-

2087 2932 2284 2987 rabiles
2309 2933 2604 2991 ei‘ticiamur
2625 2938 2874 3010 Domino,
2899 2943 3221 3015 avidumque
3244 2947 3673 3022 habeamuserga

2086 3021 2254 3077 Deum
2284 3023 2623 3093 desiderium,
2647 3029 2762 3086 hoc.
2797 3039 2898 3095 est,
2931 3044 2987 3086 ut
3033 3033 3315 3102 diligentes
3363 3021 3674 3108 Dominum,

395 3114 446 3196 in
498 3114 645 3196 falsis
688 3141 1127 3206 divinationibus,
1159 3143 1508 3208 collocemus,
1537 3137 1610 3198 ut'
1641 3114 1842 3198 Paulus,
1868 3161 1882 3197 :
1917 3144 1978 3198 Si
2009 3143 2054 3206 C
2085 3114 2368 3208 {Eligamu-
2388 3133 2418 3171 ³
2443 3118 2700 3188 Domino;
2731 3119 2830 3185 Qui
2857 3125 2996 3178 enim
3038 3125 3206 3196 diti-‘1“
3243 3145 3340 3193 θ’θ’
3373 3129 3614 3200 άίίίθθηίν
3642 3150 3674 3185 (⁸

389 3234 668 3304 quomodo,
725 3231 912 3299 inquit,
963 3232 1171 3286 tondent
1215 3233 1493 3303 aliquando
1543 3250 1843 3304 prosperum
1885 3235 1983 3288 iter

389 3320 609 3374 habeam
662 3322 716 3374 in
767 3321 1028 3375 voluntate
1073 3321 1171 3376 Dei
1216 3325 1452 3376 ueniendi
1491 3325 1562 3377 ad
1577 3341 1676 3378 veos
1707 3324 1884 3395 (llam.
1917 3325 1979 3394 ι).

388 3410 533 3466 Ecce
559 3426 668 3466 non
691 3411 742 3466 ia
769 3411 901 3478 fato,
934 3429 1036 3468 nec
1064 3413 1117 3468 in
1139 3415 1386 3482 augurio,
1411 3414 1504 3471 sed
1535 3417 1587 3470 in
1615 3417 1831 3472 Domini
1883 3433 1981 3472 vo-

385 3500 617 3568 luntate,
668 3503 1084 3572 prosperitatem
1155 3505 1236 3559 sui
1299 3506 1481 3576 posuit
1537 3507 1762 3562 itineris.
1813 3508 1980 3563 David

383 3607 608 3664 quoque
643 3594 711 3648 de
737 3596 898 3650 beato
923 3596 1041 3650 viro
1071 3615 1082 3650 :
1119 3593 1327 3662 Omnia,
1359 3599 1456 3661 ait,
1485 3615 1797 3669 quazcunque
1824 3601 1981 3671 faciet

383 3683 831 3753 prosperabantur
885 3684 1059 3754 (Psal.
1111 3685 1174 3753 ι),
1226 3697 1280 3742 et
1345 3686 1580 3746 Joannes
1637 3689 1974 3759 Apostolus:

385 3775 723 3842 Charissime,
748 3777 936 3845 inquit,
969 3778 1022 3830 in
1069 3777 1305 3832 omnibus
1333 3779 1621 3833 orationem
1675 3783 1810 3853 facio
1850 3800 1979 3853 pro-

380 3881 534 3935 spere
562 3875 612 3919 te
637 3867 840 3936 ingredi
869 3866 1049 3938 (Joan,
1078 3869 1178 3938 ιιι).
1205 3869 1542 3940 Conlemptis
1561 3873 1744 3942 itaque
1772 3876 1979 3931 cunctis

383 3957 671 4013 mundanis
691 3960 945 4028 auguriis,
978 3975 1360 4032 prosperemur
1385 3965 1436 4017 in
1464 3964 1556 4019 Dei
1590 3965 1889 4034 voluntate,
1921 3977 1977 4024 et

378 4048 580 4103 divinis
619 4049 899 4105 credamus
933 4053 1197 4120 oraculis,
1237 4061 1292 4109 et
1321 4053 1531 4110 Domini
1583 4057 1748 4112 solius
1801 4059 1978 4114 inten-

376 4140 574 4196 damus
604 4142 882 4211 promissis
913 4160 926 4196 :
952 4141 1192 4199 Charitas
1218 4145 1417 4217 quippe
1445 4150 1620 4202 omnia
1644 4151 1836 4216 credit,
1864 4169 1976 4206 om-

377 4233 467 4285 nia
485 4243 659 4300 sperat
677 4231 729 4302 (I
751 4231 868 4287 Cor.
886 4235 1026 4304 xm),
1048 4236 1113 4288 ad
1145 4238 1436 4292 maximum
1459 4241 1656 4294 etenim
1683 4242 1851 4298 laudis
1877 4261 1973 4298 cu-

376 4323 587 4376 mulum
613 4323 683 4378 de
720 4326 920 4396 populo
947 4326 1111 4382 Israel
1141 4329 1339 4385 dicitur
1369 4350 1382 4384 :
1409 4331 1533 4387 Non
1574 4344 1652 4388 est
1698 4339 1972 4407 augurium

372 4415 426 4466 in
455 4413 645 4482 Jacob,
677 4432 768 4470 nec
786 4417 1035 4473 divinatio
1064 4421 1117 4474 in
1146 4419 1314 4475 Israel
1340 4423 1526 4494 (Nam.
1557 4429 1731 4492 xxm).

2090 3204 2248 3262 Patre
2277 3225 2410 3273 meo,
2440 3219 2489 3264 et
2533 3227 2626 3281 ego
2665 3212 2877 3283 diligam
2923 3232 3039 3268 eunt
3084 3216 3263 3287 (Joan.
3297 3219 3430 3290 xlv).
3481 3220 3674 3276 Fortes

2083 3301 2247 3355 etiam
2295 3303 2461 3356 simus
2489 3319 2672 3371 manu,
2702 3306 2804 3360 hoc
2842 3317 2944 3373 est,
2976 3308 3212 3378 perfecto
3267 3327 3431 3382 apere
3462 3313 3671 3370 intezlc-

2083 3392 2314 3446 ctualem
2350 3393 2618 3463 gigantem
2652 3393 2828 3463 gladio
2858 3399 3076 3467 proprio
3108 3399 3472 3464 vulnerantes,
3504 3411 3560 3456 et
3602 3402 3670 3456 de

2082 3479 2324 3539 faucibus
2363 3486 2570 3554 antiqui
2620 3489 2906 3556 praedonis,
2943 3499 3049 3543 tam
3091 3500 3303 3546 nostras
3352 3507 3512 3561 quam
3545 3508 3669 3563 pro-

2082 3573 2346 3629 ximorum
2389 3577 2595 3630 animus
2623 3579 2936 3648 eripientcs,
2966 3590 3044 3647 ut,
3071 3591 3317 3637 extremo
3345 3584 3666 3639 adveniente

2074 3663 2300 3732 judicio,
2347 3667 2745 3735 desiderabiles,
2778 3671 3064 3742 fulgeamus
3110 3674 3240 3726 sicut
3286 3675 3368 3728 sol
3422 3675 3474 3727 in
3509 3692 3665 3745 regno

2081 3755 2260 3810 Patris
2287 3759 2470 3818 nostri.
2495 3767 2569 3828 et,
2604 3761 2745 3816 bono
2786 3763 3080 3819 certamine
3109 3775 3339 3833 certato,
3372 3769 3663 3836 repositam

2078 3849 2234 3903 nobis
2257 3847 2310 3903 in
2337 3849 2489 3904 uelis
2515 3850 2888 3921 accipiamusa
2909 3852 3054 3922 justo
3088 3855 3288 3925 judice,
3314 3855 3539 3925 justitiaa
3567 3875 3662 3914 co-

2078 3955 2284 3994 ronam.

2150 4032 2216 4087 In
2241 4034 2542 4099 δηιοηιωιε,
2574 4045 2626 4089 ιιι
2655 4046 2913 4106 quantum
2943 4054 3010 4094 ex
3032 4040 3186 4097 nobis
3204 4041 3291 4108 sit,
3312 4058 3433 4097 cum
3483 4041 3658 4098 omni-

2077 4125 2176 4179 bus
2231 4142 2415 4194 paeem
2469 4128 2783 4196 habeamus,
2814 4139 2871 4184 et
2917 4132 3173 4187 intestino
3213 4134 3464 4189 vitiorum
3495 4137 3659 4209 bello,

2075 4215 2442 4283 spiritualibus
2467 4220 2612 4274 vieto
2642 4221 2949 4287 virtutibus,
2981 4231 3037 4277 et
3067 4233 3296 4290 utroque
3344 4234 3528 4280 nostro
3557 4229 3657 4281 bo-

2075 4305 2218 4358 mine
2247 4305 2299 4359 in
2331 4323 2492 4361 unqu
2521 4309 2796 4364 ccclestcm
2812 4313 3126 4379 ceneiliato,
3144 4328 3333 4382 pacem
3365 4314 3658 4374 habeanus

2074 4395 2139 4448 ad
2170 4395 2473 4463 Dominum,
2505 4408 2559 4453 et
2579 4401 2643 4454 ad
2675 4401 3008 4470 proximum,
3041 4413 3096 4458 ct
3134 4421 3240 4460 non
3270 4407 3446 4462 solum
3490 4409 3656 4466 simus

448 4507 516 4561 In
552 4509 792 4575 Sulmo",
824 4519 883 4565 ω
909 4514 1190 4570 sensibiles
1216 4515 1268 4569 in
1300 4491 1528 4572 Dbmmo
1555 4491 1733 4572 omnia
1767 4519 1964 4586 probe,
1991 4491 2043 4550 D
2069 4505 2192 4544 cum
2243 4493 2491 4547 omnibus
2535 4495 2734 4563 pacati,
2770 4499 3121 4551 verumetiam
3171 4501 3421 4564 omnibus
3465 4504 3654 4558 exista-

371 4612 512 4661 mus,
544 4605 596 4652 el
626 4599 738 4653 sola
768 4615 831 4654 ea
854 4616 974 4670 quae
995 4603 1133 4658 bona
1160 4615 1284 4660 sunt
1311 4614 1590 4662 teneamus
1612 4607 1666 4678 (I
1689 4608 1866 4664 Thess.
1887 4610 1962 4679 v),

369 4699 418 4742 et
446 4689 682 4743 sensibus
702 4693 936 4762 perfecti,
968 4696 1168 4750 malitia
1190 4699 1567 4766 parvulisintus
1597 4698 1652 4769 (Ι
1681 4699 1959 4771 Cora-xw).

371 4776 488 4834 lloc
525 4794 742 4849 quoque
763 4783 1058 4838 sentiamus
1112 4785 1165 4839 in
1212 4788 1366 4843 nobis
1403 4790 1546 4858 quod
1576 4799 1630 4844 et
1659 4791 1711 4845 in
1759 4793 1966 4849 Christo

367 4865 523 4926 Jesu.
547 4871 656 4937 qui,
687 4885 802 4924 cum
837 4872 888 4926 in
920 4875 1091 4944 forma
1124 4874 1218 4929 Dei
1247 4887 1396 4942 esset,
1425 4897 1526 4934 non
1551 4883 1789 4946 rapinam
1819 4885 1962 4938 arbi-

370 4968 537 5012 tratus
555 4969 653 5024 est,
679 4979 790 5015 esse
839 4981 894 5017 se
947 4969 1198 5036 (equa/em
1230 4968 1357 5037 Deo,
1380 4972 1470 5024 sed
1485 4975 1815 5044 semetipsum
1845 4979 1960 5033 eai-

370 5050 592 5115 nanicit,
616 5053 837 5120 formam
863 5057 994 5109 servi
1024 5059 1282 5126 accipiens
1340 5061 1594 5132 (Philipp.
1629 5067 1710 5134 ιι).
1740 5077 1794 5120 et
1834 5071 1959 5123 reli-

261 5158 272 5164 -
370 5149 584 5205 qua;et
608 5143 874 5197 unanimes
896 5161 1054 5200 unum
1098 5151 1391 5214 sentientes,
1416 5169 1518 5206 uno
1566 5172 1656 5209 ore
1707 5156 1960 5227 honoriﬁ-

366 5240 536 5282 eemus
559 5227 856 5295 Dominum,
883 5251 948 5289 ac
975 5252 1143 5291 sacrae
1164 5240 1408 5294 sensibus
1436 5245 1724 5311 Scriptura:
1771 5249 1960 5303 instru-

364 5317 462 5386 cti,
477 5320 778 5376 elliciamur
807 5323 1014 5380 Domini
1037 5328 1310 5384 docibiles.
1329 5331 1530 5386 Sancto
1550 5335 1763 5390 dicente
1784 5338 1917 5394 isaia
1938 5361 1953 5395 :

363 5417 410 5459 et
429 5421 774 5467 erantomnes
801 5415 1042 5471 docibiles
1067 5418 1161 5472 Dei
1195 5419 1497 5490 (Isai.t.tv.;
1519 5422 1675 5478 Joau.
1709 5427 1810 5497 ιιι).

435 5497 684 5565 InBooz,
716 5505 792 5557 uti
837 5505 1203 5563 confortemur
1256 5512 1307 5565 in
1350 5512 1600 5580 Domino,
1630 5525 1686 5570 et
1731 5520 1956 5577 viriliter

361 5602 607 5656 agamus,
640 5593 855 5650 Christo
878 5599 1230 5654 contirmante
1261 5617 1449 5657 manus
1471 5587 1677 5660 nostras
1725 5607 1790 5660 ad
1821 5627 1954 5676 pra:-

359 5679 511 5747 lium,
537 5693 593 5738 et
613 5685 810 5754 digitos
839 5697 1052 5745 nostros
1071 5693 1135 5745 ad
1157 5692 1381 5762 bellum,
1413 5704 1472 5749 ut
1497 5698 1690 5753 robore
1741 5703 1951 5770 patien-

361 5774 444 5826 ttae
477 5773 671 5832 ﬁrmati
706 5783 886 5836 omnia
919 5783 1272 5841 tentatiouum
1301 5801 1496 5857 genera
1517 5789 1763 5860 suﬁcrre,
1795 5801 1851 5849 et
1880 5794 1949 5850 de

2069 4600 2189 4639 mus
2210 4583 2438 4654 pacifici,
2463 4596 2520 4640 et
2537 4587 2908 4644 discordantes
2935 4590 3059 4645 licet
3087 4592 3277 4648 fiatres
3305 4595 3371 4647 ad
3403 4596 3654 4650 unionetn

2065 4677 2284 4746 Spiritus
2338 4687 2394 4732 et
2437 4680 2782 4735 concordiam
2833 4697 3168 4739 revocemus.
3224 4683 3398 4752 Beati,
3456 4687 3651 4756 inquit,

2065 4771 2290 4841 pacifici,
2320 4774 2561 4844 quoniam
2597 4773 2695 4843 filii
2745 4773 2845 4828 Dei
2874 4776 3190 4831 vocabuntur
3222 4777 3434 4848 (Matth.
3476 4781 3577 4848 ιιι).

2137 4883 2205 4938 In
2243 4883 2494 4952 Roboam,
2529 4895 2587 4940 ut
2640 4887 2808 4941 latum
2866 4891 3175 4944 mandatum
3229 4890 3442 4946 Domini
3497 4909 3648 4947 com-

2065 4976 2294 5046 plt-ntes,
2329 4977 2430 5032 hoc
2460 4988 2563 5043 est,
2593 4979 2710 5034 sine
2759 4981 2863 5035 ulla
2917 4998 3268 5051 personarum
3307 4985 3643 5053 acceptione,

2063 5067 2309 5121 enmibus
2369 5070 2686 5125 charitatem
2735 5069 3027 5126 fraternam
3068 5073 3444 5136 exhibeamus;
3491 5072 3642 5141 juxta

2062 5159 2307 5228 Paulum,
2336 5164 2497 5218 corde
2546 5175 2732 5219 nostro
2773 5165 3083 5231 dilatemur,
3117 5181 3180 5219 ac
3228 5164 3321 5219 lilii
3365 5166 3528 5220 Israel
3589 5169 3640 5222 in

2067 5256 2206 5303 terra
2235 5267 2416 5306 nostra
2442 5255 2863 5324 multiplicantur
2886 5265 2942 5309 et
2964 5263 3226 5319 crescant,
3260 5255 3312 5309 id
3339 5265 3443 5317 est,
3484 5258 3634 5326 spiri-

2061 5341 2297 5396 tualibus
2319 5344 2634 5412 repleantur
2658 5345 2969 5408 virtutibus,
3000 5346 3254 5399 vitiorum
3301 5348 3445 5412 genti
3474 5364 3639 5418 repu~

2058 5437 2363 5502 gnantibus.
2391 5437 2504 5492 Tali
2551 5439 2707 5508 igitur
2733 5439 2932 5507 populo
2976 5441 3025 5493 in
3059 5439 3213 5492 nobis
3256 5439 3502 5503 dilatato,
3537 5443 3637 5495 im-

2058 5537 2211 5594 petus
2261 5531 2514 5598 spiritalis
2563 5530 2810 5583 desiderii
2861 5530 3194 5598 spiritualem
3228 5531 3438 5599 frangat
3469 5536 3638 5602 impe-

2059 5627 2166 5668 tum
2186 5659 2199 5680 ,
2231 5616 2490 5672 Fluminis
2519 5619 2659 5671 enim
2689 5620 2906 5686 impetus
2958 5619 3190 5689 la'tificat
3237 5623 3492 5677 civitatem
3526 5624 3635 5678 Do-

2057 5709 2183 5760 mini
2211 5708 2382 5777 (Psal.
2418 5709 2526 5776 Lv).

2129 5794 2194 5851 In
2224 5797 2375 5864 Abiu,
2403 5807 2458 5852 ut
2489 5797 2702 5853 Patrem
2731 5798 3021 5858 habeamus
3048 5802 3353 5874 Dominum,
3388 5808 3551 5861 simus
3576 5808 3632 5860 in
