3978 6182
261 337 363 395 359

731 341 788 395 s.
830 320 1201 396 MLERAMNI
1241 315 1810 428 tutantinara'tto’
1838 313 2142 404 uentus
2175 315 2722 408 pacati-attendi
2754 333 3052 412 cn‘nt'srt.

3429 363 3526 419 54⁸]

257 453 506 522 Domino,
535 465 592 509 ut
618 455 880 509 veraciter
907 454 1089 509 dicere
1139 437 1408 536 possimus
1462 439 1624 511 Pater
1664 443 1840 536 noster
1871 475 1916 530 Α
1943 441 2161 526 nostris,
2190 461 2421 517 hostiam
2443 443 2642 532 vivam,
2667 451 2931 534 sanctam,
2954 443 3067 524 Deo
3108 467 3408 538 placentem
3439 471 3526 530 ex-

260 543 473 614 (Matth.
507 545 599 614 vt).
632 549 706 598 Ac
757 543 850 599 filii
900 544 995 598 Dei
1042 546 1210 600 simus
1231 527 1292 601 et.
1325 533 1584 610 hzcredcs,
1610 529 1838 602 heredes

255 634 460 703 quidem
507 633 627 698 Dei,
671 634 966 689 cohaeredes
1010 644 1180 690 autem
1225 621 1416 690 Christi
1467 636 1646 704 (Rom.
1698 636 1838 709 vm),

257 725 301 777 si
327 733 503 778 tamen
550 726 930 796 compatimur,
966 709 1024 779 ut
1075 735 1131 780 et
1156 727 1314 780 simul
1345 726 1838 795 conglurificemur.

325 813 393 866 In
415 813 611 889 Asapli,
645 824 703 869 ut
732 817 980 870 tollamus
1008 826 1242 872 mentem
1278 828 1517 873 nostram
1572 817 1640 873 de
1671 827 1842 874 terre-

253 905 338 962 nis
389 906 455 960 ad
485 908 744 974 coelestia,
778 911 841 962 de
890 912 971 964 via
1028 925 1265 980 quoque,
1302 911 1452 981 juxta
1495 914 1838 984 prophetam,

255 999 494 1054 tollamus
531 1001 731 1070 lapides
773 1001 990 1071 (Jerem.
1022 1003 1100 1071 ι),
1136 1004 1238 1059 hoc
1268 1013 1378 1066 est,
1401 987 1468 1059 de
1515 1006 1598 1060 via
1640 1015 1841 1062 sanctae

251 1091 674 1146 conversationis
700 1091 1018 1150 auferamus"
1034 1089 1272 1164 peccata.

321 1206 380 1260 In
407 1195 701 1277 Josapltat,
732 1217 788 1262 ut
816 1219 964 1264 recte
988 1209 1289 1279 judicemus
1312 1250 1327 1275 ,
1362 1220 1546 1265 nostra
1580 1219 1841 1280 tanquam

249 1297 584 1352 subditorum
631 1298 785 1353 nobis
813 1300 1191 1356 examinantes
1219 1300 1416 1355 delicta
1447 1319 1460 1354 :
1495 1301 1557 1355 Si
1595 1303 1754 1368 enim,
1785 1311 1842 1357 ut

249 1387 325 1440 ait
353 1387 640 1457 Apostolus
663 1427 680 1454 ,
709 1391 1050 1461 nosmetipsos
1091 1391 1480 1460 judicaremus,
1521 1407 1625 1445 non
1668 1394 1840 1462 utique

242 1479 598 1552 judicaremur
623 1497 656 1535 α
685 1481 909 1536 Domino
942 1481 1009 1553 (Ι
1037 1482 1157 1537 Cor.
1190 1482 1289 1553 tu).

318 1591 373 1647 In
398 1591 614 1659 Joram,
645 1604 706 1651 ut
731 1596 857 1652 dum
887 1599 1382 1655 consurrexerintus
1425 1615 1546 1654 cum
1589 1599 1842 1665 Christo,

249 1700 366 1754 qua:
383 1701 595 1743 sursum
624 1685 751 1744 su‘nt
769 1703 1092 1759 quaeramus,
1123 1704 1243 1759 quae
1268 1705 1477 1754 sursum
1508 1700 1634 1746 sunt
1659 1691 1838 1759 sapia-

247 1795 402 1846 mus,
445 1795 553 1833 non
583 1793 704 1849 quae
744 1795 905 1852 super
932 1788 1166 1848 terram,
1213 1789 1269 1836 et
1296 1781 1472 1838 effecti
1513 1782 1568 1837 in
1611 1781 1839 1838 Domino

1946 553 2191 613 bibentes
2237 558 2414 628 (Rom.
2448 561 2567 627 xu),
2609 562 2945 628 sermonibus
2990 551 3317 621 sacrificium
3368 565 3529 626 laudis

1943 646 2170 712 Domino
2201 651 2539 709 immolantes
2554 652 2734 734 ((Psaf.
2757 654 2905 734 cxv),
2931 637 3348 725 cogitationibus
3374 658 3529 716 corda

1942 741 2174 820 contrita
2215 751 2272 796 et
2310 744 2584 816 humiliata
2616 756 2669 799 et
2700 731 3092 820 c’ontribuiatos
3120 749 3339 818 spiritus
3365 747 3524 807 sacri"-

1943 819 2200 899 ficantes,
2232 845 2286 888 et
2313 836 2393 889 his
2422 837 2591 892 tribus
2621 838 2731 892 Deo
2771 819 3020 912 dedicati,
3052 824 3290 910 cogitatu
3329 844 3529 899 scilicet

1941 931 1997 976 et
2024 924 2190 979 verbo
2219 934 2276 980 et
2321 927 2466 982 facto
2517 928 3259 1010 immaculattelqinveniamur
3305 925 3526 1002 hostiae,

1942 1013 2320 1087 auditoresque
2349 1033 2458 1072 non
2490 1005 2801 1076 infructuOsi
2828 1005 3034 1089 effecti,
3065 1027 3165 1095 pro
3193 1005 3275 1082 his
3299 1017 3418 1096 qua:
3444 1009 3527 1082 lett

1942 1107 2120 1164 divina
2151 1109 2250 1183 [in]
2280 1112 2436 1168 nobis
2464 1117 2640 1192 arguit
2667 1160 2679 1180 ,
2712 1118 3081 1186 pwnitentiatn
3113 1135 3365 1190 agamus,
3395 1108 3526 1194 prae-

1941 1201 2221 1258 venientes
2247 1203 2438 1260 faciem
2464 1204 2581 1274 ejus
2609 1207 2663 1262 in
2692 1207 3027 1265 coiifessione
3056 1209 3226 1278 (Psal.
3255 1197 3422 1281 xlct'v),
3451 1206 3525 1280 ut,

1941 1301 2158 1362 recepta
2202 1294 2570 1352 satisfactione
2615 1307 2839 1365 nostra,
2885 1299 3019 1354 iram
3069 1317 3221 1356 suam
3269 1291 3526 1359 avertata

1942 1382 2118 1437 nobis.

2011 1491 2066 1545 In
2097 1491 2384 1556 lechonia,’
2407 1504 2464 1550 ut
2500 1496 2553 1551 in
2583 1496 2869 1552 adventum
2913 1499 3124 1556 Domtnt
3169 1503 3341 1570 parati
3365 1504 3530 1561 simus

1939 1592 1995 1638 et
2021 1598 2237 1654 semper
2259 1585 2442 1656 vigiles
2467 1585 2618 1658 (Luc.
2645 1587 2780 1657 xxi),
2803 1604 2872 1644 ne
2899 1588 3039 1644 forte
3057 1597 3347 1660 graventur
3367 1596 3528 1650 corda

1939 1682 2121 1730 nostra
2153 1678 2370 1746 crapula
2400 1687 2456 1731 et
2481 1677 2741 1734 ebrietate
2763 1721 2779 1748 ,
2812 1689 2868 1735 et
2896 1681 3052 1743 curis,
3075 1682 3236 1751 hujus
3277 1683 3398 1768 vitae
3420 1726 3438 1753 ,
3477 1697 3531 1741 et

1940 1767 2281 1836 superveniat
2310 1767 2363 1822 in
2397 1784 2495 1824 nos
2538 1771 2818 1842 repentina
2849 1771 2961 1827 dies
2989 1772 3077 1827 illa
3103 1791 3120 1833 ;
3169 1767 3422 1843 tanquam
3453 1777 3531 1831 fa-

247 1845 521 1934 sublimes,
545 1845 784 1926 nostram
800 1845 1265 1929 conversationem
1289 1872 1584 1929 habeamus
1607 1872 1659 1927 in
1685 1871 1837 1928 caalis
1871 1845 1912 1902 Β
1940 1869 2111 1924 quens
2153 1858 2295 1912 enim
2332 1861 2676 1928 superveniat
2719 1859 2770 1915 in
2803 1876 2990 1917 omnes
3018 1862 3109 1933 (ἰαί
3154 1863 3345 1919 sedem
3370 1879 3530 1934 ευμεν

251 1964 475 2034 (Coloss.
505 1963 608 2035 ιη).

318 2076 374 2132 In
403 2075 536 2131 Ozia
558 2117 574 2143 ,
602 2085 680 2143 ut,
708 2079 774 2134 de
819 2086 1017 2134 cu‘tcro
1050 2077 1418 2134 confortemur
1445 2078 1496 2132 in
1527 2078 1753 2158 Domino
1781 2087 1838 2133 et

245 2166 298 2220 in
328 2168 564 2236 potentia
591 2168 802 2223 virtutis
831 2169 946 2238 ejus
969 2209 984 2234 ,
1013 2177 1071 2224 ut
1099 2179 1148 2224 et
1183 2170 1254 2224 ita
1293 2170 1654 2240 pugnantibus
1683 2169 1836 2224 nobis

244 2267 557 2313 conteratur
609 2257 837 2316 Satanas
879 2259 980 2316 sub
1043 2259 1269 2329 pedibus
1333 2260 1532 2315 nostris
1577 2259 1838 2315 velociter

245 2348 464 2420 (Ep/tes.
498 2351 594 2423 Vl).

312 2461 370 2516 In
397 2451 665 2533 lout/tam,
697 2474 758 2520 ut
785 2455 1019 2535 perfecta
1064 2482 1230 2538 opera
1276 2465 1566 2532 facientes,
1607 2463 1833 2536 perfecti

239 2553 539 2609 existatnus
557 2564 612 2610 et
638 2557 852 2626 integri,
875 2558 927 2612 in
957 2559 1104 2613 nullo
1131 2550 1489 2613 tentatio'num
1520 2571 1719 2627 genere
1748 2556 1838 2612 (ιε’

240 2645 507 2714 ficientes,
551 2649 794 2705 Veritate
833 2651 948 2720 ipsa
979 2649 1192 2706 dicente
1219 2669 1232 2706 :
1262 2649 1444 2705 Estote
1471 2666 1558 2704 vos
1587 2649 1831 2720 perfecti,

236 2738 370 2792 sicut
391 2749 440 2793 et
463 2737 625 2793 Pater
647 2748 810 2793 vester
837 2741 1052 2794 caelestis
1081 2743 1337 2812 perfectus
1366 2749 1440 2794 est
1472 2741 1488 2811 (
1512 2737 1704 2820 Mattlt.
1733 2755 1767 2792 v
1789 2739 1831 2810 ).

279 2848 365 2923 (In
396 2831 604 2915 ᾸεΙιαε,
653 2859 712 2904 ιιι
756 2845 1223 2921 apprehendamus
1271 2850 1324 2906 in
1369 2866 1476 2922 quo
1512 2848 1832 2922 apprehensi

237 2933 464 3012 [sumus]
495 2948 550 2994 et
577 2935 701 3009 quae
731 2948 878 2995 retro
907 2951 1032 2995 sunt
1078 2924 1477 3005 obliviscentes,
1510 2941 1562 2994 in
1593 2942 1830 2994 futurum

235 3047 334 3087 nos
364 3031 903 3103 superextendamus,
935 3040 994 3087 ut
1017 3025 1282 3102 possimus
1303 3031 1705 3103 apprehendere
1733 3049 1829 3088 ve-

234 3140 348 3178 ram
372 3125 532 3178 vitam
564 3139 682 3193 qua:
710 3132 793 3178 est
821 3117 1081 3181 Christus.
1116 3121 1226 3195 Ego
1254 3116 1388 3191 sum,
1420 3119 1512 3192 ait,
1537 3126 1626 3181 lux
1648 3135 1695 3180 et
1726 3127 1828 3181 vita

234 3215 413 3268 mundi
444 3203 625 3280 (Joati.
660 3213 792 3286 vttt).

305 3328 360 3382 In
404 3327 664 3397 Ezecltia,
692 3338 749 3384 ut
777 3330 846 3384 de
871 3331 1120 3386 omnibus
1157 3331 1346 3386 animae
1384 3331 1731 3402 languoribus
1759 3333 1825 3388 li-

230 3419 402 3474 berati
421 3456 438 3484 ,
469 3420 895 3476 conscendamus
923 3422 975 3476 in
1005 3421 1263 3492 templum
1307 3423 1432 3489 Dei,
1459 3431 1515 3480 et
1567 3424 1828 3480 faciamus

231 3512 560 3568 voluntatem
603 3512 750 3582 ejus,
789 3522 874 3579 et,
907 3513 1220 3569 fortitudine
1250 3515 1460 3570 Domini
1487 3515 1822 3581 confirmati,

228 3604 563 3660 occidentem
595 3607 790 3676 iniquis
814 3623 1117 3663 mereamur
1147 3607 1298 3662 nobis
1326 3609 1453 3663 oriri
1484 3609 1704 3678 justitite
1732 3625 1824 3686 so.-

227 3707 334 3754 tem
364 3697 620 3768 (llalaclt.
651 3699 746 3772 tv),
771 3708 824 3755 et
855 3700 1155 3769 ubicunque
1185 3709 1484 3770 peccatum,
1517 3709 1571 3755 et
1600 3715 1666 3755 ex
1699 3715 1826 3768 pec-

228 3798 352 3846 cato
383 3807 527 3846 mors
553 3800 608 3846 et
634 3792 726 3865 [et
764 3791 965 3846 videtur
993 3790 1324 3864 redundare]
1355 3793 1824 3862 appropinquave-

198 3887 206 3894 '
230 3890 763 3949 runt,convertentes
779 3883 842 3937 ad
859 3882 1164 3949 Dominum,
1181 3897 1422 3952 eousque
1440 3885 1488 3937 in
1509 3884 1824 3952 poenitentia

230 3973 420 4029 ﬂentes
465 3989 753 4030 exoremus
782 3975 1102 4040 Dominum,
1136 3974 1308 4030 donec
1356 3975 1410 4028 in
1456 3975 1823 4032 misericordia

227 4065 400 4122 ﬂexus
427 4066 598 4136 erigat
624 4078 679 4122 et
707 4067 889 4122 vivere
919 4066 1082 4123 faciat
1104 4067 1226 4122 vitae
1251 4067 1537 4138 spirituali.

294 4177 352 4234 in
381 4179 652 4248 Manasse,
682 4188 761 4250 ut,
792 4180 1053 4234 malorum
1079 4180 1470 4250 praeteritorum
1493 4181 1664 4247 obliti,
1683 4197 1823 4237 sem-

224 4290 323 4343 per
358 4274 410 4328 in
450 4284 609 4330 nocte
639 4275 798 4344 hujus
828 4274 1105 4345 prmsi-ntis
1131 4274 1312 4329 Steculi
1360 4289 1630 4329 memores
1658 4275 1825 4331 simus

226 4365 456 4420 nominis
485 4365 734 4431 Domini;
787 4366 1048 4421 ultionem
1097 4380 1313 4434 quoque
1339 4378 1447 4419 non
1485 4378 1820 4433 quaeramus,

223 4469 324 4508 nec
354 4469 622 4510 memores
649 4456 817 4510 simus
846 4455 1053 4525 injuritc
1082 4457 1474 4524 proximorum,
1505 4457 1600 4512 sed
1631 4457 1820 4512 remit-

223 4555 400 4602 tentes
442 4548 683 4602 omnium
733 4549 935 4612 debita,
981 4558 1161 4604 nostra
1214 4551 1382 4605 laxari
1434 4567 1740 4611 mereamur
1780 4568 1810 4606 a
1847 4564 1896 4624 υ

225 4638 454 4694 Ι)οωίηο
479 4638 694 4704 delicta,
729 4640 847 4710 ipso
875 4640 1084 4698 dicente
1109 4659 1122 4695 :
1145 4641 1420 4708 Dimittite,
1451 4650 1500 4696 et
1530 4643 1816 4698 dimittetur

227 4731 369 4788 vobis
401 4732 550 4804 (Luc.
583 4733 685 4806 Vt).

291 4822 349 4878 In
371 4826 559 4891 Aman,
589 4834 648 4880 ut
669 4833 874 4881 stemus
893 4826 946 4881 in
977 4825 1098 4893 fide,
1128 4835 1182 4881 et
1211 4825 1348 4882 fideli
1376 4825 1604 4881 Domino
1635 4825 1819 4881 fideles

221 4917 625 4984 adhaercamus;
666 4919 902 4974 charitas
931 4934 1161 4986 namque
1202 4920 1379 4974 omnia
1412 4919 1582 4973 credit
1613 4917 1666 4986 (ι
1694 4917 1814 4973 Cor.

226 5007 348 5079 l5),
380 5009 512 5064 tiles
535 5016 716 5066 autem
763 5009 1149 5080 sperandarum
1181 5010 1476 5065 substantia
1524 5026 1734 5076 rerum,
1763 5018 1817 5063 et

219 5109 590 5168 argumentum
639 5118 744 5157 non
775 5103 1147 5172 apparentium
1180 5113 1283 5169 est,
1315 5119 1436 5156 nam
1485 5104 1626 5172 quod
1669 5104 1817 5158 videt

216 5193 355 5260 quis,
387 5192 515 5261 quid
560 5202 740 5263 sperat
783 5193 967 5259 (Ilehr.
1002 5198 1118 5263 Vl)?
1164 5195 1534 5268 Fidesitaquc
1572 5204 1656 5251 est
1695 5209 1814 5263 qua:

220 5299 318 5338 nos
343 5283 572 5339 Abrahae
599 5283 739 5341 filios
763 5285 914 5354 facit,
937 5287 1027 5356 qui
1054 5287 1276 5341 credidit
1310 5285 1416 5341 Deo
1443 5295 1490 5339 et
1522 5295 1813 5354 reputatum

218 5385 294 5428 est
318 5377 363 5428 ei
393 5376 460 5429 ad
481 5375 742 5446 justitiam
771 5376 947 5449 (Rom.
978 5376 1072 5448 tv),
1102 5392 1200 5446 per
1229 5391 1386 5446 quam
1418 5385 1473 5431 ct
1502 5391 1690 5431 omnes
1720 5393 1812 5446 pa-

217 5479 326 5524 tres
355 5472 522 5524 nostri
552 5472 914 5528 tesﬁmonium
946 5471 1222 5528 consecuti
1249 5481 1375 5525 sunt
1404 5486 1522 5526 esse
1545 5469 1696 5538 justi.
1732 5469 1811 5524 Ex

219 5560 321 5614 fide
349 5539 510 5629 igitur
537 5578 636 5616 nos
665 5563 929 5625 vivamus,
959 5570 1016 5616 ut
1050 5576 1114 5616 ex
1148 5559 1252 5616 fide
1273 5559 1650 5630 justifieemur,
1682 5560 1808 5630 quia

211 5655 378 5725 justus
409 5667 473 5705 ea:
497 5655 601 5721 [ide
628 5655 746 5707 vivit
778 5652 954 5725 (Rom.
982 5653 1057 5723 t).

286 5741 341 5795 li:
367 5741 539 5805 .Iosia,
570 5750 627 5794 ut
649 5757 955 5810 qumramus
985 5744 1071 5798 tibi
1104 5744 1380 5799 inccn-um
1415 5741 1641 5798 Domino
1673 5743 1805 5798 ado-

222 5831 330 5886 lere
352 5835 672 5896 debemus,
704 5836 1064 5906 nosmetipsos
1093 5835 1341 5892 videlicet
1364 5878 1380 5906 ,
1409 5836 1460 5890 in
1489 5837 1808 5907 corporibus

1938 1944 2128 2002 faciem
2154 1955 2332 2002 terrm.
2365 1947 2675 2005 Devitantes
2713 1951 2895 2021 itaque
2932 1952 3056 2007 mali
3083 1960 3139 2009 et
3167 1953 3382 2009 inutiles
3409 1947 3530 2010 esse

1937 2046 1992 2091 et
2021 2036 2054 2110 [ι
2078 2039 2300 2092 tmendo
2326 2042 2366 2110 f.
2398 2039 2626 2113 irrepsit]
2679 2041 2946 2098 fatuarum
2967 2029 3216 2115 exemplo
3261 2046 3525 2114 virginum

1937 2128 2216 2198 vigilemus
2253 2138 2308 2185 et
2354 2143 2732 2202 pracparetnur,
2766 2143 2852 2200 ut,
2876 2136 3128 2201 veniente
3170 2136 3398 2192 Domino
3422 2179 3442 2207 ,
3473 2148 3530 2194 ut

1936 2233 2135 2288 sponsa
2178 2220 2439 2278 intremus
2480 2223 2532 2277 in
2563 2225 2816 2292 gaudium
2863 2225 3075 2282 Domini
3121 2236 3178 2283 et
3215 2228 3284 2283 ad
3313 2227 3533 2298 nuptias

1939 2311 2361 2369 intromittamur
2384 2325 2638 2372 arternas.

2007 2423 2065 2479 In
2096 2425 2352 2495 Joacltim,
2385 2425 2587 2485 utesse
2620 2429 2830 2486 Domini
2855 2430 3177 2486 resurrectio
3199 2437 3529 2496 mereamur.

1937 2527 1998 2573 ut
2033 2517 2098 2575 de
2137 2523 2308 2575 morte
2348 2522 2552 2590 peccati
2591 2523 2657 2578 ad
2682 2523 2901 2593 ju’sti’tttc
2939 2523 3100 2578 vitam
3145 2537 3528 2594 resurgamus;

1936 2609 2134 2664 etenim
2166 2610 2218 2664 in
2247 2597 2512 2680 baptismo
2537 2609 2752 2669 Christo
2771 2613 3068 2686 cohs‘épulti
3093 2631 3296 2682 sumus,
3321 2624 3380 2672 ut
3401 2632 3530 2672 cum

1935 2715 2003 2755 eo
2033 2715 2128 2770 per
2154 2701 2414 2770 justitiam
2445 2706 2791 2762 convivamus
2815 2724 2829 2774 ;
2861 2707 2972 2762 haec
3001 2716 3087 2763 est
3112 2707 3254 2763 enim
3281 2719 3532 2765 resurre-

1934 2796 2043 2852 ctio
2064 2798 2254 2868 prima,
2277 2813 2381 2867 qua
2408 2799 2507 2854 soli
2533 2799 2662 2868 justi
2683 2802 3026 2880 suscitantur.
3050 2801 3367 2858 ln'secunda
3395 2818 3533 2858 vero

1935 2892 2045 2940 tam
2092 2883 2241 2955 impii
2288 2885 2346 2942 et
2384 2889 2704 2958 peccatores
2735 2897 2896 2959 quam
2950 2890 3134 2947 fideles
3162 2901 3447 2960 resurgent
3475 2900 3534 2946 et

1933 2973 2174 3048 perfecti,
2207 2965 2295 3034 alii
2329 2979 2380 3034 in
2412 2967 2862 3036 resurrectionem
2894 2984 3041 3046 vitae,
3069 2983 3161 3038 alii
3189 2984 3243 3039 in
3283 2999 3532 3040 resurre-

1934 3070 2168 3126 ctionem
2211 3070 2398 3139 judieii
2432 3071 2609 3143 (Joan.
2640 3073 2717 3144 ν).
2759 3063 2984 3138 Beatus,
3038 3075 3210 3144 inquit
3252 3073 3529 3140 Joannes,

1847 3201 1892 3258 Ο
1930 3165 1980 3212 ει
2005 3169 2215 3214 sanctus
2242 3171 2320 3216 est
2346 3163 2432 3231 qui
2461 3158 2610 3216 liabet
2636 3168 2833 3234 partem
2863 3165 2914 3218 in
2938 3167 3307 3220 resurr.~ctione
3330 3166 3528 3232 prima,

1928 3249 1982 3302 in
2010 3249 2105 3304 hoc
2133 3252 2356 3305 secunda
2385 3269 2524 3308 mors
2551 3269 2655 3308 non
2684 3254 2834 3309 habet
2861 3264 3163 3327 potestatem
3193 3257 3379 3327 (Apoc.
3400 3255 3529 3328 xx).

2001 3361 2058 3416 in
2105 3361 2386 3431 Joachim,
2434 3372 2493 3420 ut
2545 3375 2792 3435 paratum
2839 3368 2908 3423 ab
2952 3357 3160 3438 origine
3187 3369 3368 3424 mundi
3395 3367 3528 3424 cum

1922 3452 2084 3522 ju~tis
2137 3471 2442 3510 mercantur
2495 3457 2546 3512 in
2599 3474 2820 3529 regnum
2893 3461 2959 3514 ad
3005 3462 3292 3516 dexteram
3336 3463 3530 3518 vocari

1929 3545 2144 3614 (Matth.
2164 3563 2194 3600 χ
2206 3552 2315 3618 xv).

1997 3657 2054 3713 In
2091 3659 2382 3728 Zatathiet,
2416 3670 2475 3716 ut
2503 3653 2668 3717 unam
2700 3664 3019 3733 petitionem
3065 3672 3311 3734 petamus
3336 3679 3366 3717 a
3409 3663 3531 3719 Do-

1927 3751 2094 3816 mino,
2125 3767 2180 3806 ut
2207 3753 2566 3811 inltabitemus
2613 3758 2665 3810 in
2709 3757 2872 3814 domo
2912 3755 3121 3811 Domini
3169 3771 3362 3813 omnes
3407 3746 3536 3812 dies

1926 3844 2048 3898 vita:
2077 3854 2362 3914 nostraet
2382 3848 2656 3904 videamus
2671 3849 3002 3903 voluntatem
3023 3852 3139 3918 ejus
3162 3847 3333 3921 (Psal.
3360 3839 3533 3920 χχιι).

1929 3932 2111 3989 Untuis
2141 3937 2276 3990 enim
2303 3939 2391 4010 qui
2437 3939 2586 4009 petit,
2618 3940 2806 4011 accipit
2859 3938 3009 4009 (an.
3065 3939 3160 4011 xi).
3212 3927 3472 3996 Petamtts
3503 3960 3535 3997 τι

1927 4025 2154 4082 Domino
2181 4043 2398 4098 semper
2437 4031 2488 4083 in
2521 4031 2738 4086 nomine
2783 4029 3098 4095 Salvatoris,
3132 4031 3235 4108 hoc
3264 4022 3366 4108 est,

1924 4119 1991 4174 ad
2039 4135 2220 4176 veram
2277 4116 2505 4177 salutem
2557 4125 2867 4192 pertinent,
2925 4124 3138 4179 dicente
3191 4103 3532 4180 salvatore:

1927 4209 2252 4283 Quaecunque
2280 4214 2528 4281 petieritis
2552 4232 2584 4268 α
2605 4213 2768 4269 Patre
2796 4232 2906 4270 meo
2953 4217 3160 4270 nomine
3204 4232 3344 4281 meo,
3373 4214 3536 4268 dabit

1922 4301 2064 4358 vobis
2092 4303 2273 4373 (Joan.
2297 4307 2432 4376 xw),
2458 4315 2513 4360 et
2533 4322 2687 4377 :cqua
2719 4317 3032 4378 poscantur,
3065 4323 3132 4363 ne
3157 4308 3209 4362 in
3235 4297 3535 4378 peccatum

1923 4404 2166 4451 vertatur
2195 4397 2392 4453 oratio.

1993 4511 2050 4567 In
2077 4512 2388 4583 Zorobabel,
2416 4525 2474 4571 ut
2500 4518 2552 4572 iu
2584 4517 2731 4574 omni
2761 4517 2939 4573 studio
2967 4518 3197 4572 nitamur
3222 4526 3328 4572 tam
3356 4515 3536 4572 di~ci-

1922 4607 2035 4678 puli
2082 4609 2317 4664 cmlestis
2364 4619 2420 4664 et
2459 4610 2572 4665 veri
2619 4611 2857 4680 magistri
2887 4609 3036 4674 fieri,
3064 4624 3225 4678 quam
3271 4609 3536 4676 magistri

1919 4694 2322 4770 discipulorum,
2345 4710 2404 4756 ut
2429 4717 2760 4772 quatcunque
2781 4699 3147 4765 didicerimus,
3169 4714 3336 4770 opere
3363 4714 3537 4755 cont—

1919 4783 2160 4860 pfentes,
2188 4789 2322 4845 alios
2351 4792 2658 4845 doceamus.
2695 4788 2796 4855 Qui
2843 4790 2988 4843 audit
3010 4831 3026 4856 ,
3075 4790 3282 4860 inquit,
3328 4789 3486 4843 dicat
3508 4805 3533 4845 :

1919 4883 2032 4936 veni
2063 4883 2246 4953 (Apoc.
2276 4885 2420 4954 xxi);
2447 4883 2539 4951 qui
2566 4883 2632 4936 ad
2661 4883 2993 4953 spiritualem
3019 4897 3227 4936 caenam
3259 4882 3538 4939 invitatus

1920 4983 2020 5035 est,
2047 4981 2273 5028 caeteros
2300 4988 2519 5042 quoque
2549 4971 2758 5034 invitet,
2793 4983 2848 5025 ut
2870 4973 3027 5042 plena
3061 4971 3154 5025 fiat
3181 4973 3371 5027 domus
3399 4972 3536 5027 dis-

1918 5066 2295 5121 cutnbenlibus
2323 5065 2472 5134 (Luc.
2508 5067 2638 5135 xlv).

1990 5159 2044 5212 In
2073 5157 2258 5218 Abiud,
2289 5166 2345 5211 ut
2373 5158 2441 5211 sit
2473 5158 2626 5212 nobis
2657 5156 2796 5212 Deus
2839 5158 2890 5211 in
2943 5157 3178 5221 Patrem,
3205 5163 3260 5210 et
3287 5169 3387 5208 nos
3445 5157 3537 5211 illi

1917 5251 1969 5304 in
1999 5249 2134 5305 filios
2161 5261 2216 5304 ct
2243 5248 2398 5316 filias,
2423 5259 2474 5304 et
2505 5265 2604 5304 nos
2630 5249 2759 5319 spiri
2787 5249 2936 5303 uales
2966 5248 3017 5302 in
3049 5247 3264 5302 Christo
3289 5245 3542 5314 gignen-

1916 5357 1998 5402 tes
2025 5348 2184 5415 filios,
2215 5356 2396 5417 patres
2425 5361 2612 5401 eorum
2643 5346 2829 5401 simus.
2855 5341 3095 5413 discipuli
3124 5341 3278 5396 simul
3309 5346 3364 5396 et
3390 5356 3540 5395 ma-

1913 5439 2063 5507 gistri
2087 5480 2103 5504 ,
2153 5447 2332 5510 patres
2363 5437 2654 5492 existentes
2694 5444 2748 5490 et
2780 5435 2906 5501 filii,
2951 5449 2980 5486 a
3025 5430 3254 5487 Domino
3281 5431 3436 5486 docti
3473 5443 3538 5488 et

1913 5528 2118 5595 geniti,
2159 5527 2448 5582 doceamus
2475 5534 2531 5579 ct
2559 5537 2874 5592 (teneremus
2915 5524 3225 5592 progeniem
3259 5520 3534 5588 Omnino,

1915 5629 1973 5676 ut
2002 5619 2125 5674 talis
2146 5623 2432 5690 progenies
2463 5629 2584 5672 eum
2617 5615 2776 5668 Patre
2803 5619 2995 5682 regnet
3023 5613 3251 5666 aeterno.

1984 5731 2040 5787 In
2069 5731 2350 5798 Eliaclzim,
2382 5739 2440 5784 ut
2476 5729 2563 5784 hic
2600 5741 2941 5797 rcsnrgamus
2970 5726 3170 5788 animo,
3203 5725 3261 5781 et
3290 5721 3397 5776 iilic
3431 5739 3538 5778 re-

1910 5821 2154 5886 suscitati
2209 5826 2263 5882 in
2310 5833 2496 5882 sancto
2550 5831 2605 5880 et
2650 5819 2911 5894 spirituali
2955 5821 3198 5875 vivamus
3242 5829 3500 5886 corpore
