3932 6184
270 376 363 430 s.“
1013 372 1467 437 nummum,
1510 372 1884 429 ANCLORUM
1929 373 2150 440 REGIS,
2204 374 2654 445 DONATIONES‘;
2698 389 2803 433 etc.
3432 386 3539 440 5ίῖ

268 506 408 544 tttnrs
437 487 636 542 etenim
678 501 777 539 una
811 484 1181 555 Redempto-is
1230 487 1395 539 nostri
1421 482 1627 542 duabus
1655 488 1850 542 mstris
1882 495 1921 550 Λ
1953 487 2145 541 animm
2171 486 2241 543 de
2287 492 2490 556 peccati
2521 500 2693 545 morte
2722 491 3130 549 vivil'ratiouem
3151 534 3165 554 .
3194 504 3246 552 et
3275 498 3327 552 in
3358 499 3537 555 futuro

267 579 530 635 mortibus
556 577 714 630 saluti
745 574 857 632 lu't,
886 585 941 630 et
973 592 1073 629 una
1104 576 1340 645 ejusdem
1374 578 1696 631 resurrectio
1724 577 1858 632 duas
1959 579 2201 647 corporis
2233 579 2687 648 iueozruptibilcm
2720 586 3187 647 resurrectionem.

268 670 691 727 resurrectiones
739 668 979 738 prmstitit
1000 708 1015 733 ,
1050 667 1299 737 prtesenti
1329 665 1576 721 videlicet
1617 676 1858 738 tempore
2030 666 2085 719 lu
2113 668 2293 730 Assur,
2329 678 2388 723 ut
2414 669 2704 738 adjuvante
2730 671 3026 728 Domino...
3060 676 3279 744 (Cretera
3305 677 3537 746 desunt.)

268 821 501 830 μή*-

268 828 279 830 _
2582 828 2661 829 κη
2711 828 2835 832 __---
2863 828 3433 841 -_.-___.___.___-,.___
3452 835 3519 840 μμ

266 828 3540 870 m
2218 860 2978 870 _______.._.

2550 870 3537 885 r~_———-———-¢—————~'

3028 830 3433 841 Ἦ

1550 968 1712 1008 AVNO
1758 967 1982 1009 DOMINI
2033 966 2248 1008 DCXVI.

855 1114 2962 1306 ETHELBERTUS,

1583 1361 2023 1424 ANGLORUM
2074 1364 2261 1425 REX.

644 1506 1119 1607 NOTITIA
1197 1517 1833 1603 HISTORICA
1911 1518 2036 1598 IN
2110 1517 3123 1606 ETHELBERTHUM.

1357 1768 1588 1831 (Fubr'cii
1626 1766 1853 1816 Bibliotlt.
1888 1765 2016 1813 med.
2055 1771 2107 1814 et.
2135 1764 2224 1817 iul.
2262 1770 2463 1827 artatis.)

330 1951 708 2014 Ethelbertus,
730 1949 844 2002 sive
890 1946 1198 2001 Edilhartus
1220 1982 1235 2006 ,
1277 1941 1591 1998 Cantiorum
1644 1942 1697 1997 in
1750 1942 1861 1996 An-
1895 1943 1941 2003 B
1970 1938 2126 2004 1⁸1⁸21,
2160 1939 2415 1996 lol..vide
2457 1954 2577 2011 qua:
2618 1957 2789 2014 nuper
2806 1945 3015 2000 notavit
3052 1943 3337 2015 Thornagh
3368 1947 3547 2004 Conr-

264 2044 583 2114 gliaprimm
600 2056 694 2095 rex
717 2037 1067 2102 Christianus,
1086 2036 1176 2106 qui
1204 2033 1442 2099 an.616,
1460 2035 1734 2089 Februarii
1756 2033 1848 2099 2-5,
1952 2032 2099 2097 don,
2132 2032 2185 2085 in
2247 2031 2466 2088 historia
2514 2032 2881 2100 Parlamenti,
2937 2036 3160 2107 Anglice
3205 2040 3347 2097 edita
3400 2040 3545 2097 Lon-

266 2138 414 2192 obiit.
473 2135 641 2203 llujus
705 2132 963 2201 scriptum
1017 2131 1216 2185 nullum
1247 2138 1458 2194 exstat,
1486 2128 1581 2184 sed
1622 2128 1847 2191 Baleus,
1952 2123 2064 2180 dini
2096 2124 2253 2181 1751.
2285 2123 2586 2196 Seripsitet
2613 2127 2964 2199 Epistolarum
2996 2130 3189 2186 librqu
3216 2133 3450 2189 maxime
3476 2135 3541 2187 ad

266 2246 381 2301 pag.
410 2228 484 2283 7'5
514 2272 530 2291 ,
578 2234 631 2281 et
663 2225 875 2280 Priscus
901 2267 915 2292 ,
964 2238 1084 2294 pag.
1144 2221 1247 2277 105
1270 2261 1284 2277 .
1333 2237 1398 2275 ex
1450 2220 1629 2284 Beda,
1661 2227 1853 2274 notant
1954 2225 2201 2273 sanctum
2232 2216 2532 2288 Gregorium
2564 2235 2791 2289 papam,
2821 2230 2877 2277 et
2908 2222 2974 2277 ad
3020 2231 3264 2279 sanctum
3296 2224 3539 2296 Augusti-

265 2321 549 2392 scripsisse
605 2319 826 2374 Decreta
872 2317 1227 2387 judiciorum,
1271 2316 1386 2370 sive
1435 2331 1656 2385 primam
1706 2312 1853 2367 illam
1960 2325 2119 2374 num,
2162 2307 2456 2377 Anglorum
2485 2312 2786 2379 apostolum
2817 2321 2876 2368 et
2914 2314 3149 2383 primum
3191 2316 3549 2384 archiepisco-

268 2430 515 2484 magnam
538 2413 785 2465 (.Imrtmn
808 2409 1016 2464 ezrtoris
1043 2408 1204 2462 etiam
1230 2407 1569 2477 Heptarchia:
1588 2405 1641 2459 in
1671 2404 1855 2473 Anglia
1961 2418 2088 2475 pum
2132 2400 2593 2458 Cantuariensem.
2652 2402 2727 2459 De
2776 2401 3087 2460 Ethelberto
3130 2403 3237 2460 hoc
3286 2404 3549 2459 Baronius

268 2505 554 2571 probatam
609 2500 873 2567 Regibus,
898 2497 966 2551 de
992 2512 1097 2567 qua
1149 2504 1340 2566 pneter
1381 2494 1635 2549 Davidem
1665 2492 1858 2547 Wilki—
1965 2499 2021 2545 et
2050 2491 2182 2547 Acta
2212 2500 2523 2549 sanctorum
2549 2532 2565 2559 ,
2597 2491 2666 2546 2i
2695 2491 2992 2550 Februarii.
3021 2494 3097 2550 De
3126 2494 3424 2565 Augustino
3455 2494 3546 2549 illo

267 2590 460 2645 nisium
486 2630 502 2653 ,
529 2587 719 2644 tomol
750 2586 949 2657 Legum
980 2597 1220 2641 veterum
1250 2584 1576 2652 Anglorum,
1609 2582 1858 2645 Londini,
1971 2581 2037 2637 ad
2063 2581 2133 2637 26
2164 2581 2307 2639 Maii.

268 2740 1574 2768 ml—

1586 2740 3540 2773 m‘m
2094 2761 2275 2773 ῳ

1193 2875 2594 3027 Ετεειθῑιιτι,

1628 3041 1974 3093 ANGLORUM
2014 3041 2217 3104 armis,

466 3170 1377 3303 DONATIONES
1456 3170 1644 3282 AD
1717 3168 2408 3287 DIVERSAS
2492 3178 3307 3302 ECCLESIAS.

1289 3418 1604 3480 (Alouusticon
1641 3416 1831 3478 Anglic.
1870 3424 1904 3467 t.
1942 3416 1985 3480 Ι,
2021 3433 2067 3480 μ.
2111 3418 2219 3482 110,
2260 3420 2364 3482 [26,
2409 3423 2538 3486 167.)

1891 3526 1964 3537 —.

1054 3605 1090 3658 I.
1895 3592 1939 3652 Ο
1971 3610 2229 3665 slolorum
2260 3610 2404 3667 Pcui
2447 3623 2503 3669 et
2552 3613 2703 3670 Pauli
2746 3632 2865 3672 cum
2897 3628 3033 3674 terra
3063 3622 3229 3690 adjacc
3249 3631 3341 3679 nte
3371 3626 3452 3680 liis
3481 3627 3543 3679 li-

278 3731 509 3787 Donntio
541 3727 678 3798 regis
708 3721 1084 3798 Elltelbertidc
1104 3728 1258 3798 terra
1278 3718 1368 3798 ubi
1390 3721 1542 3771 situm
1581 3728 1664 3798 est.
1686 3735 1868 3798 mona-

346 3802 560 3855 sterium
588 3789 938 3866 apostolorum
971 3791 1114 3845 Petri
1138 3800 1187 3844 et
1217 3789 1369 3843 Pauli
1398 3805 1515 3842 cum
1542 3790 1693 3842 terris
1714 3789 1868 3860 adja-

344 3871 601 3925 «rentibus.

346 3982 407 4037 In
437 3980 658 4035 nomine
689 3971 895 4031 Domini
938 3971 1107 4027 nostri
1143 3969 1271 4026 Iesu
1315 3968 1540 4024 Christi.
1568 3968 1768 4024 Notum
1797 3969 1867 4024 sit

275 4074 529 4132 omnibus
560 4079 668 4125 tam
698 4065 1050 4137 pnesentibus
1092 4078 1253 4133 quam
1299 4062 1551 4133 posteris,
1588 4063 1732 4133 quod
1763 4078 1865 4133 ego

277 4166 649 4226 Athelhertus,
680 4159 773 4229 Dei
812 4157 981 4227 gratia
1013 4172 1106 4210 rex
1150 4154 1467 4223 Anglorum,
1496 4169 1595 4225 per
1624 4152 1869 4222 Evange-

276 4263 440 4316 licum
495 4258 797 4327 genitorem
848 4266 1025 4307 meum
1080 4250 1436 4318 Augustinum
1504 4248 1574 4304 de
1628 4248 1860 4302 idolatra

277 4356 520 4409 facturus
544 4345 863 4403 Christicola
895 4342 1088 4398 tradidi
1120 4342 1231 4396 Deo
1260 4355 1355 4411 per
1374 4341 1547 4410 ipsum
1573 4338 1867 4395 antistitem

279 4448 515 4518 aliquam
545 4449 755 4512 partem
795 4446 952 4493 terrae
976 4434 1113 4505 juris
1140 4434 1268 4498 mei,
1306 4433 1405 4488 sub
1434 4429 1681 4486 orientali
1713 4446 1869 4485 muro

277 4534 514 4593 civitatis
543 4526 971 4585 Dorobernensis
994 4563 1011 4589 ,
1052 4522 1142 4578 ubi
1183 4523 1388 4578 scilicet
1417 4536 1513 4590 per
1535 4518 1785 4575 eumdem
1815 4520 1867 4573 in

276 4626 497 4681 Christo
524 4619 886 4677 institutorem
915 4612 1300 4669 monasterium
1338 4612 1391 4665 in
1429 4611 1639 4667 honore
1666 4608 1865 4678 princi-

278 4734 408 4789 pum
438 4700 806 4785 apostolorum
830 4707 973 4764 Petri
1001 4716 1057 4762 et
1078 4705 1227 4760 Pauli
1250 4704 1485 4769 condidi,
1526 4711 1582 4758 et
1608 4718 1730 4759 cum
1754 4702 1867 4771 ipsa

281 4819 424 4864 terra
454 4816 511 4861 et
547 4819 670 4861 eum
699 4801 948 4858 omnibus
993 4813 1112 4867 qua:
1142 4796 1207 4851 ad
1251 4795 1427 4865 ipsum
1476 4792 1865 4849 monasterium

282 4899 556 4969 pertinent
592 4900 849 4964 perpetua
891 4890 1139 4944 libertate
1183 4885 1379 4941 donavi
1424 4884 1561 4938 adeo
1604 4892 1696 4955 [ut
1734 4880 1864 4953 nec]

283 4991 439 5056 mibi,
468 5002 570 5042 nec
609 4984 835 5038 aliorum
861 4992 1234 5034 successorum
1266 4990 1505 5029 meorum
1536 4988 1741 5043 regum,
1774 4987 1874 5026 nec

285 5085 384 5140 uili
401 5094 635 5150 unquam
658 5075 909 5146 potestati
931 5074 1045 5127 sive
1068 5068 1447 5125 ecclesiastica:
1469 5066 1583 5121 sive
1600 5064 1864 5127 saaculari,

283 5173 576 5245 quidquam
602 5169 727 5223 inde
753 5167 913 5221 liccat
960 5176 1238 5231 usurpare,
1269 5159 1363 5214 sed
1389 5159 1440 5212 in
1472 5158 1639 5227 ipsius
1664 5156 1872 5211 abbatis

282 5268 398 5322 sint
408 5262 587 5318 omnia
604 5260 772 5314 libera
791 5256 994 5311 ditione
1009 5272 1023 5308 :
1040 5253 1084 5308 si
1102 5252 1221 5321 quis
1233 5265 1362 5305 vero
1379 5249 1445 5304 de
1468 5249 1570 5303 hac
1582 5247 1870 5303 donatione

287 5361 475 5409 nostra
505 5348 705 5421 aliquid
726 5347 968 5403 minuere
995 5352 1089 5397 aut
1111 5343 1317 5398 irritum
1351 5340 1529 5397 facere
1558 5339 1868 5403 tentaverit,

287 5442 611 5497 auctoritate
643 5438 787 5493 beati
834 5450 986 5506 papa:
1015 5432 1261 5501 Gregorii
1310 5431 1590 5499 nostrique
1637 5428 1871 5498 apostoli

289 5531 572 5601 Augustini
600 5529 757 5584 simul
803 5537 857 5583 et
902 5535 1084 5581 nostra
1117 5522 1503 5593 imprecatione
1554 5520 1624 5575 sit
1672 5519 1758 5572 hic
1784 5533 1874 5572 se-

1969 3699 2187 3755 mitibus
2220 3718 2233 3755 :
2268 3701 2320 3755 in
2350 3703 2559 3757 oriente
2589 3705 2814 3761 ecclesia
2861 3710 3031 3765 sancti
3070 3709 3281 3766 Martini
3324 3721 3380 3766 et
3422 3714 3547 3770 inde

1968 3790 2035 3844 ad
2056 3788 2329 3848 Orientem
2364 3793 2425 3849 be
2450 3796 2813 3862 siweuidoune,
2843 3808 2898 3853 et
2923 3802 2999 3856 sic
3036 3802 3109 3856 ad
3140 3803 3455 3872 Aquilonem
3487 3805 3547 3862 bc

1966 3882 2413 3955 wykyng-nearch,
2431 3886 2623 3942 iterum
2649 3889 2716 3944 ad
2742 3891 3013 3948 Orientem
3043 3904 3099 3949 et
3126 3895 3190 3949 ad
3212 3894 3467 3952 Austrum
3489 3899 3548 3954 bo

1969 3973 2448 4045 bureyarcmearch,
2473 3988 2528 4035 et
2554 3980 2632 4037 sic
2661 3983 2727 4037 ad
2758 3982 3009 4039 Austrum
3038 3994 3092 4041 et
3118 3985 3459 4044 Occidentem
3488 3992 3549 4045 be

1974 4064 2411 4137 Kyngesmearcli,
2437 4071 2628 4127 iterum
2667 4075 2734 4129 ad
2765 4076 3085 4144 Aquilonem
3112 4087 3168 4133 et
3190 4079 3460 4135 Orientem
3489 4082 3549 4136 be

1974 4156 2218 4230 Kingesm
2252 4163 2398 4229 aro/1,
2417 4164 2599 4232 sicque
2614 4166 2678 4218 ad
2700 4165 3043 4222 Occidentem
3058 4177 3107 4222 to
3129 4167 3479 4240 Rithercltepe,
3495 4181 3550 4226 et

1972 4250 2042 4304 ita
2074 4252 2139 4304 ad
2171 4252 2474 4321 aquilonem
2507 4264 2557 4308 to
2602 4256 3005 4330 dryuingstrete.
3037 4258 3228 4313 Actum
3257 4269 3342 4313 est
3384 4262 3437 4315 in
3467 4263 3548 4317 ci-

1971 4341 2135 4394 vitate
2166 4341 2511 4397 Doroberuize
2537 4359 2680 4399 anno
2709 4347 2777 4400 ab
2804 4347 3173 4402 incamatione
3197 4348 3398 4404 Christi
3428 4367 3546 4413 nev,

1971 4432 2267 4488 indictione
2293 4450 2360 4487 vr.
2396 4433 2510 4503 Ego
2536 4436 2907 4506 Atbelbertus,
2936 4454 3034 4495 rex
3063 4439 3356 4511 Anglorum
3377 4483 3392 4507 ,
3414 4444 3553 4500 hanc

1970 4526 2316 4582 donationem
2341 4542 2513 4583 meam
2542 4534 2696 4598 signo
2718 4541 2920 4587 sancta:
2940 4534 3117 4589 crucis
3146 4536 3363 4605 propria
3390 4552 3552 4591 manu

1971 4619 2300 4676 conﬁrmavi.
2323 4622 2434 4692 Ego
2459 4623 2785 4693 Augustinus
2805 4625 2975 4693 gratia
3003 4626 3096 4680 ι)ιοί
3118 4627 3552 4698 archiepiscopus

1971 4714 2199 4769 libenter
2225 4716 2536 4785 subscripsi.
2582 4716 2693 4786 Ego
2723 4718 3004 4774 Aswaldus
3032 4720 3172 4788 regis
3211 4718 3351 4774 lilius
3394 4719 3550 4775 facio.

1972 4806 2086 4875 Ego
2125 4806 2330 4875 llanugi
2376 4808 2511 4861 ﬁlius
2556 4807 2662 4863 dux
2714 4808 2945 4863 laudavi.
2992 4810 3104 4881 Ego
3147 4810 3325 4866 llocca
3373 4826 3554 4865 comes

1976 4900 2244 4954 consensi.
2270 4899 2384 4967 Ego
2406 4897 2790 4957 Andemundus
2812 4902 3208 4959 referendarius
3235 4905 3549 4974 approbavi.

1979 4991 2089 5059 Ego
2112 4991 2350 5061 Crapbio
2377 5007 2560 5047 comes
2587 4994 2855 5050 benedixi.
2891 4996 3001 5065 Ego
3030 4998 3196 5065 Tangi
3242 4998 3382 5050 lilius
3411 4998 3552 5063 regis

1978 5087 2210 5156 optimas
2246 5085 2575 5142 conﬁrmavi.
2611 5087 2723 5158 Ego
2753 5087 2911 5143 Pinca
2936 5089 3203 5143 consensi.
3240 5086 3355 5155 Ego
3379 5085 3547 5140 Ceddi

1980 5179 2346 5235 corroboravi.

2507 5386 2702 5441 Charta
2729 5387 3029 5445 Atlzclbcrti.

2050 5506 2106 5560 In
2130 5506 2348 5560 nomine
2375 5504 2587 5560 Domini
2617 5501 2795 5557 nostri
2843 5498 2969 5554 Jesu
3010 5497 3227 5552 Christi.
3262 5495 3453 5550 Notum
3485 5495 3556 5549 sit

287 5583 640 5692 gregatus
667 5620 810 5675 omni
840 5629 1043 5673 sancte
1086 5583 1338 5669 Ecclesia:
1366 5611 1781 5676 communione,
1824 5614 1881 5662 ot
1979 5596 2229 5651 omnibus
2260 5604 2365 5649 tam
2400 5592 2753 5663 βηηεθηιίῦυε
2798 5604 2957 5692 lina”?
3004 5585 3251 5658 Ροδίοτίδν
3284 5583 3427 5692 σιςξοιι
3456 5598 3557 5652 ε’ὀθ
3586 5631 3591 5636 -

290 5718 352 5771 in
380 5716 467 5767 die
492 5712 677 5783 judicii
705 5712 773 5766 ab
812 5710 958 5764 oumi
1001 5709 1297 5763 electorum
1329 5705 1607 5760 societate.
1637 5703 1880 5756 Circum-

290 5806 523 5874 cingitur
553 5804 667 5861 haec
696 5812 861 5867 terra,
900 5802 994 5858 ubi
1018 5801 1179 5857 situm
1204 5808 1287 5855 est
1330 5796 1713 5855 monasterium
1744 5808 1880 5864 apo-

1982 5695 2344 5758 AthHJCIltlS,
2380 5692 2470 5746 Dei
2502 5689 2668 5759 gratia
2701 5702 2792 5741 rex
2817 5685 3128 5751 Anglorum,
3178 5697 3274 5753 per
3317 5680 3558 5745 Evange-

1982 5785 2144 5843 licum
2192 5784 2491 5854 genitorem
2530 5793 2708 5834 meum
2740 5775 3093 5846 Augustinum
3123 5774 3189 5831 de
3221 5774 3444 5830 idolatra
3478 5771 3557 5823 l'a-
