3978 6182
353 349 458 405 543

1425 343 1862 404 ETHELBERTI
1903 343 2036 400 ANG
2047 342 2277 402 LORUM
2319 345 2522 403 REGIS

3523 347 3626 404 δη
3681 385 3694 390 -

353 474 474 522 ctus
501 461 842 531 Christicola,
895 461 1089 518 tradidi
1119 461 1233 518 Deo
1278 476 1376 534 per
1422 475 1596 532 ipsum
1643 460 1938 516 antistitem
1971 463 2015 520 A
2045 457 2380 524 desiderans,
2417 473 2747 530 suarumque
2782 460 3184 533 possessionum
3226 461 3468 518 terminis
3491 461 3628 518 dila-

354 557 588 624 aliquam
623 562 836 623 partem
864 561 1023 609 terra:
1048 555 1186 624 juris
1213 553 1341 620 mei,
1373 553 1472 610 sub
1501 551 1755 608 orientali
1784 565 1940 604 muro

351 645 583 699 civitatis
603 642 970 709 Dorobernize,
989 644 1078 697 ubi
1101 643 1309 698 scilicet
1332 657 1427 712 per
1447 641 1693 696 eumdem
1717 640 1770 694 in
1792 637 1943 693 Chri-

350 745 436 790 sto
480 734 863 799 institutorem,
899 735 1287 788 monasterium
1316 733 1369 787 in
1399 733 1607 787 honore
1635 730 1939 801 principum

351 827 718 896 apostolorum
745 824 888 882 Petri
907 832 962 881 et
983 823 1132 879 Pauli
1155 823 1393 887 condidi,
1416 832 1614 879 etcum
1639 824 1750 889 ipsa
1773 830 1939 883 terra,

351 924 561 971 etcum
598 915 850 971 omnibus
871 930 992 984 qua:
1038 914 1104 968 ad
1134 915 1306 984 ipsum
1347 911 1736 967 monasterium
1776 908 1944 979 perti-

353 1018 482 1064 nent
509 1017 774 1079 perpetua
819 1009 1067 1062 libertate
1104 1007 1323 1073 donavi,
1363 1005 1500 1060 adeo
1544 1012 1606 1059 ut
1645 1017 1744 1059 nec
1785 1001 1938 1064 mihi,

357 1116 456 1154 nec
494 1101 655 1162 alicui
684 1115 1058 1156 successorum
1084 1114 1328 1155 meorum
1358 1112 1568 1168 regum,
1599 1111 1698 1152 nec
1718 1094 1813 1152 ulti
1843 1111 1944 1149 un-

351 1207 513 1260 quam
566 1191 819 1261 potestati
871 1191 987 1246 sive
1035 1189 1440 1256 ecclesiastica,
1503 1187 1621 1243 sive
1673 1186 1939 1251 saculari,

352 1283 644 1351 quidquam
682 1282 807 1336 inde
851 1281 1016 1336 liceat
1044 1293 1324 1348 usurpare,
1359 1277 1452 1333 sed
1484 1277 1540 1332 in
1570 1275 1741 1347 ipsius
1771 1274 1938 1330 abba-

356 1377 425 1428 tis
453 1374 562 1430 sint
589 1374 770 1429 omnia
800 1373 971 1429 libera
1017 1372 1244 1428 ditione.
1295 1371 1353 1426 Si
1396 1371 1518 1441 quis
1551 1385 1685 1426 vero
1732 1369 1804 1426 de
1840 1367 1944 1422 hac

354 1466 648 1521 donatione
677 1472 889 1531 nostra,
927 1464 1127 1536 aliquid
1167 1463 1433 1532 minuere,
1487 1470 1582 1518 aut
1625 1461 1834 1517 irritum
1865 1457 1940 1514 fa-

354 1573 480 1614 ccre
509 1559 817 1620 tentaverit,
849 1559 1174 1613 auctoritate
1200 1557 1344 1613 beati
1371 1571 1523 1627 papa:
1548 1552 1816 1623 Gregorii,
1852 1567 1943 1608 no-

353 1650 560 1720 strique
607 1649 839 1721 apostoli
869 1649 1149 1720 Augustini
1177 1648 1337 1704 simul
1366 1656 1424 1704 et
1459 1655 1648 1703 nostra
1676 1645 1943 1715 impreca-

355 1741 528 1810 tione,
570 1741 642 1797 sit
683 1741 769 1796 hic
805 1746 1125 1810 segregatus
1151 1739 1223 1795 ab
1253 1740 1398 1794 omni
1446 1745 1646 1795 sancta:
1688 1734 1943 1791 Ecclesia:

2046 559 2162 606 tare
2187 551 2442 619 gestiens,
2474 565 2604 606 sana
2645 561 2827 608 mente
2871 553 3193 622 integreque
3220 553 3471 615 consilio.
3505 568 3630 609 cuin

2045 641 2270 696 Edbaldi
2302 641 2394 696 filii
2424 643 2529 697 mci
2559 642 2893 713 aliorumque
2919 643 3177 698 nobilium
3200 643 3629 712 optimatumque
3678 709 3686 718 ι

2045 753 2288 794 meorum
2325 753 2614 808 consensu,
2641 739 2712 794 ob
2741 738 3167 808 redemptionem
3199 738 3389 792 anima:
3417 751 3548 790 mea:
3576 745 3630 789 et

2043 843 2193 898 spem
2224 828 2595 884 retributionis
2621 835 2837 883 atterunt
2865 827 3032 882 obtuli
3063 826 3112 882 ei
3133 826 3297 880 etiam
3323 824 3501 878 villam
3532 839 3632 877 no-

2044 919 2189 972 mine
2227 916 2442 986 Sturiga
2478 918 2584 972 alio
2625 919 2846 973 nomine
2885 917 3083 972 dictam
3113 914 3328 971 Cistelei
3356 928 3480 968 cum
3510 928 3628 967 om-

2043 1012 2201 1066 nibus
2220 1010 2516 1066 redditibus
2535 1011 2586 1066 ei
2612 1010 2734 1080 jure
2767 1009 3221 1080 competentibus,
3260 1021 3380 1062 cum
3423 1005 3625 1059 manci-

2043 1104 2164 1173 piis,
2179 1103 2327 1157 silvis
2340 1102 2496 1158 cultis
2512 1102 2598 1158 vel
2618 1101 2854 1168 incultis,
2868 1100 3056 1171 pratis,
3073 1099 3312 1169 pascuis,
3325 1094 3629 1166 paludibus,

2043 1193 2371 1260 ﬂuminibus,
2418 1201 2473 1248 et
2517 1192 2783 1261 contiguis
2831 1192 2880 1247 ei
2923 1189 3204 1246 maritimis
3237 1186 3478 1242 terminis
3509 1200 3629 1240 eain

2043 1298 2110 1338 ex
2141 1298 2244 1336 una
2273 1292 2425 1352 parte
2455 1282 2812 1352 cingentibus,
2839 1281 3040 1345 omnia,
3073 1279 3290 1334 mobilia
3318 1277 3404 1332 vel
3433 1277 3628 1331 immo.

2043 1376 2168 1430 bilia
2201 1377 2254 1430 in
2284 1391 2414 1430 usus
2440 1375 2663 1429 fratrum
2693 1375 2792 1430 sub
2828 1373 3060 1444 regulari
3089 1374 3304 1428 tramite
3343 1381 3398 1426 et
3445 1385 3631 1424 mona-

2042 1471 2176 1524 stica
2198 1469 2457 1538 religione
2477 1469 2604 1523 inibi
2626 1467 2736 1524 Deo
2758 1467 3104 1524 servientium
3126 1484 3139 1520 :
3165 1465 3448 1520 missurum
3471 1463 3630 1518 etiam

2044 1570 2382 1630 argenteum,
2403 1569 2627 1630 scapton
2649 1575 2893 1626 aureum,
2914 1561 3106 1614 iterum
3128 1558 3316 1613 sellam
3338 1571 3458 1611 cum
3482 1555 3632 1609 freno

2046 1666 2230 1718 aureo,
2259 1659 2314 1706 et
2340 1651 2568 1720 gemmis
2597 1661 2937 1716 exornatam,
2976 1650 3253 1721 speculum
3297 1659 3630 1720 argenteum.

2047 1741 2370 1798 armilcaisia
2408 1742 2690 1809 closerica,
2717 1742 2993 1798 eamisiam
3023 1749 3296 1807 ornatam,
3321 1741 3466 1810 quod
3507 1741 3634 1796 mihi

358 1833 765 1899 communione,
808 1841 864 1888 et
899 1833 951 1887 in
980 1832 1068 1887 die
1091 1831 1303 1902 judicii,
1345 1830 1415 1885 ab
1456 1829 1603 1883 omni
1645 1828 1940 1882 electorum
1975 1823 2020 1883 Β
2051 1836 2267 1891 χρῃίιιῐη
2297 1837 2365 1892 de
2396 1836 2619 1892 domino
2663 1851 2803 1907 papa
2833 1834 3099 1905 Gregorio
3140 1834 3285 1890 sedis
3328 1835 3634 1905 apostolica:

354 1925 640 1979 societate.
697 1923 1149 1992 Circumcingitur
1197 1922 1312 1976 lucc
1367 1929 1510 1974 terra
1551 1919 1636 1974 his
1673 1917 1938 1972 terminis.

357 2012 417 2068 ln
444 2013 663 2069 Oriente
687 2014 916 2070 ecclesia
939 2013 1108 2069 sancti
1130 2013 1364 2078 Martini,
1389 2020 1444 2066 et
1467 2011 1590 2066 inde
1611 2011 1678 2065 ab
1700 2009 1944 2076 Oriente,

357 2105 420 2159 be
429 2104 797 2172 sitvenidoune,
814 2113 868 2158 et
887 2104 964 2160 sic
980 2104 1044 2157 ad
1059 2103 1378 2172 Aquilonem
1391 2147 1403 2168 ,
1418 2102 1478 2156 be
1492 2098 1944 2172 wgkyngmearrli,

359 2197 664 2266 iterumque
693 2195 760 2250 ad
791 2193 1065 2250 Orientem
1095 2203 1151 2249 et
1179 2194 1244 2248 ad
1274 2191 1640 2258 Attstrum,‘be
1667 2191 1946 2260 bureyare-

358 2288 599 2342 mearcli:
630 2295 684 2342 et
713 2289 790 2343 sic
818 2287 882 2343 ad
907 2287 1160 2342 Austrum
1184 2295 1239 2342 et
1268 2285 1615 2342 Occidentem
1639 2283 1700 2338 be
1722 2283 1945 2354 kynges-

357 2377 596 2443 mearch;
622 2378 749 2433 item
779 2377 847 2432 ad
879 2377 1199 2449 Aquilonem
1231 2377 1288 2432 be
1316 2375 1738 2450 kyngesmearch,
1761 2375 1948 2442 sicque

359 2469 427 2524 ad
447 2470 792 2526 Occidentem
813 2481 864 2525 to
888 2469 1278 2540 Rithercchepe,
1297 2478 1350 2525 et
1373 2471 1445 2524 ita
1471 2469 1536 2524 ad
1551 2458 1872 2538 Aquilonem
1895 2475 1947 2520 to

358 2550 765 2634 dryttingstrele.
798 2563 990 2618 Actum
1019 2571 1103 2618 est
1138 2563 1242 2618 hoc
1269 2563 1321 2617 in
1346 2561 1566 2618 civitate
1594 2559 1944 2623 Derobernie,

360 2671 504 2711 anno
529 2658 597 2711 ab
626 2657 996 2712 incarnatione
1015 2655 1212 2710 Christi
1234 2654 1361 2723 605,
1391 2654 1687 2710 indictione
1711 2655 1764 2707 6.

432 2747 546 2817 Ego
578 2748 927 2802 Athelbertus
955 2762 1049 2802 rex
1082 2746 1378 2817 Anglorum
1410 2746 1553 2801 hanc
1597 2744 1947 2801 donationem

361 2855 560 2906 meam,
609 2841 763 2909 signo
799 2849 1003 2895 sancta:
1039 2840 1238 2906 crucis,
1283 2838 1502 2909 propria
1545 2853 1709 2894 manu
1748 2837 1951 2894 contir-

358 2931 523 2987 mavi.
569 2929 683 3000 Ego
733 2929 1088 3000 Augustinus,
1129 2931 1297 3000 gratia
1347 2929 1442 2985 Dei
1491 2929 1946 2999 archiepiscopus,

359 3022 590 3078 libenter
617 3023 928 3090 subscripsi.
972 3021 1082 3094 Ego
1115 3022 1407 3083 Edbaldus.
1438 3022 1581 3092 regis
1614 3021 1773 3084 tilius,
1816 3019 1943 3076 favi.

359 3111 472 3182 Ego
498 3111 841 3182 llamigisilus
863 3113 970 3168 dux
1001 3114 1235 3168 laudavi.
1263 3115 1374 3184 Ego
1403 3112 1580 3168 llocca
1611 3127 1796 3168 comes
1815 3127 1948 3168 con-

2047 1926 2310 1981 directum
2356 1926 2550 1990 fuerat,
2581 1941 2701 1996 quae
2733 1926 2914 1982 omnia
2951 1924 3264 1998 supradicto
3307 1925 3636 1980 monasterio

2047 2027 2322 2088 gratanter
2356 2019 2546 2075 obtuli.
2588 2019 2741 2087 Quod
2771 2019 2934 2074 etiam
2965 2025 3226 2074 niouastei
3243 2017 3351 2072 ium
3383 2017 3498 2088 ipse
3523 2031 3638 2072 ser-

2047 2125 2146 2164 vus
2173 2110 2267 2166 Dei
2297 2111 2622 2181 Augustinus
2649 2119 2958 2166 sanctorum
2989 2112 3382 2182 apostolorum,
3409 2125 3476 2165 ac
3496 2124 3636 2164 mar-

2051 2213 2225 2274 tyrum
2273 2202 2516 2271 reliquiis
2561 2202 2836 2273 variisque
2882 2201 3264 2257 ecclesiasticis
3306 2199 3638 2254 ornamentis

2009 2294 2118 2347 .ab
2172 2293 2468 2362 apostolica
2537 2292 2668 2348 sede
2739 2293 2841 2348 sibi
2899 2292 3228 2349 transmissis
3280 2291 3504 2361 copiose
3555 2289 3636 2346 di-

2050 2383 2240 2448 ctavit,
2276 2397 2504 2453 seseque
2547 2383 2598 2437 in
2648 2398 2716 2438 eo
2760 2391 2816 2438 et
2864 2391 3092 2438 cunctos
3119 2396 3466 2438 successores
3511 2395 3638 2438 suos

2050 2490 2116 2530 ex
2149 2475 2440 2530 autoritate
2467 2474 2764 2546 apostolica
2797 2475 3014 2545 sepeliri
3056 2473 3330 2544 przecepit,
3363 2473 3647 2544 Scriptura

2051 2563 2264 2620 dicente
2312 2584 2332 2616 ε
2361 2581 2467 2620 non
2509 2579 2631 2622 esse
2675 2565 2948 2620 civitatem
2977 2571 3335 2629 mortuorum,
3360 2563 3453 2623 sed
3484 2563 3637 2618 vivo-

2053 2673 2192 2712 rum.
2225 2675 2243 2709 i
2291 2654 2390 2710 Ubi
2419 2655 2583 2710 etiam
2619 2655 2747 2710 mihi
2776 2663 2830 2710 et
2856 2653 3256 2710 successoribus
3293 2653 3428 2708 meis
3456 2651 3638 2722 sepul-

2053 2757 2228 2803 turam
2273 2747 2506 2818 providi,
2538 2761 2760 2816 sperans
2790 2761 2876 2800 me
2902 2745 3226 2815 quandoque
3263 2747 3330 2798 ab
3359 2743 3478 2814 ipso
3504 2758 3639 2813 apo-

2052 2841 2225 2896 stolici
2262 2839 2462 2894 ordinis
2493 2839 2734 2911 principe
2767 2838 2852 2894 cui
2904 2837 3162 2892 Dominus
3203 2845 3527 2908 potestatem
3575 2836 3640 2892 li-

2053 2932 2212 3000 gandi
2243 2940 2404 3001 atque
2432 2929 2678 2986 solvendi
2706 2931 2772 2984 de
2792 2930 2853 2984 lit
2891 2936 2947 2984 et
2990 2927 3170 2982 claves
3199 2926 3344 2996 regni
3375 2926 3640 2982 caelorum

2055 3023 2296 3089 tradidit,
2321 3038 2351 3077 a
2380 3030 2726 3094 peccatorum
2761 3020 2989 3076 nexibus
3017 3019 3155 3075 solvi
3185 3029 3239 3074 et
3267 3027 3482 3073 :eternaa
3512 3018 3642 3073 bea-

2056 3114 2296 3170 titudinis
2321 3113 2534 3176 ianuam
2565 3112 2706 3168 intro
2727 3111 2851 3167 luci.

358 3206 540 3295 sensi:
576 3204 690 3272 Ego
740 3205 1123 3274 Angcmundus
1179 3206 1578 3262 referendarius
1626 3205 1940 3276 approbavi.
1971 3187 2020 3252 C
2121 3227 2278 3295 Quod
2322 3226 2723 3290 monasterium.
2764 3223 2942 3280 "unus
2995 3236 3407 3293 εριεροροηηη,
3461 3219 3643 3275 "unus

359 3293 474 3362 Ego
504 3293 744 3366 Grapliio
774 3311 955 3349 comes
983 3296 1016 3348 h
1054 3296 1254 3350 nedixi.
1304 3296 1418 3365 Ego
1449 3295 1770 3364 Tangisilus,
1802 3298 1947 3366 regis

365 3385 616 3454 optimas,
643 3382 975 3440 confirmavi.
1003 3383 1113 3454 Ego
1136 3383 1296 3440 Pinca
1326 3385 1593 3440 consensi.
1623 3383 1737 3456 Ego
1759 3383 1948 3456 chdy

367 3473 672 3529 corrobavi.

435 3563 548 3620 Rex
594 3565 888 3636 Anglorum
919 3565 1273 3622 Athelberlus
1298 3566 1663 3623 misericordia
1694 3567 1947 3638 omnipo-

360 3658 521 3712 tentis
551 3657 642 3712 Dei
675 3658 1001 3728 catholicus,
1033 3659 1284 3714 omnibus
1324 3673 1435 3714 suze
1462 3660 1636 3729 gentis
1681 3657 1948 3728 fidelibus,

359 3761 416 3806 et
458 3752 750 3808 adventum
797 3753 981 3822 gloriae.
1012 3753 1190 3823 magni
1224 3753 1317 3806 Dei
1347 3761 1404 3807 et
1441 3752 1738 3808 Salvatoris
1775 3751 1946 3807 nostri

358 3842 484 3898 Iesu
507 3843 728 3908 Chiisti,
753 3844 908 3898 beata
935 3859 1031 3914 spe
1051 3843 1512 3912 expectantibus,
1542 3843 1772 3897 salutem
1798 3842 1948 3896 vitm-

359 3950 466 4006 que
485 3943 701 3989 mternm
720 3934 1128 3996 beatitudinem,
1154 3933 1414 4000 largiente
1439 3934 1628 3986 summi
1652 3931 1815 4001 Regis
1839 3933 1950 3988 cle-

361 4025 586 4082 mentia.
629 4023 744 4092 Ego
782 4024 1128 4079 Athelbertus
1156 4025 1206 4078 in
1233 4023 1370 4077 solio
1401 4031 1628 4093 paterno
1659 4022 1949 4078 conlirma-

358 4127 468 4185 tus,
526 4130 770 4187 paceque
801 4116 1057 4172 divinitus
1085 4130 1361 4180 concessa,
1399 4130 1466 4170 eo
1496 4114 1606 4183 jam
1637 4129 1736 4184 per
1759 4114 1946 4170 decem

357 4211 727 4281 quinquennia
777 4211 1108 4282 sceptrigera
1155 4218 1423 4280 potestate
1466 4210 1704 4280 potitus,
1756 4219 1813 4265 et
1850 4225 1949 4281 per

361 4301 710 4356 Venerabiles
775 4316 944 4356 sacrm
1002 4301 1122 4356 fidei
1183 4301 1435 4356 doctores
1489 4300 1724 4370 Spiritus
1773 4301 1947 4355 sancti

359 4391 532 4458 gratia
579 4392 887 4455 irradiatus,
938 4393 1007 4447 ab
1048 4407 1234 4448 errore
1285 4392 1540 4447 falsorum
1577 4391 1824 4456 deorum,
1878 4393 1946 4448 ad

363 4481 522 4537 unius
549 4485 661 4537 veri
693 4485 785 4538 Dei
813 4483 1015 4539 cultum
1059 4495 1175 4540 toto
1215 4487 1382 4540 corde
1411 4499 1724 4548 conversus,
1758 4499 1826 4538 ne
1864 4486 1942 4538 in-

361 4580 548 4640 gratus
585 4573 972 4630 beneficiorum
1020 4592 1310 4646 appaream
1359 4577 1434 4631 illi
1481 4592 1512 4631 a
1556 4575 1710 4646 cujus
1756 4583 1942 4630 sancta
1976 4552 2026 4611 D

361 4663 492 4717 sede
521 4663 675 4718 nobis
705 4665 757 4718 in
783 4666 1006 4733 regione
1034 4667 1238 4722 umbra:
1267 4668 1458 4722 mortis
1502 4667 1812 4722 sedentibUS
1850 4665 1942 4720 lux

363 4753 610 4809 veritatis
637 4754 877 4822 emicuit,
902 4756 1042 4810 inter
1071 4757 1202 4814 alias
1228 4773 1364 4828 quas
1400 4757 1655 4814 fabricavi
1687 4758 1945 4814 ecclesias

361 4845 572 4900 monitu
593 4853 650 4900 et
678 4846 895 4901 hortatu
917 4847 1209 4902 beatissimi
1241 4864 1393 4919 papae
1413 4848 1658 4920 Gregorii
1686 4859 1740 4904 et
1769 4849 1942 4904 sancti

363 4936 532 5006 patris
559 4937 728 4992 nostri
760 4938 1065 5007 Augustini.
1108 4940 1206 5008 ipsi
1232 4940 1542 4997 beatissimo
1571 4942 1942 5012 apostolorum

360 5031 592 5102 principi
640 5030 802 5088 Petro
842 5043 899 5089 et
927 5032 1137 5088 doctori
1174 5034 1415 5102 gentium
1457 5033 1624 5089 Paulo
1673 5044 1944 5090 monaste-

363 5128 527 5196 rium,
573 5142 605 5182 a
655 5126 1012 5183 fundamentis
1041 5129 1336 5194 construxi,
1389 5129 1625 5199 illudque
1651 5129 1807 5183 terris
1852 5143 1945 5179 va-

364 5219 566 5287 riisque
595 5219 998 5288 possessionum
1047 5218 1290 5274 donariis
1321 5217 1583 5274 decorare
1609 5218 1816 5279 studui.
1842 5217 1944 5271 iui-

360 5310 521 5380 Iiique
549 5311 845 5366 monachos
897 5309 1065 5366 Deum
1112 5311 1364 5365 timentes
1393 5311 1670 5380 aggregari
1723 5311 1848 5374 feci,
1889 5320 1944 5364 et

359 5417 480 5456 cum
523 5403 752 5458 consilio
798 5403 1037 5472 ejusdem
1087 5401 1506 5458 reverentissimi
1548 5401 1944 5471 archi,r.csulis

363 5494 662 5564 Augustini,
686 5511 753 5550 ex
783 5511 880 5550 suo
909 5503 1099 5550 sancto
1127 5501 1438 5551 sanctorum
1469 5493 1699 5561 collegio
1719 5507 1943 5546 venera-

361 5585 524 5640 bilem
565 5589 738 5643 virum
786 5603 967 5643 secum
1011 5588 1079 5642 ab
1125 5586 1424 5658 apostolica
1475 5585 1604 5640 sede
1651 5585 1939 5638 directum.

360 5675 578 5733 Petrum
620 5681 942 5734 monachum
987 5680 1143 5748 elegi,
1199 5680 1406 5748 eisque,
1448 5686 1507 5731 ut
1550 5676 1942 5732 ecclesiasticus

359 5767 495 5822 ordo
532 5772 799 5839 exposcit,
828 5772 1073 5825 abbatem
1103 5771 1391 5841 prchosui.
1424 5769 1538 5824 Hoc
1569 5770 1728 5839 igitur
1755 5784 1943 5822 mona-

358 5862 581 5918 sterium
630 5863 696 5916 ad
749 5870 1062 5931 provectum
1110 5863 1277 5918 debiti
1324 5863 1572 5922 culminis
1619 5876 1940 5935 promovere

2049 3333 2427 3373 successorum
2477 3331 2719 3371 meorum
2763 3329 2970 3384 regum,
3019 3316 3072 3369 in
3120 3314 3300 3382 aliquo
3331 3314 3510 3368 ledere
3545 3320 3642 3367 aut

2050 3411 2352 3482 inquietare
2394 3417 2705 3481 pimsumat,
2737 3407 2938 3462 nullam
2980 3407 3200 3463 omnino
3247 3403 3642 3474 subjectionem

2053 3507 2107 3560 in
2135 3521 2199 3560 ea
2228 3504 2330 3560 sibi
2361 3517 2627 3578 usurpare
2668 3501 2885 3567 audeat,
2935 3500 3030 3557 sed
3059 3501 3227 3555 abbas
3266 3499 3382 3568 ipse
3425 3498 3517 3568 qui
3565 3498 3642 3554 ibi

2050 3597 2210 3653 fuerit
2240 3597 2540 3659 ordinatus,
2571 3594 2718 3648 intus
2745 3602 2800 3649 et
2829 3591 2959 3647 foris
2992 3608 3114 3647 eum
3154 3591 3382 3648 consilio
3413 3591 3642 3645 fratrum

2051 3689 2342 3747 secundum
2378 3690 2622 3744 timorem
2657 3686 2749 3740 Dei
2780 3686 2950 3741 libere
2978 3700 3099 3739 eum
3126 3693 3277 3753 regat
3304 3690 3361 3737 et
3397 3681 3640 3748 ordinet,

2052 3785 2123 3840 ita
2171 3793 2230 3837 ut
2271 3782 2322 3837 in
2353 3783 2440 3836 die
2470 3780 2678 3835 Domini
2708 3779 2916 3834 dulcem
2967 3777 3110 3831 illam
3151 3773 3376 3844 piissimi
3407 3773 3642 3828 Redem-

2052 3878 2223 3948 ptoris
2245 3876 2413 3930 nostri
2443 3889 2628 3929 vocem
2657 3883 2928 3926 mereatur
2951 3870 3138 3924 audire
3166 3866 3390 3923 dicentis
3416 3883 3429 3918 :
3461 3863 3636 3934 Euge,

2051 3985 2194 4023 serue
2237 3969 2367 4022 bone
2405 3974 2454 4020 et
2498 3965 2687 4035 ﬁdelis,
2729 3963 2850 4034 quia
2885 3978 3038 4030 super
3072 3975 3240 4030 pauca
3267 3958 3411 4027 fuisti
3440 3955 3638 4026 ﬁdelis,

2051 4076 2204 4129 super
2230 4059 2392 4111 mulus
2424 4067 2470 4110 te
2497 4055 2837 4110 constituam:
2879 4053 3019 4105 intra
3049 4051 3102 4104 in
3129 4049 3375 4121 gaudium
3424 4045 3644 4101 Domini

2052 4152 2144 4204 tui.
2168 4149 2316 4203 Hanc
2335 4147 2678 4201 donationem
2698 4160 2870 4198 meam
2895 4144 2948 4198 in
2972 4143 3189 4198 nomine
3210 4139 3405 4209 Patris,
3422 4150 3477 4195 et
3495 4139 3643 4205 Filii,

2050 4251 2104 4296 et
2130 4240 2360 4311 Spiritus
2389 4238 2580 4303 sancti,
2622 4237 2873 4306 largitate
2912 4236 3090 4290 divina
3123 4244 3182 4290 ut
3211 4235 3339 4288 mihi
3372 4234 3647 4288 tribuatur

2049 4339 2395 4400 peccatorum
2425 4327 2695 4391 remissio,
2728 4343 2824 4397 per
2853 4326 3054 4388 omnia,
3083 4340 3206 4380 cum
3237 4324 3462 4379 consilio
3491 4337 3645 4378 reve-

2050 4422 2336 4477 rentissimi
2383 4421 2551 4491 patris
2587 4418 2892 4488 Augustini,
2941 4417 3177 4483 condidi,
3209 4400 3373 4486 idque
3403 4415 3469 4470 ad
3500 4414 3644 4470 scri-

2050 4516 2284 4571 bendum
2316 4514 2726 4586 Augemundum
2754 4512 3126 4583 presbyterum
3157 4509 3418 4566 ordinavi.
3452 4508 3528 4564 De
3554 4509 3645 4563 liis

2048 4623 2178 4677 ergo
2209 4609 2456 4663 omnibus
2496 4621 2616 4676 qua:
2645 4605 2733 4661 hic
2766 4606 2962 4674 scripta
3011 4612 3156 4671 sunt,
3198 4603 3242 4658 si
3273 4603 3392 4672 quis
3432 4601 3644 4670 aliquid

2047 4699 2171 4753 inde
2199 4699 2443 4752 minuere
2523 4697 2941 4770 praesumpserit,
2974 4696 3108 4750 sciat
3135 4711 3195 4750 se
3217 4693 3526 4763 aequissimo
3547 4692 3644 4761 ju-

2045 4792 2149 4847 dici
2183 4792 2292 4845 Deo
2319 4799 2375 4845 et
2402 4791 2575 4845 beatis
2601 4789 2861 4859 apostolis
2892 4787 3050 4844 Petro
3081 4796 3134 4841 rt
3164 4786 3328 4842 Paulo
3365 4785 3642 4841 rationem

2046 4899 2164 4938 esse
2193 4882 2550 4937 redditurum.
2583 4880 2908 4935 Conlirmata
2954 4888 3038 4933 est
3086 4879 3198 4932 lucc
3235 4877 3457 4931 donatio
3499 4892 3646 4945 pra:-

2046 4974 2289 5029 sentihus
2315 4973 2541 5027 testibus
2566 4971 3006 5026 reverentissimo
3031 4979 3184 5039 patre
3207 4969 3505 5037 Augustino
3531 4967 3645 5020 Do-

2047 5065 2391 5120 roverneusis
2433 5063 2685 5118 Ecclesia:
2733 5063 3146 5132 arcliiepiscmio
3195 5062 3386 5131 primo,
3429 5058 3645 5114 Mellito

2048 5173 2261 5230 quoque
2305 5166 2361 5211 et
2404 5155 2556 5210 Justo
2597 5155 2910 5220 Londonitc,
2958 5163 3014 5210 et
3059 5153 3344 5209 Ronfeusis
3380 5151 3646 5207 Ecclesiae

2048 5264 2083 5318 p
2111 5248 2382 5311 resulihus,
2428 5256 2484 5301 et
2527 5248 2779 5314 religioso
2829 5241 3027 5300 tantulo
3080 5245 3281 5300 Christi
3340 5245 3645 5298 Laurentio

2049 5339 2384 5409 presbytero,
2443 5336 2681 5392 E-lbaldo
2739 5338 2848 5392 lilio
2895 5353 3039 5401 meo,
3099 5336 3414 5405 l‘laniigisilo
3468 5336 3643 5406 duce,

2047 5428 2398 5498 Augemundo
2428 5426 2812 5490 referendario,
2835 5427 3017 5482 Hocca
3047 5436 3102 5482 et
3121 5426 3431 5496 Grapliione
3455 5426 3643 5480 comi-

2049 5520 2210 5588 tibus,
2242 5518 2529 5588 Tangesilo
2554 5528 2606 5573 et
2633 5519 2792 5573 Pinca
2821 5527 2874 5573 et
2901 5517 3072 5573 chdi
3118 5527 3174 5573 et
3212 5518 3461 5574 Aldhuuo
3488 5519 3647 5587 regis

2047 5611 2423 5681 optimatibus,
2470 5610 2696 5677 aliisque
2743 5609 2989 5679 plurimis
3028 5609 3362 5663 diversarum
3398 5607 3646 5676 dignita-

2048 5713 2160 5758 tum
2213 5703 2476 5773 personis.
2539 5702 2730 5756 Actum
2791 5716 2922 5756 sane
2973 5701 3384 5771 quadragesimo
3438 5699 3647 5768 quinto

2047 5811 2190 5852 anno
2218 5795 2367 5866 regni
2399 5794 2592 5863 nostri,
2617 5795 2716 5850 sub
2737 5794 2824 5850 die
2863 5809 2894 5847 v
2923 5793 3046 5850 ldus
3071 5792 3330 5849 Januarii.
