3858 6190
279 199 381 257 561
1108 192 1113 195 ’
1763 194 1866 250 DEi

1978 195 2079 250 ἒΤΑ
2090 236 2103 248 .
3454 195 3562 252 5Θῖ

276 290 657 356 ὰθὼηοῑιιε,ει
684 287 927 361 sepultus
954 286 1130 343 estad
1158 286 1375 343 beatum
1406 284 1623 341 Petrum
1655 294 1876 357 aposto-
1979 302 2203 357 novem,
2242 286 2497 342 diaconos
2547 286 2781 356 quinque
2805 327 2822 355 ,
2865 286 3155 357 episcopos
3199 300 3297 357 per
3338 287 3561 345 diversa

277 383 389 439 lum
412 423 429 450 ,
461 382 551 439 die
576 391 766 438 octava
796 380 997 438 mensis
1036 377 1373 435 Novembris.
1409 376 1507 433 Hic
1547 377 1749 433 dimisit
1778 392 1879 447 per
1978 378 2097 436 loca
2134 392 2358 435 numero
2388 378 2572 447 viginti
2617 393 2829 434 novem.
2861 377 2928 433 Et
2953 378 3184 436 cessavit
3213 377 3566 450 episcopatus

276 474 540 544 obsequia
586 488 682 528 sua
707 512 722 539 ,
752 479 809 527 et
858 472 925 527 ad
974 486 1190 528 omnem
1222 472 1428 526 clerum
1474 484 1664 540 rngam
1712 484 1875 524 unam
1980 485 2217 525 mensem
2247 484 2408 523 unum
2434 508 2447 532 ,
2476 467 2593 523 dies
2617 468 2918 524 sexdecim.

277 569 565 638 integram.
600 567 697 622 llic
740 567 865 621 fecit
909 566 1283 621 ordinationes
1338 574 1447 619 tres
1473 604 1488 628 ,
1539 564 1881 633 presbyteros

279 708 335 755 et
371 698 647 754 Marianos
687 698 885 754 Scottis
927 696 979 750 in
1018 696 1287 751 Chronico
1336 695 1517 749 habet.
1564 694 1724 749 Parte
1765 693 1869 747 alia
1899 696 1950 754 Α
1976 690 2101 744 anui
2131 685 2255 751 615,
2285 699 2516 754 eumque
2540 684 2736 738 obiisse
2761 685 2848 740 die
2876 695 3069 755 octava
3092 684 3414 740 Novembris
3438 688 3565 740 anni

278 785 402 824 cum
454 768 733 825 Gotl‘iidus
775 767 1160 827 Viterhicnsis.
1216 765 1476 820 Martinus
1526 764 1761 819 Polonus
1815 764 1869 818 in

277 839 570 905 Chronico,
602 848 792 893 auctor
835 837 1096 892 Fascieuli
1126 844 1445 905 temporum,
1474 843 1531 889 et
1560 831 1871 905 plurespa-

280 910 443 979 talogi
489 901 805 980 pontiﬁcum
846 908 1015 980 Rom.
1056 901 1295 961 habeant
1338 901 1630 959 Deusdedit
1652 901 1872 980 sedisse

279 972 444 1035 unitos
473 972 577 1033 lies
605 989 653 1032 ct
682 980 791 1033 dies
836 978 1039 1047 viginti,
1074 990 1415 1045 consequens
1434 982 1551 1047 _est_
1570 972 1873 1047 ordinatio-

282 1065 403 1105 nem
433 1049 551 1118 ejus
572 1066 601 1103 a
632 1050 787 1103 nobis
808 1040 955 1102 recte
986 1040 1399 1113 alligatam'cum
1416 1044 1504 1099 die
1532 1042 1601 1097 19
1621 1040 1871 1098 Octobris

1978 756 2358 816 sexcentesimi
2386 755 2581 810 decimi
2626 756 2825 825 octavi.
2862 754 2998 825 Ejus
3028 769 3223 810 nomen
3270 756 3321 810 in
3354 755 3565 825 Marty-

1978 829 2189 898 rologio
2214 826 2471 898 Galesinii
2501 833 2558 879 et
2584 826 2638 898 in
2668 824 3062 898 antiquioribus
3090 838 3197 898 non
3219 825 3414 893 legitur
3433 824 3567 898 qui:

1977 893 2127 961 dem;
2153 897 2246 953 sed
2274 895 2557 960 Baronius,
2589 895 2659 949 ob
2690 895 2976 963 praeclaras
3002 895 3120 961 ejus
3151 894 3399 955 virtutes.
3431 893 3564 963 illud

1979 966 2368 1039 Martyrologio
2415 962 2739 1039 Eomatioga
2785 979 2865 1039 se_
2893 962 3563 1039 a_uctorjta_te_apost01lca

1979 1031 2371 1095 emendato'ad
2402 1035 2544 1090 diem
2582 1033 2616 1087 8
2646 1033 2963 1089 Novembris
3012 1031 3307 1103 inscripsit.
3342 1031 3562 1087 PACIUS.

280 1120 3538 1171 MM—

516 1139 2156 1153 _________________,,

1046 1218 2081 1333 DEUSDEDIT
2133 1216 2164 1257 ³
2220 1213 2765 1327 ΡΔΡΕ

276 1381 838 1468 EPISTULA
901 1378 1056 1463 AD
1132 1374 1885 1462 GORDIANUM
1940 1368 2766 1455 HISPALENSEM
2842 1367 3562 1455 EPISCOPUM.

338 1520 468 1595 Qui
488 1517 791 1597 proprios
821 1515 987 1592 ﬁlios
1015 1512 1087 1575 de
1114 1530 1293 1574 sacro
1327 1514 1501 1592 fonte
1534 1508 1890 1587 suscipiunt
1911 1507 2001 1599 ,σὺ
2031 1504 2347 1567 uxoribus
2372 1512 2742 1599 separentur
2764 1522 2784 1574 ;
2809 1512 2865 1567 et
2889 1503 3261 1584 prohibetur
3284 1523 3359 1567 ne
3391 1506 3533 1585 quis

1262 1602 1658 1652 commalrem
1689 1606 1865 1647 suam
1899 1592 1967 1646 in
1996 1602 2262 1646 uxorem
2292 1592 2590 1665 accipiat.

1518 1732 1693 1793 (Mansr
1726 1731 1931 1781 Collect.
1955 1732 2133 1780 Loricil.
2158 1737 2196 1777 t.
2224 1726 2301 1790 Χ.)

282 1862 595 1929 Deusdedit,
624 1867 821 1915 sancta
867 1857 1116 1913 Romanae
1166 1866 1215 1912 et
1270 1858 1569 1927 apostolica:
1617 1857 1863 1913 Ecclesia:
1902 1863 1943 1919 Β
1973 1866 2161 1911 notum
2194 1867 2463 1910 consensu
2489 1846 2825 1925 [conventu],
2856 1849 2910 1905 in
2926 1847 3155 1906 ecclesia
3179 1847 3321 1905 beati
3346 1859 3571 1921 aposto-

341 1956 633 2025 episcopus,
647 1947 931 2014 Gordiano,
954 1947 1280 2019 Hispalensis
1294 1946 1542 2004 Ecclesia:
1565 1950 1863 2019 coepiscopo

338 2057 390 2101 et
421 2045 583 2116 fratri
634 2042 993 2097 dilectissimo.

342 2220 597 2278 Pervenit
625 2219 692 2275 ad
719 2233 817 2275 nos
838 2217 1099 2273 diaconus
1120 2224 1319 2281 vester,
1348 2223 1541 2273 vestrae
1569 2217 1872 2273 sanctitatis

272 2301 554 2384 epistolam
585 2308 780 2371 ferens,
800 2307 945 2375 quod
966 2305 1182 2376 quidam
1201 2307 1301 2362 viri
1328 2306 1491 2363 etiam
1512 2315 1568 2361 et
1597 2307 1868 2371 mulieres,

272 2404 550 2475 praeterito
577 2397 815 2455 Sabbato
843 2397 1083 2467 paschali
1119 2396 1226 2465 die,
1257 2412 1368 2468 pra:
1406 2411 1600 2467 magno
1643 2396 1870 2467 populo-

270 2509 389 2550 rum
423 2492 644 2547 incursu
664 2530 679 2555 ,
715 2488 1020 2544 nescientes
1040 2529 1054 2556 ,
1091 2487 1338 2558 proprios
1365 2503 1494 2544 suos
1524 2486 1662 2544 ﬁlios
1689 2502 1870 2544 susce-

269 2586 480 2657 pissent
523 2597 590 2637 ex
624 2581 840 2635 lavacro
880 2587 1092 2633 sancto.
1124 2576 1291 2648 Cupis
1337 2592 1466 2647 ergo
1496 2578 1636 2633 scire
1682 2578 1727 2634 si
1770 2592 1869 2648 pro

270 2678 365 2734 tali
405 2672 694 2731 accidente
744 2671 956 2726 ratione
1003 2668 1241 2725 debeant
1275 2669 1376 2724 viri
1422 2679 1478 2725 et
1531 2670 1782 2725 mulieres
1803 2671 1869 2725 ad

267 2783 427 2826 suum
470 2766 749 2838 proprium
808 2762 985 2817 redire
1037 2776 1224 2826 usum,
1274 2775 1345 2815 an
1399 2775 1530 2815 non.
1580 2758 1689 2815 Nos
1736 2775 1869 2815 vero

270 2857 453 2915 Incesti
499 2857 599 2911 hac
648 2855 701 2910 in
764 2868 825 2909 re
874 2850 1243 2922 inquisivimus
1294 2848 1323 2888 δ
1372 2850 1608 2920 priorum
1658 2856 1869 2920 patrum

270 2956 584 3008 nostrorum
619 2945 781 3001 dicta.
809 2942 1115 2998 Invenimus
1144 2950 1324 2996 autem
1354 2940 1408 2995 in
1438 2940 1669 2994 archivis
1714 2940 1868 3008 hujus

267 3042 591 3115 apostolicae
635 3037 779 3094 sedis
828 3036 939 3107 jam
995 3036 1118 3090 talia
1170 3036 1461 3105 contigisse
1520 3035 1575 3090 in
1630 3036 1871 3094 ecclesiis

269 3137 509 3201 Isauriae,
568 3131 947 3203 Ephesiorum,
1021 3129 1286 3198 simulque
1340 3128 1749 3201 llierosolymzc,
1813 3138 1871 3185 et

266 3228 437 3284 etiam
482 3224 710 3279 aliarum
742 3221 1039 3276 civitatum.
1081 3217 1361 3290 Episcopis
1384 3218 1547 3273 etiam
1577 3233 1760 3274 earnm
1788 3218 1868 3275 ci-

269 3319 499 3372 vitatum
520 3313 589 3369 ab
610 3313 712 3367 hac
731 3310 1024 3381 apostolica
1044 3309 1172 3365 sede
1195 3308 1496 3365 volentibus
1524 3310 1662 3366 seire
1689 3318 1868 3367 utrum

268 3410 369 3466 viri
400 3418 460 3465 et
487 3406 745 3461 mulieres
772 3401 1010 3459 redirent
1036 3400 1105 3456 ad
1146 3401 1423 3471 proprium
1463 3407 1670 3469 torum,
1698 3402 1871 3459 beatae

270 3500 551 3558 memoriae
578 3494 903 3552 sanctissimi
934 3492 1150 3558 Patres,
1180 3491 1381 3558 Julius,
1408 3490 1775 3557 Innocentius,
1814 3503 1870 3551 et

268 3591 627 3655 Ctelestinus,
657 3603 778 3643 cum
807 3586 1182 3656 episcoporum
1213 3582 1564 3654 plurimorum
1594 3592 1649 3638 et
1674 3598 1861 3639 sacer-

341 3736 368 3763 ·
398 3723 629 3780 Unicam
686 3718 975 3776 Deusdedit
1011 3733 1164 3789 papa:
1206 3718 1489 3789 epistolam
1537 3733 1604 3773 ex
1649 3718 1865 3775 Labbeo

272 3795 601 3865 accepimus,
631 3808 729 3846 nec
754 3791 933 3858 plures
948 3788 1169 3865 initus.
1196 3788 1484 3865 codicibus
1513 3799 1701 3865 nactus
1720 3806 1862 3865 sum;

270 3867 366 3922 sed
404 3858 487 3920 ἐι
522 3865 707 3919 iisdem
759 3876 887 3915 mss.
940 3858 1228 3915 Codicibus
1272 3858 1740 3913 animadversione
1784 3860 1867 3913 di-

309 3951 436 3991 num
484 3948 684 3990 censeo
723 3930 1129 3999 inscriptionem
1157 3929 1444 3998 aliquando
1474 3928 1740 3999 diversam
1774 3943 1863 3984 re-

295 3997 450 4063 crre:
484 4019 594 4071 quo
634 4002 777 4056 enim
823 3997 945 4055 loco
994 4000 1045 4053 in
1094 3997 1556 4071 Editisdirigitur
1592 3997 1865 4071 _Gordiano

276 4068 580 4143 Hispalensi
625 4074 895 4143 episcopo,
940 4071 992 4123 in
1032 4085 1130 4124 ms.
1164 4068 1365 4143 Codice
1409 4068 1723 4143 Pistoriensi
1764 4084 1864 4123 an-

276 4138 467 4200 norum
509 4138 701 4197 sattein
737 4140 1191 4209 octi.:geutorum,
1221 4139 1272 4193 in
1295 4154 1409 4209 quo
1445 4138 1633 4209 Isidorj
1657 4139 1863 4194 Merca-

278 4216 409 4269 toris
446 4222 627 4269 exuat
671 4206 942 4274 collectio,
984 4211 1198 4279 praefert
1232 4226 1243 4260 :
1278 4206 1543 4263 Gordiano
1572 4206 1866 4279 Hispania-

279 4303 387 4339 rum
411 4283 665 4338 Ecclesia:
691 4282 1008 4348 coepiscopo.
1042 4278 1165 4336 H.ec
1193 4293 1320 4333 vere
1356 4279 1515 4335 lectio
1540 4278 1763 4347 alicujus
1784 4287 1867 4333 est

279 4355 558 4417 momenti,
593 4368 714 4406 cum
744 4366 811 4405 ex
840 4350 1056 4417 vulgata
1095 4348 1445 4418 inscriptione
1485 4358 1864 4418 argumentum

279 4424 559 4480 deduxerit
604 4422 849 4476 Labbeus
894 4427 1083 4489 contra
1125 4417 1389 4489 epistola:
1406 4417 1561 4489 hujus
1589 4419 1869 4489 sincerita-

279 4504 383 4548 tem
407 4513 422 4561 ;
447 4491 831 4561 animadvertit
859 4490 1001 4545 enim
1027 4486 1326 4561 Hispalensi
1352 4486 1604 4561 Ecclesia;
1634 4502 1729 4561 per
1753 4488 1866 4561 haec

282 4556 524 4635 tempora
554 4578 658 4616 non
688 4559 801 4635 Gor
821 4561 1039 4623 sianum,
1063 4556 1159 4614 sed
1183 4556 1444 4612 Isidorum
1467 4556 1761 4635 praefuisse.
1787 4557 1866 4611 Ex

281 4625 550 4702 hac'ergo
578 4631 912 4702 correctione
938 4636 1118 4683 nostra
1148 4625 1517 4702 argumentum
1542 4625 1869 4702 _istud‘ever-

282 4706 429 4770 titur;
450 4697 759 4772 quanquam
778 4701 877 4754 alia
901 4706 1025 4755 sunt
1040 4714 1158 4769 qua:
1174 4697 1524 4772 suspiciosam
1542 4697 1679 4772 hanc
1700 4698 1869 4772 ipsam

284 4776 363 4839 epi
382 4766 563 4828 tolum
597 4766 855 4833 eﬂiciunt,
888 4778 945 4821 ut
974 4784 1021 4821 v.
1058 4766 1145 4837 'g.,
1174 4766 1519 4839 eadem__ipsa
1545 4768 1767 4839 scriptio
1794 4767 1862 4820 ab

285 4837 449 4900 aetatis
475 4844 591 4912 ejus
613 4843 849 4896 moribus
879 4839 1035 4908 plane
1056 4838 1259 4892 aliena:
1294 4837 1471 4892 nullus
1496 4838 1639 4891 enim
1664 4850 1863 4906 prince-

376 4968 713 4981 ψ

1891 3679 1939 3740 C

1973 1947 2165 2002 lorum'
2191 1943 2445 2015 principis
2484 1941 2830 2013 prohibentes
2866 1940 2993 1996 talia
3033 1938 3484 2011 perscripserunt,
3514 1951 3571 1999 et

1975 2037 2450 2101 confirmaverunt,
2476 2044 2537 2089 ut
2565 2033 2713 2089 nullo
2743 2032 2905 2088 modo
2931 2031 3043 2101 jam
3074 2045 3133 2088 se
3174 2032 3229 2087 in
3259 2032 3571 2105 eonjugium
3636 2088 3641 2089 ,

1974 2126 2279 2195 reciperent
2322 2124 2578 2179 mulieres
2626 2132 2719 2179 aut
2761 2123 2861 2179 viri
2892 2122 3203 2195 quicunque
3255 2116 3432 2195 aliqua
3478 2143 3573 2183 ra-

1975 2216 2123 2272 tione
2162 2223 2517 2286 susceperunt
2538 2224 2694 2270 natos
2724 2214 2994 2285 proprios;
3026 2214 3121 2271 sed
3146 2227 3462 2285 separarent
3488 2232 3570 2287 se,

1974 2324 2065 2375 ne,
2112 2308 2372 2364 suadente
2401 2308 2645 2375 diabolo,
2680 2307 2788 2363 tale
2816 2308 3004 2362 vitium
3050 2309 3264 2379 peccati
3307 2310 3571 2367 inolescat

1971 2401 2316 2473 [innotescat]
2344 2417 2439 2473 per
2467 2400 2723 2455 mundum
2744 2443 2760 2467 ,
2799 2407 2853 2455 et
2884 2401 3260 2455 universorum
3301 2416 3456 2457 error
3479 2417 3573 2459 ac-

1969 2500 2197 2550 crescat.
2226 2492 2387 2549 Scitis
2413 2492 2538 2562 quia
2579 2491 2851 2562 quomodo
2878 2500 3006 2546 sunt
3033 2499 3244 2562 septem
3270 2490 3412 2549 dona
3440 2492 3564 2565 Spi-

1970 2586 2103 2641 ritus
2130 2586 2324 2647 sancti,
2354 2584 2427 2638 ita
2470 2592 2595 2639 sunt
2622 2591 2829 2654 septem
2854 2582 2996 2638 dona
3026 2583 3296 2653 baptismi,
3322 2599 3354 2639 a
3393 2586 3570 2657 primo

1970 2677 2168 2748 pabqu
2189 2675 2386 2731 sacrati
2405 2675 2531 2731 salis
2557 2684 2611 2730 et
2641 2675 2884 2744 ingressu
2910 2682 3109 2730 sancta:
3130 2676 3374 2731 ecclesiae
3396 2692 3570 2747 usque

1919 2816 1923 2821 .
1970 2769 2037 2825 ad
2067 2769 2530 2825 conﬁrmationem
2561 2766 3371 2841 [consummationem]Spiritus
3396 2774 3568 2828 sancti

1971 2877 2069 2932 per
2092 2861 2345 2916 chrisma.
2372 2859 2452 2915 Ab
2480 2859 2585 2915 hoc
2614 2873 2743 2927 ergo
2761 2860 2935 2930 primo
2958 2859 3193 2930 Spiritus
3216 2862 3392 2917 sancti
3422 2862 3569 2917 dono

1970 2966 2140 3020 usque
2164 2951 2230 3005 ad
2260 2951 2546 3020 septimum
2576 2951 2753 3005 nullus
2771 2950 3109 3006 Christianus
3148 2967 3297 3007 suam
3328 2967 3569 3009 comma-

1972 3052 2107 3098 trem
2140 3046 2192 3098 in
2219 3044 2525 3113 conjugium
2554 3046 2827 3114 suscipere
2854 3045 3035 3111 debet;
3068 3054 3123 3101 et
3159 3046 3249 3115 qui
3300 3061 3564 3116 praesum-

1970 3135 2155 3205 pserit,
2190 3134 2548 3190 anathematis
2588 3135 2801 3191 vinculo
2832 3136 3091 3205 religetur
3120 3137 3175 3191 in
3218 3147 3562 3209 perpetuum,

1971 3225 2071 3280 nisi
2120 3226 2487 3295 pcenitentiam
2536 3226 2709 3294 egerit
2736 3226 2914 3294 digne.
2956 3225 3213 3284 Mulieres
3241 3244 3395 3297 vero.
3444 3245 3567 3285 cum

1970 3326 2232 3386 separata:
2274 3316 2473 3373 fuerint
2503 3332 2601 3387 pro
2643 3318 2745 3373 hac
2777 3317 2961 3374 illicita
2990 3333 3069 3385 re,
3103 3333 3134 3372 a
3168 3319 3403 3389 propriis
3441 3321 3570 3376 viris

1973 3413 2140 3461 totam
2167 3407 2511 3477 prmeipimus
2552 3408 2797 3479 recipere
2822 3409 3027 3475 dotem,
3060 3424 3223 3478 quam
3265 3410 3319 3465 in
3347 3411 3435 3467 die
3466 3428 3567 3467 nu-

1970 3498 2122 3569 ptiali
2154 3507 2510 3569 receperunt;
2542 3510 2597 3555 et
2627 3508 2747 3569 post
2770 3500 3045 3570 expletum
3076 3516 3277 3556 annum
3306 3503 3569 3574 recipiatis

1971 3589 2132 3644 alium
2172 3589 2365 3654 virum,
2395 3590 2641 3646 similiter
2669 3600 2722 3646 et
2752 3591 2830 3645 vir
2856 3606 3079 3647 uxorem
3113 3603 3158 3646 ε.

1973 3717 2211 3791 dentium
2236 3718 2351 3773 sive
2376 3718 3089 3791 proximesubsequentium
3114 3720 3428 3791 pontiﬁcum
3458 3724 3567 3781 hoe

1973 3788 2135 3864 titulo
2152 3804 2211 3864 se
2236 3798 2394 3842 ornat
2420 3806 2431 3839 :
2464 3787 2750 3864 Deusdedit
2772 3787 2967 3864 sanch
2992 3787 3241 3864 Romane
3265 3801 3316 3846 et
3344 3804 3563 3864 aposto-

1972 3859 2087 3912 lica:
2117 3857 2294 3931 (_deest
2321 3877 2387 3927 ap
2412 3858 2621 3931 static}:
2650 3862 2702 3913 in
2732 3875 2861 3931 mss.
2894 3860 3053 3931 Coit.)
3084 3861 3329 3917 Ecclesia:
3363 3857 3567 3931 episco-

1970 3944 2085 3996 pus.
2122 3926 2250 3983 Post
2275 3926 2519 3983 sauctum
2548 3928 2888 3998 Gregorium,
2914 3932 3001 3985 vix
3030 3926 3193 3986 alium
3226 3926 3437 3987 titulum
3462 3936 3562 3988 sibi

1973 3999 2394 4071 praescribebant
2440 4000 2722 4071 pontiﬁces
2775 3998 3041 4063 Romani,
3091 4017 3250 4071 quam
3302 4020 3316 4056 :
3371 4004 3563 4057 Servus

1974 4085 2234 4123 servorum
2276 4068 2397 4132 Dei,
2448 4078 2507 4124 ut
2543 4086 2607 4126 ex
2663 4070 2854 4125 litteris
2903 4068 3157 4126 Bonifacii
3192 4071 3230 4125 V
3282 4072 3561 4128 discimus.

1973 4137 2123 4192 Adde
2150 4138 2481 4206 disciplinam
2511 4141 2563 4195 in
2595 4142 2696 4195 hac
2724 4141 2949 4208 epistola
2974 4142 3218 4195 traditam
3246 4143 3313 4197 de
3354 4158 3564 4198 connu-

1969 4207 2043 4263 bii
2089 4208 2458 4270 dissolutione,
2509 4211 2554 4264 si
2602 4207 3083 4274 forte’accidisset,
3130 4220 3187 4263 ut
3235 4213 3313 4264 vir
3360 4212 3567 4268 inscius

1970 4279 2387 4347 impruilensque
2438 4277 2599 4332 lilium
2656 4295 2723 4333 ex
2759 4294 2927 4333 uxore
2971 4289 3274 4344 susceptum
3316 4296 3347 4336 e
3400 4297 3560 4339 sacro

1972 4348 2119 4419 fonte
2156 4348 2407 4419 levasset,
2441 4350 2694 4419 absonam
2727 4363 2878 4414 esse,
2927 4364 2992 4404 ac
3031 4351 3186 4419 plane
3224 4352 3557 4407 contrarium

1968 4417 2221 4490 deﬁnisse
2275 4416 2551 4490 Nicolaum
2582 4418 2627 4490 il
2678 4421 3004 4490 papamhin
3032 4416 3363 4490 'l‘ragmeuto
3411 4422 3557 4479 illius

1967 4488 2213 4562 epistola;
2233 4486 2299 4540 ad
2323 4486 2709 4562 salemoniuni,
2742 4488 2880 4543 lorte
2908 4486 3278 4562 Salomonem,
3327 4492 3470 4562 quod
3493 4509 3562 4547 ex

1970 4555 2065 4610 ms.
2102 4557 2236 4609 Cod.
2263 4571 2363 4611 suo
2384 4556 2504 4611 loco
2534 4557 2822 4622 proferam.
2919 4555 2932 4567 '

2040 4627 2066 4665 δ
2098 4625 2193 4701 Ed.
2223 4626 2502 4701 _Ro_m.,__ea:
2528 4628 2623 4701 hoc
2651 4630 2815 4701 incesti
2845 4629 3220 4701 inquisivimus.

2046 4708 2068 4735 ε
2102 4696 2360 4763 Conjugia
2398 4698 2617 4752 dissolvi
2650 4698 2735 4752 lex
2781 4696 3013 4757 humana
3054 4703 3344 4765 concessit,
3376 4702 3556 4756 divina

1970 4768 2263 4835 prohibuit;
2321 4781 2417 4833 per
2468 4784 2528 4823 se
2582 4770 2726 4822 enim
2760 4768 2969 4823 Veritas
2996 4770 3176 4825 dixit:
3230 4771 3379 4836 Quod
3417 4771 3555 4826 Deus

1968 4837 2259 4906 conjunxit,
2289 4843 2395 4889 etc.
2426 4838 2512 4907 (S.
2545 4837 2727 4909 στερη
2750 4840 2899 4909 epist.
2933 4838 3003 4893 39
3030 4841 3065 4894 Ι.
3098 4856 3171 4907 lx,
3198 4857 3316 4911 cap.
3346 4842 3429 4911 2.)

1617 5038 2257 5123 APPENDIX.

1784 5159 2093 5175 ———

295 5220 559 5277 Decretnm
614 5220 677 5273 de
721 5221 966 5275 electione
1017 5212 1234 5275 Romani
1278 5220 1535 5289 pontiﬁcis
1582 5219 1865 5274 Deusdedit
1898 5230 1949 5288 ι)

356 5308 504 5361 papa’
542 5294 750 5361 nomine
794 5290 1171 5358 promulgatum
1227 5290 1440 5344 inseruit
1476 5292 1530 5361 in
1583 5308 1679 5344 sua
1708 5291 1864 5344 colle-

355 5360 519 5416 ctione
549 5360 826 5415 Udalricus
857 5361 1264 5430 Bambergensis,
1313 5361 1459 5430 cujus
1487 5360 1726 5415 Codicem
1755 5362 1863 5430 vul-

356 5433 497 5505 garit
516 5432 776 5505 {iccirrdus
800 5432 861 5485 in
888 5448 996 5505 cor.
1039 5420 1349 5505 Historicor.
1369 5420 1536 5485 'medii
1565 5432 1676 5505 (cui,
1709 5441 1744 5505 t.
1778 5428 1863 5495 11,

358 5500 455 5556 col.
482 5500 601 5553 l88.
644 5503 721 5555 An
753 5502 1027 5572 genuinum
1054 5504 1179 5559 illud
1205 5504 1291 5565 sit,
1313 5518 1415 5572 nec
1456 5518 1537 5565 ne,
1570 5501 1659 5555 alii
1689 5503 1867 5571 dispu-

361 5582 481 5634 tent;
514 5574 637 5643 milii
666 5574 792 5626 satis
819 5582 893 5643 est
921 5571 1050 5625 illud
1086 5574 1158 5625 ita
1181 5571 1441 5643 exhibere,
1479 5572 1629 5643 quale
1657 5573 1765 5624 illic
1796 5575 1869 5624 le-

359 5644 512 5713 gitur.
549 5642 967 5696 Prwtereundum
994 5651 1167 5697 tamen
1197 5658 1298 5697 non
1329 5641 1551 5698 arbitror
1579 5643 1674 5697 hoc
1702 5644 1870 5714 ipsum

571 5736 842 5795 PA‘I‘BOL.
878 5732 1141 5795 LXXX.

2044 5220 2297 5291 decretum
2339 5220 2521 5274 iisdem
2562 5218 2725 5273 verbis
2756 5220 2820 5273 ab
2869 5220 2988 5275 aliis
3037 5219 3300 5291 Stephano
3329 5219 3435 5291 IV,
3483 5223 3547 5276 ab

2042 5292 2160 5343 aliis
2195 5289 2292 5357 γι,
2322 5291 2385 5344 ab
2410 5292 2528 5344 aliis
2550 5291 2815 5359 impestori
2840 5292 3062 5360 cuipiam
3092 5290 3263 5345 tribui.

1976 5410 2258 5466 Deusdedit
2304 5410 2568 5466 Romanus
2614 5410 2845 5532 pointifex
2894 5409 3095 5463 decreto
3144 5424 3238 5463 sua
3290 5410 3556 5476 instituit,

2698 5495 2835 5532 iceus
2866 5497 2884 5532 :

2698 5495 2835 5537 iceus
2866 5497 2884 5533 .'

2048 5573 2182 5639 Quia
2220 5579 2403 5627 sancta
2447 5571 2687 5625 Romana
2730 5568 2988 5634 Ecclesia,
3018 5570 3135 5635 cui,
3169 5568 3281 5626 Deo
3316 5580 3557 5631 auctore,

1978 5644 2362 5715 pricsidemus,
2406 5642 2663 5713 plurimas
2708 5639 2906 5711 patitur
2941 5640 3266 5711 violentias,
3308 5640 3561 5715 poutitice

3057 5732 3132 5792 12
