3928 6176
362 244 463 297 156')

358 361 613 431 abeunte,
641 375 755 431 quae
787 361 854 413 oh
875 359 984 412 lucc
1014 358 1332 431 inferuntur,
1365 359 1506 427 quod
1533 359 1734 429 absque
1765 359 1933 431 impe.

359 429 552 502 tutoris
582 428 764 482 notitia
795 437 850 482 et
871 443 1093 502 suorum
1124 428 1416 502 legatorum
1442 428 1724 502 prmsentia
1753 428 1934 502 ponti-

361 497 476 552 ticis
506 495 562 548 ﬁt
586 497 922 551 consecratio
943 537 959 561 ,
991 513 1091 553 nec
1117 495 1381 553 canonico
1409 495 1515 552 ritu
1546 508 1603 553 et
1645 495 1935 556 consuetu-

357 566 482 637 dine
509 567 584 628 ab,
616 566 940 637 imperatore
980 567 1166 622 directi
1211 577 1336 623 sunt
1383 569 1577 633 nuntii,
1611 571 1700 637 qui
1729 571 1936 625 violen~

357 636 483 688 tiam
508 643 576 708 _et
603 635 852 708 scandala
900 636 952 690 in
981 637 1098 708 ejus
1126 639 1534 693 consecratione
1566 635 1671 693 non
1714 643 1936 708 pernit-

357 712 473 756 tant
503 703 636 765 ﬁeri,
665 705 918 782 volumus
941 703 1082 761 ut'id
1109 708 1363 782 deinceps
1392 709 1671 782 abdicetur
1708 703 1846 782 (sic),
1879 723 1937 766 et

351 775 924 850 cumprmstitiiendus
957 788 1040 832 est
1069 775 1326 850 pontifex,
1352 775 1941 850 convenientibus'epi-

354 844 530 912 scopis
557 852 614 899 et
640 846 860 900 univero
881 848 1046 911 clero,
1069 844 1323 917 eligatur,
1356 857 1644 918 expetente
1665 844 1939 906 senatu'et

378 950 474 958 ..κ

497 952 688 960 ___—_

1729 997 1906 1005 .——

1489 245 1792 302 SlSEliU'l'l
1823 246 2202 308 GO'I‘HGRUM
2247 253 2449 311 REGIS

378 950 474 958 -—_
497 952 728 960 ...ι-...η
1309 957 2036 970 -W
2743 959 3613 977 M—

3523 275 3616 330 36’.

2045 367 2242 449 populo
2297 386 2432 454 eum.
2463 373 2556 452 qui
2603 374 2932 454 ordinandus
2976 388 3078 442 est,
3117 379 3205 454 sic
3243 382 3619 454 in‘CtinspecttI

2043 440 2281 522 omnium
2303 440 2650 497 celeberrime
2679 445 2905 522 electus,
2938 440 3290 522 prementibus
3307 440 3502 522 legatis
3519 440 3619 511 ini;

2042 510 2334 592 perialibus
2371 522 2753 592 eminereun,
2785 510 3070 592 ouansque
3108 520 3225 576 sine
3271 510 3623 592 suivpeciclle

2037 585 2341 658 juramenta
2386 592 2479 636 aut
2505 585 2892 652 .promissiones
2927 585 3134 657 aliquas
3182 607 3320 646 nova
3375 585 3622 650 adiuven-

2047 651 2194 702 tione
2231 651 2425 733 audeat
2470 651 2812 733 extorquere,
2881 651 3157 733 nisibus:
3206 662 3424 730 antiqua
3472 667 3622 733 exigit

2046 721 2400 804 consuetudo,
2425 721 2762 804 neJEccllt-sia
2792 721 3210 797 scandaliictur,
3237 741 3327 786 aut
3341 721 3621 804 imperare-

2047 790 2121 844 ris
2155 790 2565 848 honoriﬁcentia
2596 793 2888 852 minuatur.

2080 996 3622 1008 m"--——-————,,
3366 1007 3369 1008 ν
3383 1005 3394 1008 -
3406 1007 3409 1008 ν
3487 1007 3495 1008 κ

2789 1008 3614 1015 iii—ﬂ..-“

1629 1061 1798 1104 ANNO
1842 1059 2073 1102 DOMlNI
2118 1060 2346 1106 DCXXI.

1246 1159 2756 1366 SISEBUTHUS

1713 1388 2074 1441 ~GOTIEORUM
2118 1388 2261 1440 REX.

903 1535 1389 1620 NOTITIA
1445 1533 2090 1664 HISTORIgA
2153 1534 2274 1616 IN
2326 1535 3032 1622 SISEBUTUM.

1272 1690 1488 1746 (Antonii
1511 1691 1636 1740 Bibl.
1663 1691 1804 1754 Hisp.
1829 1702 1954 1754 vet.,
2003 1701 2039 1741 t.
2072 1693 2111 1753 l,
2140 1707 2187 1755 p.
2208 1692 2318 1753 520,
2342 1704 2427 1742 nn.
2451 1693 2705 1756 220-222.)

414 1829 704 1885 SISEBUTUS
733 1843 966 1899 quoque,
989 1846 1083 1886 rex
1107 1831 1427 1898 Gothorum,
1448 1849 1554 1888 non
1580 1836 1756 1891 minus
1773 1851 1932 1906 quam
1967 1845 2009 1898 Α
2042 1836 2144 1890 alia
2172 1843 2425 1890 contenta
2446 1850 2631 1906 opera,
2664 1835 2714 1891 in
2745 1851 2907 1893 causa
2937 1847 3081 1893 sunt.
3105 1837 3144 1892 Ii
3169 1846 3298 1894 sunt
3327 1817 3484 1897 toties
3511 1842 3623 1897 lau—

342 1921 617 1990 dignitatis
668 1922 900 1981 culmine
947 1938 1330 1993 armorumque
1373 1926 1702 1995 praestantia,
1744 1927 1937 1984 litteris

341 2019 503 2079 atque
533 2011 858 2078 eruditione,
909 2012 1197 2082 latinaique
1226 2013 1420 2082 lingum
1459 2016 1652 2085 peritia
1684 2017 1933 2088 inclytus,

341 2099 480 2156 inter
509 2103 799 2172 scriptores
826 2104 948 2159 loco
991 2121 1090 2160 suo
1135 2107 1413 2162 donandus
1453 2116 1556 2162 cst.
1589 2107 1797 2162 Etenim
1838 2111 1936 2181 fuit

343 2192 637 2261 (lsidorum
675 2193 849 2261 audis,
883 2193 1024 2248 Ilist.
1075 2194 1378 2260 Gothorum,
1427 2211 1536 2252 mra
1579 2195 1704 2268 650)
1737 2199 1935 2271 eloquio

338 2283 550 2345 nitidas,
581 2286 833 2338 sententia
855 2285 1054 2352 doctus,
1097 2288 1320 2342 scientia
1349 2289 1638 2343 litterarum
1657 2307 1848 2361 magna
1869 2308 1933 2346 ea:

337 2383 487 2443 parte
514 2375 756 2430 imbutus.
783 2375 961 2443 Quare
991 2377 1132 2434 idem
1160 2377 1418 2446 Isidorus,
1448 2379 1585 2435 libro
1612 2395 1712 2435 suo
1740 2381 1808 2436 de
1832 2381 1934 2436 Na-

340 2475 454 2519 tura
486 2481 687 2531 rerum,
713 2466 779 2521 ad
809 2468 1058 2523 eumdem
1101 2469 1310 2525 disceto
1350 2470 1428 2525 sic
1474 2470 1768 2540 prmlatur:
1798 2470 1934 2524 Dum

337 2563 384 2608 te
431 2565 767 2624 praestantem
822 2559 1061 2628 ingenio,
1113 2561 1462 2632 facundiaque
1511 2577 1573 2614 ac
1619 2563 1762 2616 vario
1807 2562 1935 2631 ﬂore

335 2647 619 2701 litterarum
642 2667 744 2703 non
766 2652 1012 2717 nesciam,
1029 2653 1285 2720 impendis
1307 2663 1479 2708 tamen
1499 2654 1719 2725 amplius
1734 2671 1931 2724 curam,

333 2747 381 2789 et
419 2737 657 2807 quaedam
686 2756 751 2794 ea:
776 2757 946 2794 rerum
978 2753 1166 2795 natura
1192 2744 1268 2796 rel
1291 2745 1462 2797 causis
1491 2760 1524 2796 a
1553 2760 1633 2796 me
1659 2742 1750 2797 tibi
1791 2745 1934 2814 ema-

340 2826 475 2893 gitas
516 2827 880 2897 stt/fraganda.
914 2826 1149 2883 Isidorus
1190 2829 1326 2885 alter
1354 2829 1604 2886 Pacensis
1649 2832 1933 2902 episcopus

334 2913 387 2966 in
437 2915 707 2972 Chronico
773 2933 868 2974 seu
922 2917 1162 2988 Epitome
1197 2923 1564 2992 imperatorum
1610 2931 1659 2978 et
1705 2923 1930 2978 Arabum

335 3005 414 3072 (In
448 3005 718 3074 Heraclio,
759 3023 863 3064 tera
896 3008 1022 3080 650)
1056 3019 1215 3066 vocat
1253 3027 1376 3066 eum
1427 3014 1589 3066 virum
1621 3016 1928 3086 sapientem,

329 3106 377 3149 et
417 3100 626 3152 nimium
659 3100 966 3155 litteratura:
996 3101 1244 3156 deditum.
1277 3101 1407 3168 Qui:
1437 3102 1736 3159 Rodericus
1764 3104 1925 3160 Tole-

2037 1924 2148 1980 dati
2170 1925 2288 1980 libri
2307 1924 2587 1982 Ovetensis
2607 1925 2882 1995 Ecclesize,
2902 1937 2958 1984 et
2975 1929 3372 2000 Complutensis
3393 1933 3621 2002 collegii,

2036 2035 2174 2090 quos
2201 2020 2333 2076 vidit
2360 2019 2610 2088 Morales,
2652 2021 2745 2078 lib.
2778 2038 2872 2086 xu,
2906 2037 3028 2092 cap.
3055 2022 3108 2088 5,
3142 2032 3196 2078 et
3226 2025 3279 2079 in
3307 2025 3535 2094 epistola
3561 2029 3622 2082 ad

2037 2113 2320 2169 Andraiam
2368 2113 2696 2170 Resendium
2748 2115 2923 2186 (tomo
2967 2114 3050 2182 ‘II,
3110 2115 3267 2186 Hisp.
3316 2119 3621 2187 illustratus,

2034 2219 2158 2274 pag.
2186 2203 2366 2274 1022),
2398 2212 2453 2260 et
2481 2205 2533 2260 in
2573 2205 2799 2276 prologo
2828 2205 2894 2260 ad
2919 2207 3216 2263 secundum
3243 2208 3483 2264 historia
3517 2224 3621 2264 sua:

2037 2298 2309 2366 volumen,
2339 2299 2429 2354 ubi
2474 2298 2542 2354 de
2581 2299 2738 2354 libris
2782 2299 3014 2370 antiquis
3059 2299 3188 2370 agit,
3242 2301 3618 2357 consulendus.

2037 2385 2274 2441 Tertium
2321 2387 2585 2456 adjungo,
2634 2402 2796 2458 quem
2857 2389 3083 2458 reperiri
3143 2389 3297 2445 aiunt
3343 2389 3620 2461 (Martinus

2034 2474 2284 2542 Ximena,
2331 2477 2385 2531 in
2434 2477 2723 2532 Annalibus
2771 2476 2976 2533 Eccles.
3025 2478 3239 2544 Gienu.,
3277 2494 3400 2550 pag.
3434 2480 3526 2550 55)
3563 2480 3618 2535 in

2036 2570 2310 2624 Toletanae
2329 2568 2580 2626 Ecclesiae
2594 2570 2942 2626 bibliotheca.
2961 2570 3025 2626 'In
3045 2572 3129 2626 his
3146 2573 3394 2628 omnibus
3413 2581 3618 2627 exstant

2036 2659 2271 2716 Sisebuti
2318 2661 2460 2730 regis
2507 2661 2749 2732 epistolae
2795 2661 2863 2717 ad
2915 2661 3187 2718 Caecilium
3250 2663 3617 2720 Mcntesanum

2034 2751 2379 2821 episcopum;
2423 2750 2490 2805 ad
2526 2749 2821 2806 Caesarium
2853 2752 3137 2822 patricium
3170 2751 3493 2817 Romanum,
3523 2751 3618 2806 sub

2034 2858 2142 2912 quo
2189 2843 2352 2899 fuisse
2402 2851 2527 2898 tunc
2573 2843 2783 2899 videtur
2833 2843 3090 2914 quidquid
3143 2845 3286 2899 intra
3339 2843 3617 2914 Hispanias

2037 2933 2291 2988 Romanae
2340 2943 2474 3000 erat,
2525 2934 2630 2988 hoc
2676 2943 2781 3001 est,
2823 2937 3230 3004 imperatorum,
3274 2932 3524 3000 ditionis;
3555 2933 3617 2987 ad

2033 3019 2319 3077 Eusebium
2394 3021 2846 3078 Barcinonensem
2908 3023 3231 3091 antistitem;
3301 3024 3369 3078 ad
3438 3024 3616 3078 'I‘beu-

2033 3113 2196 3169 dilam
2251 3124 2307 3170 et
2351 3114 2751 3170 Sandrimerum
2816 3115 3105 3186 quosdam,
3159 3115 3274 3185 eius
3318 3117 3615 3184 argumenti

329 3195 507 3251 tanus,
544 3190 632 3244 llb.
669 3207 740 3256 ιι,
782 3206 900 3262 cap.
947 3191 1036 3259 I7,
1083 3192 1243 3247 verba
1281 3193 1582 3263 exscripsit.
1612 3193 1927 3267 Anonymus
1960 3195 2003 3255 Β
2032 3218 2241 3270 omnes,
2272 3203 2414 3272 quod
2443 3203 2586 3273 apud
2630 3205 2878 3260 eumdem
2918 3204 3174 3260 Moralem
3205 3205 3419 3259 interim
3453 3205 3614 3260 videri

329 3276 707 3335 Benedictinus
741 3281 794 3334 in
824 3281 1077 3337 Chronico
1105 3282 1328 3339 abbatiw
1355 3287 1521 3341 sancti
1569 3284 1790 3358 Remigii
1834 3285 1920 3340 Di-

327 3370 583 3424 rionensis
617 3372 668 3444 (ει
699 3374 951 3444 d‘Acltery
975 3375 1138 3438 edito,
1168 3383 1298 3431 tom.
1326 3375 1347 3430 I
1386 3376 1592 3446 Spicil.,
1623 3391 1742 3447 pag.
1769 3377 1917 3445 577),

327 3461 396 3514 ad
425 3477 622 3516 annum
656 3462 724 3515 12
753 3465 891 3533 regis
929 3463 1250 3522 Theoderici
1306 3468 1677 3539 (quantumvis
1707 3470 1918 3526 Sisebo-

327 3551 447 3604 dum
499 3558 792 3624 nuncupet)
861 3556 955 3610 viri
1001 3572 1215 3626 quoque
1261 3561 1549 3628 sapientis,
1601 3569 1658 3617 et
1702 3561 1755 3616 in
1807 3570 1915 3617 tota

328 3641 586 3712 Hispania
634 3645 948 3716 laudabilis,
1003 3647 1247 3720 valdeque
1300 3651 1490 3721 pietate
1541 3653 1700 3722 pleni,
1734 3653 1911 3723 elogio

324 3737 757 3791 commendatum
830 3739 1068 3796 dimittit.
1125 3742 1466 3798 Gundema'ro
1520 3743 1610 3800 hic
1661 3745 1917 3802 suffectus

322 3841 545 3896 regnum
585 3827 887 3886 Gothorum
931 3841 1058 3890 octo
1091 3851 1214 3891 cum
1263 3837 1482 3893 dimidio
1532 3839 1717 3906 annis,
1747 3854 1917 3910 usque

324 3919 389 3972 ad
416 3919 538 3986 62!,
575 3923 765 3989 tenuit,
805 3923 930 3979 belli
961 3934 1016 3980 et
1062 3927 1209 3997 pacis
1236 3929 1440 3984 artibus
1455 3935 1487 3995 ,'
1520 3930 1802 4000 religione,
1827 3931 1917 4001 ju-

325 4015 492 4080 stitia,
535 4024 590 4070 et
617 4017 968 4086 benignitate,
1003 4021 1397 4092 clementiaque
1427 4023 1479 4077 in
1510 4025 1692 4094 paucis
1715 4024 1913 4080 clarus.

324 4104 399 4160 De
429 4107 588 4161 rebus
609 4107 724 4176 ejus
743 4109 908 4176 gestis
936 4126 1078 4166 nunc
1100 4111 1401 4182 disquirere
1429 4129 1537 4170 non
1558 4123 1640 4170 est
1680 4130 1915 4185 praesen-

327 4197 395 4252 tis
423 4200 749 4266 argumenti.

393 4287 548 4354 Quod
574 4293 716 4347 enim
743 4292 809 4347 ad
835 4291 1228 4350 Biblio:hecam
1258 4295 1372 4365 ejus
1392 4297 1662 4367 pertineat
1688 4313 1908 4363 nomen.

321 4392 456 4432 unus
476 4389 529 4434 et
550 4383 685 4438 alter
707 4393 859 4440 vetus
880 4385 1060 4441 Codex
1087 4389 1226 4456 apud
1249 4403 1348 4444 nos
1371 4397 1634 4455 servatus,
1657 4389 1711 4444 in
1741 4389 1912 4458 iisque

322 4466 524 4536 aliquot
573 4472 638 4523 ab
669 4487 734 4525 eo
783 4481 1005 4529 auctore
1034 4476 1307 4544 profectae,
1341 4492 1462 4532 cum
1507 4477 1770 4548 epistolae,
1795 4487 1906 4532 tum

625 4579 820 4586 -—_—.__

2032 3302 2227 3364 potest,
2258 3294 2383 3349 dum
2411 3297 2695 3364 praeterita
2725 3296 2942 3352 incuria:
2971 3303 3169 3351 nostrae
3199 3297 3395 3352 vindex
3425 3297 3616 3368 aliquis

2027 3399 2181 3440 sacra
2228 3385 2342 3440 haec
2393 3386 2726 3456 antiquitatis
2774 3395 3122 3442 monumenta
3170 3386 3278 3442 luci
3325 3403 3433 3443 non
3477 3389 3614 3443 ultra

2026 3475 2246 3531 invidet.
2281 3475 2379 3547 (Ita
2403 3476 2557 3531 nobis
2585 3478 2765 3532 animo
2791 3477 2978 3541 lueret,
3013 3478 3058 3533 si
3084 3477 3374 3548 aliquando
3406 3479 3615 3534 licuerit

2024 3567 2326 3623 accuratius
2370 3582 2433 3623 ea
2472 3567 2718 3622 conferre
2746 3582 2867 3623 cum
2910 3567 3035 3624 Mss.
3082 3567 3324 3624 Gothicis
3365 3569 3610 3624 biblioth.

2021 3658 2336 3727 Toletante,
2392 3660 2532 3716 unde
2587 3661 2751 3716 naevis
2801 3677 2866 3718 ac
2910 3663 3226 3733 sphalmatis
3279 3661 3611 3727 deformata,

2021 3754 2352 3809 crassissima
2400 3755 2792 3824 exscriptorum
2837 3755 3048 3811 inscitia
3093 3754 3160 3809 ad
3207 3769 3306 3809 nos
3352 3770 3612 3824 pervene—

2015 3851 2165 3898 runt.
2200 3842 2558 3913 Epistolarum
2603 3845 2983 3915 inscriptiones
3018 3854 3142 3900 sunt
3171 3861 3185 3898 :
3217 3843 3257 3898 I.
3297 3845 3380 3897 Ad
3409 3846 3610 3914 episco-

2021 3951 2140 4005 pum
2161 3929 2544 3999 Mentesanum,
2575 3935 2663 4006 qui
2681 3953 2736 3990 se
2763 3936 2970 3990 reclusit
2992 3937 3046 3990 in
3070 3935 3402 3989 monasterio.
3433 3933 3501 3986 II.
3530 3933 3612 3985 Ad

2021 4023 2306 4079 Cazsarium
2359 4026 2634 4095 patricium
2663 4068 2680 4095 ,
2735 4027 2986 4095 rescripta
3037 4043 3128 4094 per
3199 4023 3606 4077 Ausemundum.

2011 4113 2103 4168 Ill.
2133 4115 2216 4168 Ad
2245 4114 2523 4170 Emebium
2561 4119 2875 4188 episcopum.
2907 4116 2995 4171 IV.
3025 4117 3106 4170 Ad
3136 4115 3464 4179 Tudilanem,
3494 4131 3610 4168 cum

2015 4222 2080 4260 ea:
2110 4207 2242 4260 laico
2269 4207 2494 4261 habitum
2518 4211 2568 4263 in
2593 4211 2904 4264 monasterio
2926 4209 3221 4280 accepisset.
3247 4208 3312 4263 γ.
3335 4208 3418 4260 Ad
3443 4208 3610 4260 Adua-

2011 4297 2258 4351 liculdum
2321 4314 2493 4368 regem
2555 4298 3015 4370 Langobardorum
3081 4309 3129 4354 et
3198 4298 3609 4354 Tlieudalindam

2003 4388 2280 4457 reginam,
2331 4405 2426 4458 pro
2480 4388 2584 4458 ﬁde
2634 4389 2856 4455 Christi,
2903 4406 2996 4461 per
3049 4388 3338 4444 Totilanem
3384 4388 3603 4443 directa.

2015 4477 2308 4550 (Cancrum.
2332 4497 2399 4535 DE
2426 4481 2701 4549 acamas.)

932 4587 939 4588 κ
966 4587 1020 4588 ηκ
1034 4587 3599 4594 _____—_________.________________

621 4619 849 4628 -——__

3452 4623 3585 4633 -ιο

1507 4684 2342 4801 ειεειιιιτι
2370 4757 2418 4828 ,

1378 4963 1487 5084 Ε
1525 4962 1624 5080 Ρ
2317 4959 2520 5079 λίΕ.

1465 5183 1677 5246 (Florez,
1702 5182 1894 5242 Espaﬁa
1916 5181 2159 5246 Sagrada,
2181 5187 2296 5235 tom.
2322 5187 2453 5250 VII.)

818 5303 1152 5362 EPISTOLA
1186 5306 1422 5363 PRIMA.

315 5395 556 5456 Slsenurt
595 5416 746 5457 REGIS
781 5418 848 5456 Αυ
885 5402 1166 5460 Caenum
1196 5405 1560 5482 Meurssanuu
1590 5419 1900 5472 EPISCOPUI,

603 5489 736 5546 Dum
766 5508 820 5545 se
856 5493 1146 5549 reclusisset
1190 5497 1244 5549 in
1282 5498 1614 5550 monasterio.

387 5575 439 5630 I.
478 5576 761 5649 Optabam,
789 5583 1106 5641 charissime
1133 5593 1306 5655 pater,
1341 5593 1433 5640 tuo
1461 5594 1590 5642 ante
1627 5587 1900 5642 incolume

313 5680 476 5738 grege
519 5679 734 5728 servato
757 5713 773 5739 ,
825 5673 1082 5733 immensa
1140 5677 1450 5747 peccamina
1506 5685 1722 5746 nostra,
1777 5694 1898 5750 qua:

1934 5309 1984 5375 C
2013 5312 2210 5368 nostris
2243 5328 2354 5376 non
2399 5311 2718 5381 deteguntur
2741 5327 2808 5369 ex
2837 5313 3062 5380 meritis,
3096 5314 3200 5370 tuis
3241 5314 3431 5370 saltem
3462 5326 3592 5366 ora-

2009 5404 2243 5460 tionibus
2291 5405 2454 5460 ablui.
2505 5404 2612 5460 Sed
2653 5406 2775 5475 quis
2822 5421 2980 5476 opem
3027 5408 3200 5477 possit
3238 5408 3399 5463 alieni
3447 5405 3590 5463 ferre

2006 5495 2229 5562 doloris,
2258 5497 2352 5565 qui
2394 5496 2493 5552 sibi
2538 5496 2989 5552 medicamentum
3036 5498 3320 5567 denegavit
3347 5499 3585 5554 curatio-

2007 5586 2127 5642 nis?
2176 5587 2286 5642 Nec
2315 5589 2516 5658 poterit
2542 5588 2808 5659 quispiam
2848 5590 3106 5646 erraticas
3148 5606 3280 5649 oves
3320 5591 3372 5646 in
3404 5590 3587 5646 caulas

2003 5679 2302 5738 dominicas
2343 5680 2611 5751 obtutare,
2639 5682 2731 5752 qui
2768 5698 2916 5758 suas,
2959 5683 3296 5760 negligenda,
3337 5687 3582 5763 luporum

3551 957 3648 1015 .‘Z-Tsl
