3858 6190
285 373 387 432 565

1728 371 2110 432 EPISTOLA‘I.

3455 392 3557 447 565

282 495 336 547 in
367 490 612 547 faucibus
652 490 821 557 misit,
848 497 922 556 et,
953 489 1231 561 denegatis
1254 488 1494 546 herbidis
1530 503 1593 545 ac
1618 489 1868 545 redolen-
1902 497 1945 553 Α
1976 492 2267 548 muitorum
2293 500 2345 547 te
2370 508 2490 553 esse
2517 496 2600 552 vel
2624 496 2851 565 felicem,
2883 509 2937 557 et
2964 516 3072 557 non
3101 503 3269 574 magis
3298 513 3349 560 te
3374 520 3438 561 ea
3466 508 3553 563 vel

279 582 425 635 tibus
476 580 721 649 campis.
800 577 1010 633 tribulis
1079 578 1434 648 vepribusque
1482 577 1619 633 inter
1665 577 1872 634 catulos

278 671 608 729 rabientium
655 669 873 727 leonum
914 668 1106 745 maluit
1133 668 1373 727 sauciare
1394 677 1692 735 consortes,
1741 683 1874 739 qua-

278 777 438 823 tenus
469 765 745 822 innoxium
785 777 1027 835 gregem,
1054 762 1183 818 dum
1202 746 1340 819 cura
1397 762 1665 831 vigilantis
1699 776 1873 817 emar-

278 859 415 933 cuit,
448 857 691 912 faucibus
714 855 939 925 rabidi-ﬂ,
974 869 1070 910 ore
1104 854 1427 919 truculento,
1462 854 1676 909 nemine
1728 854 1870 909 obsi-

277 958 479 1013 stente,
506 948 798 1019 dilaniant,
824 955 879 1003 et
918 961 1018 1016 per
1068 945 1351 1015 abstrusos
1402 944 1674 999 anlrairtus
1729 944 1874 999 nullo

278 1039 604 1094 defendente
634 1040 841 1094 .czcdem
872 1036 995 1095 ferte
1026 1034 1360 1093 interimunt.
1393 1032 1565 1101 Quam
1592 1033 1766 1089 ﬂenda
1804 1033 1876 1090 sit

279 1146 389 1199 res,
422 1140 475 1187 et
515 1129 660 1184 omni
701 1129 1061 1201 lacrymarum
1091 1124 1239 1182 fonte
1263 1125 1583 1197 plangenda,
1615 1124 1873 1193 dicerem,

280 1222 380 1275 nisi
412 1220 537 1289 quia
589 1227 771 1275 tantus
813 1216 1149 1279 miserandus
1186 1224 1411 1273 eventus
1456 1216 1655 1293 attulit,
1702 1225 1760 1271 ut
1789 1231 1875 1271 me

276 1316 451 1383 magis
482 1313 610 1367 ﬂere
641 1311 807 1367 libeat
834 1325 999 1387 quam
1025 1309 1261 1366 recitare
1291 1316 1561 1379 oporteat.

345 1405 401 1459 2.
445 1404 503 1460 Si
526 1404 782 1459 Dominus
810 1418 971 1457 unam
1008 1402 1352 1459 aberrantem
1378 1401 1615 1457 humeris
1644 1401 1876 1463 vectavit

274 1496 570 1563 oviculam,
601 1496 775 1549 donec
805 1493 857 1549 in
885 1493 1195 1550 centenario
1223 1507 1345 1548 eam
1374 1507 1600 1548 numero
1638 1492 1874 1549 colloca-

275 1598 364 1645 ret
398 1606 411 1641 :
452 1595 658 1658 quanto
702 1585 874 1655 magis
903 1599 1087 1645 curam
1129 1585 1269 1639 ferre
1298 1582 1461 1639 debet
1484 1583 1723 1647 humana
1765 1582 1876 1637 fra-

276 1680 478 1748 gilitas,
508 1686 567 1733 ut
592 1676 637 1732 si
672 1675 807 1751 lupi
830 1690 935 1737 non
954 1673 1139 1745 potuit
1162 1672 1296 1739 fieri,
1322 1672 1549 1744 perdere
1573 1688 1671 1728 nec
1694 1672 1879 1729 debuit

275 1773 422 1843 quod
453 1772 665 1842 accepit
682 1770 700 1822 γε

348 1864 403 1919 5.
444 1863 855 1929 Verumtamen,
875 1876 941 1917 ne
966 1861 1063 1919 tibi
1089 1860 1339 1917 videatur
1362 1875 1425 1915 ea
1448 1874 1568 1931 qua:
1590 1860 1878 1919 asserimus
1912 1859 1955 1916 Β

274 1955 467 2027 procul
516 1970 547 2011 a
586 1954 802 2013 ratione
858 1952 1119 2019 manenti,
1172 1950 1296 2008 audi
1345 1950 1538 2020 quibus
1578 1949 1775 2020 jaculis
1823 1951 1876 2009 in

276 2045 572 2116 Evangelia
628 2045 887 2100 Dominus
944 2043 1211 2115 percutiat
1271 2041 1434 2099 corda
1497 2040 1834 2111 peccantium
1859 2080 1875 2105 ,

272 2138 604 2209 quantisque
641 2137 878 2207 prazmiis
916 2135 1210 2207 praedictos
1240 2144 1265 2172 λ
1342 2133 1526 2189 fideles
1565 2133 1876 2209 locupletet,

266 2240 337 2287 ut
380 2247 509 2293 eum
555 2232 647 2302 qui
690 2231 909 2286 sibimet
935 2227 1311 2286 commendata
1342 2227 1541 2283 talenta
1582 2227 1878 2297 ampliavit,

277 2326 489 2395 lsecum
522 2324 575 2379 in
606 2322 801 2393 gaudio
831 2319 1017 2377 fecerit
1048 2334 1365 2390 permanere
1390 2318 1639 2381 maximis
1666 2318 1877 2375 institu-

272 2428 415 2484 tum,
445 2432 571 2473 eum
618 2417 884 2485 imperare
925 2411 1206 2469 censtituit
1237 2408 1312 2483 1t].
1360 2408 1402 2464 E
1433 2420 1642 2474 contra,
1673 2408 1879 2465 scilicet

270 2510 370 2579 qui
433 2507 722 2580 pecuniam
771 2504 1141 2565 conservando
1182 2502 1541 2565 ,abstruserat,
1589 2514 1695 2569 qua
1753 2514 1875 2554 eum

276 2615 437 2671 paena
487 2604 873 2666 consequatur,
927 2608 1103 2664 quave
1141 2592 1349 2662 jactura
1397 2591 1451 2646 in
1495 2606 1616 2647 eum
1663 2590 1878 2645 lervens

275 2688 557 2750 dismviat,
591 2700 657 2741 ex
688 2685 881 2740 divinis
910 2682 1144 2739 oraculis
1170 2682 1339 2751 magis
1368 2681 1572 2751 poteris
1599 2680 1873 2752 indagare.

268 2778 429 2846 Quod
480 2777 528 2833 si
579 2776 667 2837 ille
703 2775 793 2845 qui
839 2773 967 2829 nihil
1010 2773 1148 2828 lucri
1194 2772 1464 2843 profectus
1510 2780 1593 2827 est
1622 2771 1678 2826 in
1726 2779 1874 2826 statu

274 2869 544 2940 protulitc
576 2881 863 2937 summam,
897 2873 1003 2921 tam
1041 2862 1328 2934 poenaliter
1354 2860 1381 2899 ά
1428 2873 1512 2917 est
1540 2862 1874 2919 condemna-

269 2973 379 3031 tus,
412 2974 783 3031 quaeensnra
804 2958 908 3013 erit
936 2955 1254 3027 puniendus,
1289 2956 1381 3025 qui
1410 2954 1542 3009 nihil
1566 2954 1871 3023 acquirens,

270 3062 330 3106 et
350 3066 422 3103 .ca
453 3064 577 3121 quae
606 3049 793 3105 habuit
818 3045 1138 3117 negligendo
1167 3045 1460 3101 crudeliter
1488 3044 1700 3100 caruit?

342 3141 397 3193 ἀ.
462 3137 877 3193 Innumerabilia
941 3136 1244 3192 divinorum
1298 3135 1628 3191 voluminum
1688 3141 1875 3204 patent

1976 584 2223 653 protinus
2252 586 2539 643 emendare
2568 604 2687 659 quae
2715 606 2887 662 nuper
2913 595 3206 652 crudeliter
3234 596 3261 635 δ
3299 599 3552 657 commit-

1978 684 2093 731 tere
2120 676 2377 732 maluisti.
2410 675 2563 735 Unde
2590 681 2714 750 quia
2743 692 2927 738 nostra
2957 687 3284 754 praestolaris
3311 690 3554 755 oracula,

1975 766 2261 823 confestim
2307 771 2481 826 accito
2530 774 2765 839 notario,
2796 774 3056 843 elegimus
3090 778 3372 835 recitando
3396 796 3556 849 ;,qua=

1975 874 2095 913 cum
2122 862 2227 917 tuis
2250 862 2503 927 manibus
2532 864 2742 933 prolata
2770 867 3061 936 patuerint,
3092 871 3237 925 omni
3261 871 3555 927 calliditate

1976 952 2259 1022 deposita,
2286 954 2352 1011 ad
2389 963 2630 1025 nostram
2679 957 2927 1015 celeriter
2965 958 3299 1031 fratrumque
3340 970 3552 1017 tuorum

1977 1047 2312 1115 praesentiam
2336 1086 2353 1114 ,
2411 1055 2499 1103 tua
2528 1047 2826 1118 dirigantur
2853 1051 3101 1121 vestigia.
3131 1062 3188 1108 ut
3220 1053 3395 1108 vivida
3424 1069 3558 1110 voce

1974 1140 2302 1207 increpatus,
2348 1150 2404 1201 et
2442 1142 2590 1214 stylo
2646 1142 2933 1203 verborum
2982 1155 3287 1216 correptus,
3345 1148 3557 1203 tandem

1975 1233 2297 1302 resipiscens
2327 1232 2515 1291 redeas
2543 1234 2610 1290 ad
2638 1236 2968 1293 incrementa
2999 1239 3277 1296 virtutum.

2538 1346 2871 1405 EPISTOLA
2917 1350 2961 1405 Il

2181 1432 2274 1489 Ca:
2306 1453 2409 1492 ΛΒΙΙ
2451 1454 2678 1494 numen
2716 1456 2783 1496 an
2822 1440 3120 1498 SISEBUTUM
3161 1460 3361 1509 REGI-III,

2054 1524 2158 1581 Pro
2180 1528 2483 1598 supradicto
2508 1528 2746 1587 Cascth
2774 1533 3000 1598 directa,
3029 1535 3151 1589 dum
3178 1552 3210 1589 a
3239 1536 3491 1591 militibus

2560 1612 2739 1670 captus
2767 1605 2965 1673 fuisset.

1976 1688 2187 1763 Damno
2243 1691 2632 1763 gloriosissimo
2679 1702 2841 1763 atque
2893 1695 3313 1753 clementissimo
3358 1698 3562 1752 domno

2051 1760 2304 1816 Sisebuto
2351 1763 2462 1830 regi
2508 1760 2793 1837 Czcsarius,
2844 1764 2957 1821 Deo
3004 1768 3251 1836 volente,
3301 1770 3563 1840 patricius

2052 1840 2339 1886 venerator
2363 1842 2563 1888 vester.

2054 1943 2105 1996 t.
2137 1941 2329 1998 Nostra
2384 1942 2638 2013 frequens
2689 1946 2979 2016 postulatio
3027 1948 3168 2018 apud
3215 1949 3563 2014 eminentiam

1983 2040 2125 2086 tuam
2157 2032 2278 2099 fuit,
2310 2048 2429 2103 qua:
2458 2032 2707 2091 eﬂectum
2738 2037 3177 2106 penitushabere
3206 2054 3313 2095 non
3344 2042 3564 2111 potuit;

1983 2124 2339 2179 ineluctabilis
2368 2141 2497 2182 vero
2527 2127 2735 2184 clamor
2755 2130 3083 2200 gementium
3114 2131 3200 2186 Vel
3218 2145 3363 2188 nunc
3384 2133 3565 2195 vincat

1978 2224 2217 2272 vestrum
2248 2217 2429 2287 regale
2474 2218 2763 2295 fastigium,
2815 2231 2870 2276 et
2912 2232 3183 2295 praeparet
3229 2225 3559 2295 inspiratiol

1980 2305 2074 2361 Dei
2099 2321 2196 2361 cor
2224 2316 2463 2363 vestrum
2492 2309 2557 2364 ad
2604 2312 2752 2380 pacis
2788 2313 3151 2382 reparandum
3180 2324 3400 2373 statum.
3447 2316 3563 2372 Pla-

1978 2404 2131 2451 cetur
2161 2395 2302 2452 Deus
2331 2398 2413 2451 vel
2444 2413 2567 2453 sero
2617 2408 2887 2467 tantorum
2918 2402 3142 2470 ejulatu,
3194 2405 3239 2460 si
3270 2406 3565 2476 respiciens

1977 2487 2123 2541 rivos
2151 2487 2470 2545 exstinxerit
2498 2488 2874 2562 lacrymarum.
2921 2491 3090 2553 Terra
3120 2495 3284 2565 enim,
3316 2512 3456 2566 qum,
3482 2497 3563 2557 fa-

1978 2579 2205 2634 tiscente
2226 2579 2424 2643 calore,
2454 2577 2678 2643 imbrem
2706 2582 2771 2636 ad
2793 2598 2948 2641 suum
2974 2584 3299 2655 gignendum
3332 2585 3563 2644 fructum

1978 2668 2295 2736 sustinebat,
2326 2685 2520 2726 cruore
2558 2669 2967 2731 .Catholicorum
3011 2679 3333 2733 immensum
3365 2694 3563 2741 excur-

1978 2772 2102 2812 rens
2128 2758 2386 2829 impetum
2412 2760 2713 2839 exsatiavit,
2742 2773 2802 2819 et
2830 2765 3154 2825 alluvionem
3184 2783 3343 2839 agere
3364 2771 3564 2843 imple-

1979 2848 2075 2903 vit.
2104 2848 2236 2904 Nam
2268 2860 2323 2906 et
2351 2852 2418 2907 de
2464 2854 2664 2913 nostris
2712 2856 3011 2926 vestrisque
3036 2857 3347 2929 regionibus
3382 2862 3563 2917 multi-

1975 2944 2172 3012 plicata
2202 2947 2487 3016 captivitas
2532 2948 2713 3003 orbem
2760 2965 2899 3019 pene
2929 2952 3169 3021 ignotum
3213 2954 3476 3025 implevit,
3507 2965 3563 3011 et

1978 3035 2237 3090 nobilium
2272 3038 2508 3095 incolatu
2539 3027 2841 3112 suscepisse
2869 3043 3096 3112 stipatus
3118 3046 3447 3115 congemuit.

2047 3125 2098 3180 2.
2132 3125 2238 3185 Pro
2265 3130 2429 3184 tantis
2458 3144 2586 3200 ergo
2617 3131 2777 3187 illatis
2817 3131 3098 3191 funeribus
3137 3151 3243 3190 non
3284 3137 3418 3191 sileo
3465 3152 3561 3193 vc-

272 3230 548 3294 examina,
593 3242 711 3296 qua:
748 3234 799 3281 te
843 3227 895 3283 in
934 3226 1036 3281 hac
1064 3235 1219 3296 parte
1262 3241 1369 3281 non
1399 3224 1674 3295 patiuntur
1711 3224 1870 3287 inno-
1901 3213 1948 3277 C
1979 3228 2143 3275 stram
2174 3221 2523 3277 eminentiam
2555 3238 2672 3277 mea
2713 3225 3031 3295 propulsare
3060 3226 3473 3301 obsecratione,
3505 3238 3562 3285 ut

272 3322 439 3376 xinm.
491 3318 694 3374 Tamen
746 3319 790 3372 si
824 3328 846 3356 ε
900 3333 1061 3388 parva
1102 3326 1345 3389 prosunt,
1397 3317 1559 3371 credo
1600 3324 1657 3370 et
1700 3315 1869 3371 multa

271 3413 569 3471 subiciant.
612 3409 789 3466 Hodie
836 3410 881 3464 si
932 3410 1197 3480 quispiam
1250 3407 1611 3464 mundialibus
1661 3408 1870 3463 actibus

268 3503 604 3573 implicatus,
637 3510 690 3554 et
721 3500 958 3555 omnium
1003 3499 1285 3557 criminum
1326 3501 1565 3557 lteditate
1611 3500 1868 3570 pollutus,

272 3594 521 3649 debitum
567 3600 770 3647 natura:
797 3590 1003 3657 reddat,
1046 3607 1208 3645 unum
1239 3600 1475 3645 attamen
1524 3589 1870 3659 paenitudinis

268 3684 403 3738 velit
452 3682 710 3750 consequi
744 3680 1051 3750 prmmium;
1099 3696 1219 3735 cum
1267 3679 1528 3749 denegata
1564 3679 1869 3737 lueritlan-

260 3773 458 3843 guenti
490 3772 724 3841 medela,
770 3781 824 3827 et
852 3773 930 3829 sic
976 3787 1099 3828 eum
1137 3787 1283 3829 mors
1311 3781 1512 3833 teterna
1543 3772 1864 3851 absorbent;

267 3867 512 3919 animam
543 3862 659 3932 ejus
685 3862 836 3931 cujus
873 3862 955 3919 .de
1005 3878 1165 3919 manu
1212 3862 1440 3919 credens
1484 3862 1743 3918 Dominus
1789 3868 1871 3918 est

265 3955 635 4023 qumsiturus?
664 3954 910 4008 Parilitcr
938 3969 1062 4008 cum
1101 3967 1339 4024 paganus
1374 3953 1588 4008 oblatus
1632 3953 1871 4010 fontibus

264 4046 434 4100 fuerit
465 4045 683 4110 sanctis,
717 4042 1043 4105 desistentef
1064 4059 1300 4114 persona
1325 4044 1615 4114 pontificis,
1643 4044 1868 4100 necdum

266 4138 439 4194 fuerit
488 4139 705 4204 tinctus,
738 4146 1003 4209 quatenus
1044 4137 1281 4195 conditio
1312 4137 1604 4208 praeveniat
1646 4138 1867 4203 mortis;

263 4245 406 4296 oro,
459 4229 579 4298 quis
625 4244 722 4299 pro
759 4244 826 4283 co
874 4228 1102 4284 reddere
1144 4229 1349 4299 poterit
1392 4229 1700 4285 rationem?
1740 4228 1868 4284 Mihi

262 4320 511 4383 videtur,
542 4336 662 4374 cum
688 4320 777 4372 ille
805 4319 1011 4375 venerit
1038 4319 1123 4373 cui
1146 4327 1336 4375 cuncta
1358 4326 1663 4391 patescunt,
1689 4318 1870 4374 dicent

262 4416 327 4469 hi
363 4432 377 4466 :
410 4412 525 4466 Nos
555 4414 908 4481 paenitentiam
954 4413 1108 4466 simul
1146 4412 1572 4481 exspectabamus
1611 4420 1662 4465 et
1699 4412 1867 4483 bapti-

264 4522 443 4559 smum
456 4522 473 4567 ;
502 4505 636 4556 [tunc
657 4520 773 4557 vero
802 4503 1053 4557 sensimus
1074 4502 1411 4571 parricidam,
1430 4502 1516 4570 qui
1534 4501 1867 4571 paenitentum

261 4606 394 4648 tota
422 4612 525 4648 non
548 4595 749 4656 tribuit,
775 4593 865 4646 sed
886 4593 1049 4665 magis
1072 4592 1334 4663 negligens
1359 4591 1644 4663 dtuegavit.
1666 4588 1867 4661 Opinor
1891 4574 1945 4633 Ῑ)

258 4685 422 4754 quod
462 4699 653 4739 eorum
696 4683 965 4753 supplicia
1025 4684 1255 4752 excipiat
1296 4684 1450 4739 alter.
1506 4682 1574 4737 Et
1635 4698 1756 4738 cum
1802 4684 1869 4740 de

257 4777 571 4847 semetipso
602 4793 762 4832 nemo
792 4776 982 4847 dignus
1025 4776 1347 4841 inveniatur,
1395 4775 1486 4844 qui
1522 4790 1582 4832 se
1611 4774 1868 4832 mundum

250 4868 481 4936 judicet
521 4882 550 4919 a
584 4875 842 4935 peccato;
868 4873 1074 4936 quanto
1116 4865 1285 4934 magis
1325 4865 1412 4919 cui
1441 4864 1614 4919 aliena
1643 4865 1868 4919 crimina

250 4956 717 5025 subjunguntur?
780 4955 953 5021 Credo
1002 4955 1149 5011 mille
1197 4957 1459 5011 mortibus
1497 4966 1521 5003 κ
1572 4972 1694 5012 cum
1745 4973 1867 5014 esse

258 5048 631 5115 condignum.

353 5136 406 5189 5.
439 5139 543 5194 Sed
589 5140 715 5210 quia
756 5155 822 5195 ex
873 5140 975 5195 tuis
1020 5140 1372 5210 cognovimus
1411 5140 1605 5197 litteris
1652 5157 1757 5195 non
1799 5142 1870 5196 ob

250 5229 425 5283 aliud
465 5240 516 5284 te
551 5232 937 5285 monasterium
989 5230 1149 5285 fuisse
1193 5232 1482 5301 adeptum,
1528 5232 1630 5287 nisi
1678 5242 1735 5286 ut
1765 5233 1870 5287 tuis

246 5336 441 5390 Opem
485 5323 658 5391 possis
698 5320 837 5376 ferre
866 5322 1248 5389 languoribus,
1298 5322 1468 5377 miror
1502 5338 1623 5377 cum
1672 5322 1868 5379 damno

354 5445 384 5503 τι
423 5434 513 5489 Asi
543 5436 592 5489 la
620 5433 771 5488 Real.
805 5432 1052 5499 Cimetra,
1080 5436 1342 5503 prwditos.

349 5500 383 5541 ³³
422 5504 569 5559 Falta
598 5521 665 5559 en
692 5504 737 5556 la
762 5503 914 5559 Real.

354 5586 378 5611 τ
419 5573 585 5641 Gim.,
611 5575 748 5627 tulit.

346 5642 379 5680 ἀ
421 5643 575 5716 δραι,
634 5644 983 5716 pwnabiliter.

344 5722 379 5751 ο
418 5713 582 5781 Gim.,
615 5713 836 5769 tametsi.

355 5781 378 5819 τ
413 5782 657 5847 Gintena,
688 5785 977 5851 deﬁciente.

350 5862 384 5902 ε
412 5853 476 5907 ει
504 5856 715 5923 mismo,
744 5856 1016 5910 morsibus.

1974 3309 2334 3366 humilitatem
2365 3328 2471 3367 non
2503 3328 2745 3383 spernas,
2779 3328 2967 3384 preces
2995 3316 3180 3371 audias
3210 3325 3269 3371 et
3298 3326 3561 3388 expostu-

1975 3401 2081 3456 lata
2128 3411 2385 3472 praestare
2430 3419 2534 3460 non
2574 3403 2822 3460 desistas.
2870 3404 3126 3471 Datorem
3176 3418 3229 3464 te
3267 3408 3415 3479 pacis
3444 3419 3563 3479 post

1975 3496 2143 3565 Deum
2176 3500 2190 3548 l
2232 3497 2424 3563 tribue,
2459 3506 2517 3554 ut
2544 3499 2634 3554 ille
2660 3499 2749 3569 qui
2787 3509 3064 3568 assumpto
3092 3517 3321 3572 corpore
3357 3503 3409 3557 in
3442 3519 3553 3557 cu:-

1974 3589 2082 3644 lum
2131 3591 2469 3657 conscendit,
2516 3600 2570 3646 et
2623 3607 2809 3661 pacem
2859 3593 3168 3650 hominibus
3220 3594 3455 3665 reliquit,
3503 3596 3555 3650 in

1975 3696 2199 3735 numero
2246 3679 2591 3748 paciﬁcorum
2648 3691 2798 3736 tuum
2856 3696 3078 3749 regnum
3135 3692 3455 3738 annumeret
3502 3694 3558 3747 et

1976 3770 2138 3824 lilium
2184 3777 2236 3824 te
2287 3771 2434 3839 pacis
2487 3770 2541 3825 in
2591 3781 2734 3826 cmtu
2778 3783 3083 3829 sanctorum
3131 3774 3379 3829 collucet.
3424 3773 3556 3830 Mihi

1971 3862 2115 3917 enim
2146 3861 2438 3930 postulanti
2486 3877 2697 3931 pacem,
2729 3878 2834 3932 qua
2864 3878 3054 3919 omnes
3094 3862 3355 3932 indigent,
3395 3862 3597 3934 inspi-‘

1974 3959 2128 4007 rante
2166 3951 2392 4007 Domino
2441 3953 2635 4016 tribue,
2688 3961 2747 4007 ut
2785 3953 2885 4009 etsi
2936 3954 2990 4007 in
3046 3955 3285 4011 externis
3333 3954 3555 4024 digearn

1976 4043 2189 4111 finibus,
2221 4043 2510 4113 repositam
2541 4054 2721 4099 tamen
2767 4044 3112 4101 dilectionem
3149 4047 3313 4102 corde
3341 4061 3551 4119 gerens,

1974 4152 2170 4192 nomen
2198 4138 2348 4207 regni
2376 4136 2540 4191 Vestri
2570 4138 2913 4208 peculiariter
2941 4153 3157 4208 semper
3178 4138 3430 4207 habeam,
3456 4154 3556 4195 nec

1972 4244 2005 4282 a
2037 4238 2211 4284 vestra
2240 4236 2420 4284 mente
2449 4228 2667 4284 recedat
2696 4228 2743 4282 ιι.

2045 4319 2096 4372 3.
2140 4318 2416 4375 Cuium:
2458 4334 2691 4388 namque
2728 4319 3095 4377 beatissimum
3147 4326 3355 4389 patrem
3399 4317 3415 4357 ι
3464 4336 3560 4375 no-

1973 4423 2144 4468 strum
2168 4421 2438 4468 retentum
2461 4428 2492 4468 a
2518 4413 2717 4473 nostris
2749 4414 3079 4482 hominibus,
3102 4414 3560 4484 contemplatione

1974 4502 2066 4557 Dei
2117 4510 2172 4557 et
2214 4502 2364 4573 regni
2412 4503 2573 4558 vestri
2613 4502 2928 4559 festinantes
2972 4518 3168 4560 sanare
3213 4504 3266 4559 in
3311 4506 3562 4560 omnibus

1971 4594 2326 4658 voluntatem,
2357 4594 2711 4659 absolvimus,
2760 4603 2817 4649 et
2854 4603 2911 4651 ut
2940 4609 3051 4650 sum
3079 4607 3280 4651 saneta:
3309 4593 3560 4651 Ecclesiae

1969 4685 2274 4755 vestrisque
2332 4685 2791 4745 christianissimis
2858 4695 3214 4757 praesentetur
3278 4687 3555 4743 obtutibus

1970 4776 2272 4832 evidentem
2298 4786 2335 4813 σι
2364 4791 2586 4848 operam
2617 4777 2877 4833 dedimus.

2042 4869 2094 4923 li.
2140 4868 2292 4924 Nunc
2326 4886 2476 4936 vero,
2516 4878 2573 4929 ut
2602 4870 2739 4927 sicut
2766 4871 2968 4941 absque
2994 4873 3142 4943 regni
3178 4872 3341 4928 vestri
3368 4873 3557 4928 admo-

1972 4962 2176 5018 nitione
2220 4962 2468 5017 eumdem
2521 4964 2918 5019 sanctissimum
2962 4964 3351 5028 relaxavimus,
3400 4961 3553 5016 festi-

1972 5066 2161 5109 nantes
2203 5054 2506 5123 gratificare
2545 5056 2597 5109 in
2637 5056 2887 5111 omnibus
2932 5056 3081 5125 regni
3132 5056 3291 5109 vestri
3329 5061 3555 5117 statum;

1974 5147 2046 5201 ita
2077 5156 2132 5201 ct
2162 5156 2340 5201 vestra
2372 5147 2797 5201 eminentissima
2829 5155 3068 5216 potestas
3097 5144 3406 5215 petitionem
3447 5158 3545 5196 no-

1970 5248 2136 5294 stram
2166 5255 2285 5309 qum
2316 5240 2604 5293 multorum
2638 5240 2885 5294 consultu
2916 5239 3174 5309 probatur
3201 5250 3319 5291 esse
3350 5235 3556 5289 anima~

1971 5347 2110 5395 rum,
2144 5331 2299 5387 bonis
2324 5333 2512 5387 studiis
2534 5335 2793 5387 cultorem
2822 5340 2875 5386 te
2897 5332 2947 5386 in
2970 5330 3217 5387 omnibus
3239 5327 3554 5384 ostendens.

2044 5441 2068 5480 1'
2104 5443 2162 5495 El
2196 5445 2405 5507 mismo,
2444 5445 2737 5498 creduliter.

1977 5548 1986 5558 .
2048 5512 2065 5550 ί
2114 5512 2278 5579 Gim.,
2310 5515 2593 5583 instigatio.

2050 5587 2063 5633 l
2102 5584 2270 5650 Gim.,
2300 5583 2596 5637 Dominum.

2046 5652 2069 5690 κ
2101 5654 2280 5717 Forte,
2312 5655 2567 5708 recedam.

2050 5723 2064 5761 ¹
2102 5723 2175 5795 La
2208 5723 2359 5791 Rea],
2386 5732 2698 5795 patremque.

2044 5804 2081 5830 υτ
2111 5794 2352 5861 Gimcna,
2382 5794 2655 5848 evidenter.
