3928 6176
359 363 458 423 [(37

1481 368 1790 423 SISEIIUTI
1830 366 2207 423 GOI‘IIORUM
2254 368 2452 450 REGIS
3508 375 3598 435 368

358 485 579 553 implere
610 497 712 534 non
743 481 1065 548 dedignaris.
1093 481 1246 549 Quod
1277 483 1319 535 si
1351 482 1401 535 in
1431 498 1526 536 sua
1553 482 1932 537 obsecratione
1963 486 2012 543 Α
2111 482 2452 539 Ansemundo
2497 483 2821 541 liducialiter
2859 485 3020 542 crede
3044 527 3059 552 ,
3111 501 3370 557 suspensa
3417 491 3597 548 cabila-

355 574 524 627 tristis
571 581 749 625 nostra
799 572 1046 628 voluntas
1093 589 1198 629 non
1228 575 1573 639 remanserit,
1621 575 1761 644 apud
1790 588 1938 628 sere-

354 664 628 718 nissitnum
655 663 801 717 urbis
830 663 1105 719 dominum
1139 654 1345 733 patrem
1379 676 1614 720 vestrum
1659 675 1934 731 auctorem

353 769 452 807 nos
497 769 608 808 sum
657 755 888 808 maxime
925 755 1139 808 utilitati
1179 765 1355 811 vestra
1397 757 1708 825 agnoscebit
1739 757 1789 811 in
1820 773 1938 812 om-

352 843 508 899 nibus
537 844 768 898 existere
798 844 1111 899 eminentia.
1149 845 1319 899 Deltiti
1349 862 1378 899 a
1423 847 1579 901 nobis
1624 846 1784 902 oflieii
1812 847 1935 917 jura

351 935 732 1004 persolvimus,
785 943 838 989 ct
893 936 1121 990 salutem
1176 937 1475 992 clementiae
1537 947 1726 992 vestrm
1779 955 1938 994 nosse

350 1025 651 1091 cupientes,
685 1025 950 1080 litterario
991 1027 1250 1096 obsequio
1295 1028 1614 1095 inquirimus
1660 1037 1719 1082 ut
1757 1038 1812 1083 et
1840 1043 1935 1083 ve-

350 1127 477 1172 strae
521 1117 821 1174 clementia:
869 1120 1079 1183 animus
1118 1128 1442 1188 provocetur
1487 1121 1656 1175 vicem
1687 1122 1936 1191 rescripti

351 1207 652 1276 rependere
681 1208 1074 1277 inquirentibus
1103 1225 1166 1263 ac
1193 1209 1558 1277 diligentibus.

922 1318 1247 1374 EPISTOLA
1287 1321 1352 1374 Ill

691 1391 936 1445 SlSl—ZBUTI
979 1407 1130 1446 ncots
1168 1408 1234 1458 ap
1273 1391 1586 1455 (lassantem,

765 1481 866 1535 Per
893 1482 1275 1536 Ansemundum
1305 1483 1518 1538 directa.

423 1573 473 1625 l.
517 1570 571 1626 Si
599 1572 841 1627 cordiutn
873 1581 1144 1627 scrutator
1171 1573 1423 1629 sensibus
1465 1575 1660 1630 vestris
1689 1574 1938 1630 dilectio.

359 1681 482 1719 nem
521 1673 760 1721 nostram
811 1665 1156 1730 infunderet;
1197 1667 1240 1720 si
1280 1681 1516 1722 amorem
1557 1678 1799 1722 nostrum
1848 1683 1939 1722 ve-

351 1759 478 1814 stris
506 1758 718 1813 arcanis
746 1759 1040 1821 insereret;
1072 1757 1115 1811 si
1139 1757 1396 1827 quidquid
1426 1758 1494 1812 de
1522 1767 1575 1812 te
1603 1760 1782 1829 cogito
1808 1760 1939 1831 (quo

2042 574 2188 628 tione
2219 574 2418 644 recipe,
2447 583 2656 630 remota
2679 577 2988 646 suspicione
3016 577 3159 647 quod
3180 578 3404 646 jusseris
3425 580 3474 635 in
3501 582 3604 651 ejus

2039 672 2260 734 pectore
2279 666 2405 719 mite
2433 683 2444 716 :
2479 674 2663 721 noster
2689 675 2887 722 etenlm
2918 675 3020 733 est,
3053 667 3155 722 etsi
3195 667 3478 738 impollitus
3506 673 3599 727 elo-

2038 756 2187 823 quio,
2219 772 2323 810 non
2357 755 2607 826 puritatis
2638 757 2816 813 studio
2845 774 2859 822 ;
2890 771 2992 826 ego
3021 757 3166 813 enim
3198 755 3482 814 affectione
3507 761 3604 816 sin-

2038 860 2162 900 cera
2214 847 2301 901 illa
2349 863 2454 917 qua
2485 856 2800 920 competunt
2825 848 3030 918 elegavi
3060 858 3107 915 Β,
3140 862 3248 918 qua
3275 849 3510 906 videntur
3534 852 3606 906 in-

2037 939 2233 1004 struxi,
2263 947 2323 993 ut
2351 940 2502 1010 potui
2534 940 2790 1010 expolivi,
2823 940 2966 996 unde
2991 937 3109 1010 ejus
3134 939 3496 996 sinceritatem
3525 942 3608 997 tibi

2038 1029 2438 1094 gubernandam
2469 1030 2751 1086 committo
2781 1039 2836 1086 et
2863 1043 2969 1100 qua
3019 1028 3198 1087 minus
3224 1039 3439 1100 compte
3465 1031 3630 1104 fuerit.

2041 1133 2362 1178 consecutus
2386 1139 2485 1194 per
2506 1134 2578 1188 te,
2606 1124 2739 1180 mibi
2769 1123 3102 1193 charissime,
3129 1131 3190 1179 ut
3211 1120 3237 1160 ιι
3260 1138 3347 1180 me
3368 1133 3611 1195 praesente

2039 1214 2288 1270 defendo.
2325 1215 2463 1282 Quid
2503 1216 2733 1286 amplius
2779 1223 2973 1272 vestra:
3013 1215 3359 1286 experientia
3387 1215 3611 1270 intimetn

2040 1318 2148 1358 non
2182 1305 2449 1370 ’invenio,
2503 1305 2586 1360 cui
2639 1320 2725 1360 me
2760 1307 2775 1341 ι
2812 1312 2982 1360 totum
3029 1303 3364 1360 offerendum
3397 1313 3610 1374 exopto.

2040 1393 2138 1450 llic
2164 1405 2342 1450 autem
2373 1396 2513 1451 lator
2543 1396 2614 1451 ita
2637 1404 2722 1451 est
2753 1396 2803 1451 in
2835 1396 3047 1452 cunctis
3072 1395 3382 1451 obstructus
3407 1395 3451 1462 i,
3472 1404 3524 1451 et
3544 1396 3614 1451 sic

2041 1487 2272 1542 linaliter
2319 1487 2618 1552 ordinatus,
2667 1499 2935 1558 quatenus
2981 1487 3239 1559 quidquid
3288 1497 3469 1542 vestra
3515 1487 3614 1543 clec

2040 1577 2245 1632 mentia
2275 1577 2342 1632 ab
2389 1577 2482 1633 illo
2512 1578 2803 1646 qumsicrit,
2846 1579 3042 1649 opinor
3080 1577 3446 1648 plenissimum
3473 1578 3616 1633 vobis

2039 1667 2288 1724 daturum
2317 1683 2633 1738 responsum
2664 1658 2734 1721 ιι(
2764 1669 3018 1740 Epistolm
3055 1683 3210 1736 sane,
3240 1683 3377 1739 quas
3421 1669 3616 1740 publice

2040 1759 2193 1814 vobis
2220 1758 2498 1824 obtulerit,
2523 1760 2902 1815 rectitudinem
2923 1759 3146 1830 juStitim
3187 1760 3439 1815 intimant
3468 1769 3619 1829 atque

352 1865 476 1904 aere
513 1850 800 1904 verberato
847 1849 1085 1918 pandere
1129 1859 1152 1885 ιι
1206 1850 1441 1920 nequeo)
1500 1850 1695 1904 mentis
1745 1861 1936 1907 vestrm
1970 1839 2010 1898 Β
2041 1849 2264 1905 limitem
2291 1850 2535 1905 veritatis
2563 1851 2910 1918 custodiunt;
2951 1849 3081 1905 nihil
3136 1851 3280 1906 enim
3325 1851 3505 1920 gloriae
3530 1865 3618 1905 ve-

351 1940 623 1994 obtntibus
648 1929 919 1994 reseraret
945 1955 958 2004 ;
989 1939 1152 1994 credo
1193 1939 1358 1994 etiam
1388 1942 1610 2011 expulsa
1643 1941 1938 1999 retinacula

363 2032 731 2095 occasionum,
765 2030 987 2100 expulsa
1018 2031 1594 2101 negotiapercuntium
1632 2047 1934 2101 causarum,

355 2121 595 2189 expulsis
643 2121 963 2189 ambagibus
1004 2137 1276 2176 morarum
1311 2124 1667 2187 nasccntium,
1713 2125 1839 2179 olim
1885 2133 1939 2181 te

355 2213 508 2268 nobis
533 2213 644 2281 jam
690 2213 853 2268 fuisse
891 2215 1203 2270 consocinm
1235 2211 1261 2250 ι)
1305 2223 1360 2269 et
1399 2216 1685 2271 alternatio
1715 2217 1938 2273 charita-

364 2303 434 2358 tis
463 2318 672 2357 merum
704 2304 756 2358 in
788 2304 1028 2375 utrisque
1059 2303 1235 2360 fruere
1261 2313 1472 2374 poterat
1501 2306 1757 2361 animum.
1789 2306 1895 2362 Sed
1919 2350 1936 2376 ,

352 2403 611 2465 quantum
645 2395 881 2464 intelligo
907 2437 921 2459 ,
954 2405 1179 2464 peccato
1207 2396 1253 2450 si
1278 2396 1493 2466 quidem
1521 2413 1643 2453 meo
1674 2397 1774 2452 ista
1803 2399 1937 2454 mihi

355 2486 640 2542 conscribo
663 2526 677 2548 ,
711 2495 771 2541 nt
801 2486 978 2543 nullos
1021 2485 1222 2542 fructus
1238 2502 1411 2567 .quem
1461 2504 1570 2558 prae
1615 2488 1824 2546 caeteris
1852 2488 1936 2544 di-

353 2578 458 2646 ligo
489 2579 732 2648 partibus
761 2579 895 2634 meis
937 2578 1192 2634 reddatur
1237 2579 1362 2652 [nec
1406 2579 1688 2635 retributio
1713 2595 1938 2650 compar

349 2671 586 2724 sortibus
635 2669 769 2725 meis
815 2669 1184 2740 reciprocetur
1213 2667 1280 2741 0].
1314 2669 1450 2736 Quid
1497 2670 1640 2724 enim
1685 2670 1931 2738 dubitas,

351 2765 923 2830 amice-charissitne,
973 2763 1018 2819 si
1074 2763 1206 2818 ﬁdes
1253 2760 1576 2818 Christianis
1626 2762 1932 2832 adbibelur,

349 2856 563 2925 suscipe
609 2854 851 2922 fmdera;
898 2854 942 2910 si
981 2854 1198 2923 praemia
1246 2854 1389 2924 quod
1431 2853 1572 2926 apud
1617 2862 1669 2909 te
1709 2863 1792 2911 est
1828 2853 1936 2912 vile

354 2948 570 3019 percipe
614 2947 754 3002 dona
808 2965 821 3001 :
873 2948 1154 3018 proliteor,
1190 2964 1371 3003 coram
1424 2949 1537 3006 Deo
1587 2949 1704 3021 ipso
1747 2952 1930 3022 propi-

352 3041 541 3104 tiante,
574 3039 987 3110 promissionem
1015 3055 1192 3096 meam
1228 3040 1279 3094 in
1310 3041 1562 3097 omnibus
1586 3057 1929 3110 conservare,

350 3137 407 3186 ct
444 3146 613 3185 sacrae
659 3129 962 3187 devotionis
1003 3132 1340 3200 prepositum
1392 3132 1709 3188 intemerata
1752 3142 1934 3189 mente

353 3229 554 3273 tenere.
601 3218 723 3274 Dies
740 3220 882 3274 enim
897 3235 1035 3290 quos
1060 3221 1247 3277 debuit
1275 3222 1430 3277 nobis
1454 3223 1592 3277 bene
1619 3223 1936 3292 degentibus

351 3309 568 3379 copiosa
599 3309 780 3364 laetitia
808 3311 860 3364 in
877 3309 1236 3366 exsultatione
1254 3311 1548 3378 deducere,
1589 3326 1686 3367 cur
1703 3311 1935 3368 cladium

353 3403 565 3470 funera,
608 3417 705 3457 cur
749 3402 918 3472 pestis
965 3402 1199 3468 assidua,
1246 3418 1344 3459 cur
1392 3403 1670 3461 calamitas
1718 3406 1936 3461 ruinosa

353 3510 681 3550 consumens
701 3494 896 3551 debeat
912 3494 1188 3550 tnutilare?
1206 3495 1455 3550 Nostrum
1481 3496 1694 3566 quidem
1727 3513 1832 3552 non
1851 3499 1934 3553 itt—

347 3588 540 3655 dignus
557 3583 581 3624 τ¹
607 3597 923 3658 exspectare
951 3586 1256 3654 consilium,
1280 3587 1373 3642 sed
1407 3597 1646 3642 nostrum
1673 3597 1754 3644 est
1773 3604 1934 3656 quam

347 3677 633 3746 dilegitnus,
667 3685 954 3746 totumque
980 3677 1217 3748 pandere
1243 3686 1449 3743 votum,
1480 3686 1612 3748 quot
1633 3687 1658 3715 ο
1681 3689 1806 3733 sunt
1823 3679 1936 3736 dies

346 3767 468 3821 vita:
499 3776 693 3823 nostra:
728 3768 960 3823 scientes
994 3767 1302 3833 nescimus;
1343 3767 1471 3822 illud
1519 3769 1662 3822 enim
1706 3768 1936 3824 intentio

348 3867 530 3915 nostra
573 3859 701 3914 dum
743 3867 952 3931 tempus
974 3867 1058 3916 est
1083 3859 1244 3914 debet
1274 3858 1552 3914 intendere
1577 3860 1720 3928 quod
1739 3859 1936 3930 prode-

346 3952 508 4006 l‘aciat
537 3952 586 4005 ei
616 3952 667 4005 in
710 3959 971 4022 perpetuo
1003 3959 1245 4020 tempore
1265 3966 1430 4021 quam
1445 3951 1586 4020 juste
1605 3993 1620 4018 ,
1648 3966 1810 4019 quam
1848 3967 1934 4007 re-

347 4044 586 4097 ctissi'no
617 4041 795 4109 modo,
841 4057 1004 4111 quam
1034 4041 1128 4097 Dei
1160 4041 1280 4096 freti
1325 4041 1630 4104 clementia,
1671 4058 1777 4107 res,
1825 4043 1933 4099 Deo

350 4135 642 4203 largitore,
708 4142 854 4190 stare
906 4133 1196 4204 poscimus,
1251 4142 1439 4199 utpote
1500 4133 1934 4202 vigilantissimus

349 4224 592 4294 cognitor
636 4226 702 4278 de
731 4240 790 4280 re
817 4225 931 4296 ipsa
972 4231 1129 4294 potos
1169 4223 1490 4290 advertere;
1537 4225 1681 4293 quod
1709 4227 1752 4279 si
1794 4224 1931 4280 bella

349 4327 597 4387 surgant,
637 4319 680 4374 si
725 4335 913 4374 mucro
957 4315 1192 4373 fervidus
1234 4316 1287 4372 in
1315 4317 1555 4388 qualibet
1583 4327 1736 4388 parte
1762 4318 1932 4375 desae-

351 4424 370 4459 \
387 4408 478 4472 iat,
500 4409 542 4461 si
567 4409 671 4461 vita
701 4409 976 4463 hominum
1006 4416 1222 4478 tempus
1241 4407 1555 4463 bellicosum
1586 4423 1692 4464 non
1715 4409 1930 4477 exigat;

348 4515 422 4567 qu
459 4513 510 4551 m
563 4499 802 4566 opinaris
843 4516 942 4569 pro
992 4500 1155 4554 tantis
1197 4497 1513 4564 sceleribus,
1561 4513 1657 4568 pro
1713 4499 1932 4567 ingestis

350 4590 430 4639 cia
454 4587 608 4651 libus,
652 4603 747 4654 pro
791 4588 1160 4642 lunestissimis
1190 4586 1398 4645 illatisf
1452 4587 1782 4654 vulneribus,
1815 4589 1926 4643 Deo

349 4677 574 4732 reddere
602 4679 911 4733 rationem?
944 4679 1069 4734 Mihi
1097 4680 1328 4744 videtur,
1359 4687 1415 4734 et
1442 4693 1574 4734 sane
1612 4687 1820 4734 rectum
1850 4681 1932 4735 vi-

348 4773 525 4841 detur,
554 4772 700 4825 illunt
732 4772 800 4827 de
830 4782 908 4827 tot
937 4772 1091 4826 malis
1115 4780 1302 4827 tenere
1328 4773 1642 4839 obnoxium,
1665 4773 1756 4841 qui
1785 4773 1930 4828 acci-

351 4877 477 4931 pere
505 4863 674 4916 noluit
715 4863 954 4932 piissime
1001 4863 1238 4917 oblatutn
1288 4863 1607 4918 remedium.
1652 4863 1758 4919 Sed
1803 4864 1930 4935 quid

350 4953 448 5006 ista
481 4953 1310 5023 reteximusquem.solummodo
1337 4953 1633 5009 admonere
1653 4953 1885 5010 sut‘liciat
1913 4971 1927 5008 :

348 5055 684 5100 revertamur
712 5046 778 5099 ad
809 5054 1038 5102 vestram
1069 5045 1415 5100 dilectionem
1447 5046 1831 5116 amplissimam
1877 5054 1934 5101 et

350 5149 590 5193 nostram
621 5138 962 5193 devotionem
993 5138 1354 5209 purissimam.

419 5283 447 5312 ιι
475 5272 651 5345 Tolct.
683 5273 838 5339 Cod.,
867 5275 1182 5345 panderet...
1203 5289 1439 5345 reserare
1466 5289 1481 5337 ;
1514 5283 1763 5328 nosotros
1803 5271 1932 5326 at‘ia-

348 5344 522 5414 dimois
551 5344 602 5398 la
635 5343 960 5414 apuntaeion
989 5345 1074 5398 del
1102 5343 1454 5414 parenthesis.

421 5412 446 5450 δ
478 5413 622 5477 ΤοΙ.,
653 5412 1006 5469 Consarcitmt.

423 5495 444 5520 ε
479 5483 631 5537 Falta
661 5500 727 5538 en
762 5485 807 5538 la
839 5484 988 5538 lteal.
1053 5531 1058 5534 .

427 5553 451 5591 ἀ
483 5552 627 5619 Tol.,
659 5554 923 5622 indiguus.

425 5635 446 5694 ξι
480 5622 553 5694 [Α
585 5625 736 5694 copia
771 5625 920 5691 Real,
951 5625 1104 5694 quod.

428 5692 443 5729 τ
480 5691 622 5762 Tol.,
656 5691 881 5762 injectis.

424 5773 446 5835 ξι
478 5761 568 5835 l_.a
587 5761 737 5835 Beat,
769 5763 1004 5835 diligam.

425 5829 449 5868 ιι
477 5830 620 5897 Τυι.,
652 5832 752 5883 hic.

2039 1951 2165 1999 strte
2180 1942 2443 2011 ofliciunt,
2471 1942 2516 1997 si
2547 1942 2718 2011 magis
2747 1934 3069 2012 expedibilia
3101 1942 3256 1997 nobis
3283 1941 3478 1997 fuerint
3501 1957 3620 1998 eon-

2041 2035 2259 2100 tributa,
2293 2043 2348 2090 et
2399 2034 2466 2088 ad
2519 2033 2788 2096 elTecmm,
2836 2034 2949 2088 Deo
2996 2034 3316 2101 miserante,
3349 2048 3450 2103 qua
3479 2034 3642 2104 unice

2037 2124 2342 2198 ﬂagitamus
2387 2125 2636 2181 venerint
2663 2124 2970 2193 concupita.
3023 2124 3221 2178 Arcum
3263 2123 3422 2178 nobis
3462 2121 3622 2178 Anse-

2039 2217 2237 2272 mundo
2265 2233 2296 2272 a
2334 2226 2511 2273 vestra
2547 2217 2717 2285 gloria
2766 2215 3101 2272 destinatum
3128 2214 3350 2270 adduxit
3383 2233 3396 2268 :
3429 2214 3498 2270 oh
3525 2214 3622 2269 hoc

2040 2307 2240 2377 gratias
2275 2308 2427 2363 vobis
2455 2306 2747 2377 ampliores
2792 2306 3166 2377 persolvimus,
3213 2307 3361 2376 quod
3389 2305 3542 2362 simul
3569 2313 3621 2360 et

2039 2398 2217 2455 verbis
2246 2413 2277 2454 a
2306 2398 2459 2454 vobis
2484 2398 2720 2453 ditamur
2746 2406 2802 2453 et
2831 2413 3074 2454 munere.

2601 2483 2930 2564 EP‘lSTOLA
2980 2507 3046 2562 tv

2259 2595 2478 2635 czsanu
2502 2595 2731 2635 PATRICII
2763 2595 2830 2633 AD
2861 2578 3165 2634 Snsnu'ruu
3197 2594 3382 2634 REGE)!
3403 2620 3419 2647 ,
3460 2587 3467 2593 '

2482 2674 2584 2728 Per
2612 2673 2874 2729 Ursellum
2906 2671 2923 2709 ι
2962 2673 3178 2728 directa.

2106 2762 2221 2831 Qua
2242 2763 2436 2819 nobilis
2456 2763 2684 2834 epistola
2705 2771 2883 2818 vestra
2912 2762 3165 2828 innotuit,
3189 2775 3295 2832 qua
3323 2760 3630 2832 quibusque

2037 2856 2211 2911 modis
2256 2855 2528 2912 insinuare
2575 2855 2844 2920 decrevit,
2888 2868 2994 2925 qua
3037 2854 3107 2910 de
3134 2853 3399 2910 industria
3452 2859 3630 2922 aptata

2035 2948 2325 3020 perpatuit,
2346 2948 2624 3004 sinceriter
2643 2947 2867 3017 legimus
2896 2946 3156 3018 [spatiose
3175 2945 3530 3000 tractavimus
3546 2938 3628 3011 1,

2035 3047 2196 3094 caute
2239 3053 2369 3094 sane
2415 3037 2779 3104 advertimus,
2825 3044 2880 3092 et
2925 3035 3102 3091 accito
3145 3034 3366 3090 notario
3417 3032 3472 3087 in
3520 3031 3632 3101 ipso

2038 3130 2316 3201 procinctu
2347 3139 2404 3184 ut
2429 3129 2708 3201 exciperet
2737 3129 3136 3201 imperavimus.
3179 3127 3296 3184 lam
3327 3126 3491 3182 novit
3517 3138 3633 3194 qua:

1964 3199 2010 3262 ο
2041 3199 2238 3276 dudum
2270 3199 2565 3291 praescivit,
2587 3219 2790 3291 gratias
2814 3199 3014 3289 nempe
3058 3233 3158 3274 uec
3185 3217 3467 3273 immerito
3512 3213 3632 3270 red-

2039 3310 2233 3377 dimus,
2264 3311 2406 3380 quod
2433 3311 2685 3367 clementi
2715 3311 2895 3366 animo
2923 3324 2954 3364 a
2983 3310 3134 3366 vobis
3171 3309 3506 3380 prtecognita
3538 3306 3634 3377 ipsi

2037 3402 2271 3459 scienter
2297 3411 2322 3438 υ
2354 3402 2670 3472 agnovimus
2697 3419 2712 3468 ;
2760 3400 2855 3456 sed
2883 3400 3023 3455 sicut
3048 3408 3224 3455 vestra
3248 3398 3544 3455 clementia
3570 3397 3636 3451 de

2038 3492 2308 3563 plerisque
2355 3507 2454 3548 nos
2501 3491 2689 3546 maluit
2725 3490 2904 3547 lacere
2932 3499 3321 3560 cognoscentes
3367 3491 3545 3545 instar
3570 3487 3638 3542 de

2037 3584 2288 3639 omnibus
2317 3590 2528 3639 vestros
2580 3581 2942 3638 nobilissimos
2989 3595 3178 3637 sensus
3213 3580 3497 3636 reddimus
3519 3591 3637 3654 qua:

2036 3685 2187 3747 gesta
2217 3684 2344 3731 sunt
2369 3677 2648 3732 certiores.

2109 3769 2503 3826 Tlteodoricum
2533 3779 2851 3838 nostrosque
2893 3767 3137 3838 legatos,
3187 3769 3502 3837 opitulante
3547 3763 3633 3818 cui

2037 3868 2230 3915 cuncta
2260 3859 2586 3924 deserviunt,
2619 3874 2741 3914 eum
2770 3858 2917 3913 omni
2947 3858 3236 3926 gratiarum
3267 3857 3495 3912 actione
3525 3871 3642 3926 par-

2039 3952 2178 4004 tibus
2209 3950 2260 4003 in
2291 3948 2487 4003 nostris
2511 3949 2621 4016 jam
2651 3962 2772 4003 esse
2799 3947 3141 4017 conjunctos,
3167 3955 3222 4001 et
3250 3961 3282 4000 a
3311 3947 3642 4002 clementis-

2034 4042 2172 4097 simo
2191 4057 2255 4098 ac
2275 4040 2474 4096 difﬁcili
2496 4039 2896 4109 comparatione
2911 4039 3236 4110 imprratorc
3255 4038 3645 4095 dominissimo

2035 4131 2294 4186 bonestos
2314 4131 2336 4153 °
2382 4130 2690 4200 hilaresque
2719 4130 2928 4184 animos
2955 4129 3168 4199 quidem
3218 4127 3548 4199 redemptos
3575 4128 3644 4182 ad

2037 4235 2133 4275 nos
2163 4218 2327 4275 fuisse
2349 4221 2621 4286 remissos,
2653 4221 2816 4276 credo
2845 4219 3093 4289 equidem
3125 4219 3212 4274 illa
3243 4221 3456 4277 nostris
3485 4235 3645 4276 men-

2037 4311 2178 4366 tibus
2225 4310 2470 4364 intitnent
2498 4325 2618 4379 qua:
2645 4309 2774 4365 olim
2804 4325 2984 4364 sermo
3009 4309 3276 4380 poposcit,
3307 4324 3440 4379 qua:
3487 4324 3645 4364 mens

2035 4403 2123 4474 pia
2140 4402 2468 4470 elllagitavit,
2484 4417 2603 4472 qua:
2616 4402 2856 4458 sincerus
2876 4403 3084 4456 animus
3103 4403 3425 4472 concupivit
3443 4421 3456 4457 :
3483 4403 3647 4458 aliter

2038 4493 2262 4548 credere
2308 4493 2457 4548 nefas
2501 4501 2621 4559 est,
2661 4509 2760 4549 nec
2803 4501 2980 4564 potest
3026 4494 3337 4565 imperatori
3392 4496 3645 4550 animum

2037 4587 2270 4656 regalem
2296 4586 2548 4655 maiestas
2569 4585 2870 4654 oﬂ'endere,
2892 4599 3053 4654 quam
3080 4583 3342 4640 condecet
3369 4592 3645 4654 exoptata

2035 4677 2295 4734 benelicio
2340 4672 2583 4748 ampliori
2628 4684 2928 4746 prmstare:
2978 4674 3086 4729 vita
3127 4674 3366 4745 denique
3420 4674 3647 4731 Christo

2034 4768 2338 4824 comitante
2372 4775 2642 4834 manente,
2674 4767 2801 4822 dum
2829 4767 2916 4822 isti
2945 4767 3033 4822 bic
3058 4776 3085 4816 ιι
3112 4765 3409 4822 desiderati
3441 4782 3647 4838 perve-

2035 4863 2232 4927 nerint,
2263 4861 2570 4931 plenissime
2595 4859 2789 4915 vestris
2816 4870 3154 4914 reservamus
3192 4857 3452 4913 sensibus
3479 4858 3647 4928 quid-

2035 4954 2163 5026 quid
2215 4962 2453 5010 nostram
2503 4953 2885 5009 conscientiam
2936 4951 3152 5007 duxerit
3200 4965 3400 5007 eorum
3457 4965 3650 5007 sermo

2036 5046 2376 5116 plenissimus
2400 5061 2414 5109 ;
2444 5044 2622 5114 aliqua
2649 5058 2777 5100 sane
2803 5043 2995 5099 vestris
3017 5051 3268 5098 tenentur
3287 5053 3315 5093 tt
3342 5041 3649 5106 aﬂ'atibus,

2036 5136 2127 5191 ubi
2177 5151 2300 5206 pars
2361 5133 2681 5206 ﬁguraliter,
2730 5149 2856 5204 pars
2907 5133 3257 5189 bistorialiter
3307 5132 3648 5194 intimatur,

2115 5272 2130 5310 ί
2174 5273 2248 5327 La
2276 5271 2426 5337 Real,
2458 5272 2561 5342 qui.

2115 5346 2129 5394 ι
2171 5343 2353 5404 Forte,
2385 5343 2688 5395 instructus.

2110 5412 2134 5450 κ
2163 5413 2236 5466 La
2266 5410 2417 5474 Real,
2449 5411 2576 5464 dare
2603 5407 2765 5463 vobis.

2116 5481 2132 5520 ι
2168 5481 2288 5535 Tol.
2305 5522 2318 5546 ,
2352 5480 2607 5535 Urselum.

2111 5554 2146 5575 ’³
2174 5552 2326 5606 Falta
2356 5566 2422 5605 en
2449 5552 2499 5603 el
2528 5549 2644 5604 Tol.

2111 5633 2138 5661 ιι
2187 5622 2258 5675 La
2291 5620 2443 5684 lieal,
2472 5621 2710 5674 scientes.

2113 5703 2137 5730 ο
2169 5692 2241 5746 La
2268 5691 2457 5745 misma
2484 5691 2660 5760 κονίει,
2689 5690 3025 5746 dontttisst‘mo
3054 5699 3283 5744 onustos.

2112 5776 2138 5814 P
2181 5761 2324 5823 Tol.,
2354 5762 2488 5814 istic.

2112 5845 2138 5885 tt
2179 5831 2319 5897 Tol.,
2348 5837 2570 5887 tenetur.
