3858 6190
236 418 336 474 369

1668 403 2042 461 EPISTOLxE.

3412 401 3515 455 3'10

236 530 485 590 nonnulla
516 526 736 598 tropica:
765 523 1089 581 narrationis
1122 522 1368 579 obtinent
1396 520 1573 576 locum
1600 536 1613 582 ;
1645 519 1711 571 de
1743 517 1826 571 his
1856 524 1906 583 Α
1933 515 2063 571 fides
2106 513 2336 569 habetur
2382 512 2573 569 idonea
2600 555 2615 581 ,
2655 515 2934 570 sinceritas
2963 515 3183 584 copiosa
3210 556 3224 579 ,
3260 515 3517 570 industria

235 625 370 695 loqui
392 620 681 694 generibus
711 616 1062 689 prolixiorem
1085 615 1254 670 otium
1284 627 1370 669 res
1392 612 1509 681 ipsa
1537 607 1819 677 efflagitat,

236 718 330 772 hac
356 728 573 784 quoque
600 708 853 766 concinni
881 706 1091 763 ratione
1116 720 1436 777 quacunque
1479 711 1672 774 potero
1701 702 1824 756 bre-

235 808 393 863 vitate
433 803 812 877 perstringam.
867 800 1119 872 Spiritale
1163 798 1398 863 bellum,
1439 796 1592 868 juxta
1639 809 1825 851 sacros

238 898 442 968 apices,
473 902 664 951 contra
694 891 958 962 spiritalia
997 888 1249 961 nequitia:
1273 897 1296 923 ι
1328 901 1491 958 agere
1534 884 1823 949 convenit,

239 986 377 1059 quod
403 1002 504 1042 nos
531 1001 638 1041 non
668 983 985 1055 permittere
1011 988 1101 1035 tua
1126 978 1450 1051 praemonuit
1479 977 1723 1042 bonitas;
1771 976 1824 1029 in

241 1080 319 1136 his
344 1080 505 1135 rebus
539 1076 720 1132 divina
762 1074 933 1143 magis
971 1088 1133 1143 quam
1160 1072 1396 1126 humana
1425 1077 1549 1126 sunt
1574 1066 1826 1134 suffragia

241 1168 576 1241 requirenda.
607 1167 704 1223 llle
744 1165 835 1235 qui
873 1164 973 1219 fuit
1015 1178 1161 1219 mors
1208 1160 1396 1216 mortis
1423 1169 1478 1216 et
1506 1160 1611 1213 vita
1642 1158 1827 1212 viven-

241 1262 397 1327 tium,
429 1260 546 1330 ipse
583 1273 684 1329 pro
712 1256 957 1325 utrisque
1002 1268 1191 1310 eorum
1219 1258 1470 1307 conterat
1516 1249 1739 1303 bellum.
1770 1245 1827 1300 Si

238 1360 412 1406 tamen
461 1350 529 1405 de
574 1347 883 1404 hominibus
928 1346 1033 1402 hoc
1058 1353 1234 1403 vestra
1265 1342 1529 1398 sententia
1560 1338 1826 1411 proferat,

238 1441 507 1496 notuimus
529 1437 557 1477 ι’
595 1438 723 1494 olim
753 1437 936 1505 vobis,
966 1443 1020 1492 et
1051 1436 1402 1491 convenimus
1430 1432 1669 1487 crebrius
1694 1444 1833 1498 quos

236 1540 467 1601 pactusc
515 1537 700 1585 vester
750 1528 971 1582 minime
1013 1525 1285 1591 vindicat,
1314 1524 1534 1579 minime
1582 1519 1832 1575 defendat

237 1622 482 1686 intentio,
501 1621 597 1678 sed
618 1620 742 1675 dum
772 1619 1045 1675 dilationis
1074 1616 1416 1689 protenditur
1436 1622 1671 1684 tempus,
1704 1613 1831 1667 dum

238 1712 538 1769 occasionis
565 1719 849 1784 praestatur
876 1717 1101 1766 eventus
1120 1751 1137 1778 ,
1166 1707 1293 1763 dum
1321 1706 1374 1761 in
1404 1705 1614 1761 diversa
1639 1701 1834 1759 diffun-

237 1803 376 1857 ditur
406 1803 619 1857 animus
639 1843 655 1869 ,
685 1815 1026 1870 nequaquam
1079 1812 1206 1870 pars
1234 1806 1418 1854 nostra
1448 1795 1718 1866 postulata
1748 1807 1833 1848 re-

1925 606 2085 661 nimis
2130 612 2324 671 cauta;
2374 604 2615 675 oportuit
2643 618 2771 674 ergo
2806 605 2875 659 ob
2917 605 3208 660 amicitiam
3237 614 3473 659 vestram
3501 648 3516 672 ,

1925 711 2045 766 qua:
2075 695 2143 750 ad
2172 702 2403 750 vestram
2452 708 2550 764 per
2577 693 2795 748 eosdem
2820 692 2846 730 κ
2896 695 3259 763 cognitionem
3308 695 3517 763 pro'ata

1927 788 2036 843 sint
2080 785 2576 856 incorruptibilibus
2615 785 2809 840 vestris
2838 784 3100 840 deducere
3127 785 3371 839 sensibus
3396 827 3412 852 ,
3442 792 3518 851 ut,

1928 876 2209 948 superfluis
2230 876 2444 930 tandem
2466 875 2643 931 causis
2670 874 2854 944 procul
2877 874 3091 939 amotis,
3123 872 3350 930 divalisl
3386 892 3517 945 pm:-

1928 968 2173 1037 pnnenda
2216 965 2534 1021 mortalibus
2580 964 2787 1021 sanctio
2817 965 3026 1019 cunctis
3060 964 3392 1019 insistentem
3423 964 3521 1019 dc-

1930 1057 2243 1112 mutabilem
2271 1056 2675 1125 tranquillitatis
2702 1062 2894 1111 vestrte
2930 1054 3153 1124 gloriam
3182 1056 3247 1109 ad
3276 1054 3523 1109 effectura

1932 1157 1992 1203 ut
2016 1149 2192 1203 valeat
2222 1149 2522 1218 pervenire.
2549 1147 2944 1202 Salutationum
2978 1156 3036 1200 ut
3065 1161 3207 1216 queo
3231 1143 3349 1213 jura
3375 1144 3525 1198 vobis

1933 1239 2180 1305 restituo,
2213 1247 2266 1293 et
2292 1238 2637 1293 charissimos
2678 1244 2894 1291 nostros
2926 1236 2996 1289 ob
3028 1236 3343 1289 immensam
3375 1250 3497 1287 num

1933 1329 2006 1384 ris
2049 1326 2421 1383 excellentiam
2475 1327 2817 1398 imperatoris
2868 1334 3267 1396 praesentesque
3320 1340 3378 1377 su
3412 1338 3527 1377 sum

1934 1419 2173 1489 privatos
2202 1418 2289 1488 pia
2319 1417 2608 1472 devotione
2638 1416 2983 1470 commendo.

2499 1521 2834 1575 EPISTULA
2893 1520 2955 1575 Vl

2078 1612 2309 1669 Eusebio
2335 1629 2589 1669 EPISCOPO
2621 1631 2651 1667 Α
2679 1612 2941 1667 SISEBUTO
2972 1627 3108 1667 REGE
3139 1627 3363 1666 otnecn

2005 1706 2208 1762 Sancto
2237 1721 2301 1759 ac
2327 1705 2622 1761 venerabili
2652 1705 2789 1775 patri
2821 1702 3053 1758 Eusebio
3084 1705 3362 1774 episcopo.

2008 1795 2273 1852 Mortuam
2324 1797 2492 1865 magis
2539 1812 2701 1865 quam
2750 1797 3067 1851 morituram
3121 1797 3409 1865 epistolam
3462 1796 3525 1850 de.

237 1893 411 1964 cepit,
444 1891 497 1947 in
526 1899 732 1946 tantum
776 1899 836 1946 ut
863 1891 1135 1946 hominem
1184 1904 1396 1944 summo
1428 1887 1654 1944 crimine
1681 1884 1831 1941 dedi-
1867 1880 1911 1940 Β
1938 1886 2199 1942 cinerosis
2227 1887 2489 1957 sepulcris
2516 1894 2760 1943 exortam
2794 1886 3091 1958 quamlibet
3119 1887 3381 1957 pollutam
3415 1897 3468 1941 et
3491 1898 3527 1925 ιη

239 1990 365 2048 tttm,
397 1990 456 2035 et
483 1980 631 2035 omni
669 1979 859 2035 morbo
911 1986 1261 2049 prostratum,
1294 1992 1394 2047 pro
1424 1975 1760 2033 districtione
1782 1972 1833 2043 ἀ,

234 2086 332 2142 pro
360 2071 639 2134 castitate,
673 2084 771 2140 pro
800 2069 1144 2133 abstinentia,
1188 2076 1369 2124 nostra
1398 2068 1726 2137 sequebatur
1754 2066 1838 2120 in-

238 2162 426 2216 tentio.
453 2161 534 2215 Ad
557 2159 805 2215 effectum
837 2159 1077 2229 nequivit
1099 2166 1280 2214 nostra
1304 2157 1583 2228 pervenire
1611 2154 1837 2226 petitio;

238 2251 394 2305 istum
435 2249 507 2305 ob
548 2249 651 2305 hoc
698 2248 1277 2320 pseudopresbyterum
1317 2247 1440 2303 ideo
1485 2245 1837 2303 inserendum

238 2340 569 2411 putavimus,
603 2352 662 2395 ut
690 2340 757 2395 de
784 2339 994 2394 caneris
1034 2347 1087 2394 te
1114 2338 1375 2394 scientem
1415 2352 1535 2405 quae
1561 2346 1585 2374 ο
1618 2335 1839 2390 minime

239 2432 411 2487 nescis
440 2432 582 2487 inter
602 2439 796 2487 caetera
820 2431 1097 2485 faciamus.
1122 2429 1397 2487 Iudicibus
1428 2436 1606 2483 tamen
1640 2427 1840 2485 nostris

240 2530 413 2577 vestra
444 2521 662 2577 bonitas
710 2521 864 2577 nobis
895 2520 1128 2576 innotuit
1158 2520 1293 2576 tales
1330 2520 1636 2575 sanctiones
1663 2517 1840 2591 porri-

240 2628 385 2683 gere,
416 2623 479 2669 ut
506 2613 663 2670 nobis
705 2613 885 2669 debita
938 2621 1158 2673 teneant
1198 2624 1251 2668 et
1294 2613 1572 2700 requirant
1615 2628 1681 2668 ex
1728 2627 1837 2686 qua

242 2705 547 2760 nullatenus
570 2712 923 2775 competunt,
953 2712 1009 2762 et
1049 2705 1246 2762 vestris
1292 2703 1532 2782 partibus
1568 2704 1714 2774 juste
1745 2704 1841 2760 de-

240 2795 434 2851 bentur
475 2795 545 2850 ad
588 2795 920 2851 reddendum
972 2796 1193 2857 minime
1237 2795 1524 2851 diflerant:
1558 2797 1661 2852 hoc
1708 2795 1840 2853 mihi

239 2896 451 2957 gratum
499 2902 621 2944 esse
668 2894 847 2943 vestra
897 2894 1190 2956 cognoscat
1246 2886 1531 2945 clementia
1575 2904 1589 2951 ;
1640 2885 1836 2941 sufficit

240 2981 382 3036 enim
430 2981 590 3037 nobis
636 2987 822 3037 nostra
871 2978 1200 3047 defendere,
1242 2988 1299 3036 et
1344 2979 1518 3035 aliena
1562 2980 1841 3048 requirere

242 3068 478 3124 minime.
521 3067 808 3139 Sospitatis
834 3079 1030 3124 vestra:
1071 3069 1265 3124 indicia
1310 3083 1379 3124 ae
1413 3068 1680 3125 felicitatis
1717 3069 1837 3139 jura

239 3160 499 3221 debentia
525 3169 706 3216 mente
733 3160 1087 3217 devotissinta.
1106 3159 1274 3216 reddo
1291 3201 1306 3226 ,
1337 3168 1392 3215 et
1441 3176 1624 3217 rursus
1649 3161 1840 3217 salutis

1940 1978 2087 2032 omni
2138 1978 2460 2048 contagione
2513 1980 2752 2033 cinozam
2812 1978 3072 2035 extremis
3123 1979 3206 2035 vix
3258 1979 3532 2051 attigimus

1939 2069 2217 2135 manibus,
2245 2085 2405 2139 quem
2435 2070 2603 2138 magis
2632 2070 3011 2139 atdtelantcm,
3037 2079 3223 2140 utpote
3254 2086 3358 2127 non
3390 2087 3533 2127 mor-

1941 2166 2086 2211 tuam
2107 2200 2122 2225 ,
2155 2158 2250 2214 sed
2298 2174 2569 2231 nunquam
2600 2159 2870 2214 viventem
2901 2159 3226 2230 aspeximus.
3282 2159 3337 2214 ld
3368 2162 3419 2214 in
3452 2161 3505 2215 f‘u

1941 2247 2107 2303 mosis
2159 2248 2292 2318 ipsis
2341 2247 2531 2304 favillis
2578 2248 2951 2317 advertimus,
2986 2250 3223 2304 inanium
3272 2267 3366 2307 vos
3414 2267 3533 2306 esse

1939 2346 2236 2394 sectatores
2261 2354 2542 2395 causarum
2560 2382 2575 2408 ,
2601 2349 2657 2395 et
2684 2356 2789 2395 non
2822 2356 2997 2412 rerum
3028 2340 3448 2396 firmissimarum
3484 2351 3534 2397 te

1940 2438 2364 2486 consentaneum
2391 2444 2529 2497 esse,
2560 2431 2653 2485 sed
2683 2432 2892 2486 miseris
2921 2433 3227 2488 hominibus
3253 2442 3308 2489 et
3338 2434 3427 2487 intl
3448 2436 3534 2487 ιῐίς

1942 2520 2174 2575 inaniter
2220 2521 2548 2576 consentire.
2591 2520 2873 2590 Obj°Clllnl
2926 2523 3031 2577 hoc
3080 2523 3223 2592 quod
3278 2524 3346 2579 de
3398 2524 3535 2578 ludis

1942 2610 2186 2666 theatriis
2218 2620 2491 2667 taurorum
2515 2620 2564 2679 η,
2596 2613 2823 2676 scilicet,
2860 2613 3157 2668 ministerio
3196 2614 3270 2670 sis
3310 2615 3533 2684 adeptus

1943 2702 2073 2757 nulli
2100 2703 2313 2759 videtur
2343 2705 2608 2760 incertum
2641 2723 2653 2759 :
2688 2706 2810 2774 quis
2840 2722 2945 2760 non
2970 2705 3149 2761 videat
3186 2708 3329 2777 quod
3373 2709 3533 2764 etiam

1939 2794 2125 2849 videre
2147 2796 2428 2866 poeniteat.
2463 2796 2645 2853 Beatis
2669 2797 2798 2852 viris
2828 2796 3089 2851 cadavera
3141 2807 3194 2854 te
3230 2808 3355 2854 ante
3397 2798 3535 2854 ferre

1939 2885 1966 2940 f
1994 2886 2158 2942 tentia
2179 2929 2193 2955 ,
2237 2896 2289 2942 et
2334 2888 2582 2945 homines
2619 2889 2813 2945 divinis
2840 2890 3068 2945 cultibus
3098 2890 3307 2946 assidue
3330 2890 3537 2951 deditos

1941 2981 2033 3029 tua
2076 2978 2407 3047 exprobrare
2465 2980 2733 3033 sententia
2787 2980 3038 3049 reproba.
3109 2979 3247 3051 Ergo
3288 2981 3541 3053 deinceps

1940 3072 2136 3120 nostrae
2158 3068 2509 3135 perennitatis
2530 3067 2721 3124 affatus
2751 3084 3088 3140 nequaquam
3110 3079 3409 3140 exspectes,
3441 3073 3536 3127 sed

1941 3154 2065 3211 huic
2093 3156 2211 3211 viro
2258 3159 2348 3227 qui
2400 3158 2513 3213 Deo
2561 3160 2732 3229 magis
2782 3174 2943 3228 quam
2992 3160 3309 3219 miserandis
3356 3163 3535 3232 placet

225 3258 433 3317 vestrae
456 3247 475 3286 ί
501 3249 778 3320 epistolari
812 3248 1048 3319 alloquio
1069 3250 1224 3319 copia
1247 3258 1594 3320 accepturum
1625 3265 1713 3307 mc
1740 3266 1838 3323 per
1864 3231 1911 3295 C
1942 3246 2267 3313 hominibus,
2299 3246 2590 3308 Ecclesiam
2639 3250 3092 3307 Barcinonensem
3124 3231 3412 3322 regendam
3441 3268 3534 3324 gu-

243 3340 333 3397 Dci
361 3342 595 3412 gratiam
636 3340 873 3399 futurum
904 3341 970 3397 ad
1004 3350 1215 3411 tempus
1240 3356 1480 3398 reservo.

778 3460 792 3486 ⁸
822 3452 1159 3510 EPISTOLA
1204 3453 1249 3509 V

556 3523 786 3585 ϐεειιιιι
818 3540 1047 3582 rumcn
1075 3525 1341 3581 Stssau'ro
1370 3539 1493 3580 amt
1513 3563 1529 3589 ,

462 3616 569 3672 Per
590 3617 843 3671 Aurelium
868 3624 893 3664 Β
919 3625 970 3671 et
998 3615 1365 3671 Theodericum
1397 3615 1621 3671 directa.

313 3705 805 3762 Venerantissimos
842 3705 1024 3775 apices
1052 3721 1083 3759 a
1114 3704 1484 3761 dominissimo
1521 3720 1586 3760 ac
1615 3713 1839 3776 paterna

238 3798 590 3869 amplexione
644 3793 883 3851 tenendo
951 3795 1279 3866 imperatore
1349 3795 1580 3850 libenter
1628 3796 1840 3853 oblatos

237 3897 392 3958 grant
425 3886 590 3943 nimis
610 3885 903 3942 devotione
948 3885 1321 3956 percepimus,
1353 3900 1585 3956 quorum
1617 3872 1841 3949 nobilis;

238 3982 377 4037 siuna
406 3978 584 4034 series
608 3976 999 4048 amplissimum
1045 3975 1215 4032 decus
1248 3976 1530 4032 emieando
1559 3978 1839 4033 nobilitata

241 4069 571 4140 promeruit,
590 4082 713 4124 eum
742 4067 884 4137 ston
911 4075 1131 4121 exarata
1152 4067 1469 4137 opportunis
1491 4068 1685 4124 incolis
1701 4067 1725 4105 ιι
1759 4069 1843 4123 in-

237 4160 400 4230 clyta:
430 4156 714 4228 potestatis
737 4171 900 4210 manu
931 4155 1003 4212 ob
1029 4156 1366 4226 potissimam
1394 4156 1551 4211 fidem
1582 4171 1642 4211 se
1670 4158 1840 4227 ipsam

236 4249 509 4320 inspexit;
540 4247 734 4303 talibus
759 4247 996 4316 denique
1022 4246 1180 4303 donis
1209 4262 1310 4303 nos
1337 4247 1437 4318 ipsi
1465 4248 1647 4303 refecti
1678 4249 1841 4303 bene-

237 4342 539 4397 volentiam
582 4347 816 4395 vestram
857 4339 1172 4410 participem
1203 4338 1319 4395 fore
1346 4339 1648 4403 maluimus,
1680 4355 1842 4409 quem

236 4436 395 4501 satis,
419 4441 481 4487 ut
519 4432 735 4501 opinor,
763 4432 976 4502 inclyta:
1022 4430 1306 4500 potestatis
1354 4430 1579 4500 imperia
1628 4431 1843 4488 effectui

242 4525 564 4595 mancipare
589 4524 877 4590 libentius;
907 4523 1200 4593 gloriosum
1229 4523 1463 4594 denique
1489 4532 1546 4578 et
1574 4525 1841 4582 amicissi-

1939 3338 2381 3410 bernaudamque
2421 3342 2698 3396 committe
2721 3381 2735 3404 ,
2786 3349 3051 3413 quatenus
3078 3341 3292 3397 Christo
3320 3342 3538 3412 auspice

1940 3428 2172 3497 gloriosa
2222 3431 2456 3499 patuerit
2481 3431 2795 3487 solemnitas
2836 3432 3051 3487 Pascha:
3078 3441 3126 3499 ο,
3160 3431 3229 3487 de
3259 3432 3374 3501 ejus
3402 3447 3535 3502 gau-

1938 3520 2163 3575 deatnus
2216 3520 2531 3592 pontificatu
2583 3524 2864 3593 optabile,
2908 3532 2964 3579 et
3009 3523 3076 3578 de
3106 3532 3282 3579 vestra
3322 3524 3536 3584 tandem

1940 3609 2027 3664 vel
2055 3625 2175 3666 sera
2205 3612 2582 3668 consensione.

2492 3723 2821 3780 EPISTOLA
2865 3726 2954 3782 VII

2106 3790 2350 3849 Stssnurt
2390 3808 2543 3850 nacus
2580 3812 2806 3851 DlRECT-A
2850 3814 2917 3851 AD
2946 3796 3370 3861 'l‘nrumum'tt,

2017 3883 2150 3937 Dum
2171 3901 2235 3939 ex
2264 3886 2398 3941 laico
2420 3886 2596 3941 habitu
2626 3888 2693 3941 ad
2724 3892 3091 3947 monasterium
3112 3892 3460 3945 convertisset.

2014 3974 2144 4042 Quis
2168 3977 2312 4031 enim
2344 3976 2483 4031 ultra
2511 3979 2653 4034 vires
2701 3979 2992 4034 immensas
3021 3981 3173 4036 vobis
3204 3998 3308 4037 non
3338 3984 3541 4037 referat

1941 4074 2151 4134 grates,
2182 4082 2321 4136 quos
2368 4066 2720 4124 inflamtnatio
2763 4070 2981 4140 spiritus
3032 4073 3204 4127 sancti
3236 4087 3363 4126 suos
3411 4073 3537 4128 fecit

1942 4170 2062 4210 esse
2089 4158 2367 4213 cultores?
2395 4160 2525 4225 Quis
2547 4160 2778 4229 denique
2807 4160 3128 4215 fidelissimis
3178 4171 3412 4231 nequeat
3451 4172 3535 4217 at-

1945 4247 2057 4301 tolli
2086 4250 2385 4317 przeconiis,
2414 4252 2550 4319 quos
2581 4253 2871 4307 alacriores
2900 4255 3168 4321 cognoscit
3216 4255 3538 4323 pertendere

1942 4337 1996 4392 in
2046 4340 2357 4409 regionibus
2406 4342 2792 4413 sempiternis?
2826 4343 2903 4397 Ex
2959 4345 3063 4399 hoc
3108 4346 3252 4400 enim
3304 4346 3436 4403 ﬁdes
3482 4350 3537 4403 in

1943 4441 2110 4496 opere
2134 4431 2536 4500 comprobatur,
2567 4447 2687 4487 cum
2715 4448 2782 4489 ex
2818 4433 2920 4490 fide
2960 4448 3095 4504 optrs
3139 4436 3342 4490 bonum
3374 4438 3535 4507 perfi-

1944 4521 2103 4587 citur,
2132 4529 2189 4577 et
2218 4522 2593 4579 incunctanter
2637 4527 2958 4583 confitemur
3000 4529 3223 4601 adipisci
3256 4533 3493 4589 cmlestia
3518 4573 3535 4597 ,

238 4630 391 4669 mum
413 4587 631 4669 veritati
661 4587 1051 4670 Theodericum
1073 4614 1221 4684 juxta
1243 4587 1414 4684 magis
1442 4614 1841 4672 clementissimi
1876 4587 1921 4645 ί)
1945 4628 2080 4680 quos
2107 4624 2298 4684 sponte
2327 4614 2617 4673 efficaciter
2655 4622 2904 4677 novimus
2950 4587 3253 4695 relinquere
3295 4587 3335 4681 tt
3356 4587 3536 4683 rrena:

238 4713 296 4757 et
319 4703 460 4758 ultra
482 4718 674 4759 omnes
704 4702 953 4759 homines
982 4704 1034 4758 in
1074 4705 1283 4760 cunctis
1309 4704 1491 4759 eximii
1517 4708 1839 4775 praeceptio-
1876 4704 1877 4711 “

241 4808 365 4849 nem
396 4794 743 4865 imperatoris
770 4794 836 4847 ad
862 4803 1095 4848 vestram
1124 4802 1331 4849 certum
1357 4802 1443 4849 est
1486 4795 1711 4865 gloriam
1742 4799 1839 4853 de-

240 4885 501 4954 stinasse,
531 4901 780 4942 conuexo
805 4886 855 4941 ei
884 4886 1148 4941 Atnclium
1187 4887 1555 4959 presbyterem
1580 4905 1840 4946 veneran-

244 4975 375 5031 dum
401 4994 619 5048 aequum
648 4993 768 5034 esse
795 4978 1154 5049 pensavimus,
1185 4993 1323 5046 quos
1351 4980 1515 5033 eundi
1559 4980 1686 5036 felix
1716 4981 1843 5038 fecit

250 5062 355 5119 iter
378 5066 558 5123 unitos
588 5066 629 5131 ί,
661 5067 938 5123 remeandi
970 5082 1305 5137 nequaquam
1342 5071 1597 5139 qumlibet
1624 5076 1841 5130 occasio

252 5153 411 5213 faciat
451 5173 574 5214 esse
602 5157 820 5214 divisos.
854 5158 945 5213 Isti
989 5158 1219 5228 denique
1253 5170 1457 5230 queunt
1485 5164 1635 5219 vobis
1661 5168 1842 5223 omnia

253 5247 495 5307 fidelibus
516 5251 694 5308 verbis
722 5268 787 5308 ac
812 5252 1038 5321 eloquiis
1060 5253 1073 5303 i
1111 5251 1347 5323 pandere
1370 5255 1579 5322 vividis,
1610 5272 1839 5326 quorum

326 5386 353 5450 ᾗ
396 5379 535 5450 Ioh,
568 5382 814 5450 nequitia.

330 5446 355 5483 ι’
394 5448 537 5514 Tol.,
560 5446 810 5505 norimus.

336 5528 355 5590 ξ
399 5518 541 5590 Ioh,
570 5533 737 5590 pater.

330 5584 353 5621 ἀ
398 5584 538 5654 Tol.,
570 5584 877 5647 discutioue.

335 5667 355 5731 ς
400 5658 542 5731 Τυιε,
574 5679 696 5731 qua.

338 5726 352 5761 ί
404 5725 473 5797 La
505 5725 660 5797 “cal,
688 5733 842 5786 saluti
865 5741 1062 5787 vesti-rc.

338 5808 358 5838 κ
402 5796 470 5851 La
504 5796 657 5864 Real,
693 5802 967 5857 Umefium.

339 5870 359 5902 "
392 5866 531 5937 Τι›Ι.,
561 5871 613 5923 in
638 5873 783 5930 locis.

1945 4704 2085 4775 Ergo
2132 4707 2326 4763 indolis
2371 4724 2537 4776 mea},
2570 4726 2633 4767 ac
2680 4730 2922 4770 meorum
2974 4716 3197 4785 pignora
3247 4720 3532 4784 luminum,

1944 4815 2293 4871 meorumque
2322 4802 2589 4859 viscerum
2618 4806 3042 4875 Splendidissima
3085 4810 3403 4876 rudimenta,
3436 4812 3537 4865 hoc

1942 4907 2078 4961 opus
2102 4893 2246 4961 quod
2277 4894 2329 4949 in
2359 4896 2512 4953 nobis
2541 4898 2810 4953 cernimus
2839 4915 2957 4957 esse
2987 4902 3281 4972 indignum,
3315 4903 3535 4958 firmitas

1946 4983 2026 5037 vel
2059 4983 2190 5038 fides
2220 4985 2271 5038 in
2304 4986 2455 5043 vobis
2503 4996 2721 5057 praestet
2764 4990 3011 5048 idoneum
3033 5011 3061 5060 ;‘
3092 5010 3216 5047 natu
3246 5008 3531 5049 numerosa

1944 5074 2150 5141 frugum
2183 5077 2553 5145 praestolamur
2580 5079 2834 5147 colligere
2863 5082 3055 5150 pretia,
3087 5098 3207 5136 cunt
3238 5098 3299 5134 ex
3333 5066 3552 5137 nostris

1943 5165 2237 5219 seminibus
2281 5166 2582 5223 destinasse
2628 5171 2946 5225 confidimus
2996 5171 3061 5225 ad
3111 5173 3330 5240 regione
3379 5172 3533 5226 beata

1943 5260 2289 5332 agiographa,
2314 5263 2453 5318 inter
2472 5265 2757 5330 clamante,
2782 5275 3061 5335 prmcepta.
3086 5265 3228 5320 Beati
3254 5266 3383 5321 fifios
3403 5283 3534 5322 suos

2023 5396 2036 5432 ί
2074 5397 2216 5456 ΤοΙ..
2248 5399 2383 5453 inter
2411 5402 2624 5454 amicos.

2021 5467 2033 5539 _i
2077 5466 2147 5539 lia
2164 5468 2333 5539 Betti.
2365 5471 2653 5539 colloquiis.

2019 5536 2039 5573 κ
2081 5537 2224 5603 'l'ol.,
2253 5540 2479 5593 easdem.

2024 5606 2037 5644 ἲ
2078 5606 2223 5674 ΤοΙ,,
2252 5620 2450 5663 amotos
2481 5609 2705 5663 durales.

2018 5688 2055 5713 ιη
2081 5676 2221 5744 To|.,
2251 5696 2315 5732 ex
2332 5684 2435 5735 sin.
2463 5680 2508 5733 la
2542 5696 2639 5741 vnz
2666 5683 2916 5734 cirrosum.

2021 5758 2043 5782 "
2077 5747 2217 5819 Tol..
2248 5750 2383 5803 ludis
2413 5750 2628 5803 theatris
2651 5753 2959 5819 plumarum.

2022 5830 2044 5853 υ
2079 5816 2149 5873 La
2182 5818 2311 5875 Real
2343 5860 2357 5886 ,
2387 5821 2647 5888 paschale.
