3928 6176
290 448 381 508 571
1425 443 1735 502 SiSEliU'i'i
1771 429 2157 498 GOTiiO‘RUM
2198 438 2408 495 REGIS
3466 441 3571 495 572

289 567 508 638 (inquit)
545 565 632 634 qui
663 555 996 619 constituunt
1035 561 1086 616 in
1128 558 1278 628 Sion,
1312 569 1365 616 ct
1395 559 1718 615 domesticos
1746 573 1874 612 suos
1904 553 1949 616 Α
1979 554 2331 625 perduceret,
2364 547 2628 622 quatenus
2658 549 2908 638 credatur
2953 567 3074 608 cum
3113 545 3330 610 Christo
3373 552 3572 614 Christi

286 660 338 713 in
369 633 660 710 fertisaiem
686 669 701 718 ;
747 646 840 706 tali
886 638 1160 706 intellectu
1201 647 1544 720 relinquitur,
1573 647 1629 703 ut
1660 643 1873 702 affectio
1973 643 2215 713 corporis
2245 642 2544 713 plenitudo,
2574 639 2700 697 dum
2729 633 2800 696 ad
2825 652 2989 713 caput
3017 644 3069 698 in
3096 644 3353 712 Superuis
3381 661 3574 716 perve-

286 755 511 816 paterna'
537 739 867 798 memoretur
895 742 948 796 in
981 739 1118 805 ﬁliis,
1149 756 1270 795 cum
1313 737 1655 796 meminerint
1679 753 1872 808 quem-

286 834 572 891 admodum
609 833 866 889 educatia
898 831 1094 887 fuerint
1140 833 1195 888 in
1237 831 1382 887 curis
1432 825 1761 887 domesticis.
1811 825 1876 881 Et

286 929 416 983 licet
450 943 558 981 non
586 941 683 980 vos
720 924 872 994 juxta
902 939 1054 978 sacra
1084 923 1321 978 auctoris
1349 920 1616 992 prmconia
1641 912 1874 988 iudicem

287 1015 581 1087 subjectos,
610 1016 705 1071 sed
739 1017 1082 1084 pretiosiores
1109 1015 1330 1079 amicos,
1364 1015 1570 1082 majora
1600 1020 1778 1065 tamen
1809 1008 1878 1063 de

289 1113 442 1166 vobis
493 1109 689 1164 auxilia
733 1108 859 1162 mihi
918 1109 1203 1178 provenire
1249 1123 1356 1160 non
1403 1104 1618 1169 dubito,
1647 1117 1783 1170 quos
1810 1100 1879 1156 de

290 1203 458 1272 gradu
512 1199 901 1271 subiectioneb
959 1200 1024 1253 ad
1079 1197 1304 1252 amicale
1360 1196 1573 1252 confido
1626 1193 1880 1248 transisse

295 1295 567 1365 proposito
595 1303 638 1348 ε.
669 1287 1049 1347 Verumtamen
1081 1289 1203 1358 quia
1243 1304 1383 1358 saepe
1411 1288 1534 1341 mali
1565 1286 1751 1342 odiunt
1777 1285 1878 1340 bo-

293 1403 412 1449 nos,
444 1394 498 1440 et
527 1383 874 1438 adversantur
906 1380 1148 1435 ﬁdelibus
1179 1379 1439 1442 inﬁdeles,
1467 1385 1728 1447 quantum
1759 1390 1885 1445 gra-

291 1478 465 1532 cilitns
483 1473 849 1530 subministrat
871 1470 1167 1546 ingenii,.lut
1190 1485 1219 1524 a
1241 1468 1630 1539 maprogenita
1654 1467 1880 1532 viscera,

292 1582 452 1636 quam
477 1565 563 1635 pie
584 1571 848 1633 cauteque
871 1560 1078 1626 vivatis,
1111 1560 1352 1615 tenacius
1371 1560 1634 1625 obsecro;
1664 1566 1718 1613 et
1744 1571 1884 1627 quos

293 1662 454 1716 etiam
485 1660 765 1714 devinctos
793 1657 846 1711 iu
879 1655 1103 1710 Domino
1127 1654 1409 1725 junctione
1447 1651 1726 1708 charitatis
1753 1668 1885 1708 con-

295 1768 466 1808 nexos
504 1760 624 1808 esse
649 1747 886 1816 conﬁdo,
915 1755 971 1802 ut
1003 1762 1126 1803 eum
1156 1746 1334 1801 divina
1376 1741 1625 1814 suffragia
1658 1742 1890 1814 prolatis

295 1844 431 1901 infra
462 1842 744 1920 sententiis
763 1837 790 1879 ἀ
820 1840 1002 1896 saeculi
1048 1838 1205 1912 hujus
1243 1833 1490 1893 fluctibus
1518 1837 1783 1920 evitantes
1819 1836 1885 1888 ad

1973 735 2143 793 uisset
2167 735 2405 789 omnium
2429 735 2795 790 membrorum
2825 750 3112 806 compago.
3145 729 3257 792 Hac
3294 735 3307 774 ¹
3342 738 3419 792 sic
3449 738 3575 794 cha-

1976 825 2174 881 rissimi
2217 831 2274 881 et
2320 821 2554 881 ﬁdeliter
2597 811 2829 892 edocati,
2865 827 3154 896 animoque
3201 828 3416 885 sincero
3461 831 3575 885 sine

1977 914 2104 971 fuco
2156 917 2438 986 progenito
2458 959 2473 983 ,
2515 916 2637 971 illos
2685 915 2968 987 subiacere
2996 918 3212 973 mternis
3241 911 3516 989 suppliciis
3545 936 3573 973 a

1978 1007 2172 1077 quibus
2201 1005 2401 1062 eﬁusus
2429 1015 2512 1062 est
2553 1007 2821 1078 pretiosus
2858 1008 3159 1065 dominicus
3192 1011 3437 1079 sanguis;
3479 1012 3577 1066 sed

1981 1111 2049 1151 ne
2093 1095 2370 1150 videamur
2412 1111 2510 1168 per
2545 1093 2833 1152 verborum
2871 1097 3101 1153 circuitu
3152 1114 3256 1168 qua
3302 1100 3577 1155 intulimus

1978 1187 2168 1259 procul
2197 1203 2227 1242 a
2249 1188 2462 1245 ratione
2486 1198 2544 1255 ω,
2569 1189 2842 1243 manentia
2869 1191 3174 1260 evangelica
3207 1187 3322 1246 luce
3351 1193 3574 1248 clariora

1981 1278 2267 1334 aﬁeramus
2314 1278 2620 1350 praecepta,
2675 1276 2764 1336 ubi
2820 1281 2962 1338 inter
3008 1292 3199 1338 cretera
3238 1285 3578 1355 amplectitur

1976 1372 2176 1442 justus,
2205 1379 2260 1428 et
2291 1371 2613 1428 terriﬁcatur
2640 1373 2866 1443 impius,
2898 1375 3054 1430 nobis
3080 1377 3330 1432 omnibus
3360 1393 3574 1448 prtapa-

1984 1472 2160 1517 ratum
2189 1462 2501 1532 paradisum
2531 1463 2766 1519 insinuat
2792 1464 2862 1520 ob
2883 1459 3097 1521 diabolo
3126 1467 3351 1536 ejusque
3380 1468 3580 1536 angelis

1985 1551 2476 1622 inexstinguibilem
2508 1553 2684 1622 ignem
2715 1553 3068 1624 demonstrat,
3087 1564 3143 1612 et
3170 1557 3294 1626 quia
3324 1566 3582 1612 venturus

1986 1649 2068 1695 est
2096 1640 2162 1695 ad
2191 1638 2424 1696 ﬁdelium
2451 1642 2671 1711 praemia
2712 1649 2768 1697 et
2812 1643 3098 1714 impiorum
3143 1637 3424 1717 supplicia.
3460 1647 3581 1702 lla-.c

1986 1733 2172 1786 sancta
2201 1747 2336 1802 quos
2365 1731 2546 1787 unitos
2592 1731 2645 1786 in
2687 1732 2902 1788 Domini
2948 1733 3119 1803 gratia
3167 1743 3287 1790 esse
3333 1734 3582 1800 conﬁdo,

1989 1824 2197 1880 sincera
2248 1824 2509 1895 petitione
2555 1840 2814 1895 exposco,
2844 1827 2899 1881 et
2937 1836 3032 1897 per
3060 1826 3344 1882 Dominum
3394 1836 3584 1894 testor,

294 1939 511 2008 mnum
559 1907 834 2005 δένδρη-πίε
880 1907 1186 2001 pervenisse
1223 1926 1480 1983 νερῐοιῑω,
1533 1919 1781 1981 Poteram
1821 1923 1886 1980 de
1919 1907 1969 1972 Β
1998 1919 2056 1970 ut
2082 1931 2269 1987 preces
2296 1916 2536 1972 assiduas
2584 1907 2999 1988 Redemptorem
3031 1911 3314 1976 Dominum
3346 1930 3585 1974 nostrum

295 2029 536 2084 omnium
566 2025 859 2096 cupiditate
882 2032 904 2061 θ
936 2017 1197 2077 nutricem
1231 2019 1492 2074 malorum
1524 2017 1577 2074 in
1608 2017 1887 2088 procincm

295 2137 460 2189 parva
509 2119 794 2187 colligere,
825 2115 925 2171 sed
960 2108 1290 2186 superfluum
1339 2110 1440 2166 fuit
1486 2110 1607 2166 illos
1652 2124 1886 2179 unquam

295 2211 469 2266 aliena
513 2207 881 2278 amplectere,
909 2207 1047 2284 quos
1092 2192 1305 2258 sibimet
1333 2199 1513 2257 debita
1555 2198 1890 2257 deiectantcr

294 2299 647 2366 dimittentes,
679 2293 928 2354 novimus
973 2293 1046 2352 ad
1087 2289 1424 2367 profuturam
1455 2291 1694 2364 requiem
1724 2288 1890 2346 desti-

296 2410 473 2450 nasse.
525 2385 603 2448 De
650 2389 940 2462 superbia,
989 2385 1233 2453 scilicet,
1277 2381 1589 2442 invidentia:
1635 2398 1890 2454 germana

300 2501 419 2558 quae
446 2483 464 2524 ί
497 2484 586 2541 vel
606 2481 807 2539 sociam
837 2481 1006 2551 magis
1033 2481 1308 2550 magisque
1337 2477 1578 2534 cavenda
1605 2491 1706 2542 εει,
1737 2475 1891 2544 cujus

301 2578 454 2648 origo
476 2567 678 2632 nefaria
702 2569 892 2629 mortis
935 2571 1062 2627 fecit
1088 2585 1207 2626 esse
1233 2569 1576 2641 principium,
1607 2567 1894 2639 sapientis-

300 2669 438 2724 simo
469 2665 606 2720 ultra
633 2665 825 2720 omnes
849 2659 1151 2717 affirmante
1171 2651 1332 2716 Petro
1362 2659 1609 2731 apostolo
1637 2679 1649 2715 :
1685 2658 1894 2714 Invidia

301 2753 515 2822 diaboli,
545 2755 750 2826 inquit,
791 2772 930 2810 mors
971 2751 1182 2809 intravit
1211 2755 1266 2808 in
1295 2752 1472 2808 orbem
1497 2759 1772 2806 terrarum.
1800 2739 1896 2806 llis

305 2849 504 2920 quippe
523 2845 808 2902 virtutibus
827 2843 1056 2914 utraque
1077 2841 1207 2899 vitia
1238 2840 1560 2898 mortiﬁcata
1589 2841 1847 2896 raduntur
1868 2849 1892 2887 ς

305 2927 522 3010 quando
546 2933 736 2992 crebra
766 2933 1038 2989 humilitas
1065 2932 1374 3004 superbiam
1403 2937 1622 3002 superat
1651 2938 1706 2985 et
1743 2944 1896 3014 amor

307 3030 556 3085 fraterna!
604 3026 921 3084 divulsionis
971 3023 1321 3082 invidentiam
1375 3024 1587 3090 calcat;
1635 3023 1706 3080 sit
1752 3021 1895 3078 enim

307 3125 622 3190 competens
674 3119 998 3187 sinceraque
1054 3115 1172 3171 sine
1229 3114 1628 3170 intermissione
1683 3110 1894 3175 oratio,

307 3209 518 3265 :tSSitilla
550 3202 712 3264 lectio
731 3246 746 3272 ,
777 3208 1054 3264 moderata
1079 3206 1371 3271 comestio,
1413 3202 1736 3259 abstinentia
1761 3212 1899 3257 tem—

311 3304 517 3370 perata.
549 3299 824 3356 humilitas
853 3293 1093 3370 copiOsa,
1116 3314 1240 3368 spes
1270 3293 1395 3364 ﬁxa,
1425 3295 1556 3352 ﬁdes
1581 3285 1903 3364 certissima,

315 3401 478 3463 super
498 3392 581 3448 his
614 3389 864 3448 Omnibus
891 3391 1147 3456 charitas,
1169 3406 1287 3461 quae
1311 3391 1488 3462 operit
1513 3389 1906 3470 multitudinem

315 3487 697 3555 peccatorum,
726 3483 899 3552 magis
935 3482 1212 3553 magisque
1258 3475 1521 3553 largiﬁua.
1553 3482 1796 3553 Cumque
1824 3482 1907 3538 his

311 3573 560 3630 erunibus
585 3573 738 3629 vobis
780 3572 943 3629 fuerit
987 3573 1159 3643 gratia
1186 3572 1543 3644 circumsepta
1566 3571 1618 3640 ιι,
1651 3573 1909 3630 resisten-

312 3663 440 3717 dum
486 3671 571 3718 est
611 3661 826 3719 fortiter
866 3671 1057 3718 contra
1095 3662 1408 3718 millefarias
1455 3657 1787 3719 callidissimi
1813 3677 1909 3719 ne-

313 3755 512 3826 quitias
539 3754 844 3826 deceptoris
862 3794 884 3821 ,v
913 3762 982 3810 ne
1003 3795 1019 3822 ,
1067 3753 1211 3823 quod
1242 3753 1415 3822 absit,
1455 3752 1907 3824 quemadmodum

314 3859 481 3914 genus
522 3839 776 3900 elationis
815 3841 1062 3898 infesta:i
1099 3858 1206 3898 non
1236 3843 1345 3897 tam
1373 3842 1600 3898 virtutes
1631 3829 1911 3896 videantur

316 3949 435 3992 esse
462 3947 621 4004 quam
666 3933 792 3988 vitia
811 3975 826 3998 ,
871 3931 963 3988 sed
990 3941 1249 4002 quantum
1281 3932 1513 3986 maxima
1542 3930 1738 3987 fuerint
1766 3930 1909 3986 dona

319 4025 588 4096 largitoris
606 4023 760 4079 vobis
781 4023 832 4078 in
861 4037 1106 4088 munere,
1126 4029 1436 4092 tantumque
1464 4021 1767 4092 promptior
1791 4035 1911 4076 esse

320 4115 514 4182 debet,
543 4113 659 4171 sine
688 4112 848 4168 laude
875 4111 1170 4182 cuiuspiam
1203 4127 1354 4166 mens
1383 4119 1560 4168 vestra
1591 4110 1644 4166 in
1683 4111 1910 4167 sanctis-

318 4209 457 4264 simo
485 4219 672 4277 opere.
703 4204 837 4260 Nam
867 4203 958 4260 ille
985 4203 1200 4274 quidet
1242 4202 1453 4260 excelsa
1474 4203 1731 4258 virtutum
1761 4202 1912 4258 fasti-

321 4298 406 4366 gia
434 4295 725 4352 invidentia
753 4293 913 4350 simul
939 4301 995 4349 et
1022 4293 1258 4350 elatione
1288 4291 1546 4349 suil'cctus
1583 4307 1690 4347 non
1721 4291 1913 4349 imme-

320 4383 448 4452 rito,
463 4385 554 4442 sed
572 4383 878 4454 infeliciter,
894 4383 948 4439 in
971 4381 1128 4452 hujus
1151 4383 1292 4438 aeris
1312 4383 1491 4452 specie
1506 4388 1589 4436 est
1603 4379 1908 4448 devolutus,

321 4477 499 4550 prisca
521 4477 642 4534 odia
665 4473 694 4515 ¹ι
713 4487 903 4533 contra
919 4476 1212 4532 humanum
1228 4484 1452 4547 apparet
1475 4489 1666 4544 genus,
1690 4483 1744 4531 et
1764 4475 1912 4531 dolet

324 4567 608 4624 clamitosa
635 4567 892 4636 fragilitas
919 4567 1025 4623 hoc
1053 4582 1151 4624 nos
1178 4581 1274 4638 per
1294 4565 1610 4623 humilitatis
1631 4565 1913 4636 acquirere

327 4655 574 4726 gratiam,
597 4653 742 4726 quod
761 4655 852 4711 ille
878 4656 1109 4726 perdidit
1138 4671 1236 4728 per
1255 4655 1539 4713 infaustam
1568 4658 1919 4729 superbiam;

329 4746 556 4803 intentio
581 4747 779 4818 quippe
819 4745 962 4804 illius
1004 4747 1163 4804 facile
1197 4747 1414 4804 Christo
1456 4749 1750 4804 comitante
1785 4763 1916 4804 con-

331 4836 540 4903 teritur,
571 4849 694 4892 cnm
725 4836 1026 4908 postulatus
1054 4833 1313 4894 Dominus
1339 4837 1494 4893 nobis
1521 4835 1683 4894 fuerit
1728 4837 1917 4913 δυσω-

328 4933 521 4996 gaius;
563 4944 688 4984 nam
716 4929 956 4986 omnium
985 4937 1355 4987 creaturarum
1381 4939 1595 4987 creator
1624 4934 1710 5002 p’a
1757 4932 1916 4989 mise~

330 5019 541 5076 ratione
582 5019 744 5091 jussit
781 5018 852 5078 ad
891 5029 1062 5080 terras
1107 5023 1454 5088 descendere,
1488 5032 1545 5079 ut
1573 5025 1625 5079 in
1670 5025 1918 5084 aethereis

329 5109 549 5171 aedibus
593 5125 694 5187 per
739 5115 1065 5187 opulentiam
1107 5115 1367 5174 bonitatis
1407 5117 1702 5176 humanum
1750 5131 1918 5188 genus

410 5273 432 5300 ³
464 5263 539 5320 La
565 5263 720 5330 Rea],
748 5267 971 5324 educati.

407 5334 432 5373 ιι
463 5331 608 5398 ΤοΙ.,
641 5337 979 5394 ουὺνεειὶοηε.

407 5415 432 5480 °_
466 5403 538 5480 La
569 5405 745 5480 Real.,
773 5411 1066 5480 prrrposito.

408 5472 433 5511 ι¹
469 5474 540 5550 μί
571 5472 955 5550 [ηἰεηιὲιξιῆτιὶιρ
980 5481 1102 5550 aqui
1135 5481 1296 5550 infra.

415 5557 436 5619 f‘
468 5543 541 5619 [1a
570 5546 722 5614 Real,
751 5549 1030 5619 cupiditiaz.

417 5614 434 5654 ί
467 5613 610 5691 Tol.,
643 5613 1061 5691 germanamque.

414 5697 440 5734 ις
474 5683 548 5740 La
579 5683 728 5753 ltéal,
763 5683 1060 5748 creduntur.

413 5755 440 5828 ‘_'
471 5753 613 5828 Tol.,
641 5759 1001 5828 circnma-pta.

421 5826 434 5864 ί
475 5824 548 5895 La
579 5827 729 5888 Real,
763 5824 972 5895 infecte.

420 5911 436 5948 ι
475 5891 615 5964 Tol.,
644 5891 843 5967 quidem
854 5937 866 5950 .

1991 2006 2079 2074 qui
2103 2013 2417 2075 peccatores
2445 2001 2656 2062 salvare
2682 2009 2862 2077 venit,
2894 2018 3000 2065 non
3032 2012 3292 2082 perdere,
3319 2013 3429 2082 iugi
3462 2027 3586 2066 ora-

1992 2095 2140 2152 tione
2178 2112 2277 2167 pro
2321 2097 2517 2153 nostris
2559 2099 2859 2155 sceleribus
2885 2112 2942 2156 et
2971 2089 3250 2158 immensis
3276 2103 3587 2159 criminibus

1993 2191 2150 2242 o'rare
2196 2202 2304 2242 non
2347 2186 2606 2258 pigeatis,
2641 2197 2909 2259 quatenus
2957 2183 3025 2247 ab
3061 2180 3278 2248 aiternis
3314 2192 3589 2262 suppliciis

1993 2293 2081 2335 me
2111 2278 2396 2335 liberatum
2427 2295 2548 2335 cum
2591 2282 2792 2337 sanctis
2836 2284 3041 2353 angelis
3069 2283 3140 2338 ad
3161 2289 3166 2296 ‘
3187 2298 3411 2352 regnum
3438 2299 3588 2340 eom—

1993 2368 2297 2426 muniterve
2349 2365 2610 2440 perducat
2657 2381 2919 2428 reternum
2963 2393 2977 2427 :
3035 2376 3139 2430 erit
3187 2376 3416 2447 denique
3468 2393 3591 2433 reor

1995 2455 2150 2515 nobis
2175 2467 2301 2513 ante
2331 2459 2498 2515 Deum
2528 2462 2798 2538 remissio,
2829 2463 2874 2518 si
2906 2473 3077 2519 vestra
3106 2481 3206 2535 pro
3237 2466 3396 2520 nobis
3422 2467 3561 2521 inter

1995 2549 2153 2608 cedat
2178 2551 2373 2607 oratio.
2401 2552 2650 2623 Alioquin
2671 2558 2946 2624 quomodo
2975 2555 3232 2614 Dominus
3259 2559 3590 2629 pr0p01~itttm

1996 2650 2264 2708 vestrum,
2297 2659 2457 2713 quem
2488 2647 2761 2716 przescivit
2801 2663 2922 2704 esse
2950 2648 3200 2717 beatum,
3226 2651 3278 2706 in
3307 2652 3591 2707 virtutibus

1998 2733 2337 2791 roboraverit
2377 2739 2600 2806 sanctis,
2629 2748 2724 2794 aut
2765 2740 2996 2809 qualiter
3025 2741 3189 2796 vitam
3234 2744 3588 2799 emnobialem

1998 2828 2130 2885 estis
2173 2819 2356 2898 adepti
2402 2837 2627 2900 paterna
2665 2830 2958 2902 desideria,
2990 2832 3221 2889 ﬁliorum
3263 2832 3475 2891 affectio
3501 2851 3587 2890 re-

2001 2919 2215 2992 scriptis
2235 2929 2262 2956 ιι
2294 2919 2457 2976 faciat
2479 2936 2599 2977 esse
2621 2922 2880 2991 jucunda.

2130 3031 2336 3096 Magnus
2361 3033 2546 3097 ubique
2569 3033 2708 3087 Deus
2722 3047 2968 3100 nunquam
2993 3038 3242 3090 mutabilis
3257 3050 3445 3090 auctor.

2128 3155 2288 3225 (ἔδειξα
2309 3156 2424 3206 mihi
2448 3159 2495 3225 in
2515 3169 2671 3208 rerum
2691 3159 2854 3210 valeas
2873 3160 2901 3192 α
2926 3159 3226 3224 tu,Tend'rl'a,
3252 3173 3469 3225 semper,

2194 3216 2544 3294 ἅφθέηὶωο
2567 3227 2718 3294 grato
2729 3234 2921 3294 nomen_
2931 3216 3139 3294 amantis
3160 3216 3289 3275 arua.

2134 3278 2226 3347 Ωιεὶ
2250 3279 2335 3330 tibi
2350 3278 2724 3347 divinumiussit
2739 3285 3013 3347 concedere
3026 3293 3221 3347 votum,

2194 3339 2308 3397 Ipse
2325 3341 2412 3391 tibi
2429 3339 2609 3393 tribuat
2630 3343 2911 3394 Sandrlmer
2930 3348 2958 3387 Ρ
2981 3339 3217 3397 Διωενίιξ

2131 3401 2463 3470 Te__Dominus
2484 3417 2642 3470 veras
2662 3408 2822 3470 veraci
2845 3409 2997 3470 gratia
3014 3417 3202 3468 servet,

2199 3462 2262 3532 U_t
2279 3476 2456 3532 nomen
2479 3462 2908 3532 meritis_vindic§s
2930 3469 3035 3532 ipSe
3063 3472 3179 3520 tuis.

2132 3523 2422 3592 Sit__Leo_de
2437 3527 2575 3592 tribu
2590 3525 2826 3592 luda_t_ibi
2843 3523 3028 3580 fauc'tor
3045 3533 3258 3592 ubique;

2195 3587 2272 3637 Sit
2295 3587 2525 3699 tigingta,
2550 3591 2580 3632 (ι
2599 3589 2686 3640 lux
2705 3587 2926 3643 Christus
2947 3593 3133 3653 ubinunc

2546 3749 2878 3808 EPISTOLA
2934 3753 3071 3810 Vill.

2009 3857 2256 3916 Slsl-ZBUTI
2301 3877 2454 3918 nucis
2505 3860 2806 3918 ϐοτιιοιιυιι
2853 3880 2923 3920 an
2966 3863 3364 3921 Amnutmm
3423 3879 3598 3920 ascen

2082 3923 2552 4056 gonoomaaonuu
2606 3949 2674 3988 ετ
2723 3927 3102 3992 Tecnouttnu
3157 3947 3176 3974 τ
3229 3951 3407 3992 sonu:
3450 3951 3588 3992 μεθι-

2121 4017 2222 4056 ΑΜ.

2121 4017 2222 4056 AM.

2190 4115 2299 4172 Pro
2347 4116 2451 4187 [ide
2479 4115 2694 4186 Christi,
2728 4134 2820 4187 per
2853 4117 3144 4176 Totitanem
3173 4121 3390 4176 directa.

2083 4229 2324 4286 Dominis
2350 4230 2792 4300 eminentissimis
2815 4239 2880 4288 ac
2898 4235 3355 4292 venerantissimis
3386 4244 3442 4291 et
3481 4247 3597 4304 ger—

2013 4338 2173 4380 mana
2216 4324 2482 4380 charitate
2525 4323 2656 4379 mihi
2713 4327 3012 4394 eonsociis,
3065 4325 3215 4382 fratri
3272 4326 3602 4382 Advalvaldo

2012 4415 2123 4485 regi
2154 4416 2329 4485 gentis
2375 4415 2851 4485 Langobardorum
2889 4425 2945 4473 et
2973 4415 3358 4473 Theodolindze
3385 4419 3600 4488 reginas,

2012 4509 2066 4564 in
2087 4508 2305 4563 nomine
2332 4507 2572 4574 Domini,
2589 4508 2871 4564 Sisebutue
2890 4521 2985 4564 rex
3011 4509 3454 4579 Wisigothornm.

1949 4629 1994 4688 ο
2090 4599 2246 4655 Tunc
2271 4599 2413 4655 enim
2441 4599 2678 4654 charitas
2715 4613 2782 4654 ex
2811 4613 2978 4670 opere
3003 4599 3218 4656 sincero
3246 4600 3606 4668 cogridscltur,
3645 4623 3657 4637 ι

2019 4703 2141 4748 cum
2162 4695 2478 4748 intemerata
2500 4689 2624 4746 ﬁdei
2652 4691 2836 4761 regula
2852 4667 2955 4746 ore
2973 4689 3243 4747 catholico
3270 4667 3608 4747 demonstra-
3660 4667 3673 4686 ’

2018 4793 2138 4849 tur;
2187 4783 2417 4853 parturit
2445 4781 2677 4837 alternas
2715 4782 2854 4852 parti
2902 4781 3138 4850 ingentia
3170 4791 3320 4838 mera
3345 4781 3606 4852 professio

2019 4873 2234 4944 gaudia,
2266 4873 2483 4943 quando
2510 4872 2840 4928 exsecranda
2881 4872 3079 4928 Ariana
3121 4872 3388 4944 pernicies
3414 4873 3483 4930 de
3518 4885 3612 4943 ge-

2020 4977 2216 5019 nerosa
2246 4964 2493 5034 prosapia
2543 4963 2777 5034 pellitur,
2803 4972 2860 5020 et
2889 4963 3082 5021 effossa
3117 4965 3203 5020 vel
3226 4963 3490 5022 snﬁocata
3520 4975 3610 5021 ra-

2020 5057 2218 5113 dicitus
2263 5072 2300 5113 e
2323 5058 2518 5114 Christi
2565 5072 2822 5130 corpore,
2857 5059 3057 5116 Christi
3098 5060 3325 5130 gratiam
3373 5069 3607 5128 putatur.

2022 5149 2231 5205 interea
2288 5149 2428 5205 sicut
2473 5149 2542 5206 de
2589 5151 2866 5209 conversis
2931 5151 3188 5222 opulenta
3251 5151 3614 5209 exsultatione

2099 5287 2120 5324 ει
2153 5277 2272 5341 Tol.
2285 5330 2298 5354 ,
2329 5287 2500 5344 hodie.

2101 5357 2119 5395 ι
2155 5357 2302 5419 Tol.,
2330 5359 2461 5414 lucc.

2099 5438 2137 5465 ιη
2171 5426 2244 5480 La
2274 5427 2425 5494 Beal,
2456 5431 2709 5485 oratione.

2101 5507 2126 5534 υ
2157 5497 2247 5569 [_.a
2264 5497 2394 5552 Real
2409 5541 2423 5564 ,
2452 5499 2725 5569 respicitis.

2103 5577 2127 5605 ο
2155 5566 2296 5633 ΤοΙ.,
2321 5569 2516 5624 valens.

2105 5649 2132 5688 ρ
2165 5637 2288 5692 Tol.
2309 5679 2326 5707 ,
2359 5639 2687 5696 Sundrimer.

2101 5718 2129 5758 tt
2163 5707 2305 5774 Tol.,
2331 5710 2455 5764 vita.

2033 5777 2304 5905 άοὶἱνῖἳιί,
2339 5779 2727 5839 Terdolindam.
2758 5782 2836 5839 En
2867 5783 2918 5842 el
2955 5790 3192 5896 texto'se
3217 5785 3428 5845 (ascribe
3447 5785 3594 5844 Theo
