3858 6190
259 426 365 481 373

1738 416 2113 473 EPISTULA}.

3423 425 3525 481 374

258 534 632 595 sustollirnnr,
668 530 835 585 instar
889 528 956 583 de
1004 525 1242 581 adversis
1295 525 1525 580 acclines
1580 523 1839 579 inuncnso
1872 530 1918 587 Α
1946 526 2185 595 utrisque
2233 537 2465 582 vestram
2510 529 2699 598 epinor
2744 531 2963 599 gloriam
2996 531 3164 586 titulis
3211 533 3529 592 lautioribus

258 641 427 682 onere
449 623 696 679 mmroris
720 620 1002 688 allicimur,
1025 634 1144 673 cum
1166 617 1361 688 inclyta
1390 616 1696 686 progenies,
1727 624 1846 671 orta

259 732 287 758 ³
326 720 394 774 de
438 718 689 788 stigmate
741 714 927 779 elaro,
988 710 1264 780 anguifero
1321 717 1536 765 tenetur
1584 708 1611 746 ι’
1662 726 1847 765 morsu

257 811 496 882 captiva,
520 817 575 863 et
603 806 827 876 depasta
857 804 1093 859 cruentis
1121 800 1361 857 faucibus
1389 816 1447 856 se
1476 801 1645 870 ipsam
1670 800 1849 869 perire

258 901 538 972 permittat
566 899 885 951 ultroneam.
916 893 1031 947 Non
1076 899 1281 947 tantum
1313 890 1577 959 miranda,
1609 891 1700 944 sed
1736 906 1848 943 ma-

256 996 340 1064 gis
384 991 647 1061 gemenda
692 1004 781 1044 res
809 996 909 1051 est,
940 993 1207 1056 prtecepta
1261 984 1515 1038 salutaria
1569 997 1763 1052 capere
1793 989 1853 1037 et

257 1084 325 1138 ad
380 1083 570 1138 utortis
610 1081 829 1149 januam
860 1092 919 1135 se
966 1089 1274 1145 quanquam
1327 1072 1655 1145 prmc’pitem
1687 1071 1847 1137 ferre,

257 1174 517 1243 consequi
556 1169 857 1243 pereuntia,
889 1175 1092 1221 mterna
1122 1164 1401 1231 derogare.
1463 1161 1722 1216 Remedia
1752 1161 1848 1215 do-

256 1266 449 1329 lemus,
483 1277 584 1316 nec
613 1259 882 1315 immerito
911 1256 1111 1325 ingenti
1132 1254 1368 1325 pondere
1397 1254 1541 1308 rivos
1587 1252 1849 1322 lacryma-

254 1371 375 1408 rum
404 1350 770 1423 producimus,
800 1355 1189 1415 cognoscentes
1210 1343 1524 1398 afﬁnitatem
1572 1342 1847 1410 sanguinis

255 1443 425 1499 nostri
474 1442 673 1495 Ariana
721 1438 1043 1507 contagione
1075 1450 1232 1490 .nunc
1281 1432 1465 1504 pollui,
1498 1439 1552 1486 et
1581 1431 1845 1485 virulenta

252 1534 569 1606 profusione
612 1529 854 1587 canceris
919 1528 1155 1582 fraterna
1210 1524 1533 1595 cognatione
1594 1522 1842 1591 disjungi.

254 1626 514 1682 ﬂamines
567 1630 830 1692 agrestes,
857 1619 1065 1676 scilicet
1117 1617 1293 1671 minus
1344 1615 1558 1668 ratione
1596 1628 1841 1683 capaces,

250 1718 499 1788 quotidie
564 1714 834 1771 cernimus
874 1709 1121 1766 mthereis
1175 1709 1405 1763 militare
1468 1721 1564 1777 per
1616 1713 1842 1760 matrem

253 1808 550 1864 Ecclesium
598 1805 818 1870 castris;
876 1817 973 1857 cur
1018 1813 1186 1869 genus
1236 1798 1492 1868 inclytum
1545 1804 1600 1851 et
1648 1795 1843 1865 inclyta

1950 615 2133 669 divino
2160 632 2399 672 auertere
2432 618 2728 684 sublimari,
2752 620 2795 673 si
2822 621 3053 689 gloriose
3080 625 3349 678 tramitem
3372 627 3525 693 geni-

1952 702 2097 758 tricis
2112 705 2425 771 servaveris,
2442 715 2497 760 et
2518 706 2750 776 optionis
2773 708 2917 776 quod
2942 708 3034 763 tibi
3052 709 3251 765 donum
3273 712 3526 767 collatum

1951 802 2055 863 est,
2078 795 2223 849 omni
2253 810 2364 864 quo
2380 796 2525 852 vales
2550 797 2760 852 cmtcris
2782 798 2900 851 nisu
2920 807 2943 835 ο
2963 801 3284 868 porrexeris.
3316 802 3524 867 Quanta

1952 892 2023 949 te,
2056 902 2148 939 rex
2180 887 2616 951 clementissime,
2658 888 2925 943 haeredem
2954 888 3117 943 futuri
3160 892 3308 958 regni
3356 893 3524 960 gloria

1951 975 2307 1044 pnestolatur,
2337 985 2537 1045 quanta
2570 978 2862 1045 largitionis
2890 993 3113 1032 munera
3154 979 3385 1034 conferri
3414 982 3525 1035 vir-

1953 1075 2035 1122 tus
2066 1067 2158 1120 tibi
2186 1068 2363 1122 divina
2392 1070 2672 1133 sustineat,
2690 1078 2999 1138 quantaque
3023 1068 3525 1139 felicitat'sinsignia

1951 1158 2185 1226 prmmia,
2232 1159 2277 1213 si
2304 1158 2434 1213 velis
2464 1175 2679 1229 capere,
2708 1161 2845 1214 item
2878 1169 3070 1216 auctor
3106 1168 3350 1230 exaptat,
3380 1160 3525 1215 dice-

1950 1264 2093 1315 rem;
2146 1250 2241 1305 sed
2296 1265 2401 1305 non
2452 1260 2536 1305 est
2590 1250 2773 1306 datum
2822 1253 2961 1307 scire
3012 1252 3326 1307 mortalibus
3388 1252 3530 1322 quod

1950 1340 2338 1396 immortalibus
2388 1351 2738 1413 praeparatur.
2782 1343 2893 1399 Nec
2946 1355 3173 1415 possunt
3220 1360 3409 1399 sensus
3447 1344 3531 1399 vel

1949 1447 2101 1487 mens
2140 1434 2371 1488 humana
2415 1436 2679 1503 attingere
2725 1451 2829 1505 qua
2867 1436 2886 1475 ί
2943 1437 3200 1491 Dominus
3248 1444 3332 1491 est
3382 1445 3531 1489 recte

1948 1524 2287 1580 credentibus
2336 1526 2601 1595 pollicitus
2648 1528 2898 1597 elargire.
2953 1527 3219 1584 Caeterum
3270 1528 3313 1583 si
3380 1542 3530 1581 rnens

1947 1616 2191 1683 forsitan,
2235 1619 2377 1688 quod
2410 1620 2506 1673 fari
2549 1620 2810 1674 nefarium
2850 1628 2951 1683 est,
2982 1620 3261 1675 hmreticos
3291 1620 3357 1673 ad
3396 1636 3525 1673 con-

1947 1709 2261 1763 vertendum
2291 1710 2343 1764 in
2365 1710 2637 1779 quidpiam
2668 1711 2995 1777 titubaverit,
3023 1717 3289 1780 quatenus
3317 1724 3529 1763 errores

1947 1799 2159 1869 pu‘trido
2183 1798 2384 1854 scultro
2407 1802 2751 1869 experienti-.1:
2774 1802 2946 1855 minus
2971 1801 3265 1857 resecando
3298 1810 3322 1848 ε
3353 1801 3527 1854 absci-

252 1899 443 1961 forma,
471 1897 707 1966 ingenita
730 1894 895 1947 virtus
923 1900 977 1946 et
1004 1888 1260 1943 naturalis
1300 1886 1599 1958 prudentia,
1624 1885 1839 1953 elegan-
1870 1881 1916 1940 B
1946 1890 2085 1945 derit
2107 1890 2266 1959 (apud
2288 1899 2643 1959 agnoscentes
2673 1892 2991 1962 loquimur),
3013 1907 3172 1961 quam
3203 1892 3255 1945 in
3286 1907 3344 1945 se
3372 1907 3524 1947 suos-

248 1988 319 2041 tia
371 2001 587 2041 morum
633 1993 686 2040 et
717 1984 871 2039 bona:
898 1981 1017 2035 vitre
1048 1994 1295 2039 censura,
1338 1977 1633 2047 ptmspicua
1663 1974 1837 2044 digni-

247 2088 329 2132 tas
382 2084 439 2131 et
465 2074 637 2144 gloria
691 2070 969 2142 dignitatis
1007 2069 1224 2133 eximia,
1256 2066 1482 2122 mortuis
1510 2065 1840 2135 sepultisque

243 2170 542 2225 hmresibus
571 2166 926 2238 ignominiese
956 2161 1264 2225 subsedeat,
1296 2168 1371 2226 et,
1401 2167 1461 2213 ut
1485 2158 1666 2213 verius
1706 2173 1838 2211 nun—

244 2279 407 2331 quam
462 2260 593 2331 ipsis
638 2256 942 2313 viventibus
970 2254 1179 2323 loquar,
1230 2250 1513 2305 infeliciter
1541 2249 1677 2305 colla
1707 2248 1837 2303 sub-

243 2352 476 2408 mittat?
507 2350 711 2405 Pudeat
738 2348 823 2403 vel
856 2347 1069 2400 tandem
1100 2343 1260 2412 hujus
1289 2348 1450 2396 sectre
1480 2340 1840 2410 blasphemias

243 2453 463 2499 sectare
493 2442 723 2505 nefarie;
750 2440 949 2511 pudeat
975 2435 1166 2491 fumosi
1190 2434 1417 2489 tramitis
1442 2431 1836 2487 intolerandum

241 2536 349 2591 iter
401 2547 699 2605 peragere;
759 2530 955 2602 pudeat
1002 2527 1233 2595 denique
1284 2532 1499 2578 (eterna:
1553 2523 1738 2575 mortis
1773 2521 1836 2575 ad

240 2640 463 2694 pwnam
497 2623 819 2693 pertingere.
856 2618 1014 2672 Tales
1051 2615 1178 2670 illud
1206 2613 1289 2668 vel
1321 2620 1556 2678 moveat,
1601 2611 1744 2681 quod
1772 2611 1838 2664 de

239 2734 431 2773 earnm
453 2714 694 2787 quotidie
716 2710 1082 2767 bmresiarcha:
1107 2719 1128 2746 ο
1158 2722 1317 2762 omne
1327 2707 1438 2775 jam
1470 2719 1609 2776 pene
1639 2704 1838 2759 mundo

240 2818 516 2872 cantatur,
551 2807 637 2876 qui
684 2804 971 2859 fetentibus
999 2799 1309 2856 evisceratis
1346 2797 1659 2861 visceribus,
1684 2805 1837 2850 teter-

241 2901 327 2955 nis
382 2898 595 2968 ignibus
644 2896 877 2950 animam
930 2891 1221 2961 assignavit
1263 2888 1590 2943 horrificam.
1636 2884 1839 2955 Opinor

244 2992 388 3045 hanc
410 2997 806 3044 consentaneos
828 2984 945 3054 ejus
972 2991 1249 3043 :eternam,
1284 2980 1385 3035 nisi
1415 2987 1560 3033 recte
1584 2975 1836 3031 credide-

242 3080 371 3141 rint,
406 3077 663 3146 excipere
715 3089 949 3145 poenam.
1007 3071 1148 3137 Fuit,
1180 3069 1278 3124 fuit
1309 3069 1396 3124 hic
1445 3068 1573 3122 olim
1621 3065 1837 3121 morbus

245 3168 592 3223 acerbissima
636 3174 787 3235 peste
831 3163 1075 3229 diffusus,
1106 3161 1197 3230 qui
1228 3160 1454 3214 latenter
1486 3156 1833 3212 infernalibus

245 3262 449 3313 animas
471 3257 686 3312 sedibus
708 3253 998 3310 infelicium
1016 3251 1230 3306 miscuit
1252 3259 1306 3305 et
1332 3248 1520 3303 illinita
1550 3246 1832 3302 dulcedine
1863 3235 1906 3297 C

242 3350 435 3421 pocula
498 3347 761 3403 antidotia
825 3342 1101 3401 mortifera
1153 3340 1479 3412 propinavit.
1535 3338 1833 3393 immensas

241 3453 371 3496 tunc
399 3440 691 3497 calamitat'
713 3454 739 3493 s
768 3445 822 3491 et
848 3435 1059 3491 diversa
1080 3433 1321 3504 penuria,
1347 3430 1691 3485 acerbissima
1714 3444 1831 3484 cre-

240 3532 389 3585 brius
413 3529 554 3583 belia
576 3536 631 3583 et
654 3526 959 3596 quotidiana
977 3521 1517 3589 miseria,indigentia
1542 3518 1751 3586 frugum
1777 3528 1833 3573 et

240 3621 497 3693 pestifera
523 3618 749 3672 vulnera
774 3616 913 3670 hane
957 3612 1275 3668 insolentius
1303 3618 1515 3679 gentem
1538 3616 1684 3663 retro
1710 3615 1831 3660 aeto

241 3727 487 3781 tempore
516 3709 728 3781 pressit.
748 3707 1036 3773 Postquam
1056 3704 1296 3758 sidereus
1321 3698 1497 3770 fulgor
1516 3699 1677 3753 corda
1701 3699 1804 3753 lide
1818 3729 1831 3737 ο

240 3805 369 3860 lium
401 3804 725 3869 coruscavit,
766 3810 821 3857 et
865 3797 1171 3855 orthodoxa
1200 3796 1234 3849 fi
1255 3797 1330 3851 les
1360 3794 1629 3849 meatibus
1658 3808 1829 3847 enca-

240 3902 307 3951 t’s
349 3894 590 3958 emicuit,
622 3900 777 3948 aucta
815 3905 948 3961 pace
978 3886 1400 3949 Catholir-orum,
1432 3883 1657 3937 Domino
1679 3897 1829 3936 corn-

240 3984 520 4053 modante,
544 3982 841 4038 Gothorum
872 3979 1017 4048 viget
1039 3976 1340 4046 imperium.
1373 3973 1581 4042 Quique
1630 3971 1828 4025 dudum

239 4092 337 4145 per
364 4074 590 4130 falcatas
619 4070 839 4127 lacerati
865 4070 1127 4126 seuticum
1170 4067 1331 4131 acies,
1356 4080 1453 4135 per
1480 4062 1827 4131 scorpionum

240 4165 511 4221 vulnerati
544 4162 751 4219 uncatis
779 4160 1002 4225 aculeis,
1031 4174 1128 4228 per
1157 4156 1347 4212 trivida
1376 4156 1591 4210 venetio
1639 4168 1829 4208 verna-

239 4257 373 4312 bunt
401 4271 496 4311 ora
520 4253 821 4324 serpentis;
856 4255 953 4306 bos
996 4248 1255 4304 maternis
1282 4247 1527 4317 expiatos
1552 4238 1831 4299 affectibus

238 4350 483 4406 Ecclesia
524 4346 789 4404 catholica
818 4350 989 4401 curat.
1019 4340 1209 4398 Cordis
1230 4356 1293 4397 ac
1319 4342 1511 4409 lingua:
1542 4339 1661 4393 sine
1700 4351 1828 4405 ruga

240 4438 484 4509 prolessa
536 4444 706 4499 curat.
771 4450 831 4489 se
876 4439 1164 4504 przestante
1216 4428 1635 4494 indemutabilis,
1694 4426 1830 4481 indi-

243 4536 501 4601 visibilis,
546 4534 785 4589 increata
812 4571 828 4596 ,
885 4528 1117 4584 creatrix
1158 4527 1433 4591 omnium,
1500 4524 1827 4593 sempiterna

247 4626 476 4680 Trinitas
503 4629 675 4678 curat.
711 4618 865 4674 Unde
894 4632 1176 4690 precamur
1202 4624 1435 4671 vestram
1487 4613 1826 4668 clementiam
1856 4590 1908 4650 Ῑ)

240 4718 442 4783 verbis,
465 4729 751 4787 precamur
774 4712 933 4774 votis,
958 4725 1243 4781 precamur
1269 4718 1324 4763 et
1349 4706 1618 4763 mentibus
1658 4705 1827 4776 puris,

240 4819 515 4865 tantorum
569 4805 912 4877 praemiorum
940 4814 1173 4858 vestram
1221 4801 1337 4856 fore
1362 4810 1577 4869 gentem
1606 4796 1827 4867 partici-

239 4915 364 4971 pem
390 4906 447 4953 et
466 4896 754 4952 aduna’tam
782 4895 833 4949 in
863 4892 1059 4949 Christi
1088 4904 1317 4960 corpore
1354 4888 1512 4943 simul
1536 4886 1690 4941 vobis
1712 4899 1832 4941 esse

238 5000 573 5047 consortem.
628 4986 1029 5044 intolerandum
1076 4986 1236 5042 nimis
1276 5000 1340 5041 ac
1384 4978 1700 5038 detestabile
1732 4995 1831 5036 nec

242 5080 522 5135 ferendum
545 5081 569 5118 ί¹
600 5089 701 5146 est,
744 5086 826 5133 tot
873 5078 1111 5148 copiosis
1153 5086 1314 5145 caput
1338 5074 1625 5129 virtutibus
1662 5072 1830 5127 subli-

240 5181 471 5236 matum,
501 5171 795 5243 quamlibet
831 5170 1083 5236 exiguum
1113 5169 1351 5222 membra
1385 5167 1653 5236 torpentia
1694 5180 1831 5219 con-

239 5271 557 5335 sequantur,
584 5264 710 5319 illud
756 5264 924 5332 magis
949 5263 998 5316 in
1028 5262 1187 5315 rebus
1217 5261 1347 5330 ipsis
1396 5269 1617 5329 agentes
1644 5259 1829 5312 incun-

240 5362 455 5409 ctanter
500 5354 655 5409 nobis
706 5354 951 5408 liduciam
1008 5352 1156 5416 fecit.
1184 5351 1275 5421 qui
1330 5349 1592 5405 catholica
1621 5349 1827 5403 viscera

243 5454 454 5510 nactus,
483 5456 538 5501 et
581 5444 853 5501 catholico
874 5443 1020 5498 l0ute
1049 5442 1283 5498 cerneris
1323 5456 1443 5496 esse
1483 5446 1719 5495 renatus.
1756 5438 1829 5492 De

318 5608 340 5632 ο
376 5596 446 5649 La
480 5596 633 5661 Rcal,
662 5614 776 5651 ora.

319 5670 342 5705 δ
376 5665 518 5732 ΤυΙ.,
550 5676 825 5722 teneretur.

324 5750 341 5774 τ
363 5736 505 5802 Tol.,
537 5738 889 5790 Irwrcsiurum.
921 5736 1064 5792 Debe
1091 5732 1263 5790 lccfse
1297 5733 1660 5789 Ita‘rcsiurclra.

318 5812 340 5841 "
376 5805 471 5876 Tol
502 5848 515 5868 ,
550 5808 901 5876 deferendum.

324 5890 344 5913 υ
380 5874 447 5929 La
477 5874 627 5944 Rcal,
652 5879 769 5931 nisi.

1942 1996 2046 2050 que
2088 1981 2350 2050 jactiranr
2382 1983 2601 2050 sentiat,
2658 1984 2746 2037 vel
2793 1998 2955 2053 quam
3008 1982 3208 2051 pastori
3263 1982 3526 2035 rationem

1943 2079 2217 2141 pastorum
2265 2071 2550 2133 exhibeat,
2584 2073 2685 2127 ista
2715 2074 2906 2128 vestris
2924 2074 3169 2128 sensibus
3192 2072 3527 2127 discutienda

1942 2161 2340 2223 commisimus;
2372 2178 2597 2231 quarum
2627 2163 2670 2218 si
2702 2163 2896 2219 doctus
2918 2164 3069 2217 malit
3120 2163 3273 2217 almis
3303 2163 3529 2231 eloquiis

1942 2252 2237 2307 sententias
2262 2255 2516 2325 colligere
2544 2254 2742 2320 verbis,
2783 2270 2911 2309 reor
2940 2255 3086 2324 prius
3109 2262 3318 2324 tempus
3369 2270 3527 2322 quam

1940 2342 2186 2411 exempla
2213 2342 2464 2401 deiicere.
2499 2344 2641 2413 Ergo
2670 2360 2739 2400 ne
2766 2345 3007 2411 dubites;
3042 2344 3250 2399 fautore
3298 2344 3526 2413 denique

1940 2431 2153 2487 Christo
2182 2443 2375 2488 cuncta
2427 2436 2670 2489 mortalia
2726 2434 2967 2491 cedunt:
3012 2435 3176 2488 habes
3225 2434 3332 2487 illic
3377 2434 3524 2485 onmi

1942 2532 2167 2578 matrem
2213 2526 2559 2580 veneratione
2612 2524 2916 2590 colendam,
2964 2524 3255 2578 doetricern
3288 2522 3409 2577 tidci
3440 2522 3527 2576 tir-

1942 2614 2257 2681 missimam,
2307 2616 2561 2685 operibus
2602 2616 2825 2681 claram,
2880 2614 3182 2669 humilitate
3230 2614 3521 2675 sinceram,

1941 2706 2184 2761 oratione
2206 2714 2607 2775 compunctam,
2650 2704 2803 2760 almis
2829 2705 3018 2761 studiis
3038 2703 3295 2767 deditam,
3311 2704 3527 2757 vinculo

1940 2796 2216 2851 eharitatis
2239 2798 2535 2861 astrictam,
2561 2795 2786 2851 consilio
2817 2794 3118 2865 providam,
3144 2792 3525 2848 miserieonliis

1940 2887 2269 2956 opulentam,
2299 2888 2586 2941 honestate
2613 2886 2956 2955 praecipuam,
2991 2883 3276 2937 virtutibus
3320 2882 3526 2936 cunctis
3604 2922 3607 2929 .

1939 2987 2185 3032 onustam
2212 2976 2258 3043 ιι,
2290 2992 2509 3032 suavem
2534 2976 2767 3045 eloquio,
2797 2990 2976 3030 acrem
3006 2974 3237 3042 ingenio,
3264 2973 3523 3041 dapsilem

1936 3067 2098 3133 dono,
2119 3066 2315 3136 justam
2341 3066 2568 3136 judicio,
2600 3066 2918 3121 clementem
2970 3065 3022 3119 in
3051 3064 3235 3129 verbo,
3265 3063 3522 3118 amicissi-

1938 3172 2080 3211 mam
2100 3156 2337 3223 Christo,
2368 3157 2595 3212 amicam
2631 3157 2776 3226 gregi
2810 3156 3099 3221 catholico,
3129 3169 3344 3224 semper
3389 3152 3521 3207 infe-

1937 3259 2075 3306 stam
2122 3250 2357 3316 diabolo,
2389 3248 2786 3305 infestissimam
2816 3258 2871 3303 et
2915 3248 3032 3317 ejus
3057 3247 3273 3317 corpori
3311 3260 3524 3314 semper

1938 3342 2210 3403 heretico,
2243 3341 2394 3411 cujus
2421 3340 2649 3395 virtutes
2699 3341 2867 3407 exigit
2904 3339 3151 3407 ‘justitia
3178 3379 3192 3402 ,
3242 3345 3299 3391 ut
3341 3351 3523 3406 perse-

1938 3440 2090 3488 veret
2134 3432 2378 3486 libratior
2449 3429 2648 3496 efﬁcit;
2701 3429 2989 3498 prudentia
3051 3436 3110 3483 ut
3153 3429 3260 3482 vim
3298 3427 3523 3481 rationis

1936 3523 2179 3578 attendat
2216 3522 2471 3593 impellit;
2506 3537 2606 3578 nec
2646 3522 2913 3576 immerito
2939 3521 3071 3575 tanti
3102 3520 3333 3575 neminis
3365 3520 3522 3574 nobi-

1934 3614 2118 3668 litatur
2143 3613 2431 3679 vocabulo,
2449 3627 2568 3682 qute
2597 3612 2791 3666 vallata
2816 3620 2895 3666 tot
2920 3611 3151 3681 prtemiis
3180 3612 3523 3678 cognoscitur

1934 3704 2033 3758 sub
2082 3710 2304 3758 auctore
2343 3702 2583 3757 sidereo.
2632 3700 2776 3771 Ergo
2826 3702 2872 3755 si
2928 3702 3034 3754 vim
3086 3699 3243 3767 hujus
3292 3700 3522 3753 nominis

1934 3795 2215 3850 attendere
2243 3796 2491 3860 velimus,
2540 3795 2756 3864 liquidis
2779 3794 3000 3849 vocibus
3036 3794 3246 3860 Argivis
3273 3792 3521 3847 Theodo-

1933 3887 2109 3942 lindm.
2132 3887 2219 3954 (In
2238 3886 2343 3942 Ms.
2372 3886 2637 3942 Toletanw
2656 3886 2905 3941 Ecclesia:
2936 3887 3015 3939 hic
3039 3886 3225 3940 desinit
3253 3886 3518 3956 epistola.)

2009 3978 2279 4033 Plectendi
2304 3985 2427 4031 sunt
2465 3978 2858 4047 pollicitatione
2902 3992 3007 4046 qua
3029 3977 3250 4047 cupiunt
3281 3976 3520 4031 nonnulli

1933 4071 2197 4126 subtiliter
2242 4086 2341 4141 pro
2393 4080 2636 4140 tempore
2683 4070 2773 4123 ubi
2821 4070 3205 4136 inardescunt,
3259 4067 3517 4137 quosdam

1934 4164 2070 4218 lenis
2113 4163 2275 4218 debet
2316 4162 2669 4217 comminatio
2724 4161 2922 4229 regulae
2969 4161 3219 4224 subdere,
3258 4158 3516 4227 quosdam

1935 4254 2177 4323 asperior
2231 4253 2531 4324 increpatio
2594 4251 2847 4314 ﬂectere;
2895 4264 3016 4303 nam
3073 4248 3228 4303 facile
3294 4248 3520 4317 cupidus

1932 4352 2184 4416 porrecto
2213 4358 2434 4397 munere
2473 4342 2720 4406 trahitur,
2754 4350 2807 4395 et
2836 4349 3124 4393 contumax
3169 4339 3520 4393 districtionis

1934 4438 2224 4494 severitate
2268 4436 2338 4491 de
2394 4450 2558 4505 prava
2611 4443 2756 4487 secta
2802 4432 3099 4501 repellitur.
3151 4430 3274 4485 llaec
3304 4433 3518 4502 quidem

1935 4529 2303 4601 aequanimiter
2351 4544 2449 4599 pro
2495 4528 2635 4590 loco,
2669 4542 2767 4597 pro
2817 4535 3078 4593 tempore,
3128 4541 3226 4595 pro
3267 4540 3516 4594 persona,

1931 4618 2162 4689 gerenda
2192 4626 2335 4687 sunt,
2357 4618 2530 4671 donec
2557 4616 2715 4670 ardor
2763 4614 2883 4669 fidei
2913 4614 3295 4669 convalescens
3335 4616 3519 4682 vigore

1932 4711 2220 4778 catholico,
2272 4710 2517 4780 lampade
2564 4716 2902 4771 corusemte,
2932 4705 3147 4761 fundata
3200 4709 3362 4762 corda
3401 4724 3519 4762 cre-

1931 4804 2167 4860 dentium
2224 4802 2433 4857 lucillua
2482 4800 2693 4867 reddat,
2748 4808 2803 4853 et
2849 4800 3087 4869 putridas
3142 4800 3515 4853 hzereticorurn

1932 4899 2186 4968 reliquias
2215 4898 2279 4952 de
2302 4895 2522 4951 fumosis
2551 4904 2671 4950 orta
2700 4895 2936 4949 materiis
2963 4908 3193 4947 exurens
3242 4894 3293 4946 in
3336 4890 3513 4943 favilla

1932 4989 2170 5045 reducat.
2206 4988 2318 5045 llac
2358 5002 2424 5043 ne
2469 4986 2607 5042 forte
2650 4987 2860 5041 ratione
2892 5000 3036 5039 mera
3065 4999 3223 5052 quam
3278 4984 3512 5037 charitas

1932 5083 2249 5137 austeritate
2280 5080 2447 5135 nostri
2494 5079 2746 5135 defensus
2792 5077 3047 5146 extorpsit
3082 5084 3135 5130 et
3164 5084 3377 5129 cretera.
3406 5074 3513 5129 Sed

1932 5172 2169 5242 impolita
2202 5172 2415 5238 liducia,
2447 5186 2630 5226 amore
2674 5170 2926 5241 pelle-nte,
2956 5168 3209 5237 pmnttisit
3258 5182 3516 5236 pneum-

1932 5267 2191 5337 ptionem,
2229 5264 2565 5320 audientibus
2591 5262 2832 5318 conlerat
2859 5261 2999 5332 quod
3050 5260 3115 5313 ad
3158 5260 3358 5315 cultum
3393 5260 3515 5312 reii-

1930 5360 2103 5426 gionis
2174 5358 2346 5412 oratio
2398 5358 2573 5411 minus
2633 5354 2978 5409 vernantibus
3032 5352 3207 5405 verbis
3264 5350 3511 5404 universa

1932 5451 2465 5524 perstringat,audiat
2494 5450 2580 5518 qui
2606 5449 2715 5503 hate
2744 5462 2870 5502 sane
2895 5444 3083 5500 dicturi
3114 5451 3256 5510 sunt,
3287 5456 3509 5511 regnum

2006 5604 2023 5641 ί
2051 5604 2195 5669 To|.,
2229 5620 2375 5672 quam
2400 5602 2483 5656 lee
2510 5617 2642 5671 qum.

2004 5684 2027 5719 κ
2076 5673 2192 5727 Tol.
2206 5714 2221 5740 ,
2261 5673 2586 5726 reservanda.

2004 5742 2027 5779 ¹¹
2062 5743 2177 5797 Tol.
2193 5786 2205 5809 ,
2238 5744 2520 5795 honestam.

2009 5826 2019 5850 ¹
2055 5813 2149 5867 Tol
2183 5853 2197 5879 ,
2226 5813 2394 5881 erigit.
