3928 6176
360 480 464 537 375

1517 459 1823 524 SlSEBUTl
1861 455 2248 516 C‘OTHORUM
2283 449 2489 511 REGIS

3509 445 3609 502 376

359 589 453 646 Dei
467 601 573 642 non
595 581 835 640 inverbis
847 571 1930 646 tantum,sediavirtuteconsistere.Cum
1961 573 2013 632 A
2037 569 2298 625 cultorem
2352 563 2726 622 haereticorum
2764 557 3016 618 ostendet
3061 557 3152 628 qui
3196 555 3394 612 vexillo
3439 559 3614 614 crucis

355 686 412 734 et
450 674 803 747 prudentibus
847 672 1016 742 utagis
1043 672 1201 727 fortia
1234 683 1396 740 quam
1429 667 1650 724 falerata
1695 663 1934 736 compla-

354 775 532 832 ceant,
563 773 620 821 et
638 764 874 822 salubria
899 764 1078 834 potius
1103 777 1263 832 quam
1292 761 1479 818 suavia
1505 760 1720 830 aegrotis
1763 771 1931 827 expe-

353 858 520 922 diant,
534 871 643 911 non
656 854 881 910 docendi
893 851 1117 908 formam
1130 853 1470 922 sumpsimus,
1485 851 1578 906 sed
1592 849 1934 905 affectionem

355 943 644 1001 fraternam
664 942 1033 1008 ostendimus;
1057 950 1114 996 et
1137 943 1275 996 sicut
1305 940 1681 1010 participamur
1704 935 1935 992 afﬁnita-

355 1039 422 1093 tis
441 1036 673 1106 origine,
692 1035 858 1089 instar
883 1033 1263 1104 participemur
1286 1041 1484 1086 saneta:
1513 1031 1634 1086 fidei
1651 1029 1931 1101 qualitate.

355 1125 496 1195 Ergo
539 1125 682 1195 quod
733 1123 986 1194 splendor
1014 1124 1142 1176 artis
1190 1129 1509 1176 mensaratas
1549 1120 1930 1190 grammaticae,

354 1214 497 1286 quod
525 1212 772 1268 facundia
801 1210 1204 1266 acclamationis
1233 1211 1517 1265 rhetoricas
1562 1212 1760 1276 minus,
1790 1209 1932 1278 quod

353 1309 694 1372 argumentat
715 1317 748 1355 o
767 1297 996 1355 defuerit
1045 1297 1338 1354 dialecticae
1381 1297 1693 1368 disciplinae,
1722 1311 1828 1351 non
1855 1296 1934 1351 di-

353 1394 508 1452 cendi
536 1393 744 1464 copiam
775 1390 1062 1461 indigentia
1091 1389 1394 1458 denegavit,
1423 1389 1518 1444 sed
1542 1388 1634 1442 tali
1679 1403 1934 1458 prosecu-

355 1485 487 1540 tioni
539 1482 882 1538 credentibus
926 1480 1144 1552 eloquia
1193 1479 1436 1549 pandere
1487 1478 1699 1533 divinus
1751 1493 1932 1536 sermo

351 1574 622 1631 subduxit.
657 1572 796 1629 Cum
825 1573 869 1627 is
921 1571 1127 1627 adibitis
1157 1571 1229 1626 sit
1255 1570 1347 1640 qui
1376 1571 1626 1640 loquitur,
1651 1583 1746 1638 per
1774 1569 1932 1626 Salo—

353 1679 570 1720 nionem
601 1674 650 1733 ι,
673 1663 983 1730 sophistice;
1030 1671 1087 1718 et
1113 1676 1299 1717 rursus
1325 1660 1466 1716 idem
1497 1675 1592 1731 per
1618 1658 1934 1730 Apostolum

352 1755 564 1826 inquit:
600 1752 698 1811 Ubi
727 1755 950 1825 sapiens,
981 1753 1067 1807 ubi
1095 1751 1284 1818 scriba,
1299 1750 1385 1804 ubi
1411 1751 1760 1822 conquisitor?
1782 1748 1934 1804 Non-

351 1864 416 1903 ne
444 1850 655 1902 stultam
685 1849 803 1918 fecit
836 1845 969 1902 Deus
1015 1843 1327 1914 sapientiam
1363 1842 1515 1912 hujus
1552 1843 1766 1898 swculi?
1791 1842 1934 1898 Satis

2035 658 2371 730 perterritus,
2407 662 2571 724 atque
2613 651 2917 708 orthodoxa
2971 647 3305 719 professione
3345 647 3610 714 turbatus,

2035 763 2155 804 cum
2205 753 2438 816 nequeat
2487 742 2769 800 catholicis
2807 740 3006 797 inferre
3035 739 3418 810 nequissimum
3471 739 3618 793 dam-

2035 854 2202 904 num,
2242 837 2296 892 in
2338 851 2495 894 suum
2549 847 2788 906 praeceps
2839 833 3010 889 fertur
3061 833 3361 902 extirpatus
3407 845 3619 900 semper

2036 931 2327 986 interitum.
2383 927 2621 985 Locutus
2682 935 2763 982 est
2830 926 3087 980 Dominus
3153 924 3428 994 discipulis
3483 922 3614 987 suis,

2036 1021 2221 1077 dicens
2262 1039 2276 1075 :
2327 1019 2519 1074 Euntes
2571 1019 2828 1090 baptizata
2891 1026 3063 1089 gentes
3121 1017 3175 1070 in
3233 1017 3438 1070 nomine
3505 1013 3619 1066 Pa-

2037 1112 2151 1173 tris,
2178 1119 2228 1164 et
2254 1108 2403 1173 Filii,
2431 1118 2480 1164 et
2506 1107 2735 1178 Spiritus
2760 1105 2948 1170 sancti,
2971 1119 3080 1159 non
3110 1104 3162 1158 in
3195 1102 3497 1156 nominibus
3523 1101 3620 1167 ait,

2034 1201 2127 1257 sed
2156 1201 2208 1254 in
2239 1187 2488 1264 nomine,
2507 1208 2567 1252 ut
2587 1195 2865 1252 distinctio
2895 1193 3176 1250 Trinitatis
3208 1195 3261 1250 in
3305 1194 3470 1250 tribus
3491 1208 3622 1264 per-

2034 1288 2184 1344 sonis
2212 1293 2492 1359 appareat,
2522 1295 2578 1341 et
2606 1284 2761 1340 unius
2811 1283 3120 1338 substantiae
3143 1283 3314 1339 deitas
3341 1282 3626 1341 ineﬂ‘ahilis

2034 1378 2266 1434 clareat:
2291 1375 2434 1432 unde
2457 1383 2513 1430 et
2534 1375 2727 1429 ductor
2750 1372 2989 1442 gentium
3012 1387 3234 1427 currens
3264 1387 3360 1442 per
3380 1373 3626 1442 magistri

2034 1467 2278 1536 vestigia,
2309 1465 2392 1520 his
2419 1463 2599 1520 verbis
2645 1462 2925 1518 enuntiat:
2962 1460 3106 1516 Unus
3145 1459 3307 1529 Deus,
3335 1477 3440 1514 una
3463 1461 3626 1531 ﬁdes,

2033 1579 2190 1618 unum
2237 1560 2513 1632 baptisma.
2558 1556 2719 1614 Clare
2767 1555 3049 1626 lucideque
3092 1555 3421 1625 permonuit,
3460 1571 3627 1610 unam

2034 1655 2101 1710 ad
2118 1652 2320 1711 cultum
2342 1648 2705 1707 venerationis
2716 1661 2839 1705 esse
2855 1645 3249 1703 confessionem
3266 1645 3628 1714 credentium,

2033 1759 2194 1815 quam
2209 1748 2412 1815 sequax
2437 1741 2680 1798 Ecclesia
2707 1741 2775 1797 ab
2804 1739 3066 1813 apostolis
3094 1738 3345 1794 traditam
3380 1737 3629 1793 Romana

2036 1837 2296 1908 suscepit,
2325 1844 2383 1893 et
2407 1843 2558 1892 recte
2583 1834 2916 1906 petentibus,
2943 1832 3320 1888 haereticorum
3349 1829 3632 1900 segetibus

351 1940 586 1996 ostendit
615 1940 740 1994 lidei
760 1940 1081 1994 documenta
1101 1935 1432 2006 simplicibus
1461 1934 1637 1990 verbis
1663 1948 1926 1998 asserere,
1959 1925 2004 1988 Β
2033 1927 2376 2000 exstirpatis,
2406 1924 2664 1982 maternis
2716 1923 2999 1980 affectibus
3041 1920 3277 1977 tradidit.
3328 1919 3522 1975 Patent
3575 1930 3634 1975 et

351 2030 705 2088 orthodoxam
727 2029 939 2097 eloquio
971 2027 1169 2083 usitato
1191 2023 1577 2097 professionem
1605 2034 1927 2094 monstrare,

352 2122 476 2179 inde
501 2121 600 2177 fuit
616 2120 892 2178 saecularia
913 2119 1090 2176 studia
1120 2119 1415 2174 litterarum
1455 2133 1728 2184 amovere,
1751 2116 1931 2174 accla-

352 2215 722 2284 mationesque
749 2212 1023 2282 gentilium
1054 2226 1392 2283 nequaquam
1437 2211 1489 2267 in
1523 2212 1635 2267 suis
1662 2210 1934 2268 erroribus

352 2317 701 2362 conservare.
736 2303 844 2359 Sed
895 2303 1100 2359 ctelesti
1145 2302 1488 2359 bibliotheca:
1536 2301 1931 2373 resplendentia

350 2396 583 2467 quadam
627 2395 876 2466 exempla
926 2395 1231 2460 libavimus,
1265 2396 1739 2466 institutionesqne
1798 2394 1932 2450 tide-

353 2491 480 2544 lium
529 2495 882 2558 paternorum
929 2501 1201 2543 connexus
1251 2487 1446 2543 tabella
1499 2487 1823 2553 notavimus,
1877 2495 1936 2540 ut

353 2581 622 2638 dictorum
648 2578 786 2637 fides
811 2579 1106 2636 auctoritas
1130 2579 1332 2634 illibata
1360 2579 1583 2648 eﬂiciat,
1623 2588 1679 2644 et
1711 2586 1933 2648 aposto-

357 2673 456 2728 lica
476 2670 661 2741 regula
690 2685 720 2724 a
744 2669 997 2726 Patribus
1017 2669 1210 2725 tradita
1256 2669 1416 2726 nullis
1445 2668 1646 2724 fuscata
1701 2669 1936 2726 tenebris

354 2763 421 2818 ad
447 2778 540 2818 vos
565 2776 734 2831 usque
759 2760 1060 2831 perveniat.
1094 2757 1195 2824 Qui
1221 2761 1504 2829 confessus,
1533 2759 1610 2813 ait
1656 2757 1934 2825 Dominus,

356 2870 437 2908 me
487 2853 641 2924 fuerit
685 2868 860 2907 coram
889 2850 1178 2906 hominibus
1201 2890 1217 2917 ,
1248 2849 1532 2920 conﬁtebor
1579 2859 1626 2905 et
1652 2866 1747 2921 ego
1788 2849 1935 2904 illum

354 2961 530 3002 coram
565 2944 725 3000 Patre
752 2959 863 3000 meo
889 2943 975 3014 qui
1001 2943 1150 2997 estin
1196 2941 1356 2997 cretis.
1396 2939 1465 2996 Et
1497 2958 1510 2994 :
1545 2939 1646 3006 Qui
1674 2941 1936 3012 negaverit

355 3053 435 3092 me
460 3052 636 3092 coram
663 3033 972 3097 hominibus,
1000 3030 1197 3104 negabo
1218 3041 1269 3086 et
1292 3047 1387 3102 ego
1413 3047 1529 3086 eum
1554 3045 1730 3085 coram
1773 3029 1936 3084 Patre

356 3145 466 3182 meo
507 3129 594 3200 qui
622 3135 698 3182 est
743 3126 798 3179 in
843 3125 1005 3179 caelis.
1036 3122 1144 3180 Sed
1169 3124 1294 3179 talis
1321 3123 1481 3179 debet
1519 3136 1638 3178 esse
1662 3120 1932 3177 confessio

356 3231 475 3285 quae
507 3226 560 3271 te
607 3223 931 3284 gentemque
979 3220 1130 3269 tuam
1175 3214 1543 3284 apostolorum
1579 3211 1930 3282 sequipedam

2034 2022 2141 2076 alia
2191 2034 2289 2091 per
2338 2032 2560 2088 campos
2601 2016 2797 2072 divinae
2842 2014 2976 2084 legis
3034 2013 3360 2079 testimonia,
3409 2012 3634 2083 copiose

2035 2111 2306 2181 ﬂorigera,
2331 2124 2451 2180 quae
2478 2109 2622 2166 sicut
2646 2107 2827 2165 claves
2864 2106 2948 2163 vel
2975 2105 3259 2162 luminaria
3292 2105 3523 2160 obscura
3546 2103 3633 2159 di-

2034 2202 2273 2259 lucidant
2296 2209 2351 2257 et
2381 2199 2705 2271 patefacient
2731 2198 2999 2255 obserata.
3034 2197 3242 2254 interea
3272 2211 3392 2266 qua).
3411 2195 3481 2250 ad
3504 2209 3636 2265 per-

2035 2295 2349 2351 versitatem
2405 2292 2488 2348 sui
2553 2290 2820 2360 dogmatis
2902 2288 3221 2346 oblatrando
3285 2286 3636 2359 pmsumptio

2037 2386 2238 2441 Ariana
2275 2383 2556 2450 vociferat,
2611 2380 2885 2451 quomodo
2937 2379 3023 2435 vel
3047 2378 3350 2435 divinorum
3381 2376 3635 2446 exempla

2034 2474 2368 2532 voluminum
2415 2471 2592 2540 impiis
2619 2470 2841 2526 vocibus
2870 2482 3035 2540 prave
3173 2464 3462 2522 sentiendo
3501 2478 3639 2518 con-

2034 2572 2232 2632 vertat,
2283 2562 2542 2632 elegimus
2583 2559 2900 2625 sententias,
2944 2567 3003 2612 ut
3031 2572 3219 2612 eorum
3257 2552 3632 2611 exsecrabiles

2034 2660 2282 2710 retexere
2315 2650 2539 2717 ntenias,
2563 2657 2897 2705 connectens
2926 2647 3255 2701 intemeratae
3285 2641 3407 2697 fidei
3435 2655 3628 2696 sacra-

2035 2744 2239 2800 tissima
2288 2743 2476 2799 subter
2522 2740 2778 2810 eloquia,
2835 2753 2944 2809 quo
3012 2736 3220 2792 facilius
3268 2734 3338 2790 de
3385 2733 3631 2803 utrisque

2035 2834 2275 2890 conditio
2323 2832 2573 2902 indagata
2626 2830 2874 2886 haeretica
2928 2830 3234 2884 temeritate
3281 2825 3556 2888 frustrata,
3583 2834 3642 2880 et

2033 2926 2176 2982 bona
2205 2924 2404 2981 docere
2434 2931 2490 2979 et
2527 2922 2665 2977 mala
2699 2919 2986 2993 perfectius
3015 2921 3151 2976 sciat
3203 2919 3490 2976 dedocere.
3523 2917 3642 2974 Vo-

2033 3019 2206 3075 lentes
2235 3014 2467 3084 denique
2511 3011 2705 3067 Filium
2753 3011 2822 3066 de
2876 3019 3098 3082 paterna
3147 3010 3450 3066 substantia
3497 3025 3641 3067 ausu

2038 3105 2357 3164 temeritatis
2407 3102 2719 3168 excludere,
2767 3115 2986 3170 ea,qua
3014 3109 3330 3171 competunt
3383 3100 3642 3155 humana:

2038 3193 2323 3261 natum,in
2371 3194 2765 3263 subiectionem
2811 3190 2982 3246 nostri
3012 3177 3388 3260 Redemptoris
3416 3187 3642 3246 afferre.

357 3275 534 3363 faciat.
554 3275 702 3361 Fidei
728 3275 1130 3362 fundamentum
1151 3275 1310 3373 supra
1333 3311 1538 3373 petram
1559 3275 1786 3367 aedifica,
1812 3316 1934 3372 qua:

2043 3287 2218 3354 Pater,
2248 3283 2517 3354 inquiunt,
2572 3283 2741 3352 major
2770 3297 2851 3336 me
2898 3291 2995 3336 est.
3032 3279 3057 3319 ά
3088 3279 3157 3334 Et
3193 3279 3322 3334 illud
3353 3296 3367 3332 :
3407 3277 3507 3342 Qui
3562 3296 3646 3332 me

357 3397 427 3454 de
472 3395 715 3452 cavernis
741 3394 1117 3454 htereticomm
1156 3394 1372 3450 ﬂamine
1396 3401 1680 3449 ventorum
1706 3392 1935 3464 impulsa

357 3485 627 3556 dispiciat,
642 3492 698 3540 et
723 3483 1315 3553 rorantespertidorum
1333 3481 1599 3539 stillicidia
1629 3482 1938 3540 turbulenta

359 3576 692 3644 fortitudinis.
711 3577 971 3633 tutissima
1014 3575 1344 3647 plenitudine
1373 3584 1612 3646 spernat.
1643 3574 1718 3631 Tu
1740 3592 1818 3642 es,
1858 3575 1939 3632 in-

356 3669 474 3738 quit
501 3667 777 3734 Dominus,
808 3667 1014 3734 Petrus,
1041 3677 1090 3721 et
1109 3682 1264 3736 super
1292 3666 1424 3723 hanc
1447 3675 1647 3738 petram
1669 3665 1939 3737 wdiﬁcabo

363 3758 654 3816 Ecclesium
699 3776 882 3824 meam,
915 3759 1106 3829 t.'bique
1134 3759 1283 3814 trado
1303 3759 1474 3814 claves
1502 3762 1648 3832 regni
1675 3760 1938 3826 caelorum,

359 3858 408 3904 et
435 3859 600 3920 porta:
634 3849 791 3920 inferi
818 3865 921 3904 non
970 3849 1317 3917 praevalebunt
1341 3848 1614 3904 adversum
1655 3860 1736 3917 te;
1781 3850 1943 3920 quod-

360 3957 559 4012 cunque
609 3940 850 4012 ligaveris
884 3941 938 3996 in
978 3951 1146 4006 terra,
1197 3941 1414 4012 ligatum
1465 3943 1564 3996 erit
1609 3943 1663 3995 in
1718 3941 1866 4006 creto,
1895 3949 1944 3995 et

360 4032 696 4104 quodcunque
733 4030 945 4090 solveris
985 4031 1038 4085 in
1086 4040 1226 4086 terra
1273 4032 1372 4085 erit
1421 4030 1645 4086 solutum
1691 4031 1746 4085 in
1795 4031 1942 4086 caelo.

367 4125 572 4195 Aperte
599 4121 733 4181 satis
761 4120 1063 4181 ostenditur
1087 4122 1362 4179 neminem
1390 4135 1549 4192 posse
1575 4120 1643 4176 de
1672 4120 1947 4191 praeterito

363 4211 612 4284 prtesenti
638 4219 802 4283 atque
829 4210 1008 4266 futuro
1054 4211 1252 4266 resolvi
1275 4225 1308 4265 a
1337 4209 1581 4276 crimine,
1605 4209 1706 4266 nisi
1730 4219 1948 4280 aposto-

365 4305 524 4360 licam
581 4303 813 4360 tenuerit
862 4301 981 4358 sine
1027 4314 1162 4370 ruga
1209 4300 1596 4371 professionem
1631 4300 1884 4358 :clausus
1919 4299 1946 4336 ι)

366 4394 770 4462 obduratusqne
796 4392 900 4452 erit
949 4391 1026 4448 illi
1075 4405 1340 4460 supernus
1368 4390 1617 4446 introitus
1647 4430 1666 4455 ,
1694 4388 1849 4459 cujus
1895 4389 1946 4445 in

366 4483 715 4542 defendendis
784 4483 1056 4541 erroribus
1119 4498 1217 4540 cor
1281 4481 1538 4539 manserit
1605 4481 1946 4537 obduratum.

368 4576 450 4633 Ad
477 4574 939 4644 comparationem
974 4574 1126 4644 grani
1167 4573 1378 4646 sinapis.
1397 4572 1519 4628 fidei
1548 4572 1777 4641 qualitas
1801 4585 1952 4627 com-

2039 3377 2322 3443 misit,ipse
2351 3374 2474 3448 mihi
2494 3371 2799 3426 mandatum
2822 3370 2980 3425 dedit.
3001 3369 3097 3424 Et:
3119 3367 3242 3424 Non
3268 3386 3360 3442 ego
3390 3370 3522 3436 veni,
3549 3371 3646 3424 sed

2040 3471 2129 3534 ille
2157 3484 2238 3524 me
2259 3467 2419 3522 misit.
2447 3463 2516 3520 Et
2541 3478 2729 3520 rursus
2758 3480 2772 3516 :
2803 3461 2928 3518 Non
2959 3462 3071 3516 veni
3101 3463 3273 3532 facere
3319 3460 3642 3515 voluntatem

2042 3576 2229 3617 meam.
2253 3557 2596 3626 lterumque:
2633 3553 2780 3609 Sicut
2810 3551 2936 3606 mihi
2964 3551 3117 3605 Pater
3145 3535 3300 3616 dixit,
3320 3549 3392 3602 sic
3417 3551 3643 3620 loquor;

2043 3661 2093 3709 et
2136 3650 2270 3721 quod
2309 3648 2450 3704 dedit
2488 3645 2613 3700 mihi
2663 3643 2880 3708 servavi;
2911 3651 2961 3698 et
2990 3641 3165 3698 omnia
3205 3656 3319 3712 qua:
3344 3641 3470 3694 mihi
3499 3641 3647 3696 dedit

2046 3759 2194 3800 nemo
2214 3742 2412 3813 auferet
2434 3753 2466 3791 a
2493 3752 2592 3791 me.
2624 3734 2753 3791 Post
2777 3733 2904 3788 talia
2932 3733 3182 3803 ingerunt
3214 3748 3229 3784 :
3264 3729 3476 3800 Rogabo
3523 3730 3644 3784 Pa-

2048 3845 2173 3890 trem
2191 3847 2376 3895 meum,
2392 3827 2442 3883 et
2462 3824 2717 3882 exhibebit
2739 3824 2864 3879 mihi
2885 3823 3156 3895 plusquam
3177 3821 3450 3876 duodecim
3472 3822 3645 3876 millia

2049 3927 2275 3996 legiones
2306 3923 2823 3996 angelorum:atque
2853 3937 2867 3974 :
2897 3919 2958 3974 Si
2998 3919 3080 3972 hic
3129 3919 3270 3972 calix
3326 3933 3427 3972 non
3474 3926 3661 3987 potest

2052 4017 2293 4083 transire,
2324 4015 2423 4068 nisi
2445 4012 2614 4067 bibam
2641 4010 2827 4074 illum;
2869 4016 2924 4064 et
2954 4025 2968 4062 :
3003 4007 3065 4064 Si
3093 4007 3217 4078 ﬁeri
3239 4015 3434 4078 potest,
3471 4015 3649 4060 trans-

2049 4115 2134 4161 eat
2177 4121 2209 4158 a
2238 4120 2317 4158 me
2343 4103 2481 4158 colis:
2507 4103 2637 4166 iste;
2667 4116 2771 4155 non
2798 4099 2930 4153 sicut
2968 4113 3063 4168 ego
3093 4098 3230 4161 volo,
3269 4097 3361 4150 sed
3384 4097 3518 4150 sicut
3566 4105 3642 4150 tu.

2051 4197 2361 4267 Adjungunt
2401 4192 2564 4249 etiam
2596 4209 2610 4246 :
2642 4190 2712 4245 Et
2759 4205 2874 4262 qua:
2901 4197 3020 4242 sunt
3068 4187 3260 4256 placita
3280 4188 3330 4242 ei
3383 4202 3477 4258 ego
3507 4186 3648 4257 facio

2054 4294 2352 4356 semper;et
2379 4284 2556 4340 sedere
2580 4283 2648 4336 ad
2680 4282 2945 4336 dexteram
2965 4279 3245 4345 meam,ael
3260 4278 3329 4331 ad
3354 4278 3647 4342 sinistram,

2055 4396 2160 4433 non
2215 4387 2291 4432 est
2337 4391 2501 4430 meum
2539 4374 2665 4427 dare
2695 4373 2851 4427 vobis.
2903 4369 3234 4424 insanientes
3263 4376 3597 4424 (annectunt
3631 4385 3646 4429 ;

2055 4475 2126 4530 Et
2154 4473 2294 4528 dedit
2317 4469 2394 4524 illi
2423 4484 2609 4522 nomen
2630 4465 2764 4538 quod
2789 4472 2863 4518 est
2902 4479 3057 4533 super
3094 4478 3243 4516 omne
3272 4475 3494 4526 nomen;
3523 4468 3581 4514 ct
3631 4475 3647 4515 ξ

2057 4563 2324 4620 Exaltavit
2375 4576 2588 4632 puerum
2627 4574 2806 4622 suum;
2837 4553 2937 4624 et':
2983 4554 3258 4608 Benediasit
3286 4562 3336 4607 te
3389 4551 3648 4607 Dominus

370 4671 615 4738 paratur,
631 4678 754 4719 cum
783 4634 1019 4717 taliter;
1043 4663 1272 4720 Domino
1289 4634 1490 4718 dicitur
1517 4678 1533 4716 :
1565 4634 1628 4716 Si
1667 4659 1951 4719 habueritis
1977 4634 2030 4693 D
2057 4655 2198 4710 Deus
2244 4664 2391 4718 tuus;
2446 4661 2500 4707 et
2528 4669 2547 4704 ι
2602 4648 2860 4703 Excitavit
2902 4663 3018 4700 eum
3062 4663 3094 4699 a
3123 4646 3359 4712 mortuis,
3399 4654 3448 4698 et
3468 4644 3649 4699 sedere

369 4755 528 4827 [idem
549 4763 789 4823 tauquam
809 4769 1029 4824 granum
1049 4753 1267 4823 sinapis,
1291 4763 1341 4808 et
1361 4753 1598 4807 dixeritis
1619 4750 1734 4804 huic
1753 4751 1952 4805 monti:

373 4847 624 4919 Transfer
647 4854 711 4911 te,
728 4845 1004 4916 transferet
1024 4860 1097 4899 se.
1117 4844 1270 4903 Sicut
1288 4857 1510 4912 granum
1527 4843 1729 4914 sinapis
1753 4857 1957 4917 nequa-

370 4952 532 5009 quam
585 4935 777 5008 recipit
821 4933 1143 5000 sectionem,
1168 4934 1262 4989 sed
1303 4932 1672 4990 frttctiiicando
1699 4947 1759 4989 se
1783 4933 1959 5004 porri-

371 5044 501 5100 gens
540 5042 810 5087 ramorum
839 5026 1183 5084 incrementis
1225 5025 1505 5087 densatum
1543 5027 1824 5086 sublimem
1869 5043 1957 5082 ar-

373 5119 587 5177 bustum
616 5115 835 5183 efﬁciet,
884 5118 1052 5182 instar
1084 5129 1104 5155 ο
1134 5115 1504 5173 indesecabilis
1535 5117 1656 5173 fidei
1683 5119 1960 5180 catholicae

373 5209 580 5280 puritas
637 5221 920 5278 quousque
947 5206 1191 5267 detersos
1221 5208 1494 5272 erroribus
1531 5211 1778 5280 emperit,
1811 5218 1961 5263 tanta

377 5299 590 5370 frugum
633 5299 914 5360 nobilitate
957 5296 1302 5368 multiplicat,
1360 5306 1617 5368 tantaque
1645 5298 1964 5354 celsitudine

357 5389 722 5460 suifragando
751 5388 1023 5453 sublimat,
1057 5395 1115 5447 ut
1144 5403 1315 5460 usque
1342 5389 1407 5442 ad
1435 5389 1634 5444 caelum
1663 5389 1960 5458 perveniat,

377 5490 435 5537 et
451 5481 694 5538 ctelestia
715 5479 854 5534 dona
877 5487 1149 5534 merentes
1160 5476 1430 5533 Christum
1457 5473 1792 5535 deiicientem
1817 5479 1963 5534 nullo

380 5582 624 5644 tempore
676 5571 1038 5642 perfruantur.
1085 5570 1314 5628 Mortem
1360 5571 1450 5626 hic
1523 5570 1794 5632 inimicum
1843 5570 1966 5625 fidei

461 5765 620 5838 {Per
647 5767 984 5838 Salomonem
1014 5780 1207 5838 par‘ecc
1229 5765 1455 5823 deberse
1476 5776 1795 5838 anteponcr,
1821 5765 1970 5823 colo-

387 5837 616 5890 candolo
643 5835 874 5903 despues
897 5836 962 5888 de
988 5833 1250 5889 subduxit.

458 5905 485 5945 δ
516 5903 575 5958 ΕΙ
600 5903 720 5967 11s.,
748 5904 1087 5957 clausum...
1131 5905 1418 5972 introitum,
1459 5923 1493 5976 δ’
1539 5910 1751 5962 erroris.

2059 4748 2180 4819 fecit
2236 4762 2350 4800 eum
2392 4743 2460 4796 ad
2507 4741 2774 4795 dexteram
2825 4754 3024 4804 suam;
3085 4737 3360 4806 multaque
3409 4735 3646 4798 similia,

2057 4852 2175 4908 qua:
2217 4836 2513 4900 rectissima
2564 4831 2696 4886 fides
2748 4830 2928 4885 taliter
2979 4829 3171 4898 recipit
3197 4870 3220 4898 ,i
3259 4839 3318 4883 ut
3357 4827 3497 4883 sciat
3525 4841 3647 4896 quas

2059 4928 2292 4992 Deitati,
2341 4940 2459 4997 quae
2505 4920 2824 4983 humanitati
2873 4919 3222 4976 conveniunt.
3280 4917 3374 4974 His
3423 4918 3644 4992 quidem

2059 5020 2354 5078 rationibus
2379 5026 2434 5071 et
2472 5013 2716 5070 fidelibus
2747 5013 2990 5068 infelices
3031 5011 3422 5070 convincuntur
3465 5024 3651 5068 exem-

2063 5114 2193 5185 plis;
2215 5114 2267 5166 in
2317 5109 2412 5168 Dei
2455 5107 2670 5179 quidem
2699 5105 2807 5161 filio
2837 5104 2979 5179 duas
2999 5105 3318 5161 confitemur
3351 5104 3651 5158 certissime

2063 5219 2183 5261 esse
2211 5210 2626 5269 naturas,unam
2642 5198 2856 5253 deitatis
2881 5206 2938 5252 et
2967 5197 3190 5252 alteram
3210 5199 3436 5261 fatemur
3463 5195 3651 5250 huma-

2064 5294 2265 5355 nitati=.
2288 5290 2534 5346 Christus
2572 5290 2732 5360 igitur
2756 5290 2979 5344 formam
3007 5298 3030 5326 ο
3049 5288 3188 5342 servi
3215 5330 3229 5355 ,
3245 5303 3406 5358 quam
3427 5287 3651 5356 sumpsit

2065 5401 2132 5440 ex
2165 5382 2408 5450 Virgine,
2431 5379 2577 5446 Patri
2612 5367 2823 5433 dicitur
2861 5393 2979 5433 esse
3023 5377 3318 5447 subjectus.
3368 5377 3650 5432 Doctorem

2065 5477 2302 5547 gentium
2328 5474 2692 5544 apostolorum
2707 5472 3116 5526 confirmantem
3135 5490 3146 5524 :
3168 5470 3267 5525 Ubi
3289 5471 3440 5534 venit,
3457 5469 3648 5539 inquit,

2067 5566 2330 5636 plenitudo
2360 5564 2601 5632 temporis
2621 5601 2636 5625 ,
2659 5562 2799 5616 misit
2831 5559 2970 5624 Deus
2996 5559 3043 5612 F
3046 5561 3191 5620 ilium
3218 5577 3369 5624 suum,
3389 5568 3567 5624 uatum
3586 5575 3649 5624 es

2145 5778 2164 5805 ο
2200 5765 2402 5819 Parece
2425 5764 2480 5817 lo
2507 5763 2696 5814 mismo
2716 5774 2822 5826 que
2851 5761 2940 5818 sic.

2143 5837 2167 5872 ά
2203 5835 2261 5887 ΕΙ
2295 5834 2417 5899 Ms.,
2440 5833 2691 5886 malorum
2721 5838 2817 5883 est.

2149 5916 2171 5943 ε
2214 5904 2362 5968 Falta
2428 5902 2724 5965 secundum.
