3858 6190
201 468 287 524 577
1363 460 1516 519 VITA
1558 461 1645 518 ET
1688 461 1924 523 PASSIO
1962 463 2021 521 8.
2065 463 2430 523 DESIDERII:

3360 484 3466 539 5⁸78

199 583 390 637 saliere
408 618 425 643 ,
459 579 655 650 factum
683 574 776 629 sub
817 573 945 644 tege.
988 570 1045 627 lu
1093 586 1156 628 ea
1203 581 1394 628 natura
1423 571 1619 629 dicitur
1643 587 1764 629 esse
1792 576 1844 635 Λ
1869 575 1955 645 pio
1973 582 2089 629 erat
2121 575 2365 641 Verbum,
2394 585 2443 631 et
2480 577 2700 635 Verbum
2729 592 2839 636 erat
2861 586 3001 652 apud
3029 585 3191 641 Deum
3210 628 3226 654 ,
3249 598 3299 644 et
3322 591 3467 648 De“;

194 677 449 746 subth
471 711 487 738 ,
512 672 565 725 in
586 685 691 739 qua
712 669 812 724 sub
840 667 958 735 lege
983 680 1051 722 ex
1080 665 1307 722 muliere
1336 667 1575 722 nascitur
1602 680 1769 735 gene-

196 777 344 825 ratus.
395 763 454 820 Si
495 761 625 833 quid
675 774 808 816 sane
851 758 998 814 illam
1041 757 1233 813 divinis
1283 758 1625 826 reperiantur
1652 759 1769 813 elo-

193 859 354 928 quiis,
383 866 405 893 ·
434 855 561 925 quia
608 851 810 908 Christi
858 865 1148 919 personam
1203 849 1347 904 Patri
1388 847 1770 928 subjectiorem

193 926 405 1006 efﬁciant
432 987 453 1014 ,
482 961 591 1002 non
634 953 882 999 naturam
917 942 1134 1000 deitatis
1162 949 1392 997 evacuat
1414 982 1431 1009 ,
1464 940 1556 995 sed
1583 926 1770 996 verum

195 1043 448 1099 hominem
494 1039 713 1096 deitatis
761 1038 950 1094 deitati
991 1037 1291 1106 subjectum
1324 1037 1574 1092 affirmet.
1607 1036 1772 1106 Igitur

195 1136 275 1192 ubi
298 1134 407 1191 Deo
432 1131 578 1187 Patri
608 1131 747 1189 Deus
765 1129 934 1187 Filius
957 1129 1178 1200 aequalis
1206 1129 1527 1190 ostenditur.
1560 1130 1627 1184 de
1650 1130 1770 1184 the-

193 1227 347 1283 sauris
380 1239 551 1282 sacrae
577 1222 709 1292 legis
736 1221 887 1277 velut
929 1219 1122 1275 florum
1156 1220 1335 1291 capita
1363 1220 1570 1276 delecta
1602 1220 1771 1275 colle-

193 1317 387 1387 gimus,
440 1322 496 1369 et
542 1313 644 1369 sub
687 1327 798 1369 uno
843 1319 1101 1382 congesta
1156 1311 1539 1367 exhaurientes
1582 1312 1766 1365 aeterni

191 1406 318 1476 regis
341 1404 485 1461 dona
508 1403 881 1476 porreximus:
911 1402 1050 1457 Dicit
1077 1402 1220 1457 enim
1250 1400 1391 1457 ﬁlius
1418 1399 1565 1455 Patri
1592 1418 1606 1454 :
1636 1398 1766 1455 0m-

191 1498 267 1549 uia
291 1510 401 1549 mea
423 1504 511 1548 tua
535 1502 657 1549 sunt
681 1510 702 1559 ;
724 1500 779 1549 et
804 1508 989 1548 rursus
1006 1492 1365 1562 evangelista:
1384 1490 1667 1563 lEquatem
1693 1508 1766 1555 se,

192 1582 383 1652 inquit,
416 1582 617 1654 faciens
672 1581 785 1638 Deo
832 1582 975 1637 omni
1020 1580 1245 1647 virtute;
1274 1579 1472 1652 ct,Ego
1520 1590 1570 1634 et
1611 1579 1771 1633 Pater

194 1689 333 1727 suum
373 1689 580 1727 summ.
611 1670 680 1727 Et
707 1673 763 1729 in
791 1672 1285 1742 consequentibus:
1321 1670 1391 1727 Ut
1415 1673 1520 1727 sint
1545 1672 1599 1725 iu
1622 1673 1770 1726 nobis

189 1779 344 1823 unum,
359 1762 498 1816 sicut
527 1772 576 1818 et
604 1779 698 1835 ego
726 1771 775 1817 et
798 1771 851 1817 tu
876 1778 1036 1816 unum
1062 1777 1278 1827 sumus;
1306 1769 1362 1817 et
1387 1777 1400 1814 :
1438 1761 1561 1815 Non
1595 1762 1770 1815 credi-

190 1854 296 1906 disti
319 1853 445 1923 quia
488 1870 583 1925 ego
628 1854 683 1907 in
726 1852 890 1908 Patre
913 1894 931 1922 ,
956 1862 1005 1907 et
1052 1852 1216 1908 Pater
1241 1854 1309 1909 .in
1338 1867 1420 1907 me
1466 1854 1585 1908 est?
1607 1851 1772 1907 Pater

1874 675 1983 721 erat
2024 666 2264 722 Verbum.
2308 668 2687 727 Conticescant
2736 690 2865 745 ergo
2894 677 3223 735 dementiutu
3266 692 3463 751 poten-

1875 760 1995 816 tiosi
2042 761 2306 817 sermonis
2347 762 2542 832 lingu-m-
2584 768 2902 821 srntentiam
2949 770 3087 825 ferre
3112 812 3126 836 ,
3154 789 3273 841 qum
3302 776 3470 831 anhe-

1875 851 2051 909 tantes
2077 861 2339 908 conantur
2365 854 2558 909 Filium
2589 871 2620 910 a
2652 854 2825 913 Patris
2854 860 3150 918 substantia
3181 881 3457 936 separare.

1874 942 1951 997 De
1981 943 2185 1015 Spiritu
2214 954 2406 1001 sancto
2431 988 2448 1014 ,
2476 948 2569 1015 qui
2596 964 2718 1003 cum
2750 948 2907 1006 Patre
2933 961 2988 1005 et
3015 952 3150 1009 Filio
3184 956 3236 1010 in
3265 958 3470 1015 unitate

1872 1035 2084 1091 virtutis
2132 1037 2359 1107 aequalis
2384 1039 2517 1093 vivit
2545 1050 2599 1093 et
2645 1049 2835 1110 regnat
2865 1083 2881 1107 ,
2914 1041 3072 1097 talem
3123 1044 3383 1101 inteticem
3414 1056 3469 1103 et

1871 1130 2017 1183 omni
2050 1128 2199 1185 fonte
2218 1130 2581 1203 lacrymarum
2606 1133 2890 1203 plaugendi
2915 1135 3204 1205 opinantur
3223 1140 3469 1195 sensibus

1871 1220 2181 1288 Opinionem
2201 1261 2216 1286 ,
2239 1220 2512 1277 oblatrare
2540 1224 2725 1278 caecati
2743 1268 2758 1291 ,
2788 1233 3060 1293 quatenus
3084 1228 3467 1295 prosecutione

1872 1310 2055 1365 funera
2085 1350 2100 1376 ,
2130 1312 2291 1383 impia
2319 1356 2335 1382 ,
2364 1314 2590 1369 sauciati
2617 1314 2884 1371 dementia
2912 1357 2927 1383 ,
2958 1332 2988 1370 a
3028 1316 3189 1374 Patre
3219 1318 3468 1390 Filioque

1868 1400 2199 1467 dissociant,
2230 1410 2285 1457 et
2326 1417 2431 1458 non
2464 1404 2629 1459 Deum
2654 1404 2839 1475 (quod
2864 1405 2968 1460 diei
2998 1405 3147 1462 nefas
3174 1406 3282 1477 est)
3314 1447 3330 1474 ,
3369 1409 3464 1464 sed

1868 1500 2189 1557 creaturam,
2206 1494 2487 1550 sceleratis
2508 1496 2729 1550 vocibus
2754 1507 3066 1567 personant.
3089 1497 3256 1553 Sacra
3280 1509 3461 1556 tamen

1868 1585 2163 1641 auctoritas
2209 1586 2441 1656 eloquiis
2491 1587 2743 1658 opulenta
2782 1590 2978 1645 divinis
3001 1631 3016 1656 ,
3039 1590 3298 1659 Spiritum
3337 1608 3456 1647 san-

1869 1684 2017 1730 ctum
2043 1691 2162 1731 esse
2210 1677 2377 1732 Deum
2409 1687 2464 1733 et
2504 1678 2816 1735 Creatorem
2848 1696 2969 1735 cum
3018 1681 3176 1738 Patre
3214 1691 3270 1738 et
3308 1683 3463 1748 Filio,

1868 1767 2178 1823 clarissimis
2199 1767 2283 1822 his
2309 1768 2555 1825 affatibus
2585 1768 2976 1826 demonstravit
2999 1788 3013 1824 :
3046 1771 3234 1839 Verbo,
3261 1773 3454 1842 inquit,

1875 1857 2085 1913 Domini
2107 1859 2218 1914 caeli
2248 1860 2444 1929 ﬁrmati
2468 1872 2587 1915 sunt
2608 1870 2658 1915 et
2684 1862 2866 1932 spiritu
2894 1865 2999 1918 oris
3028 1864 3141 1934 ejus
3163 1867 3333 1919 omnis
3356 1867 3462 1919 vir-

192 1960 313 1998 meus
358 1954 629 2015 aperatur,
658 1954 709 1999 et
744 1960 838 2016 ego
888 1961 1114 2015 operor;
1158 1952 1351 2015 atque:
1404 1943 1554 1999 δίεπε
1604 1944 1764 1998 Pater
1796 1946 1842 2007 Β
1868 1959 1949 2005 tus
2003 1967 2196 2004 eorum.
2257 1952 2491 2012 Rursus,
2521 1953 2612 2022 qui
2665 1968 2826 2023 supra
2866 1953 3088 2023 pulchra
3127 1971 3223 2024 per
3250 1956 3463 2025 eloquia

186 2035 380 2091 suscitat
426 2044 654 2090 mortuos
674 2074 690 2101 ,
718 2043 767 2091 et
796 2036 1020 2107 viviﬁcat
1044 2053 1062 2100 ,'
1085 2037 1162 2089 ita
1218 2043 1265 2089 et
1295 2034 1464 2089 Filius
1495 2051 1627 2106 quos
1663 2035 1770 2089 vult
1865 2040 2133 2094 iutimavit
2164 2057 2178 2093 :
2211 2039 2404 2094 Emitte
2430 2039 2685 2110 Spiritum
2723 2051 2863 2096 tuum
2888 2084 2903 2108 ,
2946 2051 2994 2096 et
3052 2042 3380 2109 creabantur,
3416 2055 3466 2098 et

188 2126 392 2196 siciﬁcat
415 2134 531 2192 ;et:
552 2125 652 2191 Qui
679 2143 760 2181 me
778 2126 927 2194 vidit,
960 2126 1085 2181 vidit
1105 2135 1154 2179 et
1178 2124 1423 2189 Patrem;
1445 2132 1535 2180 et:
1563 2122 1663 2189 Qui
1690 2141 1771 2178 me
1864 2129 2132 2184 inuovabis
2162 2131 2349 2201 [aciem
2374 2141 2541 2185 terrae.
2567 2130 2679 2186 Rc:
2705 2131 2795 2186 ille
2821 2132 3032 2187 cunctis
3050 2131 3384 2201 prudentior,
3408 2141 3466 2187 et

187 2218 299 2282 odit,
320 2217 436 2272 odit
459 2226 509 2271 et
535 2217 750 2272 Patrem
769 2234 968 2282 meum;
998 2214 1362 2285 etthariﬁca
1387 2214 1433 2267 F
1439 2216 1583 2269 ilium
1604 2224 1767 2278 tuum,
1866 2218 2175 2289 propheta:
2237 2218 2400 2287 Ipse,
2445 2219 2657 2288 inquit,
2706 2220 2899 2272 creavit
2949 2236 3013 2273 ea
3065 2236 3158 2290 per
3210 2219 3464 2289 Spiritum

187 2317 300 2364 utet
324 2309 503 2365 Filius
525 2320 638 2364 tuus
659 2310 911 2380 ctari/icet
938 2320 1025 2375 te;
1064 2317 1149 2364 et:
1174 2306 1286 2378 Ego
1308 2307 1594 2377 διανερεαυὶ
1616 2323 1770 2373 super
1862 2319 2115 2363 sanctum.
2151 2308 2579 2365 Patientissimus
2606 2326 2776 2379 paena:
2819 2310 2958 2364 ultra
2990 2325 3180 2365 omnes
3209 2310 3461 2365 homines

189 2410 356 2464 terrase
381 2439 402 2466 ,
428 2412 477 2455 et
504 2402 855 2472 'manifestavi
894 2417 1080 2457 nomen
1130 2409 1273 2454 tuum
1302 2398 1616 2454 hominibus.
1647 2397 1765 2452 Jam
1858 2397 1997 2452 Job:
2035 2397 2247 2452 Diviuus
2272 2438 2288 2463 ,
2315 2400 2427 2461 ait,
2461 2399 2692 2467 Spiritus
2720 2401 2808 2469 qui
2847 2400 3037 2452 creavit
3066 2417 3166 2453 me.
3201 2399 3461 2454 Bellatrix

187 2491 420 2548 utomnis
432 2491 779 2562 conquiescat
798 2491 1137 2549 cavilationis
1163 2491 1413 2554 intentio,
1440 2491 1585 2544 hanc
1640 2504 1764 2545 sen-

188 2586 392 2641 tentiam
435 2584 658 2639 Joannis
691 2584 971 2655 praevisam
1002 2582 1357 2650 accipiant,“
1380 2580 1670 2636 defendant
1709 2580 1761 2634 in

184 2674 275 2731 isto
293 2675 458 2732 modo
487 2674 846 2731 sacratissima
888 2673 1050 2728 verba
1081 2681 1391 2727 narrantem
1418 2688 1431 2724 :
1462 2669 1530 2725 In
1559 2670 1761 2741 priuci-
1816 2728 1829 2734 _

246 2864 268 2891 ⁸
302 2850 483 2923 Falta,
526 2850 666 2920 alga.

845 2996 1229 3013 mm

1261 2989 2117 3019 W

1360 3097 2189 3213 SISEBUTI
2213 3167 2255 3237 ,

1867 2503 2101 2559 namque
2124 2488 2191 2543 Ju
2212 2489 2305 2542 litlt
2340 2508 2353 2541 :
2390 2488 2525 2554 Tibi,
2564 2489 2737 2557 inquit
2764 2528 2780 2554 ,
2804 2492 2958 2543 servit
2988 2491 3156 2544 omnis
3182 2500 3423 2544 creatura
3441 2531 3459 2557 ,

1865 2580 1951 2648 qui
1994 2580 2193 2647 dixisti,
2222 2589 2271 2635 et
2299 2582 2440 2652 facta
2483 2589 2639 2647 sunt;
2673 2582 2860 2636 misisti
2902 2581 3157 2652 Spiritum
3197 2592 3337 2635 tuum
3360 2620 3377 2647 ,
3406 2591 3457 2634 et

1871 2677 2045 2723 creata
2070 2680 2211 2724 sunt.
2864 2670 2865 2673 “

2123 2986 2223 3005 ῥυ
2230 2989 2577 3004 mw

1526 3264 1874 3318 GOTHORUM
1916 3264 2122 3328 REGIS,

505 3389 957 3522 VITA
1009 3388 1238 3518 ET
1297 3382 1934 3518 PASSIO
1998 3387 2124 3511 s.
2178 3386 3127 3545 DESIDERII.

1341 3636 1556 3699 (Florez,
1575 3634 1765 3698 Espoita
1787 3631 2037 3699 Sagrada,
2058 3637 2096 3682 t.
2154 3626 2289 3694 VII.)

243 3814 293 3869 Ι.
334 3815 444 3869 Pro
501 3810 798 3868 imitatione
849 3806 1227 3879 prmsentium,
1257 3820 1355 3877 pro
1401 3803 1758 3859 :ediflcatione
1785 3803 1831 3865 C
1862 3797 2090 3870 praebuit
2135 3795 2349 3852 infirmo
2395 3802 2780 3864 carceratoque
2829 3793 3111 3861 solatium,
3168 3798 3453 3866 peregrino

177 3909 448 3965 hominum
480 3906 777 3961 futurorum
802 3941 819 3968 ,
848 3918 949 3973 pro
987 3900 1186 3957 unctis
1232 3897 1550 3955 exercendis
1572 3895 1762 3952 studiis

174 3995 572 4053 succedentium
599 4001 923 4061 temporum,
944 3989 1111 4043 vitam
1142 3985 1315 4042 sancti
1345 3985 1595 4056 martyris
1622 3982 1760 4039 scri-

176 4092 295 4146 bere
344 4087 609 4144 Desiderii
648 4085 904 4155 disposui,
945 4096 1171 4152 qumque
1215 4087 1414 4136 nostme
1462 4075 1761 4146 cognitioni

174 4173 335 4235 ﬁdelis
364 4180 506 4233 fama
539 4177 801 4240 innotuit,
825 4176 969 4230 sicco
998 4172 1167 4242 magis
1191 4171 1364 4242 stylo,
1390 4184 1552 4239 quam
1582 4166 1762 4222 verbis

172 4280 363 4326 onusto
400 4270 641 4324 faleratis
680 4266 908 4333 innotui,
939 4279 1058 4334 quae
1105 4262 1295 4318 adesse
1337 4261 1493 4316 nobis
1520 4258 1763 4327 ﬂagitans

171 4361 454 4417 Dominum
487 4360 796 4414 adfuturum
821 4399 836 4424 ,
868 4357 959 4427 qui
989 4354 1249 4411 faciendis
1270 4352 1560 4407 virtutibus
1587 4350 1638 4406 ei
1665 4365 1763 4405 nec

172 4452 441 4507 immerito
488 4448 717 4505 contulit
768 4454 1094 4518 potestatem
1122 4484 1137 4510 ,
1169 4452 1445 4513 torporem
1474 4440 1671 4495 mentis
1696 4454 1761 4494 ac

173 4540 359 4609 lingua:
388 4548 591 4595 nostra:
638 4536 929 4592 discutiens
950 4574 966 4598 ,
1002 4533 1069 4588 ad
1097 4531 1459 4588 enarrandum
1487 4536 1760 4600 gestorum

170 4634 412 4687 ordinem
441 4630 677 4700 indignis
702 4627 854 4685 nobis
881 4626 1124 4683 conferat
1149 4623 1473 4679 facultatem.

234 4720 287 4773 '2.
330 4720 432 4776 Hic
456 4721 559 4784 vir,
589 4720 657 4774 de
684 4719 899 4773 stimate
924 4716 1070 4771 claro
1102 4714 1361 4769 Romanis
1386 4727 1417 4767 a
1447 4709 1761 4782 parentibus

168 4820 316 4866 ortus
341 4853 357 4877 ,
387 4816 456 4866 ab
486 4811 615 4879 ipsis
642 4808 1054 4865 cunabulisDeo
1082 4813 1346 4870 sacratus,
1376 4802 1759 4860 nobilissimam

168 4904 297 4958 satis
319 4902 572 4957 trahebat
602 4900 924 4970 prosapiam.
956 4898 1057 4965 Qui
1088 4911 1211 4952 cum
1241 4910 1411 4949 annos
1440 4910 1547 4963 quo
1578 4892 1655 4946 fas
1678 4900 1761 4946 est

166 4992 349 5047 doceri
377 4992 692 5061 contigisset
726 4989 1020 5059 legitimos,
1055 4986 1285 5041 traditur
1312 4984 1377 5037 ad
1409 4982 1583 5037 studia
1617 4992 1639 5017 ⁸
1675 4982 1747 5036 lit-

168 5092 430 5141 terarum.
485 5082 599 5137 Nec
628 5082 798 5137 multa
829 5080 1041 5136 morula
1070 5085 1456 5133 ceucrescente
1483 5089 1673 5129 sensus
1713 5072 1757 5127 si

1865 3892 2195 3963 hospitium,
2227 3890 2371 3944 nudo
2401 3887 2613 3943 vestivit
2642 3887 2917 3941 amictum.
2940 3885 3056 3941 Non
3080 3886 3225 3941 illum
3248 3889 3455 3943 cunctis

1863 3982 2079 4037 inimica
2102 3980 2264 4035 elatio
2285 3978 2570 4033 virtutibus
2590 3977 2799 4042 extulit,
2820 3992 2925 4032 non
2948 3978 3199 4048 languida
3229 3976 3255 4015 ι)
3279 3987 3454 4032 temu—

1863 4072 2027 4129 lentia
2050 4070 2311 4127 sauciavit
2332 4111 2348 4136 ,
2373 4084 2479 4124 non
2505 4069 2746 4124 ciborum
2778 4067 2937 4121 nimia
2962 4068 3304 4138 praasumptio
3324 4083 3455 4123 one-

1864 4163 2001 4218 ravit
2029 4201 2046 4227 ,
2075 4177 2182 4216 non
2210 4176 2377 4216 vorax
2409 4159 2573 4214 libido
2601 4159 2841 4229 corrupit
2865 4196 2880 4220 ,
2913 4173 3021 4211 non
3049 4157 3207 4210 fallax
3232 4158 3453 4211 mendo-

1863 4254 1998 4309 sitas
2048 4252 2383 4319 demutavit,
2414 4266 2521 4305 non
2567 4249 2832 4318 cupiditas
2877 4248 3122 4301 nocitura
3153 4247 3445 4316 persuasit,

1863 4358 2092 4412 cumque
2122 4342 2317 4397 talibus
2343 4341 2527 4395 divino
2565 4338 2750 4395 favore
2780 4338 3066 4392 virtutibus
3095 4335 3361 4405 polleret,
3392 4343 3454 4390 et

1864 4445 2034 4490 metas
2061 4443 2363 4503 temporum
2397 4430 2695 4502 pubertatis
2724 4430 2941 4499 elapsus
2964 4427 3229 4497 juveniles
3258 4443 3451 4491 annos,

1864 4541 1972 4579 non
2002 4523 2267 4579 desideria
2332 4528 2573 4591 caperet,
2624 4519 2765 4574 fama
2797 4520 2997 4574 bomtm
3047 4518 3301 4587 Opinione
3329 4533 3451 4572 creo

1863 4623 2051 4670 scente
2076 4653 2091 4679 ,
2120 4612 2318 4683 sparsit
2353 4622 2406 4667 et
2433 4626 2598 4680 opera
2628 4609 2842 4665 luminis
2871 4624 2899 4662 a
2940 4624 3069 4663 vero
3100 4607 3297 4663 lumine
3325 4623 3455 4662 cou-

1861 4705 2058 4760 donata
2084 4744 2100 4768 ,
2123 4702 2302 4756 multis
2349 4702 2401 4758 iu
2447 4701 2756 4769 regionibus
2796 4699 3098 4756 t'oruscavit
3122 4742 3138 4768 ,
3165 4699 3453 4753 multarqu

1867 4796 2103 4866 denique
2131 4794 2342 4848 urbium
2372 4809 2471 4863 pro
2497 4793 2772 4848 beneficiis
2792 4793 3005 4862 populis
3032 4791 3307 4862 capiendis
3328 4805 3450 4843 eum

1861 4886 2328 4955 sibimetcpiscOpi
2344 4897 2589 4940 sanctum
2614 4885 2961 4955 poposcerint
2989 4898 3007 4920 ι’
3034 4901 3049 4949 ;
3073 4882 3162 4953 qui
3184 4881 3452 4936 reluctans

1864 4980 1996 5034 tanti
2023 4977 2263 5048 mysterii
2286 5017 2301 5042 ,
2330 4988 2387 5031 ut
2408 4992 2467 5032 se
2497 4976 2659 5032 habet
2690 4977 2963 5032 humilitas
2987 5015 3001 5039 ,
3028 4974 3283 5044 imparem
3304 4967 3447 5033 fore,

1864 5069 2139 5138 indignum
2163 5082 2223 5123 se
2246 5067 2533 5122 fatebatur.

164 5172 355 5241 vigore
380 5213 393 5236 ,
421 5173 533 5240 jam
563 5171 754 5225 doctus
786 5164 1168 5223 trauscendens
1195 5204 1210 5231 ,
1241 5163 1548 5234 plenissime
1576 5175 1756 5229 gratn-
1783 5158 1835 5216 D
1933 5159 1988 5214 ὅ.
2030 5157 2270 5213 Tandem
2298 5173 2404 5213 non
2433 5158 2452 5230 [
2476 5156 2626 5227 tam]
2653 5154 3230 5219 voluntariumiquam
3261 5147 3450 5217 unpul-

164 5265 381 5321 matiam
412 5265 636 5321 docatus
658 5304 673 5327 ,
705 5263 916 5317 divinas
942 5260 1292 5317 auctoritates
1321 5258 1455 5312 mira
1485 5258 1760 5313 celeritate

161 5356 456 5413 retinendo
485 5357 777 5426 explicuit:
813 5353 911 5409 fuit
940 5353 1083 5409 enim
1115 5351 1413 5421 capacitate
1468 5358 1717 5404 strenuus
1744 5394 1760 5421 ,

165 5448 547 5503 recordatione
574 5446 928 5502 memoriosus
951 5481 969 5507 ,
999 5441 1215 5510 ingenio
1243 5439 1405 5493 animi
1431 5438 1759 5505 acerrimus,

159 5536 498 5608 loquacitate
526 5537 855 5593 clarissimus
878 5576 893 5601 ,
922 5543 978 5590 et
1001 5531 1150 5604 quod
1198 5531 1281 5585 his
1307 5531 1556 5586 omnibus
1590 5530 1761 5600 majus

159 5639 243 5688 est
292 5669 311 5694 ,
346 5629 401 5683 in
448 5631 595 5685 omni
622 5644 718 5684 sua
772 5628 985 5683 actione
1038 5631 1439 5693 compunctus;
1469 5622 1757 5689 esurienti,

156 5718 316 5788 juxta
350 5697 698 5789 Evangelium
722 5761 739 5787 ,
777 5721 974 5776 victum
1000 5759 1017 5786 ,
1047 5714 1250 5775 sitienti
1296 5713 1490 5770 obtulit
1530 5725 1712 5783 potum
1739 5754 1753 5781 ,

232 5821 258 5849 ⁸
302 5810 452 5877 ΤοΙ.,
483 5815 729 5870 studium.

232 5880 260 5917 δ
307 5880 429 5943 Tol.
451 5925 464 5949 ,
493 5883 751 5955 ’larguida.

1861 5266 1977 5306 sum
2028 5250 2212 5305 multis
2241 5250 2494 5320 precibus
2522 5256 2835 5317 exoptatum
2877 5242 3180 5314 pontificem
3212 5239 3446 5293 Ecclesia

1866 5343 2181 5398 Viennensis
2233 5340 2573 5411 promeruit:
2627 5353 2786 5408 quam
2830 5342 3170 5402 Susceptum,
3202 5329 3449 5399 puedica-

1864 5440 2009 5489 t‘one
2046 5434 2351 5490 cautissima
2401 5432 2628 5487 removit
2655 5430 2722 5484 ab
2769 5429 2844 5482 ira
2878 5425 3159 5492 litigiosum
3188 5466 3202 5491 ,
3235 5438 3263 5475 a
3294 5437 3446 5474 men-

1866 5528 2104 5582 dositate
2142 5525 2388 5581 fallacem
2414 5565 2428 5587 ,
2459 5539 2487 5577 a
2536 5522 2825 5595 rapacitate
2855 5516 3100 5585 cupidum
3126 5556 3140 5577 ,
3173 5530 3202 5567 a
3234 5512 3449 5583 flagitiis

1870 5617 1962 5671 libi
1986 5616 2215 5671 :iuosum
2242 5656 2256 5679 ,
2293 5613 2661 5669 temulentiaut
2709 5609 3001 5664 sobrietate
3032 5605 3271 5659 edomuit
3304 5645 3319 5669 ,
3350 5619 3447 5656 vo-

1868 5710 2144 5763 racitatem
2170 5706 2493 5761 abstinentia
2526 5702 2796 5773 superavit
2823 5740 2837 5768 ,
2868 5698 3190 5755 discordiam
3222 5696 3444 5751 (l|ﬂ*i”‘-

1943 5812 1959 5839 ε
2004 5798 2065 5852 Et
2104 5798 2204 5853 Ms.
2228 5840 2241 5863 ,
2267 5795 2575 5867 poposcerit.
