3928 6176
345 427 448 485 573

1479 418 1786 476 SISEBUTI
1828 415 2217 475 GOTIIOBUM
2250 416 2452 473 REGIS

3500 423 3592 476 53d

341 541 409 596 tis
435 551 667 595 attinere
685 534 842 600 vicit,
867 531 1181 606 superbiam
1199 528 1500 586 humilitate
1525 527 1749 597 ;sincera
1778 539 1932 582 com-
1962 528 2011 584 A
2041 521 2110 578 de
2136 522 2315 591 gratia
2334 520 2626 577 sanitatum
2657 533 2836 576 sermo
2862 520 3128 590 generalis
3156 522 3406 591 emicuit;
3433 530 3519 583 sed
3539 518 3598 586 re

340 627 549 699 pescuit
567 665 582 690 ,
612 623 1024 691 incertissimum
1054 619 1329 691 vigilantia
1350 632 1382 672 a
1412 624 1630 686 torpore
1645 612 1882 670 excussit
1907 653 1929 679 ,

342 704 558 775 edocuit
603 715 655 770 in
693 713 1052 785 eleemosynis
1097 724 1218 767 esse
1244 706 1503 777 largiores
1525 743 1541 768 ,
1574 702 1926 774 gratitlcos,in

340 807 585 862 oratione
637 813 992 876 compunctos
1018 839 1037 866 ,
1069 801 1122 856 in
1168 797 1405 853 amicitia
1455 793 1594 851 fixos
1621 838 1636 860 ,
1664 795 1718 849 in
1767 793 1930 848 rebus

338 894 694 967 diiudicandis
718 892 982 950 soliicitos
1003 932 1021 959 ,
1053 890 1105 945 in
1136 888 1285 944 omni
1335 900 1551 956 semper
1578 884 1791 941 actione
1819 882 1928 937 dis-

338 995 541 1042 cretos.
572 983 679 1039 Sed
707 983 825 1038 haec
852 981 1033 1038 omnia
1082 978 1328 1048 exemplo
1355 977 1525 1046 magis
1551 990 1713 1047 quam
1743 973 1933 1029 verbis

340 1078 597 1144 edocuit,
629 1076 808 1132 sciens
842 1075 1127 1130 Dominum
1145 1070 1464 1128 adfuturum
1488 1110 1507 1138 ,
1535 1084 1642 1125 non
1673 1075 1791 1123 tam
1810 1067 1927 1123 elo-

341 1168 464 1237 quia
494 1167 842 1237 qum-siturum
867 1181 1035 1235 quam
1059 1178 1245 1235 opera.

410 1255 463 1310 4.
503 1255 611 1311 Ista
639 1257 764 1310 dum
778 1255 993 1310 Christo
1020 1252 1355 1309 concedente
1370 1257 1655 1320 geruntur,
1673 1249 1930 1304 adversus

343 1349 620 1405 conversis
663 1357 720 1403 et
760 1361 1055 1403 conversus
1100 1343 1304 1400 aversis
1350 1343 1599 1398 inventor
1623 1348 1679 1396 et
1725 1340 1934 1395 amicus

345 1440 534 1497 mortis
555 1438 816 1509 ingemuit
840 1479 855 1504 ,
887 1446 1049 1506 atque
1078 1444 1265 1492 contra
1297 1434 1523 1488 militem
1554 1431 1753 1488 Christi
1781 1431 1930 1487 omni

296 1528 301 1532 ’
345 1546 543 1600 genere
572 1537 757 1601 septas
787 1528 1019 1583 telorum
1040 1568 1056 1594 ,
1085 1527 1319 1597 seipsum
1344 1532 1679 1597 pugnaturus
1704 1521 1926 1603 invexit.

2034 615 2318 673 concinnis
2337 615 2511 670 oratio
2534 614 2602 670 de
2628 614 2789 669 nimia
2817 614 3086 671 brevitate
3106 614 3332 686 janttam
3358 634 3600 689 praesem-

2036 706 2197 761 tantis
2222 706 2557 762 observando
2587 706 2828 761 recludat
2856 747 2875 771 ,
2899 707 3207 776 specialiter
3228 711 3467 780 qnmdam
3490 728 3602 781 qua.

2032 812 2246 866 cunque
2275 798 2428 866 pntui
2456 795 2866 851 continuatione
2886 797 3011 852 huic
3036 797 3188 868 operi
3215 800 3601 869 prtenotanzlum

2030 891 2232 948 studui.
2280 890 2513 958 Quidam
2542 898 2755 946 veteres
2792 905 3008 960 semper
3045 888 3307 945 obfuscati
3340 891 3565 946 tenebris
3586 935 3601 956 ,

2031 990 2245 1052 tempus
2270 982 2585 1038 obtinebant
2631 989 2953 1037 nocturnum
2979 1021 2995 1047 ,
3043 989 3098 1038 et
3126 981 3242 1036 sine
3272 978 3467 1036 lumine
3497 982 3605 1040 vul-

2032 1081 2144 1128 tum
2170 1114 2192 1138 ,
2232 1087 2369 1144 quos
2425 1073 2579 1129 miles
2618 1073 2923 1131 dominicus
2951 1115 2969 1140 ,
3000 1073 3229 1130 horrido
3277 1074 3603 1130 tenebrarum

2030 1165 2295 1221 velamine
2318 1174 2603 1235 segregato
2628 1206 2647 1230 ,
2680 1166 2748 1222 ad
2780 1165 3017 1236 cupitum
3044 1164 3299 1236 fulgidum
3328 1165 3499 1222 lumen
3526 1181 3607 1236 per

2030 1256 2124 1313 Dei
2154 1257 2381 1328 gratiam
2408 1273 2569 1315 orans
2598 1258 2893 1314 revecavit.

2213 1406 2318 1464 Ubi
2352 1417 2450 1463 tres
2482 1409 2670 1479 ἱερνοδὶ
2696 1426 2729 1462 ιι
2753 1418 2932 1463 sancto
2962 1407 3231 1463 Desiderio
3270 1410 3453 1462 cumﬁ.

2099 1521 2151 1577 6.
2180 1521 2307 1578 Post
2338 1522 2484 1588 talia,
2516 1521 2849 1592 mgritudinis
2875 1538 2986 1576 sum
3030 1533 3138 1578 tres
3173 1506 3364 1577 morbo
3394 1533 3618 1591 oppressi

347 1622 488 1677 Nihil
541 1635 675 1677 sane
727 1619 992 1677 cailiditas
1036 1616 1375 1674 adversantis
1429 1613 1749 1685 praevaluit,
1798 1612 1933 1667 nihil
2030 1612 2227 1682 leprosi
2255 1610 2507 1667 medendi
2530 1613 2597 1666 ad
2647 1628 2771 1667 eum
2797 1613 2967 1683 gratia
2990 1622 3381 1681 convenerunt,
3409 1612 3618 1684 quorum

349 1716 521 1769 viratu
598 1713 694 1768 Dei
763 1710 1078 1768 calamitosa
1150 1708 1389 1779 nequitia
1461 1706 1645 1763 docuit
1676 1747 1692 1775 ,
1763 1719 1930 1775 quem
2029 1719 2257 1774 corpora
2304 1704 2495 1759 albedo
2553 1703 2811 1763 deformis
2869 1706 3173 1768 invaserat,
3224 1712 3280 1759 et
3330 1704 3621 1759 vulnerati-.c

350 1806 523 1874 gratia
600 1803 981 1872 Redemptoris
1048 1800 1376 1871 specialibus
1444 1798 1608 1854 armis
1676 1797 1926 1852 armavit.

2030 1800 2263 1854 atricum
2323 1806 2473 1853 artus
2530 1799 2817 1855 infelicium
2867 1800 3235 1868 obsidebant;
3289 1810 3512 1870 eratque
3551 1800 3623 1853 fe-

359 1896 586 1952 l‘andem
623 1894 854 1965 Spiritus
893 1907 1125 1962 nequam
1155 1890 1440 1961 quemdam
1484 1887 1753 1960 pestifera:
1781 1901 1924 1941 men-
1959 1883 2009 1942 Β
2039 1901 2122 1945 tor
2170 1890 2545 1957 intolerabilis,
2588 1878 2651 1947 et
2691 1893 2920 1961 qualitas
2964 1892 3231 1948 verticosa
3280 1887 3432 1949 faciei
3486 1891 3625 1948 nimis

351 1988 419 2043 tis
484 1986 756 2042 hominem
809 1985 957 2040 virus
1018 1983 1234 2054 vipereo
1289 1981 1551 2037 sauciarit
1600 1989 1657 2036 et
1712 1978 1933 2035 concin-

352 2078 598 2133 nationes
639 2076 922 2133 criminum
963 2075 1016 2129 in
1059 2075 1179 2143 ejus
1227 2072 1524 2127 visceribus
1548 2070 1741 2140 pocula
1760 2083 1932 2131 vene-

352 2176 480 2222 nata
509 2166 793 2223 transfodit
817 2203 837 2230 ,
867 2174 1134 2235 quatenus
1180 2161 1557 2220 osmel‘andum
1600 2160 1748 2231 quod
1778 2159 1932 2215 mali-

354 2258 473 2325 gnis
513 2257 759 2313 sensibus
804 2256 996 2321 auxit,
1021 2254 1281 2310 athletam
1339 2252 1549 2308 Domini
1593 2265 1747 2322 teque
1787 2265 1938 2305 mens

356 2358 382 2383 δι
412 2347 731 2414 infamaret,
765 2345 1028 2417 persuasit
1055 2344 1315 2417 quosdam
1346 2343 1397 2398 in
1425 2359 1524 2399 suo
1553 2343 1771 2397 nomine
1790 2356 1937 2395 com-

361 2456 561 2514 pareo.
585 2449 645 2497 et
670 2440 928 2498 adversus
956 2439 1213 2494 famulum
1241 2437 1540 2493 Salvatoris
1581 2435 1705 2490 talia
1737 2433 1938 2489 fraudis

359 2534 678 2590 linamenta
700 2530 979 2587 fraudator
993 2530 1203 2600 aptavit
1225 2568 1241 2595 ,
1265 2535 1526 2596 regnante
1552 2526 1709 2581 simul
1731 2524 1942 2581 scilicet

357 2624 720 2691 Theoderico,
742 2622 909 2678 totius
937 2622 1209 2676 hominem
1230 2618 1474 2674 stultitia:
1501 2615 1720 2689 dignum
1746 2624 1802 2669 et
1828 2614 1944 2668 fau-

362 2716 550 2770 tricem
577 2714 929 2784 pessimarum
959 2711 1153 2765 artium
1172 2750 1186 2775 ,
1210 2709 1363 2764 malis
1385 2708 1782 2785 amicissimum,
1810 2705 1866 2759 B.
1884 2720 1944 2759 u-

361 2809 643 2881 nigildem;
665 2804 949 2877 quamdam
981 2802 1006 2841 δ
1036 2804 1239 2874 pariter
1267 2811 1566 2880 matronam
1597 2799 1943 2866 conveniunt,

360 2916 483 2970 quae
502 2909 617 2956 erat
639 2898 906 2970 prosapia;
932 2896 1146 2961 nobilis,
1169 2895 1263 2950 sed
1294 2901 1475 2949 mente
1501 2892 1778 2960 deformis,
1801 2893 1945 2962 justa

363 2991 622 3048 vocabulo
647 3032 663 3057 ,
694 2989 866 3060 turpis
892 2988 946 3043 in
975 2996 1097 3043 acto
1125 3030 1139 3050 ,
1171 2987 1337 3041 decus
1365 2985 1419 3040 in
1446 2985 1665 3040 nomine
1685 3023 1700 3049 ,
1732 2983 1826 3039 sed
1849 2985 1944 3038 de-

359 3082 529 3138 decus
577 3081 749 3149 magis
791 3081 845 3135 in
876 3093 1041 3150 opere
1065 3120 1081 3147 ,
1110 3077 1265 3133 bonis
1293 3075 1510 3141 indigna
1537 3114 1554 3142 ,
1600 3075 1849 3130 nimirum
1880 3073 1953 3132 de

364 3171 521 3226 malis
566 3179 790 3238 onusta,
817 3184 849 3224 a
890 3170 1119 3224 veritate
1165 3175 1388 3222 externa
1417 3209 1433 3233 ,
1466 3181 1498 3221 a
1537 3163 1765 3221 crimine
1812 3173 1947 3218 nun-

2034 1979 2350 2063 abundeque
2380 1980 2649 2057 horribilis
2674 1997 2690 2036 :
2712 1980 3047 2038 eviscerabat
3083 1981 3278 2035 humor
3324 1980 3522 2036 luridus
3557 1974 3628 2035 to-

2035 2080 2253 2140 tamque
2306 2085 2445 2140 pene
2477 2072 2750 2129 emeariem
2783 2079 2840 2126 et
2891 2070 3137 2141 contagia
3195 2070 3496 2141 purulenta,
3528 2084 3629 2123 am-

2038 2164 2235 2230 putatis
2280 2162 2423 2234 pilis,
2457 2162 2685 2233 turpiter
2725 2162 2992 2220 radicibns
3059 2164 3239 2218 traxit.
3295 2161 3440 2230 Quas
3493 2162 3631 2216 labo-

2035 2255 2269 2310 rantium
2303 2253 2397 2310 Dei
2436 2269 2626 2310 servus
2678 2253 2950 2311 morbidas
3002 2254 3278 2324 passiones
3326 2251 3565 2315 removit,
3588 2255 3632 2304 et

2036 2347 2195 2401 saluti
2217 2346 2444 2416 prepria:
2486 2362 2646 2404 sanos
2674 2347 2987 2417 hilaresque
3007 2348 3259 2404 restituit.
3288 2347 3396 2402 [sta
3425 2344 3635 2400 Domino

2038 2437 2197 2491 solita
2224 2436 2422 2506 pietate
2464 2444 2787 2507 pnestante,
2834 2438 3051 2492 auribus
3105 2436 3428 2492 Theoderici
3469 2450 3635 2489 rumor

2042 2526 2226 2598 populi
2282 2527 2591 2597 pariterque
2630 2526 2921 2596 Brunigildi
2977 2528 3221 2593 inseruit,
3263 2525 3357 2581 Dei
3397 2526 3636 2580 famulum

2043 2615 2315 2685 npulcntis
2337 2616 2624 2670 virtutibus
2652 2617 3019 2682 sublimatum,
3050 2626 3105 2671 et
3139 2632 3366 2672 munere
3412 2626 3637 2687 potesta-

2046 2707 2113 2761 tis
2141 2706 2441 2774 nmuigenae
2468 2706 2667 2762 donum
2695 2708 2743 2762 ei
2770 2708 3065 2766 curationis
3092 2708 3262 2777 magis
3291 2724 3416 2764 esse
3438 2720 3640 2764 contra-

2045 2800 2269 2855 dictum.
2293 2798 2486 2852 Statim
2523 2799 2715 2869 trepidi
2771 2800 3115 2869 maximoque
3171 2800 3369 2855 timore
3396 2799 3638 2871 perculsi,

2047 2896 2459 2959 prmserutantes
2523 2898 2651 2943 ante
2702 2889 2780 2943 rei
2839 2891 3050 2958 negotia
3081 2898 3355 2960 qumrunt,
3384 2899 3643 2960 quatenus

2048 2989 2141 3034 aut
2168 2977 2341 3032 honor
2364 2977 2574 3032 debitus
2604 2977 2916 3033 redderetur:
2948 2977 3154 3048 spulso,
3208 2978 3295 3039 vel
3346 2977 3642 3049 permansio

2054 3069 2405 3138 relegationis
2453 3068 2740 3123 adderetur
2803 3068 2997 3123 frustra
3055 3069 3352 3135 damnato;
3423 3079 3646 3135 cumque

2052 3160 2246 3214 callida
2294 3159 2680 3231 pervestigatio
2729 3158 2896 3215 totius
2940 3158 3181 3231 mysterii
3226 3173 3450 3214 causam
3512 3167 3643 3221 :egre

362 3277 525 3331 quam
553 3260 786 3315 discreta
817 3276 831 3313 :
861 3273 981 3329 qua:
1009 3258 1271 3312 instructa
1302 3256 1354 3310 in
1382 3255 1609 3310 concilio
1638 3262 1842 3324 qum-ta
1871 3261 1955 3309 est
1981 3243 2026 3307 C
2060 3250 2379 3320 requireret,
2405 3249 2739 3305 inventorem
2768 3250 2988 3318 magica:
3016 3249 3146 3303 artis
3171 3248 3391 3303 nefandi
3412 3246 3637 3313 consilii,

363 3368 395 3406 a
434 3350 746 3407 beatissimo
770 3349 881 3404 vim
910 3358 1154 3419 stuprum
1186 3346 1463 3429 Desiderio
1498 3361 1625 3403 esse
1649 3346 1750 3400 sibi
1780 3360 1955 3418 quon—

367 3444 491 3496 clam
511 3441 723 3496 illatum
737 3476 753 3505 ,
776 3432 1095 3495 mirantibus
1115 3437 1329 3494 cunctis
1346 3437 1545 3493 talibus
1566 3437 1623 3491 in
1648 3437 1815 3492 rebus
1842 3435 1957 3491 fore

370 3532 462 3588 Dei
512 3545 725 3587 servum
779 3529 1099 3600 implicitum
1130 3570 1147 3597 ,
1176 3528 1553 3583 criminatione
1599 3526 1695 3583 sed
1742 3526 1956 3593 objecta

368 3619 735 3678 commentitia
755 3620 1012 3675 adversus
1032 3633 1154 3673 eum
1183 3616 1302 3673 fore
1330 3617 1649 3688 pensabant.
1679 3614 1788 3672 Sed
1816 3631 1957 3686 pne-

369 3712 610 3767 sidentes
637 3709 961 3766 sententiam
1004 3717 1193 3764 contra
1233 3707 1499 3762 insontem
1523 3748 1538 3774 ,
1567 3706 1717 3775 juxta
1748 3705 1955 3776 pridem

375 3800 798 3858 machinationes
823 3804 1034 3870 aptatas
1057 3837 1073 3863 ,
1117 3811 1250 3852 ausu
1282 3795 1571 3851 temerario
1601 3796 1738 3849 mala
1768 3807 1957 3850 sanam

368 3893 635 3950 dederunt
659 3932 676 3959 ,
700 3906 860 3962 quem
888 3889 1070 3946 statim
1097 3887 1346 3944 homines
1373 3886 1610 3956 punituri
1639 3887 1707 3941 ab
1751 3886 1957 3942 honore

374 3985 665 4057 privatum,
693 3980 883 4037 exsilio
906 3979 972 4036 ad
1001 3978 1390 4037 monasterium
1421 3978 1594 4034 insula
1623 3976 1913 4047 religartmt
1938 3993 1955 4046 ;

371 4073 524 4144 cujus
549 4071 779 4143 abjectio
806 4070 906 4126 fuit
929 4083 1138 4125 summa
1177 4067 1404 4124 felicitas
1429 4110 1445 4136 ,
1474 4065 1797 4123 contumelia
1821 4080 1958 4138 prae-

369 4164 553 4234 spicua
581 4162 838 4218 sanctitas
862 4203 878 4230 ,
902 4157 1217 4231 dcgradatio
1240 4164 1441 4214 aeterna
1471 4155 1717 4213 feliritas.
1755 4157 1959 4214 Sumo.

369 4267 529 4325 gatur
549 4255 599 4311 ei
623 4251 1133 4326 pseudo-sacerdos,
1152 4249 1445 4307 Domnulus
1464 4251 1680 4322 quidem
1708 4251 1956 4321 nomine),

369 4363 558 4403 servus
585 4346 799 4416 quidem
849 4343 1080 4407 diaboli,
1112 4349 1168 4397 et
1194 4349 1453 4412 quantum
1484 4341 1566 4396 vir
1593 4340 1690 4396 Dei
1739 4353 1955 4395 cresce-

370 4436 464 4491 bat
481 4438 760 4493 virtutibus
782 4434 1037 4508 copiosis,
1062 4447 1093 4491 e
1107 4442 1296 4489 contra
1318 4432 1528 4488 actibus
1548 4431 1636 4487 ille
1658 4431 1960 4488 fmdabatur

372 4526 643 4581 nefandis.

2055 3344 2147 3413 qui
2173 3342 2374 3401 dudum
2402 3340 2605 3399 Christi
2629 3342 2854 3401 militum
2905 3342 3060 3401 visus
3100 3350 3187 3405 est
3231 3342 3647 3407 condemnasse,

2056 3434 2189 3490 ultio
2235 3433 2414 3489 divina
2465 3448 2567 3490 nec
2612 3435 2884 3491 inmerito
2929 3430 3194 3506 condigna
3241 3436 3533 3509 corripuit,
3584 3434 3651 3488 de

2055 3525 2209 3595 cujus
2236 3524 2542 3581 detestabili
2581 3526 2729 3581 exitu
2777 3526 2988 3582 calamo
3033 3527 3289 3597 pingente
3339 3530 3649 3585 continuata

2056 3617 2365 3673 narratione
2384 3617 2581 3673 amavi.
2614 3616 2738 3672 Haec
2765 3617 3134 3688 pestilentiosa
3159 3635 3392 3690 persona
3421 3634 3489 3675 ac
3512 3619 3647 3674 infe-

2057 3704 2233 3761 liciter
2262 3706 2630 3772 memoranda,
2662 3707 2844 3763 multis
2864 3708 3009 3764 vitiis
3041 3710 3469 3781 criminibusque
3500 3718 3648 3765 tene-

2057 3797 2216 3852 batur
2244 3798 2482 3853 obnoxia
2534 3815 2550 3853 ι
2608 3801 2889 3872 proprium
2929 3801 3004 3856 illi
3030 3810 3211 3857 tanien
3249 3803 3394 3858 inter
3418 3804 3652 3859 Iefanda

2057 3886 2262 3942 scelera
2295 3888 2559 3958 cupiditas
2584 3904 2773 3958 opum,
2796 3899 2852 3945 et
2902 3891 3207 3947 criminat‘o
3258 3891 3386 3959 fuit,
3418 3909 3542 3964 qua:
3570 3908 3653 3948 res

2058 3978 2126 4034 ad
2156 3978 2457 4035 necandum
2486 3980 2884 4038 monstruosum
2909 3984 3263 4053 opprobrium
3294 3985 3514 4053 plebem
3538 3998 3652 4038 rna-

2059 4077 2258 4131 ximam
2286 4077 2577 4142 excitavit;
2602 4091 2725 4131 nam
2740 4078 2974 4147 quodam
3024 4078 3079 4133 in
3110 4086 3355 4148 tempore
3382 4079 3515 4133 dum
3546 4081 3656 4133 fau-

2061 4165 2192 4220 toris
2221 4165 2525 4235 aspectibus
2552 4167 2634 4220 sui
2686 4166 3009 4222 Theudorici
3040 4167 3303 4231 adstaret,
3340 4167 3656 4222 tumultuari

2060 4257 2278 4312 interitu
2310 4271 2475 4311 manu
2496 4256 2936 4311 Burbundionum
2967 4256 3257 4326 decipitur,
3278 4265 3336 4312 et
3357 4256 3663 4313 frustratim

2060 4347 2295 4403 cadaver
2317 4348 2636 4403 trucidatum
2661 4347 2861 4417 passim
2879 4328 3275 4416 cruentumque
3304 4348 3653 4417 relinquitur.

2061 4439 2176 4495 Tali
2199 4439 2359 4497 modo
2391 4440 2557 4495 vitam
2586 4441 2928 4510 animamque
2956 4441 3116 4495 simul
3157 4441 3320 4495 miser
3344 4441 3659 4497 horrificam

2060 4531 2316 4601 perdidit,
2335 4540 2392 4587 et
2419 4531 2770 4587 infernalib’ns
2799 4532 3049 4587 claustris
3102 4532 3339 4602 seipsum
3381 4532 3658 4604 periturus

442 4614 498 4672 5.
540 4611 597 4669 In
651 4629 717 4671 eo
755 4628 886 4671 sane
936 4612 1306 4680 monasterio,
1350 4627 1474 4669 cum
1522 4611 1735 4667 beatam
1784 4611 1947 4666 vitam

2057 4622 2335 4678 ultroneus
2362 4622 2594 4677 miscuit.
2633 4633 2655 4661 ι
2690 4619 2826 4687 Quid
2866 4621 2934 4676 de
2957 4622 3100 4676 illam
3132 4622 3329 4691 injuste
3350 4622 3561 4690 justam
3608 4626 3661 4672 et

374 4707 567 4763 beatus
592 4704 813 4774 degeret
841 4713 1066 4775 martyr,
1093 4705 1288 4776 stipem
1318 4712 1500 4759 mente
1547 4702 1796 4771 ﬂagitans
1826 4717 1963 4773 pau-

378 4818 475 4871 per
504 4800 753 4866 advenit,
776 4799 931 4870 cujus
958 4814 1050 4854 ora
1081 4800 1317 4869 ingenita
1345 4798 1556 4854 silentia
1582 4798 1891 4853 clauserant
1910 4805 1965 4852 et

373 4893 668 4949 articulatm
708 4890 858 4947 vocis
903 4889 1139 4946 officium
1169 4898 1430 4961 perpetua
1482 4887 1822 4942 taciturnitas
1865 4888 1962 4941 ob-

372 4980 601 5038 celabat.
632 4978 807 5048 Quem
852 4976 1013 5036 Pater
1052 4978 1392 5049 omnipotens
1429 4992 1644 5049 precem
1672 4976 1754 5031 sui
1781 4975 1963 5030 militis

374 5088 481 5130 non
529 5071 816 5137 omittens,
858 5084 1083 5125 munere
1127 5068 1287 5125 simul
1343 5076 1399 5123 et
1442 5066 1693 5122 idoneum
1747 5063 1962 5134 eloquio

375 5161 519 5217 fecit.
550 5154 663 5216 Hoc
690 5175 883 5231 nempe
907 5159 1052 5231 quod
1080 5168 1290 5229 gestum
1318 5165 1422 5225 est,
1444 5157 1701 5228 opinione
1720 5154 1958 5223 vulgata,

377 5252 517 5310 fama
554 5251 750 5309 bonum
780 5261 964 5307 tacere
1002 5266 1109 5305 non
1136 5249 1314 5321 potuit
1343 5290 1360 5315 ,
1389 5248 1483 5303 sed
1515 5247 1683 5315 magis
1712 5243 1961 5299 universa

374 5341 705 5413 perlustrans
731 5340 798 5397 ad
840 5341 1128 5396 multorum
1159 5339 1404 5394 notitiam
1448 5335 1643 5403 duxit;
1694 5332 1836 5387 unde
1885 5329 1958 5385 fa-

372 5422 520 5486 ctum
542 5438 627 5485 est
660 5444 758 5501 spe
798 5426 1180 5500 recuperanda
1204 5426 1391 5482 salutis
1419 5424 1484 5479 ad
1508 5439 1633 5478 eum
1676 5420 1960 5476 multitude

375 5522 743 5592 languentium
788 5529 1072 5585 curreret,
1107 5534 1207 5575 nec
1250 5517 1534 5574 defuerunt
1565 5513 1824 5570 beneﬁcia
1858 5512 1959 5567 Do-

375 5614 505 5672 mini
535 5614 601 5670 ad
644 5614 938 5670 sanandum
968 5629 1069 5684 pro
1099 5613 1294 5681 quibus
1323 5610 1411 5665 Dei
1444 5609 1676 5664 famulus
1715 5606 1960 5663 Salvato~

376 5722 487 5777 rem
517 5709 772 5762 exoratus
797 5714 880 5761 est
906 5705 1216 5760 Dominum.
1239 5701 1584 5759 Sufflcicnter
1607 5740 1622 5766 ,
1654 5706 1713 5756 ut
1742 5698 1957 5770 opinor,

453 5853 475 5874 ἀ·
514 5840 690 5893 Dcsde
715 5843 850 5894 virus
879 5843 994 5896 este
1022 5842 1068 5896 el
1102 5843 1228 5897 latin
1262 5843 1493 5899 viciado.

452 5908 476 5946 ι’
518 5907 581 5963 ΕΙ
607 5908 703 5964 Ms.
727 5951 740 5974 ,
772 5911 1025 5981 quantum.

2058 4713 2205 4783 juste
2226 4711 2396 4768 dicam
2429 4713 2702 4783 injustam,
2735 4727 2895 4784 quem
2938 4713 3120 4768 taliter
3160 4720 3418 4767 cruentus
3448 4722 3510 4765 ut
3538 4724 3661 4765 vere

2064 4804 2340 4875 propriam
2397 4804 2797 4875 possessionem
2846 4803 3092 4867 arripuit.
3152 4802 3429 4874 Tempore
3464 4803 3662 4858 eodem

2063 4908 2172 4962 quo
2189 4891 2301 4961 jam
2333 4902 2659 4948 memoratos
2688 4880 2955 4962 condigne
2983 4901 3068 4949 est
3112 4893 3494 4962 interemptus,
3525 4907 3661 4946 con-

2063 4982 2221 5051 digne
2280 4983 2500 5052 spiritus
2550 4982 2815 5053 malignus
2869 4983 3081 5038 invasit.
3111 4980 3423 5051 Omnesque
3473 4983 3667 5052 copias

2065 5074 2366 5130 falsitatnm
2393 5090 2526 5145 quas
2553 5076 2753 5131 dudum
2784 5084 3081 5148 aptaverat,
3111 5091 3141 5131 a
3172 5077 3455 5133 domicilio
3477 5093 3576 5130 rur
3606 5091 3665 5128 us

2064 5166 2204 5223 idem
2229 5168 2455 5223 vernulo
2487 5167 2698 5224 funesto
2754 5169 2912 5224 nimis
2957 5169 3159 5238 exegit,
3192 5168 3346 5237 cujus
3404 5167 3665 5223 exactira

2063 5257 2326 5328 professio
2356 5259 2459 5314 isto
2482 5258 2641 5315 modo
2673 5259 2887 5328 prolata
2919 5267 3003 5314 est
3056 5276 3069 5312 :
3122 5272 3398 5327 cognosco
3451 5258 3663 5313 crimen

2064 5350 2156 5405 Dei
2179 5360 2368 5406 contra
2398 5350 2651 5405 famulum
2674 5352 3061 5417 machinatum,
3084 5364 3359 5419 cognosco
3404 5366 3661 5411 causam,

2060 5454 2332 5510 cognosco
2381 5439 2549 5507 magis
2604 5440 2849 5497 sentiens
2878 5440 3184 5495 etdebitam
3238 5454 3485 5510 poenam.
3542 5438 3668 5493 llaec

2062 5528 2206 5586 nitor
2234 5529 2577 5597 omnipotens
2600 5528 2883 5585 inventrici
2941 5530 3235 5601 Brunigildi
3298 5530 3665 5598 respondeat,

2060 5620 2157 5674 has
2184 5635 2371 5689 pronas
2395 5618 2642 5674 restituat
2663 5619 2877 5685 vindex,
2902 5636 2966 5676 ac
2998 5631 3391 5677 tormentorum
3427 5622 3669 5676 dextera

2059 5702 2343 5782 passiones
2372 5710 2617 5766 conferat
2642 5711 2826 5779 ultrix,
2854 5710 3013 5780 cujus
3054 5712 3336 5781 persuasio
3358 5725 3454 5765 me
3481 5713 3557 5766 ad
3582 5714 3668 5766 in-

2142 5859 2159 5884 ε
2179 5846 2254 5899 Lo
2270 5861 2375 5914 que
2395 5862 2454 5900 se
2484 5847 2633 5916 sigue
2649 5857 2724 5902 εει
2748 5847 2781 5906 lt
2814 5863 2936 5918 mny
2963 5847 3193 5914 barbaro
3224 5866 3253 5919 y
3287 5848 3529 5904 viciado.
