3928 6176
271 426 362 493 ssi

1354 426 1513 491 ἫΪᾹ
1553 432 1640 489 ΕΤ
1680 433 1923 491 PASSIO
1966 432 2025 493 S.
2072 432 2433 494 DESIDERIL

3449 445 3557 503 383

269 552 485 608 teritum
499 548 675 606 fumea
695 548 876 617 ttaxit‘,
895 558 1090 606 mrtuus
1105 550 1499 606 exsecrandum
1517 549 1583 605 ad
1605 554 1856 613 mortem,
1889 552 1941 613 Λ
1966 564 2071 620 que
2099 550 2409 607 refectioni;
2439 551 2735 620 legitimum
2768 553 3088 611 immineret.
3126 554 3317 613 Subito
3337 559 3552 617 defecto

264 646 553 716 promissio
580 644 646 700 ad
675 644 874 699 nullam
903 646 1196 715 perituram
1231 653 1255 680 ⁸
1284 644 1535 700 salutem.
1562 643 1631 699 At
1659 644 1753 699 ubi
1795 642 1860 696 ἥδ

264 753 394 794 nem
432 737 687 807 loquendi
740 737 910 802 dedit,
959 744 1211 793 enectam
1258 735 1681 806 sufiocatantque
1729 751 1858 791 cun-

259 839 478 883 ctorum
509 827 701 883 artifex
738 828 993 882 vitiorum
1031 828 1281 899 peremit,
1312 840 1603 897 secumque
1648 838 1863 896 semper

259 932 510 972 arsuram
540 917 817 973 ultricibus
846 916 1301 986 conﬂagrantibus
1337 914 1569 970 ﬂammis
1624 914 1858 981 invexit;

257 1002 610 1065 audientibus
660 1006 729 1063 de
785 1009 1048 1063 mortibus
1092 1005 1472 1077 praefatorum,
1539 1004 1861 1075 Brunigildis

256 1100 534 1169 simulque
557 1094 949 1163 Theodericus,
980 1098 1217 1168 expavit.

339 1191 391 1244 7.
423 1189 721 1260 Opinantes
744 1190 927 1244 divino
946 1187 1082 1249 talia
1111 1187 1318 1258 judicio
1340 1184 1461 1243 lien
1484 1184 1863 1243 vehementius-

258 1288 599 1347 terruerunt,
632 1292 694 1335 ac
718 1293 783 1335 ne
803 1280 1046 1349 compari
1095 1278 1587 1334 animadversionis
1636 1284 1856 1332 senten-

260 1372 342 1425 tia
390 1371 771 1436 multarentur,
800 1368 1135 1425 dissimulata
1185 1370 1391 1440 pietate
1443 1368 1764 1439 praecipiunt
1799 1374 1859 1422 ut

258 1461 347 1515 vir
376 1454 473 1515 Dei
499 1460 591 1529 qui
619 1459 819 1513 frustra
845 1456 1121 1525 fuerat,de
1143 1459 1332 1514 ordine
1360 1456 1655 1528 pontificali
1680 1471 1859 1512 remoa

260 1560 369 1614 tus,
403 1544 471 1602 ad
495 1563 653 1603 suam
682 1562 866 1603 rursus
886 1547 1169 1603 accederet
1215 1547 1513 1617 regendam
1557 1546 1856 1602 Ecclesiam

256 1650 577 1710 cxoptatds.
605 1637 705 1707 Qui
733 1632 859 1696 dum
884 1641 1159 1712 postulata
1208 1640 1387 1697 minus
1430 1648 1710 1704 annueret',
1736 1654 1857 1697 sese

257 1740 677 1801 permansurum
706 1733 794 1787 ubi
821 1732 1094 1805 relegatus
1134 1732 1310 1789 fuerat
1353 1733 1632 1798 solidaret,
1659 1734 1859 1789 iterum

255 1822 567 1891 iterumque
595 1822 792 1879 oblatis
829 1818 1082 1893 precibus
1121 1832 1492 1893 poposcerunt
1543 1839 1695 1879 suam
1749 1824 1857 1878 illis

1961 650 2091 694 aere
2122 641 2511 710 crepitantibus
2563 641 2760 711 plumis
2819 644 3112 715 rapidoque
3141 648 3323 702 vohtu
3343 651 3545 718 aquila,

1960 731 2144 800 regina
2167 730 2468 797 volucrum,
2492 744 2525 785 a'
2546 733 2789 802 partibus
2815 733 2936 787 (mli
2998 735 3251 803 fulgentis
3279 743 3547 809 apparuit,

1961 833 2081 889 quae
2105 820 2438 889 pulmentum
2466 821 2700 891 aquatiic
2746 821 2993 878 deferens
3046 839 3353 893 atqnoremn
3381 842 3550 898 pecus

1960 925 2145 967 coram
2187 912 2426 967 vultibus
2474 927 2659 969 eorum
2691 915 2958 983 exposuit.
2991 916 3135 985 quod
3163 920 3392 974 maxima
3422 936 3545 976 cum

1955 1001 2290 1070 jucunditate
2328 1012 2635 1075 susceptum
2682 1005 2922 1073 largitori
2954 1006 3180 1061 Domino
3216 1019 3396 1076 grates
3443 1013 3547 1066 sol-

1956 1102 2145 1149 ventes
2192 1097 2432 1152 acclines
2464 1097 2777 1167 hilaresque
2806 1109 3153 1170 sumpsernnt
3178 1112 3205 1139 ι-
3226 1112 3357 1156 ante
3372 1107 3544 1173 quod-

1960 1184 2081 1239 dam
2136 1196 2248 1241 suae
2294 1187 2491 1244 nobfiis
2529 1196 2701 1244 secta.
2742 1188 3015 1247 Passionis
3060 1200 3309 1261 tempore
3340 1203 3547 1261 gestum

1960 1282 2044 1329 est
2069 1281 2128 1330 ut
2147 1274 2421 1332 lucernam
2450 1278 2697 1335 manibus
2719 1280 2931 1347 propria
2954 1281 3170 1351 replens
3186 1282 3339 1350 juxta
3371 1286 3547 1341 altare

1959 1366 2298 1435 accenderet,
2334 1382 2455 1437 quae
2480 1369 2655 1424 minus
2682 1377 2965 1437 porrectas
2992 1371 3207 1426 luminis
3236 1382 3387 1428 astas
3414 1375 3551 1428 irra-

1958 1453 2069 1509 diat
2121 1469 2186 1511 ac
2230 1472 2340 1513 sua:
2385 1459 2697 1527 capacitatis
2724 1470 3033 1514 mensuram
3074 1461 3193 1517 sine
3247 1464 3549 1534 cujaspiam

1958 1546 2265 1615 obiectione
2313 1562 2501 1604 cres...
2551 1550 2823 1608 exuberat
2866 1542 3044 1621 liquor
3070 1567 3202 1608 sane
3230 1556 3552 1611 exundantis

1958 1636 2092 1703 olei;
2135 1652 2341 1693 summa
2390 1640 2603 1695 ratione
2672 1642 3015 1712 amplectitur
3062 1644 3157 1715 qui
3210 1647 3553 1714 aegritudines

1957 1727 2158 1783 laboris
2183 1743 2281 1798 per
2306 1727 2400 1784 Dei
2422 1732 2651 1798 gratiam
2670 1732 2856 1801 pellet,
2877 1742 3038 1803 atque
3066 1737 3336 1790 morbidus
3358 1738 3517 1791 burna
3532 1770 3549 1780 -

1958 1828 2085 1873 num
2115 1828 2137 1858 ο
2170 1820 2451 1889 passiones
2504 1821 2735 1877 salutem
2769 1823 3103 1880 conferendo
3146 1836 3411 1883 removet.
3445 1830 3549 1883 Ista

254 1912 601 1979 pra-sentiam
628 1925 736 1967 non
765 1923 986 1980 negare,
1026 1916 1083 1967 et
1129 1911 1577 1967 concinnationes
1627 1925 1846 1967 suarum
1881 1899 1925 1958 Β
1951 1921 2081 1965 sane
2108 1925 2213 1979 qua
2232 1917 2555 1967 extenuatus
2570 1922 2749 1969 sermo
2780 1914 3012 1970 breviter
3044 1916 3208 1989 [sunt]
3269 1920 3547 1988 praastriu-

256 1999 527 2054 fraudium
551 2000 732 2056 animo
760 2000 1015 2056 clementi
1064 2001 1271 2057 faxare.
1308 1999 1493 2057 Pietas
1518 2000 1717 2071 quippe
1742 2000 1855 2055 sin-

251 2104 386 2144 cera
425 2091 699 2146 sincerum
749 2100 939 2162 pectus
983 2093 1226 2157 emoluit,
1260 2108 1325 2149 ac
1365 2092 1743 2148 benevolentia
1769 2108 1857 2148 co-

248 2181 406 2253 piosa
437 2182 576 2237 viam
610 2180 639 2222 δ
698 2180 792 2238 Dei
845 2183 1045 2239 famqu
1068 2183 1379 2254 regradanti
1406 2183 1638 2254 aperuit.
1665 2186 1735 2238 At
1762 2183 1855 2239 ubi

254 2272 500 2328 vultibus
540 2272 836 2330 infelicium
862 2275 1002 2330 idem
1034 2275 1385 2331 Beatissimus
1438 2276 1633 2345 patuit,
1657 2284 1856 2345 provo-

248 2364 352 2417 luti
368 2364 484 2433 eius
513 2366 578 2420 ad
611 2366 835 2436 vestigia
863 2376 1144 2434 corruunt,
1171 2368 1381 2437 sibique
1413 2382 1537 2423 eum
1564 2368 1855 2438 propitium

246 2456 569 2512 nitebantur
610 2457 827 2514 efficere
872 2472 1035 2528 quem
1064 2457 1404 2513 fraudulenta
1452 2459 1653 2513 dudum
1706 2460 1850 2514 rele-

248 2558 454 2617 garaut
502 2548 876 2617 damnatione,
929 2556 1097 2620 atque
1139 2552 1381 2621 expiatio
1435 2550 1569 2605 tanti
1602 2550 1850 2621 piaculia

248 2654 398 2694 noxa
434 2642 687 2696 redderet
711 2642 935 2709 alienos,
964 2656 1101 2713 quos
1129 2641 1337 2697 funesta
1391 2644 1644 2711 contagio
1667 2644 1849 2698 crimi-

249 2731 415 2787 nibus
471 2726 587 2788 forc
634 2733 761 2788 fecit
810 2734 1122 2804 implicitos.
1146 2734 1242 2789 Ille
1266 2743 1447 2790 autem
1483 2735 1690 2791 facinus
1722 2752 1846 2806 pcr-

249 2830 532 2892 petratum
580 2826 762 2883 animo
794 2827 1050 2883 clementi
1105 2827 1327 2893 laxavit,
1352 2837 1407 2882 et
1430 2828 1583 2897 juxta
1632 2837 1849 2883 senten-

250 2916 385 2970 tiam
445 2908 655 2972 Domini
706 2914 891 2989 culpas
933 2917 1243 2974 debentium
1277 2929 1407 2973 ’τιοη
1453 2918 1698 2985 retinnit,
1752 2917 1848 2972 sed

249 3005 457 3061 omisit.
486 3008 724 3064 Subinde
765 3022 888 3064 cum
928 3009 1163 3065 maximo
1209 3017 1545 3072 commeatu,
1580 3008 1847 3063 Domnulo

250 3094 539 3153 infeliciter
576 3099 754 3169 pulso,
806 3097 1047 3156 Ecclesia
1093 3111 1250 3154 suum
1304 3096 1620 3153 Viennensis
1666 3098 1847 3153 exsul-

250 3197 376 3241 tans
429 3194 845 3258 gubernatorem
893 3189 1154 3260 suscepit.
1203 3186 1527 3244 Gaudebant
1581 3188 1842 3242 medicum

1958 2016 2087 2072 gere
2111 2004 2265 2071 potui
2289 2003 2355 2059 de
2384 2006 2493 2060 vita
2523 2007 2642 2076 ejus
2663 2008 2860 2065 dixisse
2882 2010 3131 2067 sufficiat.
3152 2013 3301 2069 Nunc
3330 2015 3397 2069 de
3426 2032 3547 2085 pas-

1958 2094 2200 2149 sionibus
2219 2093 2339 2163 ejus
2359 2098 2590 2165 qualiter
2608 2108 2848 2155 sanetam
2902 2103 3137 2157 animam
3190 2106 3545 2175 omnipotenti

1958 2185 2186 2253 Domino
2215 2188 2573 2256 consignavit,
2605 2198 2665 2245 ut
2692 2200 2932 2247 nostram
2986 2194 3054 2248 ad
3104 2195 3353 2249 notitiam
3384 2177 3549 2252 ducta.
3615 2214 3622 2233 ι

1956 2287 2109 2345 sunt,
2138 2281 2255 2351 ipso
2284 2281 2629 2351 suffragante,
2662 2284 2964 2353 expediam.

2026 2373 2078 2429 9.
2121 2374 2256 2428 Cum
2280 2391 2387 2429 non
2418 2376 2694 2445 prodesse,
2726 2376 2825 2430 sed
2843 2377 3033 2431 obesse
3053 2385 3107 2431 et
3128 2379 3299 2446 magis
3317 2379 3544 2448 perdere

1953 2479 2115 2535 quam
2144 2479 2332 2535 regere
2360 2462 2727 2520 Theodericus
2748 2466 2951 2535 pariter
2970 2476 3024 2521 et
3043 2467 3377 2537 Bruuegildis
3401 2468 3542 2523 vitiis

1952 2565 2303 2611 cernerentur
2334 2556 2542 2611 infestis
2565 2598 2580 2622 ,
2625 2563 2788 2624 atque
2832 2554 2955 2611 labe
2984 2556 3203 2626 perjnrii
3234 2559 3456 2612 reserati
3487 2569 3542 2614 et

1951 2645 2151 2702 fmdera
2179 2646 2503 2702 sacramenti
2531 2645 2732 2700 deserti
2757 2652 2936 2700 mente
2962 2647 3221 2715 sacrilega
3256 2646 3439 2711 perfidi
3471 2648 3538 2702 ad

1952 2754 2059 2792 non
2090 2753 2211 2794 esse
2242 2738 2666 2808 pertenderent,
2700 2751 2799 2792 nec
2828 2738 3065 2807 quipiam
3108 2738 3179 2793 de
3216 2736 3427 2807 ﬂagitiis
3456 2741 3540 2794 wl

1948 2833 2154 2887 facinus
2183 2841 2519 2897 remaneret;
2572 2831 2653 2885 his
2697 2831 2794 2886 Dei
2833 2837 3036 2901 martyr
3082 2829 3243 2885 malis
3268 2828 3541 2900 inspector

1948 2931 2004 2977 et
2028 2922 2286 2992 pontifex,
2320 2936 2471 2976 more
2496 2937 2692 2990 nempe
2723 2920 3042 2991 prophetico
3067 2955 3093 2985 ν
3115 2922 3369 2990 clangore
3400 2923 3537 2977 tubae

1948 3012 2264 3082 personuit,
2312 3010 2481 3067 sescti
2518 3020 2689 3065 totum
2741 3024 2841 3081 pro
2882 3008 3218 3081 depellendis
3263 3013 3538 3069 erroribus

1948 3114 2135 3155 eorum
2165 3102 2370 3156 invexit
2396 3144 2411 3169 ,
2443 3110 2711 3170 quatenus
2743 3101 2853 3155 Deo
2898 3100 3100 3155 faceret
3130 3102 3375 3170 proprios
3401 3117 3539 3177 qugs

1951 3191 2152 3246 fecerat
2202 3191 2446 3245 diabolus
2494 3191 2735 3255 alienos,
2791 3190 2923 3245 illud
2966 3192 3161 3245 divina:
3204 3193 3539 3245 auctoritatis

248 3279 396 3346 quod
428 3278 721 3348 reperisset
752 3286 1020 3348 aegrotus,
1045 3252 1300 3335 solatium
1358 3276 1503 3349 quod
1556 3279 1846 3333 invenisset

1952 3285 2223 3354 eloquium
2251 3286 2496 3341 eminens
2524 3285 2616 3354 qui
2645 3285 2918 3340 convertit
2944 3285 3191 3354 impium,
3219 3284 3391 3339 salvat
3420 3286 3538 3339 ani-

246 3382 564 3437 oppressus,
586 3369 897 3424 alimentum
921 3370 1062 3441 quod
1080 3370 1191 3439 jam
1225 3376 1434 3426 teneret
1454 3384 1675 3440 egenus.
1708 3369 1849 3436 Quid

248 3460 693 3514 multa?reddita
714 3468 841 3515 sunt
894 3474 924 3516 a
974 3461 1205 3517 Domino
1258 3460 1511 3517 Ecclesia:
1558 3462 1845 3518 Viennensi

245 3556 473 3637 copiosa
517 3556 802 3627 suffragia;
836 3572 959 3611 nam
1027 3557 1401 3613 calamitatum
1484 3558 1738 3628 penurias
1793 3564 1850 3612 et

243 3648 472 3703 crebras
502 3647 822 3717 pestilentia:
854 3648 1037 3703 clades
1059 3649 1462 3717 insolentesque
1506 3648 1669 3703 totius
1697 3647 1848 3703 urbis

245 3736 524 3805 procellas
554 3737 727 3792 sancti
755 3738 860 3792 viri
898 3739 1206 3807 praesentia,
1245 3737 1476 3793 Domino
1532 3739 1842 3803 miserante,

242 3827 553 3898 suspendit,
586 3842 721 3897 quas
750 3828 991 3894 indubia,
1018 3836 1229 3885 remoto
1260 3836 1500 3901 pastore,
1533 3843 1695 3884 causa
1726 3827 1847 3897 ejus

243 3925 511 3981 absentia:
540 3925 758 3995 pressit.

324 4017 380 4070 8.
412 4016 535 4071 Tria
565 4030 698 4072 sane
719 4016 786 4072 de
815 4016 932 4086 ejus
983 4014 1272 4071 virtutibus
1311 4015 1607 4085 quamlibet
1654 4016 1843 4071 morbo

247 4107 463 4162 inertia:
489 4106 774 4176 languidus
789 4122 967 4162 sermo
988 4106 1220 4171 laboret,
1244 4107 1546 4162 enarrando
1589 4105 1793 4161 institui
1827 4125 1840 4161 :

244 4192 380 4250 dum
408 4196 641 4265 quodam
665 4197 730 4251 ad
756 4210 875 4253 eum
908 4204 1155 4266 tempore
1176 4198 1346 4265 gratia
1394 4196 1645 4252 visitandi
1692 4198 1844 4269 plebs

248 4285 487 4339 maxima
542 4286 904 4352 convenisset,
958 4285 1098 4341 hanc
1147 4300 1216 4340 ex
1256 4301 1406 4341 more
1454 4287 1576 4342 cibo
1606 4296 1843 4357 potuque

248 4377 541 4432 reficerent
566 4378 866 4448 imperavit,
897 4393 927 4431 a
957 4377 1203 4431 ministro
1232 4389 1507 4431 narratum
1558 4386 1640 4433 est
1694 4378 1843 4433 defe-

248 4468 394 4523 cisse
416 4469 534 4534 plus
554 4469 724 4538 magis
750 4470 1095 4539 concupitam
1121 4470 1358 4539 speciem
1390 4470 1520 4524 vini.
1548 4470 1712 4527 Ocius
1746 4486 1839 4527 vas

251 4560 385 4616 illud
414 4563 505 4616 ubi
531 4563 652 4617 talis
670 4562 780 4633 jam
810 4564 986 4633 liquor
1015 4563 1331 4629 defluxerat,
1378 4563 1591 4618 sibimet
1637 4578 1839 4632 prame-

249 4655 331 4724 pit
381 4654 588 4709 ostendi
639 4672 652 4709 :
711 4656 855 4725 quod
892 4658 1069 4711 crucis
1108 4654 1412 4710 munimine
1454 4654 1837 4726 praesignatum

248 4746 426 4814 gratia
467 4744 762 4802 Salvatoris
789 4748 1071 4803 nobilitate
1096 4749 1230 4803 meri
1261 4748 1547 4817 fragrantis
1575 4748 1839 4817 repletum

249 4847 355 4892 est.
400 4835 488 4893 Sic
545 4838 699 4893 turba
755 4840 1079 4895 conveniens
1144 4839 1524 4895 benedictione
1572 4838 1733 4894 simul
1786 4847 1842 4894 et

250 4932 481 5003 mystico
514 4941 644 5002 potu
676 4932 874 4987 refecta
902 4939 1005 4988 est.
1030 4931 1234 4987 Rursus
1267 4948 1388 4988 cum
1431 4930 1589 5000 longa
1641 4932 1837 4986 distra-

246 5022 432 5076 ctione
452 5038 606 5076 suum
625 5037 823 5091 corpus
843 5022 1163 5077 abstinentia
1190 5030 1508 5088 maceraret,
1524 5030 1579 5079 et
1600 5022 1840 5078 carnium

247 5112 604 5181 perceptione
653 5127 761 5167 non
806 5128 905 5183 pro
944 5113 1305 5178 immunditia,
1335 5114 1430 5169 sed
1478 5130 1576 5183 pro
1623 5122 1839 5183 tempe-

252 5200 427 5257 rantia
476 5200 765 5271 interiecto
821 5210 1065 5273 tempore
1120 5203 1431 5269 castigaret,
1481 5200 1841 5256 consacerdos

246 5291 373 5361 ejus
423 5291 564 5347 haud
611 5291 802 5361 procul
853 5293 919 5347 ab
964 5292 1097 5348 urbe
1145 5292 1212 5347 ad
1245 5307 1365 5347 eum
1398 5292 1647 5348 visitandi
1668 5295 1840 5361 gratia

246 5386 404 5440 venit
433 5403 446 5439 :
474 5395 592 5441 erat
614 5387 760 5441 inter
786 5400 883 5441 eos
906 5386 973 5442 de
1000 5385 1195 5441 divinis
1222 5384 1453 5441 oraculis
1482 5386 1622 5440 inter
1649 5394 1841 5441 caetera

250 5476 519 5533 familiare
566 5476 915 5547 colloquium.
967 5476 1133 5531 Adest
1195 5475 1285 5530 ubi
1346 5476 1617 5545 peragens’
1668 5475 1841 5545 spatia

248 5567 445 5624 diurna
468 5564 701 5624 Pbmbus
720 5568 973 5622 horarum
993 5566 1589 5629 transcenderataxcm,
1606 5571 1844 5634 tempus-

326 5731 352 5758 ι
398 5722 468 5774 La
499 5720 653 5784 Rea],
676 5720 925 5790 peritura.

326 5791 354 5830 δ
399 5790 540 5853 ΤοΙ..
574 5791 753 5843 vitam.

332 5873 356 5899 ε
387 5859 583 5930 ίῐσόιιιυ,
608 5861 887 5914 hominum.
911 5860 987 5917 L0
1007 5875 1113 5930 quc
1139 5872 1198 5914 se
1235 5856 1387 5924 sigue
1415 5862 1495 5910 cst
1521 5854 1551 5908 ἐι
1584 5854 1831 5911 obscuro.

329 5931 355 5968 ἀ
382 5929 498 5987 Tol.
530 5931 697 5986 aﬁadc
721 5932 875 5993 quod.

1950 3392 2093 3434 mam
2121 3378 2236 3448 ejus
2264 3387 2320 3434 et
2354 3393 2573 3434 suorum
2601 3376 3001 3434 multitudinem
3030 3378 3243 3447 operiet
3280 3384 3538 3446 peceato-

1949 3485 2099 3536 rum;
2128 3470 2223 3525 sed
2251 3484 2377 3525 vasa
2404 3471 2497 3524 ira:
2527 3466 2805 3540 famesque
2834 3470 3085 3524 vitiorum
3107 3483 3171 3524 ac
3194 3468 3371 3523 frutex
3391 3471 3539 3524 dam-

1948 3559 2182 3615 nationis
2228 3574 2411 3614 amara
2467 3574 2569 3630 pro
2614 3559 2895 3626 dulcibus,
2944 3568 3044 3627 pro
3100 3558 3309 3612 lenibus
3348 3572 3539 3627 aspera

1948 3652 2143 3708 obtulit
2167 3693 2183 3720 ,
2214 3664 2313 3721 pro
2339 3652 2513 3706 salute
2540 3650 2934 3705 medicamenta
2975 3650 3251 3704 mortifera
3272 3688 3287 3713 ,
3320 3649 3537 3704 obside-

1947 3744 2147 3813 batque
2173 3749 2361 3812 pectus
2388 3754 2577 3796 eorum
2602 3740 2960 3794 truculentior
2986 3738 3178 3805 hostis,
3206 3744 3262 3793 et
3293 3738 3539 3807 captivos

1948 3834 2001 3888 in
2047 3847 2145 3888 sua
2194 3832 2399 3888 ditione
2447 3831 2666 3886 tenebat
2707 3829 3084 3885 callidissimus
3134 3835 3378 3899 serpens.
3428 3827 3538 3884 Nec

1946 3931 2198 3995 poterant
2224 3924 2405 3979 liberis
2432 3923 2705 3992 gressibus
2729 3922 2796 3975 ad
2826 3930 3041 3992 portum
3077 3920 3362 3991 pervenire
3388 3919 3537 3975 salu-

1947 4015 2034 4079 tis,
2067 4028 2202 4082 quos
2228 4013 2506 4070 addixerat
2532 4013 2714 4083 prmdo
2742 4012 2986 4067 funestus
3007 4012 3327 4068 aretioribus
3348 4013 3537 4066 vincu-

1945 4103 2028 4159 lis.
2055 4104 2247 4160 Satiati
2274 4114 2452 4160 tamen
2482 4105 2549 4159 de
2578 4103 2697 4173 ejus
2744 4104 2949 4159 levibus
2978 4104 3215 4173 poculis,
3256 4112 3536 4173 cmperunt

1945 4204 2136 4251 contra
2178 4196 2273 4251 Dei
2302 4195 2563 4250 famulum
2618 4194 2835 4250 rabidos
2885 4195 3084 4251 latrare
3126 4207 3436 4258 sermones,
3482 4202 3537 4249 et

1944 4287 2123 4342 verbis
2160 4288 2522 4355 strepentibus
2552 4286 2949 4340 comminentes
2986 4284 3361 4353 spurcissimas
3401 4297 3535 4338 evo-

1945 4392 2093 4432 mere
2143 4391 2341 4443 voces;
2401 4376 2495 4432 sed
2546 4384 2841 4446 martyrem
2897 4372 2993 4428 Dei
3042 4387 3143 4429 nec
3189 4374 3536 4428 comminatio

1944 4467 2252 4523 mortalium
2280 4465 2459 4536 fregit,
2493 4479 2595 4521 nec
2622 4466 2699 4519 ira
2744 4464 3070 4534 perfidorum
3108 4464 3388 4527 emolluit,
3433 4480 3534 4520 nec

1945 4565 2234 4627 tempestas
2264 4556 2638 4612 insanientium
2669 4552 2817 4609 flein
2839 4592 2855 4619 ,
2896 4554 3220 4609 immobilem
3249 4569 3311 4609 sc
3338 4554 3534 4609 obtulit

1944 4650 1997 4704 in
2028 4647 2489 4718 persecutionibus
2510 4644 2715 4715 iustitia
2742 4643 3064 4709 feriendum,
3101 4657 3208 4699 non
3238 4644 3354 4699 haec
3380 4652 3405 4680 ο
3441 4660 3533 4699 re-

1942 4742 2265 4812 promissum
2310 4748 2530 4809 caperet
2572 4754 2603 4793 a
2660 4738 2890 4794 Domino
2942 4752 3167 4807 regnum
3212 4738 3531 4793 mthereum.

1944 4832 2115 4901 Hujus
2161 4831 2417 4887 illibatam
2446 4829 2463 4867 σ
2497 4828 2747 4884 inimicus
2781 4828 3137 4885 constantiam
3181 4826 3541 4881 humanitatis

1943 4924 2245 4993 aspiciens,
2297 4930 2515 4992 pectora
2571 4921 2661 4989 qui
2705 4928 2729 4968 ε
2792 4935 3063 4989 nunquam
3117 4918 3410 4985 Brnnigildi
3469 4931 3530 4971 ac

1944 5012 2262 5071 Theoderici
2291 5015 2545 5081 deseruit,
2576 5024 2745 5070 totum
2772 5023 2830 5068 ut
2856 5015 2907 5068 in
2932 5013 3147 5082 proprio
3167 5027 3226 5065 se
3254 5011 3528 5065 domicilio

1943 5107 2180 5174 miscuit,
2207 5107 2476 5175 modoque
2503 5104 2820 5175 imperativo
2841 5106 2896 5157 in
2925 5119 3079 5157 suum
3108 5100 3275 5168 magis
3300 5101 3524 5154 exitium

1937 5197 2026 5267 jus
2054 5198 2154 5252 sibi
2186 5196 2427 5253 debitum
2451 5196 2694 5266 impulit,
2737 5196 3007 5265 pollicitus
3033 5194 3110 5247 eis
3136 5192 3311 5247 locum
3336 5192 3387 5245 in
3416 5207 3525 5261 poe-

1944 5289 2027 5343 nis
2048 5288 2278 5357 primum
2294 5286 2633 5350 contrudere,
2662 5286 2705 5340 si
2728 5299 2758 5338 a
2781 5283 3053 5353 corporeis
3076 5281 3304 5336 vinculis
3326 5280 3526 5337 Christi

1945 5379 2129 5433 militis
2158 5378 2390 5432 animam
2419 5375 2627 5447 possint
2663 5374 2965 5429 extrahere.
2985 5377 2994 5383 ’
3014 5370 3294 5439 Extemplo
3331 5371 3524 5424 noxia-

1944 5467 2082 5523 libus
2109 5465 2288 5522 verbis
2315 5481 2379 5521 os
2415 5464 2735 5532 sacrilegum
2761 5501 2775 5525 ,
2823 5468 2879 5515 et
2920 5460 2972 5514 in
3020 5458 3276 5514 conviciis
3314 5474 3527 5529 semper

1944 5567 2208 5614 armatum
2246 5558 2428 5613 statim
2456 5554 2748 5626 impietatis
2776 5565 2975 5622 genere
3002 5550 3324 5607 sententiam
3367 5552 3523 5608 obla-

2017 5718 2039 5746 θ
2070 5707 2136 5761 Ut
2164 5723 2252 5775 per
2277 5708 2404 5760 haec.

2016 5778 2035 5817 ί
2067 5776 2172 5831 Los
2202 5776 2347 5841 Mss.,
2372 5774 2644 5827 illibatum.

2015 5858 2037 5895 ε
2064 5848 2137 5902 La
2164 5846 2314 5913 Real,
2345 5862 2476 5913 qua’,
2499 5844 2549 5897 cl
2579 5841 2695 5899 Tol.
2720 5858 2831 5911 que.
