3928 6176
387 437 494 494 383

1304 427 1612 488 SlSEDUTl
1662 426 1821 484 VITA
1864 425 1953 482 ET
1991 424 2233 484 PASSIO
2269 425 2324 482 S.
2370 423 2734 483 DESIDERII.

3553 431 3686 490 584-

389 548 548 604 ravlt.
580 541 911 600 Desiderium
935 538 1178 597 moribus
1215 540 1415 596 nostris
1439 539 1713 607 infestum,
1737 547 1793 595 et
1812 551 1955 608 ope-~
1974 537 2026 597 Α
2053 535 2332 606 confregit.
2362 539 2454 594 Sic
2473 553 2669 594 carnea
2698 537 2936 594 materia:
2956 538 3190 594 animam
3211 538 3488 608 deserens,
3515 557 3651 598 sese-

388 641 535 694 ribus
564 635 859 702 inimicum,
888 633 1128 704 lapidum
1159 631 1351 688 ictibus
1379 632 1742 702 verberatum,
1773 634 1971 692 multo-

385 743 490 797 que
513 739 712 797 genere
734 739 1016 795 pennarum
1045 721 1321 788 afflictum,
1351 722 1708 779 animadverti
1731 726 1972 797 compla-

383 820 514 876 cuit.
543 817 704 873 Ocius
731 815 962 871 ministri
1001 829 1282 884 compares
1310 813 1534 872 crimine
1574 822 1680 868 tam
1731 814 1972 873 nefandae

385 901 767 974 przeceptionis
795 901 1028 957 edictuin
1059 900 1308 969 nequiter
1337 900 1607 969 impleturi
1649 901 1973 970 promittunt

387 994 609 1050 auribus
650 993 719 1047 ab
763 993 1062 1062 imperante
1085 1006 1190 1062 qua
1224 992 1549 1060 nequissime
1574 993 1814 1062 capiunt.
1863 993 1972 1051 Nec

389 1085 660 1139 latuerunt
689 1083 787 1138 Dei
815 1090 1104 1154 martyrem
1144 1083 1226 1138 sui
1273 1082 1472 1138 laboris
1502 1084 1832 1151 certamina;
1879 1087 1974 1156 qui

388 1174 802 1245 praetlestinatus
824 1214 842 1242 ,
874 1175 983 1230 imo
1028 1175 1376 1245 praemonitus
1405 1190 1436 1230 a
1467 1175 1714 1244 Domino,
1755 1178 1974 1247 prmmia

391 1281 608 1324 curante
638 1265 812 1321 fuerat
839 1265 1120 1337 capienda.
1157 1265 1253 1321 llic
1298 1281 1419 1321 cum
1461 1267 1826 1336 prtestolatum
1852 1283 1974 1324 cer-

391 1367 548 1413 ueret
590 1356 729 1411 diem
767 1355 837 1411 ab
879 1354 1164 1411 infidorum
1195 1355 1388 1410 subito
1426 1356 1674 1411 manibus
1701 1373 1734 1412 c
1769 1358 1976 1427 gremio

391 1444 586 1514 raptim
615 1443 857 1500 ecclesiae
883 1443 1108 1509 tollitur,
1157 1453 1213 1498 et
1239 1444 1390 1512 quasi
1421 1460 1545 1499 reus
1575 1445 1854 1503 indemnes
1878 1465 1975 1504 oc-

392 1534 600 1589 cisurus
628 1532 697 1588 ad
725 1534 1042 1604 supplicium
1072 1532 1287 1590 ducitur
1312 1551 1325 1588 :
1357 1543 1580 1604 eratque
1618 1536 1847 1606 ingentis
1874 1553 1976 1608 po-

391 1623 503 1694 puli
551 1623 707 1680 ﬂetus
756 1625 1107 1680 intolerabilis
1155 1625 1288 1680 tanti
1321 1627 1549 1694 pastoris
1591 1628 1848 1698 ab.ogata
1888 1645 1980 1684 ca-

392 1715 563 1769 ruisse
593 1713 848 1776 remedia,
881 1713 965 1767 his
987 1714 1211 1769 vocibus
1239 1713 1578 1771 clamitantes
1604 1734 1617 1770 :
1646 1716 1756 1772 Cur
1783 1718 1980 1772 ovilem

393 1810 564 1867 tuum,
595 1801 718 1871 pie,
769 1801 974 1858 deseris
997 1841 1016 1870 ,
1067 1804 1254 1872 pater?
1298 1803 1407 1859 Cur
1433 1819 1647 1875 gregem
1679 1807 1978 1876 periturum

2071 640 2181 695 que
2211 641 2241 682 a
2270 627 2460 683 vinclis
2485 627 2854 699 corporalibus
2881 643 3108 694 exuens,
3128 629 3324 685 victrix
3354 630 3408 685 in
3438 632 3652 702 astrige-

2071 716 2146 773 ris
2167 718 2420 774 comitem
2449 718 2789 775 commiscuit
2813 720 2982 774 auris.

2141 805 2231 861 l0.
2277 804 2450 862 Vitam
2493 809 2810 878 obitumque
2851 808 3011 863 simul
3061 810 3335 881 impolitus
3385 821 3444 866 ut
3485 810 3654 882 potuit

2070 913 2250 954 sermo
2277 899 2475 956 Christi
2505 900 2689 955 militis
2717 901 3010 967 enarravit,
3041 904 3134 971 qui
3167 903 3466 974 quamlibet
3503 919 3656 974 squa-

2072 995 2188 1050 lore
2217 995 2382 1049 nimio
2421 995 2612 1065 peritis
2641 995 2890 1066 imperite
2916 995 3215 1066 displiceat,
3245 997 3443 1054 omissa
3467 1013 3656 1068 pompa

2073 1083 2378 1149 verborum,
2410 1083 2684 1138 humiliter
2711 1084 3008 1140 sentientes
3039 1085 3433 1155 credentesque
3465 1086 3655 1141 nobili-

2074 1181 2173 1228 tat.
2223 1172 2366 1242 Ergo
2414 1173 2555 1229 sicut
2601 1173 2790 1238 vitam,
2849 1173 3076 1229 virtutes
3116 1181 3172 1228 et
3219 1173 3336 1242 ejus
3387 1173 3662 1243 granditer

2074 1263 2366 1333 gloriosum
2398 1263 2557 1320 linem
2579 1263 2991 1333 descripsimus,
3043 1269 3212 1318 restat
3251 1275 3310 1316 ut
3348 1263 3512 1317 exitia
3548 1279 3660 1331 per-

2076 1353 2309 1408 ditorum
2355 1353 2668 1423 obitumque
2727 1368 3024 1408 narremus.
3076 1352 3211 1408 Cum
3252 1351 3662 1408 Theodericus"

2076 1445 2330 1501 deserens
2349 1445 2537 1510 Deum,
2567 1445 2676 1500 imo
2703 1443 2992 1500 derelictus
3020 1459 3050 1497 a
3093 1444 3227 1511 Deo,
3252 1454 3510 1515 percepto
3540 1461 3667 1500 nun-

2079 1538 2156 1604 tio
2186 1537 2383 1593 Christi
2413 1535 2482 1591 de
2510 1535 2734 1602 famulo,
2767 1535 3085 1601 exsultaret,
3111 1535 3447 1606 dyssenterio
3481 1536 3668 1590 morbo

2079 1635 2392 1696 correptus,
2445 1625 2610 1680 vitam
2654 1625 3004 1681 fmdissimam
3036 1625 3300 1696 perdidit,
3343 1635 3401 1681 et
3439 1627 3667 1682 amicam

2078 1718 2182 1774 sibi
2228 1726 2457 1773 mortem
2502 1727 2817 1788 perpetuam
2866 1719 3166 1788 acquisivit.
3224 1718 3419 1773 Amisit
3460 1720 3667 1790 perdita

2084 1807 2403 1879 Brunigildis
2429 1807 2670 1878 peritura
2699 1809 2910 1874 solatia,
2936 1818 3098 1879 atque
3127 1807 3422 1864 formidans
3454 1819 3668 1880 torque-

394 1891 690 1960 relinquis?
731 1907 822 1960 ne,
849 1908 1156 1963 quresumus
1175 1933 1191 1960 ,
1236 1893 1327 1966 lup
1350 1911 1482 1949 trum
1527 1912 1624 1951 nos
1655 1897 1707 1951 in
1737 1895 1979 1954 faucibus
2011 1891 2057 1950 B
2088 1901 2246 1955 batur
2275 1899 2594 1955 intrinsecus
2632 1898 2810 1954 indice
2837 1899 3184 1967 conscientia,
3225 1910 3489 1969 quatenus
3513 1916 3671 1971 quem

394 1982 599 2045 mittas,
632 1996 701 2038 ne
727 1997 857 2038 oves
887 1992 993 2037 tua:
1021 1983 1281 2039 hactenus
1309 1987 1578 2041 nectareis
1599 1986 1820 2043 floribus
1848 2003 1978 2044 sua-

393 2076 562 2130 vitate
586 2075 799 2132 refectae
829 2077 1164 2133 mordacibus
1194 2079 1402 2135 tribulis
1427 2081 1788 2151 vepribusque
1817 2085 1978 2139 falca-

397 2167 464 2222 tis
516 2167 778 2223 laniemur
836 2169 1012 2224 mius
1062 2183 1386 2239 procurante
1437 2175 1709 2243 pentilice.
1758 2173 1980 2232 Certum

395 2256 612 2326 quidem
639 2267 742 2325 est,
771 2267 827 2313 et
849 2275 951 2314 vox
971 2276 1094 2315 cum
1123 2261 1317 2318 divinis
1339 2262 1530 2318 litteris
1555 2280 1815 2332 consona,
1837 2266 1981 2338 quod

398 2352 471 2406 sit
495 2353 737 2435 absentia
759 2355 991 2424 pastoris
1019 2357 1280 2426 dispersio
1297 2358 1502 2428 ovium,
1533 2360 1688 2428 cujus
1716 2361 1771 2415 fit
1795 2377 1980 2418 earnm

395 2444 686 2512 praesentia
733 2446 1122 2516 amplissimum
1169 2448 1510 2507 beneficium.
1562 2451 1716 2507 Nulla
1772 2455 1985 2511 ratione

396 2534 635 2603 patimur
663 2543 718 2592 te
765 2537 920 2592 nobis
957 2539 1150 2608 avelli,
1191 2540 1382 2609 quibus
1421 2542 1622 2610 pariter
1667 2544 1712 2597 si
1759 2554 1985 2612 negatur

398 2626 636 2695 cupitam
660 2641 886 2696 carpere
916 2629 1098 2695 vitam,
1135 2631 1318 2686 subire
1346 2639 1522 2686 tecum
1553 2641 1783 2688 mortem
1823 2633 1986 2690 liceat

399 2712 710 2782 gloriosam.
777 2715 874 2775 His
915 2717 1146 2787 denique
1200 2720 1379 2776 verbis
1430 2721 1639 2790 placida
1693 2723 1772 2780 sic
1819 2726 1984 2781 verba

400 2803 592 2861 beatus
620 2805 798 2862 intulit
823 2817 1024 2880 martyr
1055 2827 1068 2863 :
1100 2809 1342 2864 miranda
1365 2811 1581 2882 quidem
1612 2813 1860 2882 intentio,
1889 2816 1984 2871 sed

402 2910 511 2950 non
536 2895 798 2954 laudanda
825 2897 1042 2956 devotio
1067 2917 1080 2954 :
1109 2900 1155 2955 si
1186 2909 1449 2959 tartareas
1489 2917 1588 2959 nos
1617 2911 1802 2974 portas
1837 2905 1986 2962 obsi-

401 2984 593 3042 derent
619 2989 832 3044 caverm'
852 3029 868 3054 ,
919 2989 964 3044 si
1010 2990 1245 3046 claustra
1275 2993 1574 3049 niterentur
1603 2995 1796 3052 inferni
1825 2997 1986 3053 obse-

404 3092 530 3133 rare
560 3076 765 3135 funerei
789 3089 836 3144 ι,
872 3079 916 3137 si
945 3082 1216 3151 crepitans
1254 3083 1507 3140 invadere
1529 3085 1797 3141 horrenda
1825 3101 1989 3143 cona-

404 3175 553 3222 retur
597 3166 810 3223 llamma
857 3170 1078 3236 baratri,
1134 3173 1462 3243 spiritalibus
1500 3177 1664 3232 armis
1712 3177 1986 3234 inimicum

2081 1991 2256 2062 culpae
2283 1991 2518 2060 qualitas
2542 1991 2734 2045 extulit
2761 1991 2815 2044 in
2840 1990 3046 2045 scelere
3075 1997 3406 2060 perpetrato,
3437 1991 3672 2046 vindicta

2080 2095 2419 2150 consequens
2445 2088 2692 2151 pasceret
2737 2080 2915 2136 acrius
2948 2080 2998 2134 in
3045 2079 3328 2135 tormentis
3357 2081 3671 2137 excrucian-

2081 2171 2171 2228 do.
2211 2171 2544 2240 Istalsecum
2591 2180 2710 2226 atra
2756 2179 2940 2226 mente
2980 2170 3105 2225 dum
3147 2170 3423 2237 volveret,
3475 2171 3674 2226 bellum

2082 2271 2270 2319 contra
2297 2261 2577 2321 finitimae:
2607 2272 2822 2332 gentem
2855 2262 3064 2316 indixit.
3103 2262 3172 2318 At
3198 2262 3286 2316 ubi
3319 2270 3532 2332 tempus
3560 2279 3665 2318 eer-

2085 2355 2273 2409 tamini
2303 2355 2476 2426 patuit
2517 2363 2572 2410 et
2598 2355 2814 2410 diverso
2855 2358 3051 2424 stipata
3083 2361 3298 2408 caterva
3327 2353 3574 2408 conflixit
3599 2353 3672 2408 di-

2086 2447 2233 2510 vino,
2266 2446 2532 2516 siquidem
2577 2453 2753 2500 terror
2790 2454 2997 2515 partem
3031 2444 3279 2514 pessima:
3319 2443 3564 2499 mulieris
3593 2445 3672 2498 in-

2083 2537 2252 2604 vasit;
2285 2537 2424 2592 unde
2450 2536 2654 2591 factum
2697 2543 2782 2591 est
2825 2543 2884 2590 ut
2911 2535 3211 2589 morbidum
3241 2543 3403 2605 caput
3433 2535 3674 2590 membra

2087 2628 2354 2699 torpentia
2379 2627 2445 2682 ad
2473 2627 2610 2697 fuga:
2640 2626 2945 2697 przesidium
2975 2635 3309 2696 sequeretur.
3354 2624 3447 2680 Sic
3476 2627 3672 2696 passim

2085 2729 2212 2775 ante
2239 2719 2428 2774 faciem
2453 2719 2687 2773 hostium
2717 2725 3026 2786 evagantes,
3069 2717 3298 2788 primum
3339 2717 3407 2773 ab
3433 2717 3675 2772 hostibus

2087 2810 2258 2866 hostis
2284 2808 2478 2878 regula:
2497 2806 2813 2863 Cliristianm
2831 2847 2846 2872 ,
2894 2819 2951 2863 et
2980 2808 3145 2864 totius
3173 2807 3415 2863 criminis
3443 2806 3667 2872 artifex,

2085 2911 2245 2974 capta
2283 2909 2386 2957 est.
2427 2901 2504 2956 De
2552 2899 2704 2970 cujus
2750 2899 2971 2955 interitu
2997 2914 3118 2970 qua:
3159 2900 3374 2970 vulgata
3421 2899 3678 2969 opinione

2088 2993 2450 3064 comperimus
2474 2991 2657 3046 dicere
2694 3006 2800 3047 non
2832 2991 3053 3062 pigebit.
3101 2991 3197 3046 Est
3237 2990 3438 3046 animal
3467 2998 3674 3045 torme-

2087 3099 2228 3145 sum,
2262 3082 2497 3136 immane
2526 3081 2695 3148 magis
2724 3080 2976 3134 obtinens
3004 3095 3223 3149 corpus,
3265 3079 3466 3133 habens
3493 3087 3551 3132 et
3580 3093 3677 3132 na-

2090 3175 2336 3229 turaliter
2373 3173 2633 3241 quosdam
2683 3171 2985 3233 anfractus,
3032 3171 3312 3226 summitas
3360 3170 3488 3226 licet
3532 3169 3686 3225 dorsi

405 3255 581 3311 acrius
626 3267 954 3314 convenerat
1001 3276 1315 3332 oppugnare
1346 3282 1362 3323 ;
1430 3281 1574 3319 nunc
1628 3267 1880 3336 quoniam
1932 3271 1987 3325 in
2013 3244 2062 3308 C
2095 3263 2412 3332 tnrgentior,
2443 3272 2606 3330 atque
2630 3261 2860 3316 collecto
2892 3260 3176 3316 celsiorem
3203 3261 3428 3315 artubus
3457 3259 3682 3331 reliquis

406 3348 600 3404 castris
647 3351 877 3407 militare
918 3353 1174 3409 invitatur
1200 3357 1450 3413 arthereis
1488 3372 1611 3413 cum
1655 3359 1990 3419 radiantibus

411 3441 602 3496 turmis
631 3442 906 3512 angelicis,
936 3459 1060 3500 cum
1088 3446 1349 3516 apostolis
1374 3455 1430 3503 et
1465 3450 1780 3518 apostolicis
1821 3453 1949 3508 viris
1969 3493 1986 3520 ,

409 3547 536 3589 cum
572 3533 896 3604 fulgentibus
921 3547 1326 3610 martyrumque
1349 3541 1610 3608 catervis,
1659 3553 1840 3600 nostra
1896 3562 1988 3602 ve-

410 3632 522 3679 stra
551 3625 792 3682 redditur
821 3628 1169 3694 universitas;
1221 3645 1464 3688 remeare
1492 3633 1656 3692 sinite
1685 3633 1867 3708 ﬂagito
1897 3652 1991 3710 pa-

409 3723 613 3772 storem
681 3725 916 3773 vestrum
974 3718 1042 3778 ad
1093 3729 1364 3794 pastorem
1413 3728 1655 3783 omnium
1707 3730 1994 3799 pervenire

413 3817 707 3880 pastorum,
750 3827 858 3886 quo
895 3815 1101 3874 facilius
1122 3859 1137 3885 ,
1186 3822 1525 3891 przecedente
1562 3823 1838 3892 pontiﬁce,
1862 3839 1994 3894 grex

413 3899 647 3958 illibatus
674 3904 742 3959 ad
769 3905 944 3962 locum
974 3907 1148 3963 valeat
1176 3911 1457 3978 pervenire
1484 3921 1751 3981 paratum.
1781 3914 1872 3970 Sic
1896 3917 1990 3983 ait,

413 4001 472 4047 et
497 4009 626 4049 ecce
653 3993 831 4050 subito
859 3996 1183 4052 rabientium
1210 3999 1406 4068 stipata
1434 4009 1650 4056 caterva
1692 4002 1872 4059 furens
1901 4006 1994 4059 ad—

413 4085 590 4150 venit,
642 4085 886 4141 homines
918 4084 1113 4141 funesti
1149 4095 1206 4144 et
1236 4088 1385 4144 vultu
1435 4091 1733 4162 teterrimo,
1763 4108 1991 4162 quorum

415 4182 533 4229 erat
581 4173 730 4231 frons
774 4183 954 4243 torva,
1005 4183 1184 4233 truces
1234 4179 1397 4245 oculi,
1453 4189 1704 4249 aspectus
1742 4181 1993 4251 odibilis,

413 4274 594 4323 motus
620 4265 954 4334 horrendus;
985 4277 1248 4338 erantque
1274 4279 1460 4327 mente
1486 4272 1724 4340 sinistri,
1757 4275 1995 4330 moribus

415 4357 583 4426 pravi,
615 4356 793 4426 lingua
814 4357 1120 4423 mendaces,
1150 4360 1329 4415 verbis
1350 4361 1592 4429 obsceni,
1624 4362 1754 4419 foris
1775 4365 1992 4434 turgidi,

416 4445 640 4502 interius
667 4448 840 4514 vacui,
871 4449 1160 4520 utrobique
1188 4449 1474 4518 deformes,
1504 4451 1572 4507 de
1597 4453 1751 4508 bonis
1771 4453 1992 4523 indigni,

415 4534 485 4590 de
511 4533 757 4604 pessimis
784 4537 1060 4607 opulenti,
1110 4539 1320 4596 delictis
1348 4541 1592 4609 obnoxii,
1631 4543 1831 4598 inimici
1861 4543 1993 4612 Dei,

413 4626 570 4681 amici
599 4640 728 4680 sane
751 4626 950 4683 diaboli
979 4631 1243 4700 perpetui,
1275 4632 1340 4686 ad
1374 4641 1606 4689 mortem
1637 4635 1795 4689 nimis
1821 4635 1982 4690 ultro-

416 4712 524 4766 nei.
557 4713 756 4768 florum
785 4717 1112 4773 exsecranda
1140 4720 1404 4790 pernicies
1444 4722 1624 4778 furore
1661 4724 1998 4780 ministrante

415 4815 564 4855 arma
622 4801 950 4871 nequissimo
997 4807 1212 4877 rapuit,
1269 4817 1435 4880 atque
1481 4827 1646 4882 super
1706 4822 1996 4885 martyrem

413 4891 614 4948 Christi
642 4893 865 4950 imbrem
889 4895 1126 4967 lapidum
1147 4916 1244 4956 cor
1269 4917 1492 4958 saxeum
1516 4904 1650 4959 fudit
1678 4923 1694 4971 ;
1731 4921 1850 4974 qua:
1874 4922 1996 4961 cum

416 4983 708 5038 marsiliatn
738 4985 856 5056 (sic)
886 4989 1222 5057 praeterirent
1249 4991 1365 5047 dira
1403 4993 1691 5050 furentium
1713 4995 1914 5065 jacula,
1943 5007 2000 5052 et

416 5073 471 5129 in
509 5082 716 5145 partem
770 5079 931 5134 aliam
978 5096 1192 5137 cursum
1231 5081 1542 5154 flecterent,
1572 5087 1778 5142 silicum
1808 5099 1998 5144 natura

416 5163 732 5235 durissima,
783 5167 1003 5239 ipseque
1040 5171 1223 5241 fragor
1265 5173 1611 5242 lapidationis
1657 5176 1752 5232 Dei
1802 5176 1999 5232 famulo

419 5255 732 5314 famulatum
763 5262 1062 5330 exhiberet,
1094 5272 1150 5319 et
1174 5266 1470 5334 quamlibet
1497 5283 1604 5323 non
1636 5269 1865 5323 viventia
1889 5269 1999 5324 Deo

421 5353 600 5404 tamen
625 5348 816 5406 divinis
855 5351 1063 5422 legibus
1091 5355 1322 5412 viventia
1353 5358 1656 5429 caederent,
1705 5360 1996 5416 humanum

423 5446 609 5504 pectus
631 5440 828 5495 mansit
866 5443 1203 5500 solummodo
1229 5445 1534 5502 induratum
1554 5489 1570 5513 ,
1599 5449 1742 5516 quod
1772 5465 1998 5518 pronum

421 5525 475 5580 in
505 5527 849 5586 miseratione
877 5532 991 5589 fore
1018 5536 1207 5604 potuit,
1239 5545 1404 5607 atque
1433 5537 1719 5592 evicinum.
1747 5540 1849 5607 Qui
1879 5556 1998 5596 cum

421 5617 652 5674 animam
673 5621 971 5689 exhalaret,
992 5624 1128 5680 idem
1154 5636 1368 5698 arrepto
1395 5628 1493 5686 viri
1514 5629 1685 5686 beatae
1703 5629 1844 5688 fusto
1864 5631 1999 5688 colla

495 5846 520 5872 ι
551 5834 690 5901 Το1.,
723 5840 911 5901 funeri.

495 5903 518 5941 δ
543 5903 657 5958 Tol.
669 5945 683 5970 ,
710 5903 1053 5962 Tltccidcrius.

2091 3353 2301 3408 obtinet
2331 3353 2508 3408 locum
2528 3393 2544 3419 ,
2575 3354 2729 3410 oneri
2755 3356 2887 3411 satis
2914 3355 3234 3424 abundeque
3258 3355 3599 3426 aptissnmum
3627 3363 3683 3408 et

2097 3441 2150 3496 in
2173 3440 2431 3497 vehendis
2460 3442 2778 3500 animalibus
2804 3444 3015 3500 czeteris
3043 3443 3206 3500 rebus
3231 3443 3597 3514 praastantior.
3621 3441 3680 3496 lu

2093 3534 2251 3603 hujus
2278 3535 2448 3590 centri
2477 3534 2750 3606 fastigium
2779 3536 3020 3594 vestibus
3048 3538 3264 3596 detecta
3289 3537 3529 3592 antelata
3561 3553 3682 3592 sus-

2094 3625 2317 3694 tollitur,
2347 3641 2638 3697 coramque
2665 3628 2898 3685 vultibus
2935 3629 3170 3684 ho.tium
3193 3629 3554 3702 iguomiuiose
3583 3629 3680 3686 de-

2094 3715 2328 3777 ducitur.
2358 3718 2678 3791 Aliquaadiu
2709 3719 3060 3803 foedissiQO
3089 3724 3536 3794 exspectantibus
3582 3723 3681 3778 ini-

2093 3814 2336 3868 racnlum
2389 3815 2618 3883 tribuit;
2669 3816 2867 3872 dehinc
2919 3817 3238 3886 sonipedum
3291 3815 3681 3870 indomitorum

2095 3911 2353 3972 arctatur,
2384 3916 2546 3976 atque
2575 3921 2670 3976 per
2697 3905 2838 3960 invia
2879 3907 3198 3976 fragosaque
3244 3907 3361 3960 loca
3409 3913 3681 3974 raptatur.

2095 3995 2186 4051 Sic
2213 3996 2368 4066 equis
2399 3995 2724 4053 ferventibus
2764 4011 2961 4067 corpus
3001 3997 3112 4066 jam
3153 3997 3305 4051 senio
3343 4005 3681 4052 maceratum

2096 4086 2388 4141 frustratim
2410 4087 2747 4158 decerpitur,
2796 4104 2860 4144 ac
2881 4089 3175 4142 divaricata
3208 4089 3404 4158 passim
3437 4087 3560 4143 sine
3586 4102 3686 4140 no~

2097 4176 2239 4230 mine
2265 4177 2506 4232 membra
2546 4161 2879 4246 cruentaque
2918 4178 3184 4233 laxantur.
3232 4177 3437 4237 Taliter
3465 4186 3684 4232 terrena

2098 4265 2336 4320 materiae
2383 4266 2561 4320 anima
2605 4267 2879 4336 resoluta,
2927 4267 3307 4338 perpetuisque
3357 4266 3532 4338 pennis
3587 4282 3688 4321 nee

2099 4356 2366 4411 immerito
2400 4356 2624 4426 religata
2675 4366 2890 4413 tenetur
2920 4358 3086 4428 piceis
3122 4373 3307 4412 arsura
3339 4357 3686 4412 bullientibus

2098 4445 2271 4502 undis.
2304 4444 2475 4514 Major
2503 4446 2617 4502 haac
2639 4447 2948 4516 prosecutio
2983 4448 3389 4504 occurrentibus
3418 4447 3687 4515 latiorque

2098 4535 2273 4591 causis
2318 4537 2510 4592 evasit.
2555 4535 2662 4593 Sed
2711 4552 2779 4594 ne
2818 4537 3108 4593 fastidinsis
3147 4538 3215 4594 de
3249 4552 3344 4591 sua
3374 4537 3685 4608 prolixitate

2103 4623 2398 4695 displiceat,
2431 4625 2642 4679 modica
2671 4634 2952 4682 nectentes
2974 4627 3169 4682 amodo
3190 4627 3502 4682 denominat
3526 4666 3542 4692 ,
3577 4635 3687 4681 ter-

2101 4715 2303 4768 minum
2343 4715 2610 4785 finemque
2656 4733 2950 4786 ponamus;
2996 4719 3420 4774 cornmuniterve
3457 4726 3688 4773 cunctos

2099 4805 2419 4875 efﬂagitans,
2451 4824 2519 4863 ne
2543 4807 2827 4878 pigerrime
2848 4810 3015 4865 velint
3034 4810 3280 4879 accipere
3299 4825 3403 4880 qua
3426 4808 3688 4863 Dominus

2101 4906 2282 4952 noster
2307 4896 2460 4954 Jesus
2484 4897 2726 4954 Christus
2755 4915 2862 4954 non
2887 4899 3055 4970 piguit
3085 4916 3178 4970 per
3204 4915 3361 4954 suum
3392 4908 3687 4968 martyrem

2101 4977 2410 5032 condonare
2436 4991 2482 5043 ο,
2514 4977 2582 5032 ad
2607 4978 2760 5048 cujus
2795 4981 3292 5035 venerantissimum
3315 4992 3510 5048 corpus
3533 4985 3688 5029 tanta

2099 5055 2343 5127 Christus
2371 5056 2614 5110 conferet
2632 5056 2788 5127 copia
2819 5057 3132 5112 sanitatum.
3162 5058 3492 5125 Quaeunque
3514 5055 3680 5111 fuerit

2099 5123 2362 5202 quispiam
2383 5123 3077 5202 aegritudine-conventus,
3115 5123 3204 5190 vel
3247 5123 3524 5190 debilitate
3555 5151 3684 5190 cor-

2101 5211 2246 5280 poris
2291 5210 2624 5276 deturbatus,
2669 5213 2853 5267 statim
2892 5213 3133 5268 diviuum
3184 5228 3383 5268 nomen
3433 5214 3542 5268 illic
3572 5222 3691 5268 toto

2101 5290 2266 5344 corde
2292 5291 2617 5359 poposcerit,
2650 5307 2839 5347 omnes
2871 5307 2904 5347 a
2931 5306 2992 5348 se
3031 5292 3252 5347 morbos
3279 5291 3577 5346 discutiens
3609 5301 3691 5344 to-

2105 5379 2320 5438 tamque
2348 5367 2609 5424 maculam
2651 5370 2888 5439 pellens,
2931 5385 3096 5425 sanus
3124 5370 3413 5439 hilarisque
3440 5368 3506 5422 ad
3535 5369 3691 5437 cupi-

2105 5455 2211 5500 tam
2243 5463 2339 5516 pes
2377 5446 2470 5502 Dei
2503 5449 2727 5515 gratiam
2774 5449 3020 5517 pervenit
3059 5450 3387 5513 sanitatem;
3437 5462 3604 5501 unum
3639 5446 3691 5499 in

2102 5526 2366 5581 Trinitate
2388 5524 2672 5580 Dominum
2701 5542 3022 5596 semperque
3052 5537 3359 5581 manentem
3387 5567 3403 5592 ,
3433 5526 3519 5596 qui
3555 5525 3692 5578 mihi

2107 5607 2268 5660 vitam
2291 5597 2655 5673 indignissimo
2677 5607 3022 5676 proscquenti
3044 5605 3288 5661 conferat
3303 5605 3693 5674 sempiternam

2105 5693 2160 5739 et
2186 5683 2524 5740 audientibus
2548 5683 2696 5738 vobis
2725 5684 2952 5752 gratiam
2983 5685 3181 5739 tribuat
3209 5685 3504 5754 copiosam.

2190 5866 2203 5890 ῖ
2236 5851 2376 5920 Tol.,
2410 5855 2768 5909 condemnare.
