3928 6176
981 351 1292 410 SANCTUS
1334 342 1919 409 BERTICHRAMNUS
1964 349 2492 411 CENOMANENSIS
2530 353 2913 413 EPISCOPUS.

3456 365 3560 423 386

438 508 563 516 .._-——
576 507 709 515 -._.._
728 507 771 513 ,ν-
786 508 801 513 .-
817 508 854 513 v.
870 506 1045 515 μορ-...-
1578 500 2911 514 -cuw—M“.
3132 510 3141 517 ,

792 542 1906 554 —_——_._—————————————————

1561 668 1724 714 ΔΝΝΟ
1769 664 1995 709 DOMINI
2042 665 2312 709 DCXXIII.

300 842 1393 1015 SANCTUS
1464 826 3567 1014 BERTICHRA‘MNUS

1387 1107 1995 1180 CENOMANENSIS
2037 1105 2459 1173 EPISCOPUS

672 1355 1159 1442 NOTITIA
1214 1347 1859 1436 HISTORICA
1926 1350 2043 1433 IN
2105 1348 3200 1436 BERTICHRAMNUM.

1841 1508 2052 1527 -φ-

1512 1592 1718 1655 (Mabill.
1743 1590 1877 1641 Vett.
1899 1588 2041 1638 Anal.
2070 1599 2102 1639 t.
2133 1590 2172 1653 l,
2203 1606 2248 1654 p.
2274 1592 2408 1654 25L)

258 1907 267 1915 '
310 1887 465 1943 Gesta
487 1888 664 1942 domui
691 1884 1065 1941 Bertichramni
1078 1882 1472 1939 Cenomauniraz
1486 1882 1625 1935 urbis
1641 1880 1893 1950 episcopi,

378 1962 465 2031 qui
491 1960 589 2030 fuit
611 1958 889 2031 novissimo
913 1965 1141 2031 tempore
1162 1953 1458 2031 (ἒΙξὶιρεζὶὶςςξ3
1488 1951 1893 2031 βιξὶβιοιζιαῂἱ,

378 2020 428 2084 ἐι
452 2020 678 2098 ιὲηιρονε
695 2026 944 2098 ριοιὴανὶἱ
967 2020 1064 2094 filii
1089 2020 1319 2098 ejusdem
1338 2020 1638 2093 Chilperici,
1667 2022 1753 2092 qui
1782 2022 1900 2092 [ue-

377 2110 501 2154 runt
530 2093 673 2168 rcges
700 2093 1023 2151 Francorum
1048 2093 1144 2148 viri
1173 2093 1419 2147 illustres.

381 2228 625 2282 Domnus
647 2224 1082 2279 Bertichramnus
1092 2221 1240 2277 urbis
1256 2219 1666 2277 Cenomauuicae
1680 2219 1894 2291 prmsui,

306 2316 510 2373 nobilis
537 2329 756 2384 genere,
787 2312 1005 2368 natione
1033 2312 1226 2383 partim
1264 2311 1633 2380 Aquitanicus,
1675 2320 1731 2367 et
1769 2325 1895 2381 par-

308 2410 408 2465 tim
436 2408 697 2490 lj‘rancus,
722 2404 952 2460 Turonis
977 2418 1107 2459 vero
1136 2411 1466 2469 tousoratus,
1499 2410 1555 2458 et
1579 2410 1769 2474 postea
1795 2402 1897 2457 ali-

304 2516 423 2572 quo
479 2508 723 2568 tempore
778 2502 1127 2551 conversatus
1177 2508 1300 2549 cum
1358 2492 1558 2548 domno
1603 2490 1894 2557 Germano,

305 2594 510 2664 insigni
549 2591 831 2647 Parisiacae
868 2589 1017 2644 urbis
1060 2588 1338 2658 episcopo,
1370 2594 1426 2642 et
1455 2586 1521 2640 ab
1551 2600 1617 2641 eo
1650 2586 1897 2651 edoctus,

306 2698 479 2756 atque
507 2687 561 2741 in
590 2684 908 2757 quibusdam
929 2680 1355 2739 sacerdotalibus
1375 2679 1626 2750 gradibus
1651 2685 1734 2734 est
1756 2676 1903 2732 ordi—

306 2790 499 2846 natus,
532 2786 587 2833 ct
608 2776 955 2848 spiritualiter
981 2774 1292 2829 instructus.
1323 2771 1640 2827 Antedictus
1670 2782 1902 2837 namque

307 2867 552 2923 domnus
570 2867 1005 2922 Bertichramnus
1027 2862 1152 2920 fecit
1172 2862 1460 2933 quamdam
1481 2861 1732 2918 cellulam
1759 2860 1898 2914 ultra

1925 1782 2107 1847 Aque
2153 1769 2266 1824 suis
2317 1769 2720 1825 successoribus
2766 1771 3145 1839 possidendam
3189 1784 3245 1831 et
3290 1778 3579 1846 regendam

2000 1858 2387 1930 perpetualiter
2408 1858 2530 1929 jure
2559 1858 2862 1917 ﬁrmissimo
2883 1863 3188 1933 dereliquit.

2070 1950 2170 2007 Hic
2196 1951 2341 2008 enim
2376 1952 2503 2007 fecit
2531 1951 2584 2007 in
2616 1953 2901 2009 terratorio
2929 1956 3116 2010 matris
3144 1964 3200 2011 et
3218 1956 3451 2012 civitatis
3479 1956 3581 2012 Ec-

2000 2040 2178 2096 clesia:
2205 2050 2406 2097 sancta:
2432 2040 2612 2096 Mariae
2639 2049 2696 2097 et
2721 2053 3031 2099 sanctorum
3054 2054 3350 2117 martyrum
3379 2047 3580 2103 Gerva-

1999 2130 2067 2187 sii
2116 2139 2172 2207 et
2220 2130 2478 2199 Protasii,
2510 2132 2578 2187 de
2605 2133 2733 2189 villa
2768 2134 2919 2204 cujus
2949 2137 3267 2192 vocabulum
3312 2147 3396 2193 est
3418 2137 3583 2194 Vive-

2001 2236 2153 2287 reus,
2185 2236 2216 2275 a
2245 2220 2612 2289 fundamento,
2644 2225 2836 2294 angelo
2866 2226 2964 2281 sibi
2989 2227 3418 2296 demonstrante,
3453 2228 3580 2285 dum

2001 2311 2058 2367 in
2085 2311 2321 2368 Ecclesia
2349 2315 2519 2369 sancti
2549 2312 2842 2381 Michaelis,
2876 2315 3011 2372 infra
3034 2318 3242 2385 urbem,
3264 2320 3417 2389 juxta
3441 2334 3581 2390 pra:-

2002 2400 2202 2457 dictam
2240 2411 2469 2458 matrem
2497 2404 2802 2472 ecclesiam,
2860 2407 2913 2462 iu
2958 2408 3189 2478 quadam
3222 2418 3368 2465 turre
3413 2411 3582 2480 ipsius

2001 2489 2236 2546 civitatis
2258 2502 2586 2559 constructa,
2625 2496 2950 2566 pervigilans
2978 2498 3031 2552 in
3060 2498 3305 2556 oratione
3334 2509 3470 2568 erat,
3501 2511 3580 2557 at-

2005 2596 2113 2651 que
2161 2584 2351 2653 angelo
2390 2585 2440 2639 ei
2478 2584 2757 2641 visibiliter
2802 2587 3013 2643 oriente
3067 2603 3259 2644 aurora
3313 2590 3583 2648 Dominici

2005 2672 2110 2727 diei
2138 2673 2471 2744 designante,
2494 2678 2879 2731 monasterium
2902 2677 3057 2747 juxta
3079 2679 3265 2735 urbem
3298 2681 3351 2736 in
3376 2683 3585 2739 honore

2004 2767 2175 2821 sancti
2205 2764 2348 2821 Petri
2376 2775 2434 2822 et
2463 2765 2612 2823 Pauli
2643 2771 3016 2840 apostolorum
3065 2779 3120 2825 et
3166 2773 3418 2827 nobiliter
3456 2788 3588 2830 con-

2003 2856 2220 2921 struxit,
2250 2866 2305 2911 et
2332 2856 2503 2926 ipsam
2542 2856 2849 2914 Ecclesiam-
2867 2859 3247 2927 Apostolorum
3293 2861 3405 2931 jam
3452 2879 3588 2919 con-

307 2957 540 3012 ﬂuvium
582 2955 752 3011 Sarte
782 2955 837 3010 in
863 2954 1071 3009 honore
1098 2952 1271 3008 sancti
1312 2949 1556 3020 magistri
1595 2949 1678 3007 sui
1715 2947 1894 3004 domui
1927 2979 1975 3040 Β
2005 2955 2327 3002 summatim
2372 2958 2481 3002 tam
2528 2949 2596 3004 de
2641 2952 2803 3006 rebus
2846 2961 3045 3007 sancte
3085 2953 3264 3009 Mariae
3307 2963 3364 3011 et
3412 2959 3588 3014 sancti

307 3050 592 3117 Germani,
622 3048 904 3104 Parisiacae
933 3045 1168 3103 civitatis
1197 3043 1419 3114 insignis
1451 3040 1711 3113 praesulis,
1735 3055 1897 3109 quam
1928 3037 1960 3040 ⁷
2002 3037 2245 3094 Gervasii
2265 3039 2451 3094 matris
2475 3047 2531 3095 et
2552 3041 2783 3097 civitatis
2804 3042 3075 3110 Ecclesiae,
3099 3061 3257 3116 quam
3283 3050 3424 3103 etde
3441 3048 3585 3115 aliis,

308 3146 379 3200 de
424 3143 592 3199 rebus
637 3147 838 3197 sanctae
865 3138 1047 3193 Maria:
1085 3145 1141 3193 et
1178 3134 1354 3192 sancti
1381 3132 1625 3190 Gervasii
1653 3131 1857 3187 dolavit
1879 3171 1896 3196 ,

307 3231 431 3286 sive
472 3228 545 3283 de
585 3224 907 3297 quibusdam
934 3222 1065 3279 Vicis
1093 3221 1333 3291 ejusdem
1377 3226 1578 3275 sancte
1621 3216 1804 3272 Maria:
1846 3224 1902 3270 ct

305 3320 491 3377 sancti
520 3316 761 3374 Gervasii
781 3354 797 3381 ,
825 3323 987 3384 atque
1012 3312 1080 3369 de
1107 3312 1226 3369 aliis
1251 3310 1443 3378 rebus,
1469 3323 1603 3380 quas
1622 3309 1902 3379 acquirere

305 3426 414 3466 suo
437 3410 589 3465 bono
617 3406 833 3476 ingenio
861 3403 1087 3470 meruit,
1128 3401 1495 3459 ecélesiastico
1515 3402 1639 3470 jure
1669 3399 1897 3456 dolavit.

308 3500 379 3555 Et
415 3501 471 3554 in
502 3497 757 3568 praedicta
789 3493 999 3561 cellula,
1046 3507 1211 3562 quam
1256 3491 1310 3547 in
1359 3491 1567 3547 honore
1609 3488 1720 3559 jam
1770 3487 1901 3543 dicti

306 3592 495 3649 sancti
526 3589 781 3645 Germani
806 3592 1202 3653 construxerat,
1228 3591 1284 3640 et
1308 3589 1615 3640 sacraverat
1658 3596 1755 3637 seu
1796 3580 1899 3636 do-

309 3690 555 3747 taverat,
584 3680 793 3749 aliquos
820 3677 1119 3734 monachos
1143 3675 1243 3732 sub
1270 3674 1455 3744 regula
1497 3673 1751 3742 degentes
1772 3687 1899 3727 cou-

306 3775 518 3839 stituit,
556 3784 611 3828 et
653 3771 918 3841 hospitale
945 3783 1239 3842 pauperum
1277 3776 1441 3838 atque
1483 3766 1743 3822 nobilium
1772 3763 1904 3820 inibi

304 3880 439 3923 esse
496 3863 744 3919 instituit.
802 3860 974 3928 Quam
1021 3857 1269 3916 cellulam
1320 3856 1561 3913 ecclesia:
1606 3869 1715 3911 sua:
1760 3854 1904 3910 sedis

302 3964 524 4015 sancte
551 3953 731 4009 Maria:
757 3961 813 4007 et
839 3949 1011 4008 sancti
1034 3947 1277 4005 Gervasii
1303 3945 1626 4017 subjugavit,
1659 3945 1772 4000 sive
1794 3943 1905 3999 suis

306 4048 727 4109 successoribus
750 4054 911 4116 atque
934 4042 1211 4100 canonicis
1230 4051 1428 4098 sancte
1457 4039 1634 4094 Mariae
1654 4046 1709 4094 et
1735 4038 1905 4095 sancti

305 4142 570 4202 Gervasii
599 4138 976 4210 possidendam
1004 4144 1060 4192 et
1086 4133 1373 4204 regendam
1404 4131 1653 4202 perennis
1697 4139 1904 4201 tempo-

306 4238 477 4293 ribus
512 4231 614 4287 sub
644 4229 875 4299 regulari
917 4226 1105 4282 ordine
1132 4223 1433 4293 dereliquit.
1470 4220 1729 4277 Prmdicto
1773 4236 1908 4292 quo-

306 4342 425 4399 que
476 4321 887 4379 Bertichramno
917 4317 1110 4373 cellula
1140 4315 1277 4369 infra
1309 4314 1453 4368 illam
1483 4314 1746 4384 quintam,
1788 4328 1907 4383 qua:

306 4415 712 4474 monasterium
742 4409 944 4467 Stivale
971 4414 1330 4477 nuncupatur,
1358 4420 1389 4460 a
1418 4404 1654 4474 quodam
1687 4404 1904 4468 clerico,

306 4504 645 4575 Bertigiselo
674 4501 915 4568 nomine,
957 4498 1050 4568 qui
1088 4498 1171 4553 bis
1208 4496 1392 4552 sedem
1437 4504 1494 4549 et
1537 4495 1906 4563 episcopatum

304 4612 483 4657 suum
532 4592 811 4665 tyrannica
858 4596 1132 4661 potestate
1163 4594 1349 4642 contra
1379 4583 1693 4640 canonicam
1722 4593 1908 4638 aucto-

304 4691 547 4744 ritatem
594 4683 883 4746 invaserat,
913 4677 1154 4747 legaliter
1198 4684 1255 4731 et
1287 4688 1383 4745 per
1410 4680 1705 4728 strumcnta
1735 4681 1911 4727 carta-

307 4796 440 4838 rum
475 4774 796 4847 quibusdam
820 4768 1156 4842 negligentiis
1196 4767 1327 4834 suis,
1356 4780 1490 4836 quas
1518 4765 1573 4820 in
1600 4764 1910 4835 episcopatu

310 4870 516 4929 domui
549 4862 941 4937 Bertichramni
988 4868 1043 4916 et
1089 4860 1143 4914 in
1188 4858 1350 4913 rebus
1395 4863 1595 4911 sancte
1634 4853 1811 4908 Marias
1856 4862 1912 4908 et

305 4958 503 5019 sancti
533 4955 773 5012 Gervasii
818 4966 913 5007 sua
964 4947 1290 5019 negligentia
1313 4945 1541 5010 fecerat,
1572 4944 1671 5000 sub
1706 4943 1828 5014 jure
1855 4951 1912 4997 et

306 5046 701 5108 dominatione
732 5049 931 5098 sancte
971 5039 1147 5095 Marte
1177 5044 1231 5092 et
1258 5034 1430 5091 sancti
1458 5034 1698 5091 Gervasii
1748 5043 1910 5103 atque

307 5149 643 5201 sanctorum
683 5135 827 5190 Petri
870 5141 925 5189 et
953 5131 1104 5186 Pauli
1142 5128 1507 5201 apostolorum
1551 5125 1744 5182 tradita
1793 5125 1915 5194 fuit,

305 5237 470 5291 sicut
508 5231 569 5285 in
612 5236 938 5285 testamento
986 5224 1170 5280 domui
1216 5222 1606 5278 Bertichramni
1656 5223 1916 5278 hactenus

1937 4179 1984 4243 C

2004 3143 2137 3199 quas
2176 3128 2532 3200 undecunque
2568 3131 2712 3201 justo
2768 3140 2822 3189 ct
2870 3134 3111 3205 legaliter
3166 3138 3451 3196 adtrahere
3499 3141 3589 3196 vel

2009 3216 2249 3277 invenire
2279 3223 2469 3292 potuit,
2499 3231 2607 3279 tam
2635 3225 2702 3280 de
2726 3240 2835 3281 sua:
2862 3228 3186 3285 haereditatis
3211 3231 3395 3297 rebus,
3423 3246 3585 3302 quam

2008 3324 2063 3368 et
2102 3312 2171 3368 de
2208 3310 2326 3367 aliis
2372 3315 2700 3383 comparatis
2740 3316 2825 3370 vel
2868 3315 3166 3387 adquisitis,
3204 3318 3448 3388 legaliter
3474 3336 3590 3391 per

2010 3419 2338 3461 consensum
2373 3404 2558 3461 domui
2608 3406 2869 3462 Clotharii
2914 3408 3057 3477 regis
3092 3418 3255 3481 atque
3300 3412 3589 3484 episcopo-

2005 3512 2123 3552 rum
2162 3496 2452 3553 multorum
2492 3496 2716 3553 miriﬁce
2741 3497 2968 3565 dotavit,
3016 3508 3073 3555 et
3114 3504 3499 3557 monasterium
3533 3506 3586 3560 in

2004 3588 2232 3645 circuitu
2292 3588 2561 3651 ecclesiae,
2611 3603 2732 3643 cum
2774 3588 3021 3645 claustris
3059 3597 3116 3644 et
3154 3591 3273 3645 aliis
3318 3591 3585 3656 tndiliciis,

2005 3676 2259 3733 nobiliter
2298 3691 2332 3732 a
2375 3676 2723 3731 fundamento
2762 3684 3035 3747 operatus,
3091 3686 3148 3733 et
3184 3679 3238 3734 in
3276 3694 3344 3734 eo
3388 3682 3587 3749 agmini

2008 3766 2301 3821 multorum
2352 3766 2741 3822 monachorum
2804 3767 3122 3836 regulariter
3165 3768 3411 3838 degentia
3464 3785 3590 3826 esse

2012 3856 2264 3925 instituit,
2305 3864 2362 3912 et
2403 3871 2698 3927 pauperum
2722 3866 2883 3927 atque
2912 3856 3309 3925 advenantium,
3342 3860 3588 3930 peregri-

2018 3963 2220 4003 norum
2264 3963 2481 4018 quoque
2532 3949 2647 4004 sive
2699 3949 3090 4005 matriculatum
3143 3952 3484 4022 receptioncs
3534 3962 3590 4008 et

2016 4038 2439 4096 refocillationes
2467 4039 2816 4096 devotissime
2843 4040 3133 4112 supplevit,
3169 4053 3225 4098 et
3262 4045 3591 4115 perpetuali-

2014 4140 2098 4188 ter
2127 4132 2243 4189 fore
2273 4132 2575 4189 constituit.
2608 4134 2721 4189 Non
2753 4136 2915 4205 longe
2944 4146 3123 4190 autem
3152 4138 3219 4191 ab
3247 4138 3437 4192 eodem
3468 4154 3586 4191 mo-

2016 4222 2254 4276 nasterio
2283 4221 2568 4277 ecclesiam
2596 4223 2648 4276 in
2678 4223 2885 4279 honore
2912 4232 3111 4280 sancte
3138 4223 3325 4279 Crucis
3356 4225 3499 4290 fecit,
3530 4235 3587 4279 ct

2015 4311 2111 4366 Dei
2140 4326 2326 4366 servos
2354 4311 2420 4365 ad
2448 4312 2687 4367 divinum
2717 4314 3041 4383 explendum
3072 4312 3305 4370 cilicium
3336 4316 3589 4378 instituit,

2011 4409 2065 4456 et
2090 4399 2431 4470 receptiones
2456 4415 2750 4471 pauperum
2786 4412 2947 4472 atque
2988 4404 3258 4473 hospitum
3288 4405 3417 4461 inibi
3445 4407 3595 4461 miri-

2010 4490 2108 4545 licc
2134 4489 2400 4544 ordinavit
2425 4506 2439 4555 ;
2468 4497 2523 4543 et
2559 4491 2875 4559 praedictum
2905 4494 3295 4549 monasterium
3324 4496 3595 4565 apostolo-

2006 4596 2123 4635 rum
2155 4579 2299 4635 Petri
2327 4590 2382 4633 et
2417 4579 2575 4633 Pauli
2606 4596 2729 4639 cum
2770 4583 3007 4642 Ecclesia
3036 4586 3192 4643 dictae
3222 4595 3423 4642 sancte
3452 4586 3593 4643 Cru-

2013 4682 2111 4748 cis,
2136 4699 2259 4739 cum
2287 4684 2537 4740 onmibus
2563 4679 2629 4735 ad
2649 4694 2708 4735 se
2733 4679 3146 4752 pertinentibus,
3177 4678 3319 4735 sedis
3349 4694 3459 4734 suae
3487 4677 3601 4734 Ec,

2013 4775 2189 4830 cleshe
2217 4785 2417 4832 sancte
2440 4776 2620 4833 Marte
2659 4783 2716 4832 et
2760 4774 2931 4829 sancti
2969 4770 3212 4829 Gervasii
3240 4769 3590 4840 subjugavit;

2014 4874 2070 4922 et
2097 4867 2264 4936 ipsam
2287 4877 2510 4925 matrem
2541 4878 2596 4924 et
2622 4868 2855 4925 civitatis
2878 4866 3167 4924 Ecclesiam
3192 4874 3392 4922 sancte
3415 4863 3595 4917 Marte

2015 4967 2071 5012 et
2116 4959 2287 5014 sancti
2340 4958 2582 5016 Gervasii
2629 4974 2698 5014 ex
2747 4958 2999 5014 omnibus
3036 4957 3145 5012 suis
3187 4964 3295 5010 tam
3336 4952 3589 5023 propriis.

2019 5064 2183 5119 quam
2214 5059 2270 5104 et
2295 5050 2689 5115 ecclesiasticis,
2718 5050 2832 5104 sive
2854 5047 3192 5104 hereditariis
3220 5045 3404 5106 rebus,
3434 5045 3595 5098 here.

2015 5140 2137 5195 dem
2166 5141 2473 5212 appellavit,
2505 5150 2666 5211 atque
2704 5140 2957 5197 heredem
3003 5154 3123 5195 esse
3165 5136 3487 5201 constituit;
3536 5145 3593 5190 et

2017 5231 2127 5289 suis
2179 5234 2610 5299 successoribus,
2667 5242 2724 5287 et
2777 5231 3018 5301 ejusdem
3071 5229 3301 5285 senioris
3352 5227 3595 5282 ecclesiae

304 5320 565 5383 inveniri
608 5328 807 5390 potest.
861 5316 1016 5385 Quod
1058 5324 1115 5371 et
1161 5314 1275 5383 ipse
1302 5311 1529 5369 domnus
1559 5314 1903 5369 Bertichram-

2018 5323 2389 5379 sacerdotibus
2433 5332 2596 5395 atque
2646 5322 2922 5378 canonicis
2975 5321 3147 5390 ipsum
3205 5317 3589 5377 monasterium

304 5433 450 5482 nus,
472 5414 553 5469 Sic
569 5412 887 5476 υῑάίιίωυδ,
910 5424 1008 5481 ι)ΐο
1027 5409 1417 5465 ι’θεῑδιιηιὶοιιθ
1431 5407 1911 5463 θοθιθείὶιεὶίοπιιιῐι
2013 5423 2324 5469 sanctorum
2355 5414 2499 5470 Petri
2544 5422 2599 5469 et
2644 5413 2793 5468 Pauli
2837 5411 3205 5482 apostolorum
3228 5452 3242 5476 ,
3273 5423 3395 5468 cum
3446 5409 3594 5463 omni

304 5522 519 5568 rerum
542 5504 641 5560 sub
670 5505 822 5559 ﬁrma
847 5502 1135 5557 traditione
1161 5502 1476 5571 suscipiens.
1510 5500 1760 5555 nobiliter
1788 5514 1912 5575 am-
2015 5506 2326 5573 integritate
2354 5504 2721 5561 ecclesiastico
2769 5502 2958 5557 ordine
2995 5498 3373 5571 possidendum
3416 5506 3474 5552 et
3510 5513 3597 5552 re-

304 5600 552 5677 pliavit,
580 5604 633 5652 et
661 5595 1039 5652 immelioravit
1071 5603 1127 5648 et
1153 5593 1589 5649 sanctimoniales
1624 5593 1916 5650 monachas
2013 5595 2245 5664 gendum
2282 5595 2404 5664 jure
2450 5594 2757 5649 ﬁrmissimo
2787 5590 3174 5663 perpetualiter
3200 5588 3470 5657 delegavit
3512 5598 3597 5641 at-

306 5697 423 5754 sub
475 5691 661 5760 regula
707 5689 967 5757 degentes
1011 5686 1141 5742 inibi
1188 5700 1309 5743 esse
1353 5686 1655 5753 constituit,
1704 5695 1759 5742 et
1804 5702 1914 5743 sum
2016 5702 2122 5757 que
2149 5685 2454 5754 dereliquit.
2502 5684 2653 5743 Fecit
2690 5698 2908 5753 quoque
2959 5681 3043 5737 vel
3088 5680 3414 5737 restauravit
3455 5679 3598 5735 idem

304 5785 477 5843 sedis
505 5789 703 5837 sancte
728 5778 909 5866 Mariae
940 5785 995 5835 et
1021 5776 1193 5838 sancti
1222 5774 1464 5834 Gervasii
1489 5776 1810 5849 subjugavit,
1835 5786 1915 5834 at-
2017 5777 2249 5834 detnuus
2287 5774 2724 5832 Bcrtichramuus
2760 5788 2922 5846 super
2949 5770 3166 5831 ﬂuvium
3195 5770 3394 5831 ldouiae
3421 5768 3599 5840 quod—
