3858 6190
239 292 330 346 539

1599 283 1816 338 TESTA
1829 283 1869 334 il
1882 283 2057 339 ΕΝΤῦ
2071 285 2136 338 .\l.

3400 295 3502 348 39D

233 403 379 459 Pauli
410 399 798 470 apostolorum,
828 411 945 466 qure
975 397 1026 450 in
1051 406 1340 465 conspectu
1368 395 1611 450 civitatis
1642 409 1809 464 opere
1844 395 1893 453 Α
1921 403 2162 464 tempore
2195 395 2519 464 possidetur,
2560 397 2610 450 in
2641 395 3063 452 dominationem
3096 411 3290 456 sanctae
3314 403 3501 462 Ἀρειο-

226 512 352 553 meo
377 509 478 565 pro
508 490 822 544 defensione
851 489 1094 543 civitatis
1120 488 1202 542 vel
1232 487 1601 541 salubritatem
1625 485 1808 555 populi

222 583 520 646 :ediﬁcavi,
563 580 792 635 heredes
836 578 964 632 mihi
1021 587 1219 637 estote,
1275 575 1610 646 heredesque
1665 590 1815 628 meos

223 691 326 731 vos
355 688 478 728 esse.
505 671 777 726 constituo
809 683 871 722 ac
896 667 1062 736 jnbeo
1102 666 1341 721 ceterive
1387 665 1683 720 exheredes
1708 664 1816 720 sint

223 769 350 820 toti.
381 763 570 820 Omnis
606 763 789 830 itaque
829 761 916 814 cui
960 759 1062 814 hoc
1103 766 1485 812 test-amentum
1517 773 1693 812 meum
1724 757 1816 810 de-

226 860 383 919 dero.
417 857 696 924 legavero,
745 850 929 904 darive
973 848 1220 917 jussero;
1274 848 1324 901 id
1373 856 1430 901 ut
1473 847 1648 910 detur,
1701 845 1811 909 ﬁat,

230 955 543 1017 pratstctnr,
583 942 706 995 ﬁdei
744 939 1035 994 heredibus
1065 939 1198 994 meis
1226 939 1540 994 committo:
1585 938 1628 991 si
1678 952 1817 1006 quos

229 1048 416 1093 autem
445 1036 645 1089 liberos
675 1045 793 1086 esse
815 1030 1048 1100 jussero,
1075 1029 1265 1084 libera:
1295 1026 1518 1082 liberive
1550 1028 1658 1082 sint
1687 1027 1809 1081 toti.

228 1127 303 1182 Et
336 1127 462 1196 quia
510 1123 723 1178 inclitus
753 1129 915 1190 atque
939 1119 1230 1186 praecelsus
1257 1119 1483 1174 domnus
1507 1117 1816 1172 Clotharins

227 1235 354 1285 rex,
383 1216 470 1271 cui
500 1215 639 1268 Deus
669 1213 720 1265 in
758 1211 905 1264 milia
933 1218 1191 1264 aeternam
1219 1209 1481 1265 retribuat
1520 1205 1811 1263 beatitudi-

231 1323 379 1368 nem,
424 1319 580 1360 suum
627 1309 954 1372 praeceptum
1001 1315 1194 1354 manus
1232 1315 1342 1355 sua:
1378 1299 1500 1369 jure
1542 1299 1810 1352 firmatum

229 1400 367 1454 mihi
396 1397 564 1458 dedit,
598 1403 652 1448 ut
685 1394 754 1448 de
781 1392 1001 1462 propria
1031 1389 1304 1458 facultate,
1317 1382 1480 1462 'quod
1510 1404 1576 1444 ex
1611 1403 1810 1460 paren-

225 1499 346 1543 ιιιιιι
374 1485 716 1542 successione
746 1483 941 1549 habeo,
971 1497 1070 1537 seu
1093 1481 1239 1552 quod
1268 1495 1492 1536 munere
1533 1495 1634 1535 suo
1675 1494 1810 1534 cou-

226 1583 450 1634 seeutus
476 1593 620 1641 sum,
653 1585 746 1629 aut
772 1574 969 1643 aliquid
994 1573 1338 1644 comparavi,
1369 1572 1455 1627 vel
1485 1585 1808 1643 comparare

227 1673 344 1726 Deo
372 1671 661 1738 a‘ijuvunte
700 1679 948 1737 potuero,
992 1667 1077 1721 vel
1105 1667 1158 1720 in
1185 1665 1613 1735 quibuscumque
1643 1665 1808 1719 rebus

1917 486 2007 540 size.
2029 485 2436 540 Ccnomann‘ica:
2459 486 2670 540 heredis
2689 501 2820 542 mea:
2836 488 3106 556 perduret.
3136 489 3239 548 Se:
3263 501 3318 546 et
3339 509 3499 562 quam

1917 577 2165 645 plurima,
2191 591 2308 645 quc
2337 591 2639 631 memorare
2671 593 2870 630 novem
2901 577 3017 649 [θη
3042 594 3150 634 non
3177 581 3375 654 valeo],
3403 585 3498 642 tibi

1920 682 2040 721 meo
2068 667 2262 731 studio,
2289 675 2471 721 sancta
2496 665 2755 732 Ecclesia,
2789 667 3068 736 adquisivi.

1993 754 2057 808 Et
2085 756 2209 810 licet
2238 755 2484 810 omnibus
2505 755 2718 809 Christo
2752 758 2992 826 propicio
3024 767 3206 815 notum
3230 763 3319 829 sit,
3351 781 3488 834 qua-

1918 845 2040 899 liter
2077 859 2176 914 ego
2225 854 2317 899 aut
2356 860 2514 914 quam
2548 844 2773 900 ﬁdeliter
2809 847 2859 899 in
2891 857 3075 902 sancta
3107 849 3366 921 Ecclesia,
3395 869 3489 912 aut

1916 936 1970 991 in
2003 936 2360 1000 monasteriis,
2391 944 2480 988 aut
2511 937 2563 988 in
2591 935 2796 989 cunctis
2825 936 2984 992 rebus
3014 938 3378 1010 laborassem;
3403 953 3488 999 ta-

1919 1041 2039 1080 men
2063 1036 2118 1080 ct
2157 1035 2238 1093 tu,
2281 1025 2476 1080 domne
2505 1023 2762 1095 pontifex,
2796 1039 2955 1094 quem
2982 1025 3122 1083 Deus
3164 1029 3217 1082 in
3257 1031 3336 1085 eis
3375 1043 3497 1101 post

1916 1131 2003 1170 me
2032 1130 2149 1170 esse
2186 1115 2434 1175 voluerit,
2468 1129 2800 1183 cognoscere
2833 1123 3011 1184 potes,
3061 1126 3261 1187 quanta
3291 1121 3488 1177 ibidem

1917 1221 2038 1260 meo
2076 1205 2252 1259 studio
2285 1205 2365 1260 vel
2399 1205 2580 1258 labore
2609 1213 2852 1274 tempore
2878 1220 2998 1260 meo
3029 1206 3170 1263 Deus
3196 1219 3278 1263 est
3305 1210 3494 1280 digna-

1911 1303 1999 1348 tus
2029 1294 2291 1350 conferre.
2324 1293 2476 1360 Quod
2502 1293 2545 1347 si
2571 1293 2674 1348 ﬁde
2704 1294 2908 1363 integra
2936 1296 3174 1366 disponis
3197 1300 3492 1369 inquirere,

1914 1397 2206 1452 cognosces
2235 1399 2321 1438 me
2351 1395 2452 1437 tua:
2479 1382 2730 1439 Ecclesia:
2757 1401 2861 1439 non
2893 1387 3162 1442 modicum
3193 1388 3487 1447 laborasse.

1915 1477 2065 1532 Unde
2094 1477 2186 1531 tibi
2213 1477 2453 1543 ineptum
2479 1490 2598 1531 esse
2629 1491 2734 1531 non
2764 1476 2943 1544 debet,
2989 1479 3034 1533 si
3081 1480 3282 1550 aliquid
3305 1482 3371 1536 de
3400 1499 3486 1538 rc-

1912 1568 2010 1622 bus
2043 1577 2242 1622 sancta:
2287 1567 2464 1621 Maria:
2503 1567 2805 1635 cuicunque
2851 1584 2918 1622 ex
2961 1569 3215 1626 fratribus
3261 1573 3484 1641 nostris,

1912 1662 2016 1717 hoc
2037 1671 2120 1716 est
2147 1660 2474 1732 presbyteris
2502 1667 2557 1713 et
2585 1660 2923 1722 diaeonibus,
2955 1675 3053 1715 seu
3079 1661 3366 1718 lectoribus
3392 1674 3485 1718 aut

228 1770 399 1832 atque
435 1760 754 1831 corporibus
801 1757 1111 1812 facultatum
1161 1764 1512 1825 augmentare
1559 1763 1805 1826 potuero,
1838 1745 1887 1803 B
1917 1753 2228 1824 pr0pinquis
2267 1752 2423 1818 meis,
2464 1751 2548 1806 vel
2589 1751 2775 1806 amicis
2819 1763 2908 1806 aut
2949 1754 3324 1822 servientibus,
3381 1765 3486 1810 tam

227 1865 340 1906 tam
385 1869 482 1922 pro
530 1851 722 1904 anima:
759 1865 892 1904 mea:
937 1848 1256 1916 remedium,
1287 1863 1449 1917 quam
1496 1847 1812 1918 pr0pinquis

226 1946 403 2009 meis,
441 1958 536 1998 seu
580 1940 822 1996 ﬁdelibus
852 1940 985 1994 meis
1011 1939 1261 2009 delegare
1305 1939 1550 2006 voluero,
1584 1939 1810 1994 liberum

227 2034 414 2088 tribuit
479 2032 788 2095 arbitrium;
840 2031 1039 2086 idcirco
1083 2039 1136 2084 te
1179 2039 1524 2086 sacrosancta
1574 2029 1810 2084 Ecclesia

223 2123 656 2187 (-Zenomannica,
709 2121 869 2177 heres
916 2135 1067 2184 mea,
1103 2121 1302 2177 habere
1358 2121 1479 2176 volo
1529 2135 1592 2174 ac
1645 2119 1812 2189 jubeo

223 2217 410 2270 villam
435 2215 570 2283 juris
597 2213 724 2276 mei,
755 2212 908 2281 cujus
935 2211 1254 2266 vocabulum
1299 2221 1376 2266 est
1408 2210 1633 2266 Bonaifa
1654 2251 1670 2278 ,
1707 2211 1811 2266 sita

224 2326 280 2364 tn
309 2307 589 2362 territorio
613 2303 932 2374 Stampense
960 2319 1054 2360 seu
1085 2303 1376 2372 IEqualina
1405 2302 1560 2369 silva,
1594 2311 1651 2358 et
1680 2303 1810 2358 mihi

220 2399 502 2472 precelsus
545 2399 774 2452 domnus
815 2394 1119 2450 Clotharins
1156 2409 1250 2447 rex
1293 2407 1390 2449 suo
1422 2406 1668 2458 munere,
1701 2408 1807 2447 una

221 2505 350 2545 eum
394 2487 649 2558 praecelsa
679 2486 872 2540 domna
910 2483 1256 2554 Fredegunda
1297 2484 1491 2552 regina
1539 2484 1810 2553 quondam

219 2578 489 2649 genitrice
513 2591 631 2639 sua,
657 2584 948 2645 postquam
992 2575 1072 2630 eis
1098 2574 1328 2628 domnus
1354 2573 1572 2628 'Vaadola
1597 2574 1808 2643 justitia

221 2688 416 2732 eorum
445 2670 776 2738 reddidit,-in
805 2684 891 2727 me
914 2668 1168 2726 humilem
1191 2683 1379 2725 eorum
1399 2683 1498 2741 pro
1530 2666 1652 2726 ﬁdei
1673 2683 1812 2728 mea:

219 2765 716 2832 conservationem,
746 2778 866 2833 quae
894 2777 1107 2832 semper
1135 2761 1276 2817 circa
1305 2761 1480 2831 ipsum
1512 2761 1810 2832 principem

220 2856 594 2913 inviolabilem
622 2863 807 2910 tenere
847 2862 904 2909 et
946 2853 1145 2909 habere
1175 2853 1318 2908 visus
1346 2866 1487 2918 sum,
1521 2868 1814 2908 concesse-

222 2960 359 3006 runt
387 2969 400 3014 ;
429 2950 603 3019 ipsam
629 2947 806 3003 villam
836 2960 958 3002 cum
987 2945 1257 3013 domibus,
1281 2944 1580 3016 mancipiis,
1617 2946 1808 3010 vineis,

222 3044 399 3107 silvis,
414 3042 621 3110 campis
651 3039 736 3095 vel
765 3039 913 3094 omni
936 3053 1012 3104 re,
1038 3038 1156 3108 jure
1183 3047 1235 3094 et
1263 3038 1632 3107 adjacentibus
1675 3037 1808 3102 suis,

1911 1854 2109 1901 sancta:
2132 1843 2412 1910 "Ecclesiae,
2446 1858 2608 1914 quam
2643 1850 2697 1898 et
2724 1844 2857 1898 meis
2885 1845 3132 1914 propriis,
3163 1846 3485 1917 cuicumque

1913 1935 2110 2006 aliquid
2157 1936 2209 1989 in
2252 1935 2528 1989 usufructu
2571 1933 2802 2001 dimitto,
2834 1935 2956 2003 quia
3002 1945 3200 1991 sancta:
3239 1936 3491 1993 Ecclesiae

1913 2027 2296 2096 proprietatem
2329 2041 2435 2079 non
2465 2023 2669 2089 aufero,
2719 2035 2774 2079 et
2813 2026 2881 2079 de
2926 2026 3282 2081 substantiola
3332 2028 3488 2082 here-

1913 2117 2034 2173 dem
2065 2118 2232 2187 ipsam
2265 2115 2553 2172 constituo.
2598 2113 2663 2169 Et
2701 2120 2825 2186 quia
2868 2125 3068 2171 sancta:
3103 2118 3496 2173 recordationis

1914 2207 2142 2262 domnus
2171 2205 2463 2261 Domnolus
2497 2205 2766 2276 quondam
2803 2207 3092 2276 episcopus
3120 2207 3188 2262 de
3216 2209 3358 2277 agris
3388 2208 3495 2265 Ec-

1913 2297 2090 2352 clesia:
2112 2297 2290 2366 aliqua
2319 2297 2510 2351 locella
2541 2296 2605 2350 ad
2631 2296 2908 2352 basilicam
2938 2314 3111 2367 suam,
3137 2301 3226 2354 ubi
3257 2302 3496 2369 requies—

1913 2403 2036 2445 cere
2075 2389 2305 2453 videtur,
2347 2387 2632 2455 delegavit,
2683 2388 2778 2442 sed
2829 2389 2982 2444 nobis
3033 2389 3318 2445 molestum
3349 2384 3488 2455 fuit,

1915 2487 1980 2534 ιιι·
2000 2478 2191 2533 iterum
2236 2491 2334 2530 nos
2368 2476 2542 2530 simile
2582 2476 2893 2531 conditione
2934 2477 3004 2532 de
3052 2479 3195 2547 agris
3236 2477 3489 2534 Ecclesim

1915 2574 2116 2644 aliquid
2157 2572 2367 2628 auferre
2396 2583 2488 2627 aut
2529 2574 2773 2629 minuere
2801 2574 3139 2644 deberemus,
3171 2584 3230 2631 ut
3259 2578 3490 2634 basilica:

1915 2674 2223 2725 sanctorum
2251 2664 2395 2722 Petri
2423 2673 2478 2722 et
2507 2663 2652 2720 Pauli
2681 2667 3073 2737 apostolorum,
3117 2682 3277 2738 quant
3307 2668 3358 2723 in
3395 2670 3496 2724 lto-

1916 2775 2049 2816 nore
2075 2775 2262 2815 eorum
2286 2759 2516 2813 nominis
2538 2759 2834 2825 constrttxi,
2864 2757 3113 2814 conferre
3133 2759 3489 2825 deberemus;

1915 2851 2009 2907 sed
2062 2851 2232 2919 magis
2286 2857 2621 2919 pertractans
2649 2865 2771 2905 cum
2821 2850 3049 2904 consilio
3103 2850 3488 2904 venerabilitnn

1916 2943 2136 2997 fratrum
2165 2950 2466 2997 nostrorum
2499 2943 2954 3012 presbyterorum,
2987 2958 3080 2997 seu
3111 2942 3482 3010 diaconorum,

1916 3034 2000 3089 vel
2031 3032 2269 3087 omnium
2297 3031 2644 3099 clericorum,
2693 3040 2750 3085 ut
2799 3048 2962 3086 unum
3013 3032 3261 3087 locellum
3286 3034 3352 3088 de
3381 3032 3490 3087 Ec-

223 3143 336 3188 tam
373 3099 660 3186 mobilibus
706 3141 866 3197 quam
914 3137 969 3182 et
1015 3127 1377 3182 immobilibus
1400 3168 1414 3193 ,
1466 3136 1588 3198 post
1629 3099 1888 3182 meumC
1919 3127 2096 3182 clesizc
2125 3125 2433 3182 conditione
2473 3125 2540 3179 ad
2581 3125 2751 3195 ipsam
2783 3136 3026 3181 sanctam
3055 3126 3353 3195 basilicam,
3388 3145 3491 3184 non

222 3224 437 3277 obitum
468 3220 564 3275 tibi
591 3219 769 3274 valeas
791 3218 1184 3287 'perpetualiter
1209 3217 1484 3286 possidere
1512 3225 1528 3285 ;
1577 3227 1808 3288 excepto

220 3330 366 3384 quos
415 3313 610 3368 exinde
648 3311 876 3366 liberare
923 3309 1166 3365 voluero.
1217 3310 1473 3365 Similiter
1526 3324 1710 3380 agrum
1743 3312 1810 3366 ad

220 3405 494 3460 culturam
540 3417 608 3457 eo
647 3410 897 3469 tempore
925 3399 1274 3469 adquisitum,
1307 3408 1380 3466 te,
1410 3400 1606 3456 domua
1648 3397 1811 3456 heres

221 3513 348 3554 mea
380 3495 640 3561 Ecclesia,
669 3495 870 3548 habere
899 3493 1020 3548 volo
1049 3507 1111 3548 ac
1138 3493 1370 3547 decerno
1397 3509 1411 3559 ;
1443 3507 1512 3548 ex
1539 3508 1646 3561 quo
1681 3508 1809 3563 agro

217 3588 572 3642 medietatem
599 3585 753 3639 bona:
781 3585 1054 3638 memoria:
1084 3583 1281 3638 domna
1308 3581 1602 3652 Ingoberga
1631 3599 1808 3652 quon-

216 3680 351 3734 dam
382 3680 587 3746 regina,
620 3690 739 3730 mea
768 3673 1019 3728 instantia
1050 3688 1278 3742 meoque
1307 3675 1556 3741 exigente
1587 3674 1808 3730 servitio

219 3779 435 3825 sancta:
483 3769 664 3823 Maria:
712 3768 1037 3836 dereliquit;
1086 3767 1245 3822 aliam
1289 3781 1420 3822 vero
1463 3767 1809 3823 medietatem

216 3863 288 3916 de
338 3875 599 3930 germano
644 3859 812 3930 ipsius
850 3858 1121 3928 Magnulfo
1150 3857 1416 3928 quondam
1463 3857 1588 3912 dato
1633 3859 1809 3929 pretio

210 3950 552 4021 comparavi,
599 3959 660 4004 ut
701 3951 753 4004 in
789 3950 910 4018 jure
948 3956 1147 4004 sancta:
1184 3947 1424 4004 ecclesia:
1462 3961 1590 4016 ager
1613 3947 1704 4003 ille
1733 3950 1802 4002 ad

211 4047 490 4110 integrum
521 4041 860 4112 perveniret;
909 4048 964 4095 et
1006 4039 1073 4094 de
1119 4037 1244 4092 villa
1290 4037 1544 4094 Celonica
1592 4037 1696 4093 sita
1747 4037 1800 4092 in

208 4134 499 4190 territorio
528 4130 832 4199 Tricurino,
863 4145 1023 4200 quam
1070 4131 1225 4185 bona:
1269 4128 1541 4184 memoria:
1571 4128 1801 4185 Bobele-

208 4242 322 4282 nus
358 4224 696 4280 medietatem
739 4223 986 4280 Ecclesizc
1025 4223 1387 4290 dclegaverat,
1435 4230 1489 4276 et
1533 4237 1632 4292 pro
1691 4222 1808 4293 ipsa

206 4317 510 4373 medietate
555 4315 750 4370 multas
783 4313 944 4368 habui
973 4312 1309 4378 vexationes,
1359 4311 1452 4367 sed
1483 4327 1609 4367 meo
1639 4307 1808 4382 opere

208 4411 304 4479 egi
373 4416 431 4463 ut
477 4408 545 4463 de
589 4407 710 4476 jure
751 4413 948 4462 sancta:
1003 4404 1257 4460 Ecclesia:
1304 4419 1411 4459 non
1459 4405 1796 4469 auferretur;

209 4504 386 4556 etiam
412 4507 466 4553 et
495 4509 680 4569 postea
710 4497 866 4551 aliam
898 4496 1258 4560 medietatem,
1301 4509 1465 4564 quam
1507 4507 1678 4549 uxore
1712 4494 1799 4549 vel

213 4590 510 4648 heredibus
553 4589 664 4644 suis
718 4588 784 4643 ad
837 4587 1212 4658 possidendum
1262 4586 1622 4654 dclegaverat,
1673 4584 1802 4639 dato

209 4681 399 4754 pretio
427 4680 491 4735 ad
523 4681 784 4749 integrum
808 4677 1140 4747 comparavi,
1188 4684 1244 4732 et
1288 4676 1342 4731 in
1380 4673 1804 4730 dominationem

208 4789 399 4831 meam
449 4772 730 4841 pervenit;
778 4771 899 4825 volo
943 4779 1001 4824 ιιι
1047 4769 1214 4838 ipsam
1261 4767 1443 4822 villam
1493 4781 1615 4818 cum
1655 4765 1802 4820 omni

202 4866 509 4922 securitate
550 4874 627 4929 tu.
656 4871 992 4918 sacrosancta
1023 4860 1262 4916 Ecclesia
1303 4861 1459 4914 heres
1496 4873 1643 4926 mea,
1691 4874 1800 4913 una

201 4972 344 5013 cum
384 4956 504 5010 fano
535 4954 849 5020 Vicinonizc,
889 4951 1142 5021 quicquid
1176 4951 1306 5005 mihi
1338 4949 1674 5019 comparavi,
1710 4958 1805 5005 aut

195 5061 348 5103 meo
370 5061 531 5115 opere
553 5045 618 5098 ad
650 5044 912 5112 mancipia
941 5042 1193 5106 stabilivi,
1225 5056 1345 5096 cum
1377 5041 1428 5096 id
1455 5041 1598 5111 quod
1630 5042 1802 5097 adhuc

189 5140 335 5194 nec
391 5135 623 5205 propitio
674 5135 728 5188 in
772 5135 902 5203 ipsis
950 5133 1091 5200 agris
1135 5133 1498 5187 immeliorare
1550 5140 1801 5202 potuero,

181 5232 516 5291 cumomni
550 5229 854 5300 integritate
875 5243 1084 5293 eorum,
1115 5234 1170 5280 et
1197 5226 1464 5297 mancipia
1497 5225 1624 5280 inibi
1650 5240 1805 5279 com-

183 5323 518 5384 manentia,
541 5322 655 5385 tibi,
684 5328 1027 5375 sacrosancta
1053 5317 1315 5384 Ecclesia,
1345 5317 1468 5371 volo
1491 5331 1610 5371 esse
1637 5316 1807 5370 dona-

183 5428 353 5472 tum.
386 5414 623 5482 itemque
658 5422 714 5467 et
741 5412 866 5466 villa
906 5410 1067 5473 Brea,
1100 5425 1259 5479 quem
1300 5409 1431 5462 mihi
1458 5405 1682 5461 Daulfus
1711 5421 1807 5476 per

181 5505 526 5562 donationis
555 5503 766 5558 titulum
793 5501 1044 5568 contulit,
1070 5508 1125 5554 et
1147 5513 1247 5568 ego
1280 5506 1467 5568 postea
1494 5497 1624 5551 mihi
1649 5512 1802 5552 com—

178 5598 422 5675 paravi,
455 5597 600 5652 velut
619 5605 969 5665 quaecumque
1009 5589 1290 5660 subjunxi,
1321 5587 1468 5643 velut
1505 5588 1674 5658 ipsam
1704 5587 1803 5641 vil-

183 5698 326 5753 lam
348 5707 470 5749 cum
497 5690 644 5747 omni
685 5687 991 5759 integritate
1028 5699 1149 5754 sua,
1196 5683 1334 5740 sicut
1372 5697 1402 5737 a
1429 5695 1518 5737 me
1551 5683 1800 5753 [ιι-περιιιί

1830 4452 1884 4512 D

1920 3232 2124 3278 tantum
2156 3237 2254 3292 pro
2298 3222 2643 3289 necessitate,
2693 3222 2787 3278 sed
2834 3233 3056 3294 propter
3103 3225 3362 3296 primitias
3409 3229 3493 3282 vel

1914 3319 2270 3373 reverentiam
2321 3316 2561 3385 ipsorum
2610 3315 2928 3370 domnorutn
2979 3317 3378 3387 apostolorum,
3435 3328 3490 3374 et

1915 3405 2060 3476 quod
2085 3413 2255 3459 mater
2283 3413 2465 3459 sancta
2491 3403 2750 3469 Ecclesia,
2783 3419 2902 3474 qum
2932 3420 3121 3459 omnes
3149 3405 3398 3461 basilicas
3427 3407 3492 3461 ad

1913 3514 1971 3554 se
2000 3499 2331 3568 pertinentes
2379 3497 2522 3553 fovet
2551 3515 2615 3554 ac
2657 3500 2811 3564 ditat,
2842 3501 3095 3555 convenit
3125 3517 3244 3557 cum
3276 3503 3488 3558 domuis

1914 3591 2255 3662 pontiﬁcibus
2297 3591 2437 3646 diem
2471 3592 2638 3657 illum,
2677 3608 2783 3661 quo
2814 3591 3117 3648 benedictio
3147 3594 3375 3649 celestis
3406 3597 3487 3649 vel

1913 3681 2152 3750 reliquia:
2194 3691 2503 3737 sanctorum
2550 3681 2692 3739 Petri
2736 3691 2790 3737 et
2833 3681 2984 3737 Pauli
3015 3687 3384 3752 aposto'orum
3434 3689 3484 3740 in

1914 3774 2026 3844 ipsa
2053 3773 2270 3830 basilica
2301 3775 2489 3844 posita:
2517 3783 2663 3843 sunt,
2702 3782 2758 3828 et
2784 3773 3068 3845 dupliciter
3096 3775 3271 3829 divina
3307 3777 3488 3846 opitu-

1913 3863 2055 3933 lante
2082 3863 2251 3933 gratia
2281 3867 2486 3919 sanctis
2511 3863 2886 3919 sacerdotibus
2927 3873 3242 3919 consecrata
3293 3866 3345 3920 iu
3380 3867 3484 3921 bo-

1913 3971 2099 4024 norem
2147 3965 2457 4010 sanctorum
2509 3955 2899 4026 apostolorum,
2929 3955 3014 4010 vel
3046 3956 3149 4011 loci
3187 3956 3328 4012 illius
3358 3973 3488 4012 con-

1913 4047 2270 4104 secrationem
2297 4066 2312 4114 ;
2339 4047 2460 4102 villa
2488 4047 2794 4113 Uinbriaco,
2826 4063 2988 4116 quam
3019 4047 3247 4103 Basilius
3276 4057 3330 4102 et
3351 4048 3488 4102 Bau-

1914 4137 2189 4206 degundus
2233 4137 2502 4206 quondam
2533 4153 2632 4208 per
2660 4137 2968 4192 donationis
2998 4137 3205 4192 titulum
3248 4138 3316 4192 ad
3355 4155 3484 4193 san-

1913 4239 2055 4286 ctam
2113 4231 2402 4286 Ecclesiam
2450 4229 2817 4285 condederant
2869 4239 2991 4300 post
3044 4245 3229 4284 eorum
3278 4230 3482 4285 obitum

1912 4322 2320 4392 possidendam;
2355 4321 2492 4376 unde
2533 4329 2588 4374 et
2635 4336 2734 4375 nos
2762 4312 2947 4390 postea
2988 4320 3183 4388 jngiter
3222 4322 3490 4376 laboravi.

1911 4429 2050 4480 mus,
2081 4422 2140 4466 ut
2167 4411 2422 4466 Ecclesia:
2464 4426 2570 4466 non
2597 4409 2916 4476 auferretur,
2949 4417 3136 4481 postea
3176 4413 3356 4467 omnia
3391 4431 3484 4469 su-

1912 4503 2152 4574 pradicta
2205 4501 2349 4570 quod
2400 4515 2494 4570 per
2536 4515 2622 4555 me
2675 4500 2931 4554 humilem
2983 4512 3181 4557 sancta:
3230 4502 3485 4560 Ecclesia:

1911 4593 2124 4664 proﬁcit
2169 4602 2260 4646 aut
2287 4591 2526 4653 obvenit,
2561 4601 2666 4645 tam
2697 4591 2952 4663 prmdicto
2985 4590 3296 4659 Utnbriaco,
3327 4611 3488 4664 quam

1912 4685 1965 4740 in
1997 4683 2301 4738 suburbana
2331 4681 2548 4736 basilica
2583 4681 2763 4736 domui
2795 4677 2939 4736 Petri
2985 4691 3041 4738 et
3085 4682 3232 4738 Pauli
3264 4695 3489 4756 aposto-

1911 4776 2104 4837 lorum,
2136 4789 2254 4842 quzc
2276 4787 2398 4826 meo
2427 4786 2592 4840 opere
2620 4771 2878 4826 a:diﬁcata
2909 4787 3028 4829 esse
3057 4773 3388 4839 dinoscetur,
3411 4775 3479 4830 ad

1911 4869 2080 4938 ipsam
2110 4874 2348 4920 sanctam
2383 4863 2698 4932 Ecclesiam,
2730 4863 2947 4923 Christo
2977 4869 3232 4939 prOpitio,
3281 4868 3480 4924 debeat

1910 4961 1962 5030 in
1991 4967 2249 5028 perpetuo
2281 4971 2615 5027 permanere.

1979 5047 2034 5102 Id
2065 5047 2192 5100 mihi
2225 5046 2425 5115 placuit
2448 5045 2720 5113 delegare,
2763 5056 2820 5102 ut
2843 5048 2965 5103 villa
2997 5049 3259 5114 Nimione,
3289 5050 3389 5105 sita
3434 5050 3485 5104 in

1911 5139 2180 5193 territorio
2210 5135 2500 5200 Parisiaco,
2529 5153 2650 5192 cum
2691 5138 2859 5192 vineis
2901 5153 3020 5208 qua:
3065 5138 3383 5193 Frontanito
3415 5139 3483 5192 ad

1911 5231 2188 5302 palastrins
2235 5237 2290 5284 et
2336 5229 2594 5284 vinitores
2642 5245 2762 5284 esse
2809 5235 3124 5293 noscuntur,
3179 5245 3313 5297 quas
3360 5230 3490 5284 mihi

1907 5325 2136 5380 domnus
2157 5322 2468 5378 Clotharins
2494 5337 2590 5376 rex
2616 5320 2782 5386 dedit,
2815 5337 2934 5389 qua:
2968 5336 3088 5376 meo
3115 5322 3332 5390 sepius,
3364 5323 3490 5375 dtttn

1906 5419 2076 5474 laicus
2107 5417 2199 5483 fui,
2233 5425 2338 5470 tant
2368 5415 2434 5469 de
2464 5414 2615 5480 ﬁsco,
2655 5430 2815 5483 quam
2858 5413 2923 5470 de
2963 5422 3276 5482 comparato
3315 5414 3488 5483 possi-

1907 5511 2137 5565 dendum
2167 5517 2364 5564 sanctzn
2397 5505 2645 5560 Ecclesim
2684 5503 2985 5567 Parisiacm,
3036 5504 3134 5557 sub
3173 5503 3325 5571 cujus
3367 5518 3488 5572 gra-

1908 5601 1978 5653 tia
2009 5598 2240 5653 nutritus
2269 5612 2408 5660 sum,
2460 5593 2527 5648 ad
2573 5595 2836 5661 integrum
2887 5593 3013 5647 volo
3053 5608 3174 5648 esse
3209 5593 3486 5648 donatum.

1907 5691 2145 5749 Basilica:
2175 5704 2302 5745 vero
2334 5694 2646 5743 sanctorum
2693 5701 2754 5740 ac
2799 5684 3231 5742 beatissimorum
3263 5687 3409 5744 Petri
3437 5697 3490 5742 et
