3928 6176
419 245 512 300 5M

1228 235 1468 292 SANCTI
1511 234 2020 290 BERTICIIRAMNI
2060 230 2580 288 CENOMANENSIS
2622 228 2925 287 EPISCOPI

3604 230 3702 285 392

420 356 570 412 Pauli
619 353 1008 426 apostolorum,
1056 364 1219 420 quam
1273 364 1522 419 superius
1567 351 1841 412 heredem,
1893 361 2002 402 una
2034 353 2084 409 Α
2180 345 2419 402 Basilicas
2459 347 2632 401 sancti
2674 344 2820 400 Petri
2868 354 2924 400 et
2975 342 3169 409 Pauli,
3217 341 3369 400 villas
3414 360 3548 416 quas
3585 346 3707 402 dato

420 464 542 505 cum
567 453 750 503 saneta
777 441 1013 496 Ecclesia
1073 439 1480 495 Cenomannica
1529 439 1808 504 constitui,
1864 440 2005 493 sicut

420 553 538 592 mea
569 544 650 591 est
677 532 914 598 devotio,
945 531 1068 600 quia
1100 530 1300 585 ibidem
1331 545 1508 584 meum
1542 529 2004 600 (quandoquidem

421 628 561 682 Deus
590 624 841 690 voluerit)
882 621 1134 677 desidero
1177 621 1450 676 collocare
1495 621 1898 689 corpusculum,
1940 617 2008 672 ad

419 719 587 788 ipsam
617 723 860 770 sanctam
890 713 1169 769 basilicam
1201 712 1254 766 in
1282 712 1489 766 honore
1517 721 1827 766 sanctorum
1871 726 2006 781 apo-

416 809 704 872 stolorum,
746 813 806 860 ut
853 819 953 875 pro
993 804 1234 858 facinore
1282 818 1406 858 meo
1434 801 1580 872 quod
1612 802 1700 857 hic
1734 802 1785 856 in
1808 801 2008 857 saeculo

417 896 614 967 iugiter
642 896 785 949 visus
813 908 931 947 sum
963 901 1321 961 perpetrasse,
1361 899 1422 945 ιιι
1469 892 1570 960 ipsi
1613 891 1849 961 apostoli
1890 890 2002 958 suf-

419 989 603 1058 fragiis
630 987 741 1041 suis
770 985 837 1039 ab
861 983 1108 1038 infernali
1134 998 1290 1052 paena
1320 997 1408 1037 me
1439 981 1670 1037 liberare
1696 981 2007 1048 dignentur,

420 1089 476 1134 ct
502 1079 547 1136 si
585 1093 694 1132 non
747 1076 799 1132 in
840 1075 1011 1145 gloria
1052 1073 1220 1144 (quod
1252 1089 1358 1129 non
1392 1074 1624 1146 mereor)
1667 1073 1753 1128 vel
1797 1073 2009 1128 veniam

421 1181 615 1223 eorum
646 1164 958 1236 patrociniis
987 1171 1080 1217 ant
1109 1162 1582 1218 intercessionibus
1624 1177 1838 1218 merear
1870 1163 2011 1218 obti-

421 1273 557 1313 nere
581 1275 596 1323 ;
628 1255 774 1310 dono
797 1256 978 1322 itaque
999 1254 1065 1306 ad
1089 1253 1257 1322 ipsa'n
1284 1262 1526 1307 sanctam
1553 1252 1830 1308 basilicam
1857 1253 2012 1308 villas

422 1350 553 1403 sitas
601 1357 708 1400 tam
741 1347 792 1399 in
849 1345 1125 1399 territorio
1174 1343 1602 1411 Cenomannico,
1653 1360 1815 1413 quam
1864 1355 1921 1401 et
1958 1345 2013 1400 in

424 1438 731 1508 Stampensi
765 1436 845 1491 vel
871 1435 1259 1504 Burdigalinse,
1291 1445 1384 1489 aut
1405 1436 1747 1503 ubicumque,
1779 1444 1888 1491 tam
1915 1449 2013 1506 per

431 1529 741 1584 donationis
769 1528 981 1582 titulum
1012 1542 1174 1596 quam
1201 1527 1268 1583 ad
1297 1527 1467 1598 ipsam
1489 1527 1766 1582 basilicam
1792 1526 1904 1596 jant
1929 1526 2017 1583 die

425 1621 662 1678 natalicii
693 1621 775 1675 sui
806 1620 952 1687 dedi,
998 1636 1184 1674 verum
1215 1620 1379 1675 etiam
1408 1619 1553 1689 quod
1597 1627 1654 1675 et
1701 1619 1879 1674 adhuc
1920 1635 2018 1690 per

2111 437 2283 505 pretio
2313 435 2648 504 comparavi,
2691 433 2753 489 id
2773 443 2858 489 est
2886 432 3146 499 Gaviaco,
3177 431 3460 499 Colonica,
3497 434 3706 492 Lando-

2109 525 2290 592 lenas,
2319 534 2374 579 et
2411 524 2661 580 Ferrenis
2690 539 2814 580 meo
2841 539 3009 595 opere
3039 523 3273 594 undique
3303 523 3630 594 adquisitas,
3658 541 3707 588 ei

2108 619 2361 688 quicquid
2406 617 2570 672 Cellis
2609 618 2695 673 vel
2725 618 2778 673 in
2825 617 3172 688 Samarciago
3218 617 3287 673 ad
3331 633 3501 688 prope
3538 617 3708 674 Ceno-

2111 711 2321 764 maunis
2360 709 2610 774 civitate,
2664 708 2921 778 quicquid
2963 707 3400 779 Portithorengo,
3433 725 3594 779 quem
3618 726 3706 780 pro

2110 799 2331 854 tutelam
2394 798 2645 869 percepi,
2698 798 2829 854 inibi
2876 798 3005 865 fuit,
3046 808 3102 854 et
3147 800 3254 855 hoc
3293 799 3437 870 quod
3467 799 3599 854 Cela
3659 809 3708 855 et

2112 885 2318 942 Mancia
2366 887 2452 943 vel
2495 885 2708 942 Guntha
2752 888 2878 944 illuc
2923 889 3228 958 possedisse
3263 887 3400 958 jura:
3431 889 3560 942 visae
3600 887 3708 943 fue-

2112 987 2251 1045 rant,
2299 988 2355 1034 et
2401 977 2469 1034 ad
2522 993 2698 1034 meam
2746 978 2992 1048 pervenit
3039 978 3319 1042 ditionem,
3371 987 3483 1033 tam
3529 979 3703 1043 terris,

2111 1070 2306 1134 vineis,
2335 1083 2399 1123 ac
2429 1067 2639 1125 colonis
2659 1076 2715 1124 et
2743 1068 2944 1134 servis,
2971 1068 3179 1138 integra
3209 1069 3457 1140 portione
3487 1085 3698 1125 eorum.

2112 1161 2369 1217 Similiter
2392 1172 2446 1216 et
2473 1162 2622 1218 villas
2649 1176 2782 1232 quas
2828 1161 2882 1216 in
2920 1162 3198 1218 .honorem
3246 1161 3482 1218 basilicae
3523 1161 3702 1217 domui

2114 1251 2264 1308 Petri
2291 1262 2345 1308 et
2377 1252 2526 1308 Pauli
2549 1253 2858 1323 comparavi
2880 1251 2948 1306 de
2977 1253 3224 1323 pecunia,
3257 1268 3418 1323 quam
3446 1252 3712 1322 gloriosus

2115 1346 2344 1402 domnus
2365 1347 2670 1402 Clotbarius
2695 1359 2793 1400 rex
2825 1344 2978 1400 nobis
3011 1343 3184 1409 dedit,
3211 1344 3295 1398 vel
3326 1359 3426 1399 nos
3464 1358 3563 1414 pro
3595 1343 3713 1398 ﬁdei

2115 1448 2312 1496 nostrae
2341 1440 2575 1511 undique
2611 1439 3048 1509 conquisivimus.
3083 1437 3208 1494 Haec
3235 1447 3360 1495 sunt
3385 1438 3527 1494 villa:
3555 1439 3711 1510 ipsa,

2115 1530 2576 1602 Campocunanze,
2626 1529 2864 1596 Ludina,
2896 1538 2952 1584 et
2967 1529 3328 1598 'Comariago,
3357 1528 3441 1584 vel
3482 1527 3712 1584 Camba-

2117 1622 2296 1686 riaco,
2327 1622 2466 1676 sicut
2513 1620 2848 1676 venditiones
2875 1609 3134 1683 edoCeat,
3175 1620 3344 1688 ipsam
3390 1619 3673 1674 basilicam
3698 1658 3715 1684 ,

427 1712 728 1768 testamenti
761 1712 911 1766 istius
936 1711 1185 1780 paginam
1215 1710 1437 1776 dedero,
1469 1723 1602 1778 quas
1628 1710 1755 1764 mihi
1777 1709 2008 1766 domnus
2038 1706 2084 1767 Β
2113 1715 2254 1770 sicut
2278 1729 2376 1768 nos
2399 1728 2492 1768 eas
2523 1712 2630 1782 jam
2658 1713 2850 1768 ibidem
2894 1711 3228 1776 tradidimus,
3257 1726 3379 1766 cum
3407 1711 3600 1766 villare
3630 1711 3715 1767 cui

424 1808 689 1874 gloriosus
710 1805 1018 1860 Clotharius
1045 1819 1140 1874 per
1159 1818 1311 1858 suam
1354 1803 1777 1857 muniﬁcentiam
1812 1811 2010 1858 contu-

427 1901 508 1963 lit,
549 1898 629 1952 vel
675 1913 769 1966 pro
804 1895 924 1951 fidei
957 1909 1090 1949 mea:
1130 1894 1604 1950 conservationem
1646 1895 1711 1948 ad
1743 1893 2012 1962 integrum

426 1993 538 2045 suis
581 1987 1033 2059 prleceptionibus
1077 2001 1293 2039 manum
1339 2001 1492 2040 suam
1540 1986 1832 2048 roboratis,
1885 1986 2016 2040 mihi

429 2081 690 2150 integram
745 2079 947 2133 tribuet
997 2077 1296 2140 licentiam,
1347 2085 1405 2131 ut
1449 2076 1707 2146 prmdido
1747 2078 1870 2132 loco
1918 2092 2018 2146 pro

429 2173 618 2225 anima:
647 2184 779 2223 meae
810 2168 1069 2233 remedio,
1099 2168 1184 2221 vel
1215 2168 1299 2222 sui
1327 2166 1478 2234 regni
1507 2165 1821 2231 stabilitate,
1872 2165 2018 2236 ipsas

429 2263 583 2317 villas
611 2276 743 2331 quas
769 2273 993 2315 munere
1021 2273 1134 2312 sum
1163 2257 1458 2327 promerui,
1503 2257 1752 2312 conferre
1790 2257 2012 2312 debere.

435 2353 559 2408 Hmc
598 2361 724 2409 sunt
770 2351 948 2406 villas.
1002 2349 1138 2404 Villa
1180 2349 1459 2414 Thedone,
1497 2347 1752 2404 Colonica
1798 2347 2020 2403 nomine

433 2443 640 2506 Telalc,
687 2452 744 2498 et
796 2442 933 2497 alias
983 2440 1138 2496 villas
1179 2438 1470 2503 Buresaco,
1518 2447 1572 2493 et
1624 2438 1934 2494 mansiones
1961 2439 2015 2493 in

432 2535 798 2597 Wastinense,
833 2549 967 2603 quas
996 2535 1065 2589 de
1092 2533 1208 2589 viro
1239 2532 1434 2589 illustri
1454 2531 1821 2588 Varnachario
1850 2531 2020 2602 Majo-

444 2641 550 2680 ~em
581 2627 811 2680 domnus
839 2640 936 2693 pro
965 2624 1089 2677 villa
1113 2621 1454 2678 Columbaria
1491 2622 1849 2692 percepimus.
1885 2622 2019 2678 Illud

440 2730 562 2772 vero
592 2731 724 2784 rogo
767 2725 930 2786 atque
979 2714 1141 2783 jnbeo
1191 2714 1497 2782 abbatibus,
1547 2714 1636 2782 qui
1678 2729 1775 2784 per
1807 2714 2020 2784 singula

435 2817 699 2879 tempora,
726 2806 862 2861 sicut
893 2804 1072 2859 divina
1103 2805 1344 2874 potentia
1375 2811 1467 2858 aut
1495 2804 1664 2873 gratia
1693 2804 2015 2860 domnorum

436 2899 806 2970 apostolorum
849 2911 946 2952 eos
996 2895 1125 2950 inibi
1166 2894 1386 2964 jusserit
1415 2895 1726 2965 perdurare,
1771 2904 1828 2950 ut
1870 2898 2018 2952 omni

435 3000 677 3060 tempore
702 2988 825 3044 vitae
869 3002 1058 3042 eorum
1090 2987 1194 3041 hoc
1223 2986 1294 3040 sit
1336 2987 1414 3041 eis
1459 2986 1800 3054 potissimum
1829 2987 2018 3043 obser-

2122 1821 2320 1862 nomen
2351 1806 2622 1862 Piciniaco
2644 1847 2658 1869 ,
2697 1819 2857 1875 quem
2886 1802 3271 1858 Gondoballus
3299 1802 3568 1874 quondam
3605 1803 3718 1858 dia.

2119 1911 2287 1952 conus
2329 1897 2530 1960 tenuit,
2578 1894 2778 1966 pariter
2806 1901 2862 1949 et
2889 1893 3048 1947 Iliaco
3077 1906 3234 1962 quem
3263 1892 3331 1947 de
3360 1891 3475 1948 viro
3521 1892 3717 1948 illustri

2121 1989 2388 2046 Babisone
2409 1992 2777 2061 percepimus,
2809 1987 2932 2044 volo
2963 1987 3018 2042 in
3047 1985 3142 2041 Dei
3173 1985 3391 2041 nomine
3432 1985 3720 2056 possiden-

2119 2084 2237 2140 das.
2291 2082 2425 2138 lllud
2477 2081 2642 2138 etiam
2685 2079 3022 2138 constituens
3067 2091 3132 2133 ac
3181 2076 3506 2146 decernens,
3562 2076 3716 2147 quod

2119 2174 2373 2248 quiequid
2397 2173 2528 2229 mibi
2558 2174 2610 2229 in
2637 2171 2858 2228 minutis
2881 2170 3043 2226 rebus
3069 2178 3162 2223 aut
3190 2169 3246 2223 iu
3279 2168 3716 2239 quibuscumque

2121 2267 2296 2322 modis
2323 2265 2506 2322 datum
2535 2272 2647 2326 est,
2676 2262 2761 2318 vel
2791 2262 2844 2317 in
2888 2261 3022 2316 meis
3064 2258 3228 2316 cartis
3266 2267 3564 2314 noscuntur
3595 2272 3720 2313 esse

2122 2355 2462 2426 conscriptae,
2492 2355 2595 2410 hoc
2623 2361 2793 2409 totum
2829 2359 2885 2407 et
2911 2351 2976 2405 ad
3001 2350 3288 2417 integrum,
3311 2357 3367 2403 tu
3395 2357 3586 2404 sancta
3619 2347 3718 2404 Ec-

2121 2447 2283 2504 clesia
2323 2456 2380 2501 et
2405 2445 2725 2501 venerabilis
2772 2442 2993 2499 basilica
3030 2440 3211 2497 domni
3243 2438 3386 2495 Petri
3433 2447 3489 2495 et
3525 2439 3720 2505 Pauli,

2121 2539 2213 2610 qui
2247 2538 2299 2593 in
2332 2537 2438 2593 hoc
2467 2536 2598 2593 folio
2628 2535 2934 2592 testamenti
2975 2534 3078 2590 mei
3103 2532 3328 2589 forsitan
3360 2532 3415 2589 in
3442 2532 3725 2589 oblivione

2121 2631 2251 2686 mibi
2306 2629 2546 2696 obvenit,
2599 2642 2752 2698 :equa
2803 2627 2957 2683 lance
3000 2624 3249 2682 dividatis
3303 2612 3720 2697 possidendum.

2122 2722 2262 2778 Villa
2284 2736 2414 2777 vero
2445 2719 2754 2783 Morenaco,
2777 2733 2938 2788 quam
2962 2732 3084 2774 meo
3109 2732 3277 2789 opere
3296 2727 3497 2773 etcum
3527 2716 3728 2788 grandi

2122 2809 2310 2867 labore
2350 2809 2640 2880 adquisivi,
2672 2817 2728 2864 et
2757 2817 2943 2879 postea
2992 2809 3133 2863 hunc
3171 2821 3271 2877 ego
3315 2809 3509 2864 absens
3537 2810 3592 2862 vi
3626 2824 3726 2880 pro

2122 2902 2246 2959 tidei
2294 2902 2396 2959 mei
2424 2901 2863 2958 conservationes
2888 2916 2918 2955 a
2950 2899 3312 2972 Modegbiselo
3341 2901 3481 2956 malo
3523 2902 3726 2956 ordine

2125 2993 2224 3050 fuit
2271 3002 2682 3066 praeoccupata,
2731 3002 2786 3048 et
2825 3008 2948 3048 cum
2987 2990 3130 3047 Deus
3175 2990 3406 3046 reddidit
3452 2990 3728 3061 justitiam

436 3056 689 3144 vandum,
733 3087 792 3134 ut
829 3078 896 3133 de
941 3074 1082 3132 villis
1113 3077 1362 3146 superius
1408 3077 1718 3142 nominatis,
1765 3078 2016 3149 quicquid
2046 3056 2094 3120 θ
2123 3056 2321 3143 domn-0
2369 3056 2804 3154 Cloth-ario'regi
2831 3123 2849 3152 ,
2895 3086 3088 3140 iterum
3161 3082 3230 3138 ad
3293 3056 3730 3139 dominationem

433 3171 626 3226 exinde
651 3170 818 3224 autin
846 3171 1128 3233 tributum,
1162 3177 1252 3221 aut
1282 3168 1335 3221 in
1365 3166 1676 3236 sull‘ragium
1720 3169 1874 3222 annis
1909 3169 2021 3223 sin-

433 3265 573 3333 gulis
615 3264 814 3334 poterit
861 3263 1144 3329 obvenire,
1199 3262 1465 3318 medietas
1517 3281 1584 3318 ex
1632 3264 1755 3326 hoc.
1803 3264 2020 3333 Quando

435 3357 595 3412 fuerit
623 3370 741 3411 mea
767 3355 1216 3410 commemoratio
1251 3355 1596 3424 pauperibus,
1640 3363 1732 3409 aut
1770 3355 1823 3409 in
1857 3355 2022 3409 vesti--

435 3456 708 3512 mentum,
755 3454 847 3501 aut
903 3446 957 3501 in
1012 3461 1205 3501 aurum
1254 3455 1549 3516 erogetur;
1603 3446 1708 3500 alia
1754 3445 2021 3501 medietas

437 3537 654 3592 luminis
691 3535 883 3592 exinde
912 3535 965 3591 in
996 3545 1180 3592 saneta
1210 3535 1429 3591 basilica
1457 3536 1604 3592 omni
1640 3545 1888 3607 tempore
1907 3537 2023 3593 sut-

438 3627 682 3681 ticienter
723 3628 1072 3691 accendatur,
1130 3636 1188 3681 ut
1237 3640 1528 3695 numquam
1579 3627 1648 3683 sit
1695 3640 1871 3696 neque
1913 3640 2020 3680 una

436 3716 569 3771 hora
603 3716 776 3772 noctis
813 3717 1017 3788 absque
1066 3717 1347 3771 luminaria
1391 3718 1504 3787 ipsa
1552 3726 1741 3772 sancta
1781 3718 2022 3786 basilica,

436 3809 646 3876 signum
692 3809 911 3876 dignum
956 3816 1064 3873 est,
1103 3809 1155 3862 in
1184 3809 1444 3864 honorem
1475 3809 1852 3878 prmdictorum
1893 3825 2026 3881 apo-

442 3899 708 3954 stolorum
739 3897 958 3954 luminis
979 3899 1128 3954 omni
1151 3907 1393 3970 tempore
1409 3899 1609 3967 fulgeat
1634 3899 2021 3968 indesinenter,

438 3996 546 4042 tam
561 3987 627 4042 ad
649 3987 926 4042 basilicam
946 3996 1253 4043 sanctorum
1283 3989 1672 4059 apostolorum,
1692 4005 1853 4060 quam
1876 4001 1932 4048 et
1956 3994 2022 4049 ad

443 4089 686 4135 sanctam
717 4093 959 4142 crucem,
992 4093 1154 4147 quam
1187 4087 1373 4148 postea
1403 4079 1554 4134 aedili
1578 4081 1685 4148 avi,
1713 4082 1800 4137 vel
1828 4087 1891 4136 ad
1926 4084 2023 4138 ba-

438 4169 643 4225 silicam
671 4169 859 4224 domni
886 4168 1102 4223 Martini
1132 4168 1200 4222 rd
1237 4168 1663 4240 Synodochium,
1695 4187 1815 4241 quae
1843 4182 1929 4228 est
1972 4175 2023 4229 in

445 4262 782 4331 Pontileuga,
814 4268 1047 4331 excepto
1074 4260 1142 4316 de
1171 4260 1434 4316 fructibus
1466 4271 1558 4316 aut
1587 4263 1806 4334 reliquis
1833 4264 2025 4321 condi-

439 4354 694 4420 tionibus,
725 4351 871 4422 quod
901 4352 970 4407 de
1002 4351 1272 4420 prmdictis
1304 4352 1447 4422 agris
1475 4363 1726 4424 speratur
1752 4356 1808 4410 in
1841 4356 2026 4413 usibus

2121 3187 2323 3235 sancta
2366 3177 2621 3234 Ecclesiae
2650 3176 2735 3232 vel
2772 3192 2946 3231 meam
2977 3173 3257 3247 pervenit;
3305 3174 3476 3245 ipsam
3503 3174 3734 3240 villam,

2120 3282 2245 3323 cum
2273 3267 2421 3323 omni
2442 3265 2564 3336 jure
2604 3280 2706 3322 suo
2735 3274 2790 3320 et
2820 3264 3106 3319 terminum
3137 3272 3210 3327 te,
3241 3271 3425 3318 sancta
3451 3259 3730 3326 Ecclesia,

2121 3357 2322 3412 habere
2348 3357 2639 3412 constituo.
2681 3355 2905 3412 Basilica
2936 3371 3065 3410 vero
3094 3353 3269 3410 sancti
3299 3351 3442 3409 Petri
3477 3360 3534 3408 et
3570 3352 3735 3410 Pau‘i

2123 3449 2425 3519 portionem
2455 3447 2647 3504 deinde
2685 3447 2829 3517 quod
2877 3447 3004 3502 inibi
3033 3445 3309 3515 possidere
3332 3443 3524 3500 videor
3545 3486 3564 3513 ,
3598 3460 3732 3502 cum

2123 3539 2366 3595 colonica
2391 3553 2512 3608 quae
2537 3539 2668 3593 mihi
2699 3535 3002 3594 Leodaldus
3041 3550 3140 3606 per
3165 3533 3474 3591 donationis
3505 3534 3738 3590 titulum

2123 3629 2374 3696 contulit,
2401 3643 2524 3685 cum
2552 3628 2606 3684 id
2632 3626 2774 3698 quod
2799 3627 2992 3683 ibidem
3022 3634 3210 3697 postea
3235 3625 3466 3694 undique
3488 3639 3734 3696 compa-

2123 3720 2263 3787 ravi,
2309 3720 2363 3775 in
2417 3720 2533 3790 ipso
2582 3718 2748 3774 fundo
2799 3717 3088 3773 Mechense
3133 3725 3191 3772 et
3242 3716 3548 3787 Voligione,
3609 3733 3740 3775 cum

2125 3811 2271 3866 omni
2317 3809 2664 3878 integritate,
2720 3807 3060 3881 portionibus
3119 3806 3289 3878 ipsius
3332 3806 3417 3862 vel
3475 3808 3740 3863 terminis

2125 3917 2308 3959 earum
2331 3943 2345 3969 ,
2370 3910 2426 3958 et
2464 3902 2751 3972 mancipia,
2795 3901 3101 3967 mobilibus,
3131 3907 3188 3956 et
3216 3899 3620 3972 immobilibus,
3657 3910 3742 3968 tu,

2127 4000 2311 4049 sancta
2366 3992 2605 4058 basilica,
2639 3990 3027 4062 perpetualiter
3071 3990 3255 4046 valeas
3288 3990 3596 4047 dominare.
3653 3993 3745 4046 Li-

2128 4091 2216 4137 cet
2241 4082 2369 4138 nulli
2401 4083 2627 4138 habetur
2647 4083 2998 4152 incognitum,
3016 4081 3252 4154 qualiter
3265 4097 3366 4152 ego
3395 4091 3519 4153 post
3547 4092 3745 4140 trans.

2127 4174 2260 4232 itum
2285 4173 2586 4232 Gumratmi
2607 4174 2842 4247 quodam
2873 4175 3034 4244 Regis
3075 4191 3176 4246 pro
3196 4190 3305 4244 quo
3323 4186 3741 4230 sacramentum

2129 4265 2412 4322 insolubile
2457 4266 2656 4322 domno
2702 4280 2825 4321 meo
2870 4264 3147 4320 Clothario
3193 4265 3307 4333 regi
3350 4265 3471 4320 dedi
3519 4280 3633 4334 pro
3672 4281 3747 4320 eo

2130 4355 2273 4426 quod
2302 4356 2490 4412 civitas
2509 4356 2870 4412 Ceuomannis
2893 4354 3132 4424 legitimo
3155 4355 3498 4424 ordine,post
3528 4358 3747 4410 transi-

439 4454 637 4498 sancta:
666 4445 902 4499 basilicze
949 4455 1006 4499 et
1047 4447 1341 4501 tuonasteri
1371 4447 1476 4512 sui,
1507 4447 1622 4503 sive
1649 4448 1904 4504 alimonia
1935 4465 2027 4505 ea-
2052 4417 2106 4477 Β
2131 4447 2291 4501 situm
2319 4447 2502 4502 domui
2521 4445 2890 4514 Gunthrauni,
2919 4462 2990 4500 ex
3027 4445 3327 4501 hereditate
3354 4446 3628 4514 genitoris
3654 4447 3747 4500 sui

441 4535 756 4591 nonicorum
787 4535 870 4590 vel
901 4553 1219 4608 pauperum,
1273 4538 1363 4607 qui
1409 4538 1476 4592 ad
1521 4539 1689 4608 ipsam
1741 4541 2020 4597 basilicam

442 4632 682 4681 sanctam
714 4626 778 4680 ad
809 4628 1034 4682 matrice
1059 4628 1248 4684 sedere
1271 4627 1536 4692 videntur,
1570 4629 1742 4684 victus
1770 4639 1830 4686 et
1855 4633 2026 4686 vcsti-

443 4726 529 4771 tus
573 4732 668 4787 per
713 4717 953 4786 singulos
982 4732 1154 4774 annos
1190 4717 1523 4775 sufﬁcienter
1559 4721 1918 4788 ministretur,
1972 4732 2029 4779 et

443 4824 541 4877 pro
569 4806 701 4861 meis
729 4807 1011 4876 expiandis
1038 4810 1275 4876 peccatis
1300 4809 1502 4878 jngiter
1549 4811 1780 4866 Domino
1831 4813 2028 4883 depre-

441 4905 668 4963 rentur,
700 4905 755 4951 et
799 4912 897 4966 pro
927 4897 1120 4952 collata
1169 4898 1428 4970 print-ipis
1476 4901 1707 4956 emlestis
1753 4902 1926 4957 eidem
1971 4913 2028 4958 et

443 5001 665 5055 regnum
697 4986 996 5054 longaevum
1027 4995 1262 5056 prmstet,
1314 4997 1370 5042 et
1412 4989 1462 5042 in
1514 4991 1925 5046 retributionem
1954 5009 2026 5048 ευ-

445 5089 650 5136 ternam
676 5081 986 5150 centuplum
1017 5081 1265 5151 accipere
1286 5094 1579 5138 mereatur.
1614 5083 1872 5140 Ecclesia:
1897 5099 2028 5140 vero

445 5169 647 5224 herede
676 5183 808 5224 mea
836 5169 960 5223 villa
991 5169 1177 5234 Dolus,
1209 5173 1354 5240 quod
1386 5188 1509 5227 meo
1538 5189 1702 5243 opere
1729 5175 2026 5240 construxi,

445 5271 500 5316 et
527 5277 648 5318 meo
679 5262 893 5331 ingenio
925 5263 1160 5334 undique
1191 5264 1257 5317 ad
1301 5279 1388 5318 me
1419 5265 1665 5334 pervenit
1713 5274 1839 5336 post
1886 5265 2027 5320 diem

446 5353 625 5408 obitus
645 5354 772 5416 mei,
802 5354 1056 5422 quiequid
1082 5355 1210 5409 inibi
1238 5355 1577 5419 laboravero,
1611 5371 1733 5410 cum
1757 5356 2026 5424 domibus,

447 5444 745 5513 mancipiis,
778 5443 970 5511 vineis,
1001 5444 1226 5514 campis,
1261 5446 1449 5514 pratis,
1490 5445 1650 5500 cultis
1695 5454 1750 5501 et
1791 5446 2029 5514 incultis,

448 5542 503 5585 et
548 5535 692 5588 omni
718 5535 838 5602 jure
883 5551 1003 5602 suo,
1045 5536 1130 5590 vel
1184 5537 1418 5591 termino
1449 5551 1570 5602 suo,
1608 5537 1751 5607 quod
1785 5538 1853 5592 ibi
1883 5537 2029 5606 justo

449 5622 637 5678 ordine
681 5625 936 5692 abstraxi,
992 5635 1064 5695 te,
1097 5635 1292 5698 sancta
1343 5625 1606 5694 Ecclesia,
1655 5627 1708 5685 in
1761 5628 2026 5699 integrum

451 5709 654 5768 habere
683 5714 892 5784 delego.

2129 4538 2284 4598 bonze
2337 4539 2724 4595 recordationis
2761 4555 2870 4594 sua:
2917 4537 3210 4609 Chilperici
3256 4538 3529 4607 quondam
3586 4539 3745 4609 regis

2127 4627 2314 4682 debuit
2353 4628 2669 4697 pervenire;
2709 4627 2806 4683 sed
2844 4625 3076 4683 faciente
3113 4627 3406 4698 cupiditate
3432 4635 3492 4682 et
3537 4628 3748 4684 civitas

2130 4717 2243 4787 ipsa
2272 4718 2320 4773 ei
2363 4718 2463 4772 fuit
2503 4718 2681 4772 ablata
2703 4759 2719 4786 ,
2751 4727 2806 4773 et
2830 4717 2898 4772 de
2933 4718 3140 4786 reliquo
3166 4731 3333 4787 regno
3359 4731 3458 4772 suo
3490 4719 3746 4774 multum

2130 4824 2317 4879 passus
2342 4816 2425 4862 est.
2470 4806 2844 4877 dispendium,
2887 4808 2978 4862 sei
3009 4808 3135 4862 dum
3187 4821 3274 4862 me
3320 4819 3748 4863 sacramentum

2130 4914 2306 4952 meum
2353 4899 2406 4952 in
2456 4898 2723 4966 integrum
2771 4897 3129 4964 constrinxit,
3165 4906 3225 4953 ut
3251 4914 3372 4953 eum
3410 4899 3753 4958 nullatenus

2129 4989 2318 5042 άὶιιιὶιιι
2344 5003 2399 5041 re
2429 4988 2678 5041 deberem
2703 5026 2718 5050 ,
2748 4985 2904 5040 facile
2935 4986 3064 5039 milii
3095 4986 3193 5039 fuit
3221 4995 3278 5040 ut
3319 4988 3631 5044 secundum
3662 4989 3746 5045 fac

2129 5079 2384 5133 cnltatem
2417 5088 2521 5132 tam
2542 5089 2782 5133 sanctam
2809 5076 3124 5141 Ecclesiam,
3150 5092 3311 5146 quam
3331 5085 3386 5130 et
3416 5082 3744 5150 proprieta-

2127 5179 2238 5226 tem
2263 5170 2618 5239 relinquerem
2643 5184 2805 5239 quam
2837 5167 3266 5240 perjurus(quud
3306 5168 3470 5238 absit)
3516 5170 3748 5225 iuvrni-

2072 5320 2073 5323 η
2129 5277 2236 5317 rer.
2276 5261 2381 5316 Sed
2409 5261 2535 5316 dum
2566 5276 2665 5330 pro
2691 5275 2876 5316 amore
2905 5261 3072 5329 ipsius
3114 5259 3376 5331 principis
3396 5261 3753 5319 unanimiter

2130 5369 2252 5407 cum
2306 5354 2422 5423 ipso
2467 5353 2850 5415 consisterem,
2906 5353 3232 5408 anteriorem
3268 5353 3754 5422 exspoliationem

2129 5462 2304 5511 suam,
2327 5446 2412 5500 vel
2435 5445 2810 5516 posteriorem,
2834 5445 2977 5515 quod
3009 5445 3206 5514 injuste
3227 5443 3466 5514 pertulit,
3499 5461 3761 5506 necesse

2131 5537 2356 5608 principi
2388 5537 2487 5607 ipsi
2517 5537 2634 5602 fuit,
2663 5521 2721 5591 ut
2748 5535 2903 5592 nobis
2931 5537 3130 5606 aliquid
3153 5536 3392 5604 adderet,
3427 5538 3572 5594 unde
3612 5543 3759 5596 vita:

2130 5627 2442 5682 substantie
2467 5635 2522 5682 et
2549 5642 2678 5692 nos,
2707 5636 2763 5681 et
2785 5641 3050 5696 pauperes
3077 5629 3243 5682 nostri
3283 5637 3602 5684 sustentare
3639 5631 3760 5690 do-

2132 5721 2401 5788 beretuus,
2431 5721 2571 5778 unde
2609 5721 2698 5777 ille
2723 5720 2835 5777 Rex
2859 5721 3087 5780 caelestis
3115 5738 3212 5796 pro
3241 5722 3395 5781 nobis
3421 5721 3758 5781 retributor
