3858 6190
254 326 364 382 595

1618 319 2152 381 TESTAMENTUM.

3401 322 3504 376 596

245 444 463 501 existat.
509 438 643 492 Nam
686 451 783 491 nos
813 450 987 505 paupe
1022 436 1038 489 i
1065 450 1173 489 non
1202 424 1460 490 habemus
1504 449 1605 489 nec
1635 448 1822 487 aurum
1851 433 1901 489 Α
1928 430 2016 484 ubi
2041 430 2157 498 ejus
2176 440 2418 486 sanctum
2458 437 2835 504 corpusculum
2859 434 3166 506 requiescit,
3195 436 3339 491 dono
3376 435 3509 491 inibi

244 550 348 589 nec
388 538 704 599 argentum,
736 528 876 580 unde
903 526 1018 591 tibi,
1056 525 1438 594 gloriosissime
1478 524 1674 578 domne
1702 522 1828 577 Clo-

245 625 444 686 tharie,
477 623 617 677 bona
649 619 1032 683 retribuamus,
1057 626 1291 671 attamen
1314 616 1380 671 de
1402 617 1452 670 id
1481 616 1625 685 quod
1657 614 1828 683 gloria

249 726 428 770 vestra
455 712 610 767 nobis
634 709 875 773 contulit,
908 708 1357 777 pnesumemusin
1386 707 1829 799 hoc'testamento

248 817 437 863 nostro
475 814 708 859 vestram
756 802 1128 857 celsitudinem
1175 797 1506 855 memoratae;
1549 797 1831 852 Otierimus

250 900 433 965 itaque
475 908 643 963 regno
671 905 850 947 vestro
879 893 945 945 de
985 890 1296 946 muneribus
1324 889 1537 954 vestris,
1566 888 1708 941 unde
1733 901 1831 941 nos

251 1002 349 1058 p-.r
404 993 729 1054 prtcceptum
774 982 973 1048 vigoris
1016 990 1207 1035 vestra:
1254 994 1445 1034 manus
1498 979 1828 1043 roboratum,

254 1076 527 1132 licentiam
563 1074 790 1128 tribuisti
827 1071 1057 1127 faciendi
1099 1071 1245 1142 quod
1286 1071 1635 1135 volebamus,
1674 1068 1725 1123 id
1752 1078 1834 1124 est

254 1170 409 1222 villas
436 1166 677 1221 Neolone
720 1174 774 1219 et
803 1164 1110 1227 Walionno,
1157 1178 1276 1218 cum
1304 1163 1450 1217 omni
1502 1162 1732 1216 termino
1779 1168 1834 1214 et

253 1258 569 1329 atljaceittiis
598 1256 663 1309 ad
693 1272 751 1309 se
795 1255 1212 1324 pertinentibus,
1243 1253 1328 1308 vel
1351 1252 1600 1322 quicquid
1644 1259 1833 1321 postea

255 1349 411 1403 nobis
451 1346 551 1400 fuit
580 1345 938 1409 melioratum,
970 1344 1073 1399 hoc
1095 1342 1355 1397 celsitudo
1393 1351 1566 1395 vestra
1589 1340 1655 1394 ad
1683 1356 1833 1395 suam

254 1440 482 1509 recipiat
517 1436 960 1493 dominationem.
993 1434 1251 1490 Similiter
1285 1433 1544 1488 donamus
1579 1433 1693 1495 tibi,
1722 1432 1838 1496 glo-

252 1532 551 1588 riosissima
580 1529 773 1583 domna
796 1527 1136 1582 Bercliirudis
1166 1526 1371 1594 regina,
1404 1524 1605 1589 villam,
1624 1524 1839 1577 nomine

254 1626 544 1696 Penpinas,
575 1638 694 1693 quae
724 1622 1023 1691 appellatur
1053 1619 1222 1685 Cella,
1250 1625 1409 1688 quam
1439 1617 1593 1672 nobis
1640 1617 1840 1685 glorio-

250 1734 343 1772 sus
380 1718 612 1771 domnus
651 1722 831 1767 noster
854 1711 1047 1781 jugalis
1075 1721 1253 1765 vester
1279 1725 1376 1764 suo
1400 1723 1619 1763 munere
1647 1716 1838 1762 contn-

252 1809 345 1873 lit,
376 1814 436 1860 ut
466 1806 636 1875 ipsam
678 1803 885 1868 villam,
926 1817 1048 1857 cum
1095 1801 1338 1856 domibus
1361 1839 1376 1864 ,
1411 1799 1716 1868 mancipiis,
1747 1799 1833 1853 vel
1864 1782 1910 1839 Β

251 1898 544 1953 terminum
574 1912 728 1952 suutu
760 1903 880 1964 post
909 1910 1083 1949 meum
1116 1894 1320 1949 obitum
1350 1893 1433 1947 vel
1462 1902 1699 1947 vestrum
1745 1906 1836 1947 re-

250 1994 431 2060 gimen
453 1991 655 2060 absque
678 1989 785 2043 ullo
807 1989 1187 2056 impedimento
1208 1986 1495 2055 recipiatis.
1522 1985 1838 2040 Dulcissimo

254 2092 455 2151 nepote
483 2096 604 2135 meo
633 2080 990 2147 Sigechelmo,
1024 2087 1080 2133 et
1103 2087 1400 2147 pronepote
1430 2092 1550 2131 meo
1582 2076 1835 2144 Toringo,

251 2175 294 2227 si
322 2172 455 2225 mihi
486 2170 804 2240 superstites
835 2169 1050 2233 fuerint,
1082 2167 1259 2221 villam
1296 2165 1620 2233 Seuvacum,
1646 2167 1840 2221 Villare

253 2262 530 2331 R'paiiula
562 2276 713 2329 :nqua
741 2260 895 2313 lance
923 2258 1179 2311 dividant.

319 2352 503 2407 Simili
554 2350 714 2405 modo
740 2350 863 2403 villa
906 2347 1210 2413 Briomilia,
1251 2362 1370 2415 quae
1398 2361 1463 2400 ex
1501 2344 1840 2399 successione

251 2457 541 2519 parentum
574 2446 727 2501 nobis
765 2443 907 2512 juste
936 2442 1113 2497 debita
1141 2448 1287 2507 erat,
1314 2448 1369 2494 et
1398 2455 1494 2509 per
1537 2439 1839 2506 interregna

252 2539 421 2606 longo
454 2544 696 2602 tempore
724 2533 879 2587 nobis
908 2530 1083 2585 ablata
1114 2528 1231 2594 fuit,
1256 2537 1310 2583 et
1339 2536 1525 2598 postea
1556 2543 1677 2583 cum
1701 2526 1841 2581 Deus

251 2628 461 2680 domno
487 2623 762 2678 Clothario
799 2636 1021 2690 regnum
1067 2635 1223 2674 suum
1255 2619 1306 2673 in
1353 2621 1621 2686 integrum
1663 2618 1840 2684 dedit,

252 2719 428 2785 ipsam
474 2714 656 2769 villam
687 2713 840 2768 nobis
864 2728 961 2767 sua
1002 2712 1173 2782 pietas
1200 2710 1451 2775 reddidit,
1486 2719 1541 2765 et
1571 2725 1667 2777 per
1709 2725 1844 2780 pra:-

251 2808 570 2877 ceptionem
599 2821 749 2860 suam
796 2802 1022 2859 ﬁrmavit
1077 2820 1089 2855 :
1138 2818 1297 2872 quam
1326 2803 1508 2856 villam
1538 2802 1844 2857 dulcissimo

252 2898 547 2969 pronepoti
569 2912 689 2952 meo
718 2896 824 2950 lilio
852 2894 1171 2965 Sigechelmi
1195 2893 1498 2947 Leutranno
1515 2902 1570 2948 et
1596 2892 1848 2947 Sichran-

254 3008 328 3045 no
370 2989 499 3044 volo
526 3004 646 3044 esse
689 2988 961 3043 donatam.
1007 2986 1266 3041 Similiter
1312 2986 1491 3040 villam
1542 2985 1848 3040 Castalione

1930 522 1983 575 in
2005 522 2209 577 honore
2245 527 2533 593 sepultura:
2560 542 2669 581 sua:
2698 528 2879 582 villam
2910 528 3128 583 Bobane
3151 569 3167 595 ,
3192 543 3312 598 qua:
3340 536 3424 583 est
3449 529 3505 583 in

1930 612 2216 667 terraturio
2246 613 2562 683 Stampense
2590 630 2751 684 super
2778 615 2937 672 ﬂuvio
2965 616 3112 672 Calla
3134 658 3151 684 ,
3182 633 3345 686 quem
3373 619 3511 673 mihi

1929 702 2347 771 gloriosissimus
2388 706 2616 763 domnus
2664 708 2970 764 Clotharius
3009 725 3106 765 rex
3147 726 3245 765 suo
3285 724 3509 766 munere

1930 801 2184 865 contulit;
2215 809 2271 853 ut
2315 799 2360 854 si
2386 813 2599 867 semper
2624 813 2822 868 corpus
2864 798 2979 867 ejus
3008 799 3060 853 in
3087 799 3303 855 basilica
3342 814 3508 868 nova,

1930 905 2091 957 quam
2115 890 2340 960 inclytus
2360 888 2687 958 Cbilpericus
2707 887 2976 955 quondam
3006 902 3099 942 rex
3122 890 3437 953 construxit,
3465 891 3513 947 si

1932 982 2244 1041 convenerit
2273 990 2329 1035 ut
2370 981 2498 1035 inibi
2542 978 2927 1045 transferatur,
2960 979 3139 1033 villam
3183 979 3388 1048 ipsam,
3418 982 3510 1036 ubi

1933 1077 2049 1144 ejus
2073 1091 2286 1145 semper
2312 1090 2507 1145 corpus
2534 1073 2713 1138 fuerit,
2742 1090 2959 1155 semper
2980 1073 3178 1129 ibidem
3208 1074 3508 1141 deserviat,

1933 1178 1986 1223 et
2029 1168 2141 1237 ipse
2169 1175 2386 1222 sanctus
2413 1165 2652 1235 pontifex
2676 1181 2775 1235 pro
2806 1166 2941 1221 meis
2962 1164 3293 1220 facinoribus
3315 1164 3511 1233 depre-

1935 1275 2060 1314 care
2099 1260 2363 1329 dignetur.
2413 1258 2563 1326 Rogo
2590 1259 2727 1312 abba
2780 1257 3004 1312 illustris
3032 1256 3139 1312 loci
3169 1256 3310 1311 illius
3332 1263 3392 1311 ut
3418 1270 3517 1311 no—

1935 1368 2058 1406 men
2090 1367 2267 1405 meum
2298 1351 2349 1404 in
2380 1350 2513 1406 libro
2539 1342 2659 1404 vita:
2689 1349 2968 1405 recitetur.

2007 1442 2205 1497 Villare
2241 1457 2418 1496 meum
2460 1456 2579 1511 quae
2617 1449 2700 1498 est
2726 1441 2778 1496 in
2807 1440 3097 1496 Cramteno
3135 1441 3422 1497 terraturio
3449 1441 3518 1497 ad

1936 1532 2155 1606 Summa
2182 1532 2462 1594 Vedantia,
2494 1533 2633 1587 sicut
2665 1547 2695 1585 a
2726 1547 2812 1587 me
2835 1533 3083 1601 praesenti
3114 1539 3359 1601 tempore
3386 1547 3517 1602 pos-

1938 1623 2159 1687 sidetur,
2191 1631 2247 1677 et
2281 1638 2348 1677 ex
2372 1622 2712 1678 successione
2739 1622 2922 1677 domui
2944 1632 2995 1677 et
3021 1621 3279 1689 genitoris
3307 1621 3415 1677 mei
3440 1622 3523 1677 le-

1941 1714 2122 1781 gitime
2143 1711 2466 1766 reddebatur
2489 1712 2719 1766 basilica:
2744 1712 2924 1766 domui
2955 1709 3099 1765 Petri
3128 1719 3183 1765 et
3216 1709 3369 1764 Pauli
3392 1720 3515 1781 post

1940 1804 2143 1859 obitum
2182 1819 2356 1858 meum
2408 1819 2506 1873 pro
2553 1802 2801 1859 mercede
2839 1804 3029 1858 animm
3058 1817 3189 1858 mete
3231 1803 3355 1858 volo
3398 1817 3521 1859 esse

1938 1896 2211 1951 donatum.
2246 1896 2561 1951 Dulcissimo
2584 1905 2881 1965 pronepote
2922 1911 3042 1950 meo
3070 1894 3343 1964 Thoringo
3370 1894 3515 1950 dono

1938 1986 1986 2041 ei
2010 1987 2275 2050 colonica,
2308 1988 2392 2041 cui
2422 1987 2739 2042 vocabulum
2768 1995 2850 2041 est
2881 1984 3014 2041 Villa
3061 2002 3220 2052 nova,
3251 2001 3415 2055 quam
3443 1986 3511 2041 de

1940 2077 2048 2133 ﬁlio
2086 2078 2352 2148 Papoleno
2383 2079 2653 2148 quondam
2701 2079 2826 2133 dato
2865 2078 3040 2148 pretio
3088 2078 3420 2147 comparavi,
3463 2077 3516 2132 in

1938 2182 2197 2242 perpetuo
2227 2180 2408 2226 teneat
2450 2180 2612 2240 atque
2656 2171 2947 2240 possideat.
2974 2170 3109 2225 Villa
3147 2168 3369 2239 Idguino
3395 2168 3517 2223 dul-

1939 2266 2152 2319 cissimo
2184 2272 2379 2333 nepote
2408 2279 2529 2319 meo
2572 2263 2943 2332 Segecbelmo,
2973 2261 3098 2316 dum
3141 2260 3362 2328 advivit,
3392 2259 3518 2315 volo

1939 2368 2059 2408 esse
2081 2352 2356 2407 donatum.
2391 2351 2520 2407 Post
2547 2354 2751 2408 obitum
2778 2368 2907 2407 vero
2955 2353 3095 2407 illius
3119 2393 3134 2417 ,
3166 2351 3256 2405 lilii
3280 2352 3398 2414 sui,
3428 2352 3524 2419 qui

1941 2459 2007 2498 ex
2050 2444 2353 2498 Bertichildi
2397 2442 2501 2497 filia
2546 2443 2853 2499 Leutramni
2899 2445 3009 2499 nati
3042 2459 3162 2499 esse
3205 2452 3522 2508 noscuntur,

1943 2536 2143 2602 absque
2193 2534 2527 2588 consortium
2571 2532 2794 2588 fratrum
2840 2548 3091 2599 suorum,
3122 2532 3165 2588 si
3198 2533 3334 2587 alios
3380 2531 3524 2586 filios

1944 2624 2229 2691 habuerit,
2260 2624 2404 2694 ipsos
2444 2624 2695 2694 prmcipio
2733 2623 3134 2694 possidendum.
3168 2622 3380 2677 Viniola
3422 2638 3517 2678 seu

1943 2728 2094 2788 prata
2122 2735 2239 2788 qua:
2284 2727 2409 2775 sunt
2438 2720 2504 2776 ad
2536 2720 2801 2786 Riulione,
2827 2730 2881 2775 et
2907 2720 3206 2790 adjungunt
3234 2720 3302 2773 ad
3332 2720 3517 2775 vineas

1945 2820 2144 2865 sanctae
2185 2809 2434 2867 Ecclesiae
2474 2813 2559 2867 vel
2599 2813 2735 2867 infra
2780 2812 3064 2867 terminum
3094 2811 3524 2875 Calimarcense,

1947 2913 2082 2966 quas
2109 2899 2233 2953 dato
2282 2901 2453 2969 pretio
2492 2903 2817 2971 comparavi,
2866 2912 3064 2956 sancta:
3099 2901 3346 2957 Ecclesia:
3395 2900 3519 2955 volo

1949 3006 2066 3044 esse
2095 2990 2309 3046 donata.
2355 2991 2607 3062 Idemque
2651 3003 2707 3047 et
2752 2994 2995 3048 colonica
3037 2993 3317 3056 Satovera,
3361 3008 3523 3061 quem

254 3082 415 3135 sitam
448 3079 500 3131 in
530 3077 843 3145 Santonico,
866 3076 954 3147 qui
983 3076 1293 3145 parentibus
1325 3075 1460 3130 meis
1484 3083 1537 3129 et
1564 3074 1679 3182 virjo
1724 3074 1845 3128 illu—
1878 3121 1921 3182 Ο
1954 3080 2220 3135 Vulfarius
2248 3083 2514 3150 quondam
2544 3084 2732 3149 tenuit,
2754 3091 2807 3136 et
2834 3092 3016 3152 postea
3049 3084 3178 3149 Aiga
3220 3098 3337 3136 eam
3370 3084 3533 3137 nobis

259 3170 360 3223 stri
408 3167 664 3237 Sigeieno
710 3165 827 3230 fuit,
860 3175 915 3221 et
946 3166 1115 3234 ipsam
1143 3165 1299 3219 nobis
1328 3164 1593 3233 gloriosus
1620 3162 1849 3218 domnus

255 3260 575 3315 Clotharius
604 3272 698 3313 rex
727 3274 822 3327 per
848 3273 1006 3311 suum
1046 3266 1373 3326 przcceptum
1404 3254 1697 3319 concessit,
1724 3254 1852 3322 quia

254 3350 366 3418 jam
400 3349 567 3416 longo
592 3354 834 3415 tempore
866 3353 921 3401 et
945 3347 1073 3399 mihi
1098 3355 1151 3399 et
1176 3343 1285 3413 jam
1307 3344 1451 3398 dicto
1480 3351 1701 3412 parente
1730 3357 1850 3397 meo

255 3442 517 3512 Sigeleuo
542 3439 717 3493 ablata
747 3437 863 3505 fuit,
888 3439 932 3494 si
972 3454 1058 3493 me
1079 3447 1352 3507 superstes
1379 3434 1539 3492 fuerit
1565 3437 1678 3506 ipse
1702 3434 1857 3503 Sige-

256 3535 446 3596 latus,
483 3529 553 3584 ad
601 3545 751 3583 suam
780 3537 999 3584 revocet
1046 3529 1346 3583 ditionem:
1388 3528 1471 3581 sin
1516 3534 1697 3579 autem
1734 3524 1854 3578 liliis

254 3624 395 3688 suis,
421 3620 477 3674 id
499 3628 585 3674 est
608 3618 886 3673 Sicheleco
916 3627 969 3673 et
997 3618 1361 3685 Berchclaico,
1388 3617 1552 3685 ipsam
1584 3615 1707 3668 volo
1734 3628 1854 3668 esse

256 3712 544 3764 donatam.
605 3707 771 3761 Villas
813 3707 1085 3775 Crisciago
1126 3717 1181 3762 et
1222 3707 1397 3761 Botilo
1442 3706 1535 3775 qui
1587 3704 1743 3759 nobis
1785 3718 1853 3758 ex

256 3800 614 3856 successione
656 3799 912 3867 genitoris
942 3798 1110 3853 nostri
1134 3798 1278 3867 juste
1306 3797 1601 3861 debentur,
1639 3803 1693 3850 et
1731 3810 1851 3850 cum

255 3890 537 3961 germanis
582 3889 715 3943 meis
748 3889 997 3943 deberem
1025 3889 1225 3957 partire
1246 3929 1262 3953 ,
1308 3888 1353 3942 si
1397 3888 1543 3955 ipsos
1570 3884 1716 3941 mors
1745 3901 1853 3939 non

258 3979 658 4035 antecessisset
691 3995 703 4031 :
729 3979 887 4033 modo
913 3978 1077 4047 jubeo
1102 3985 1158 4032 ut
1187 3978 1492 4033 dulcissime
1513 3992 1682 4046 nepos
1704 3992 1854 4031 meus

257 4072 636 4142 Sigcchelme,
684 4087 787 4125 una
837 4087 958 4125 cum
1013 4072 1197 4142 nepoti
1250 4086 1372 4125 meo
1405 4070 1676 4138 Thoringo
1703 4085 1854 4139 mqua

260 4166 421 4218 lance
446 4163 593 4233 ipsas
614 4162 823 4216 villulas
846 4162 1114 4218 dividatis.
1139 4162 1333 4216 Villam
1364 4162 1603 4217 Bualone
1623 4162 1777 4217 sitam
1801 4162 1853 4213 in

256 4254 598 4324 Stampense
644 4268 802 4308 secus
849 4252 1135 4323 Equalina
1160 4295 1174 4320 ,
1212 4269 1370 4323 quam
1412 4268 1507 4322 per
1550 4252 1856 4306 donationis

261 4344 492 4398 titulum
537 4343 849 4398 dulcissimo
892 4343 1176 4412 pronepoti
1222 4359 1342 4397 meo
1383 4342 1725 4397 Leuthranuo
1770 4342 1857 4396 die

1954 3188 2073 3226 cum
2106 3173 2246 3241 ipsas
2270 3173 2625 3235 venditiones,
2644 3188 2777 3241 quas
2803 3174 2870 3228 ab
2901 3173 3017 3242 ipso
3037 3171 3274 3227 Vulfario
3304 3187 3531 3242 accepe-

1952 3274 2066 3331 rat,
2096 3265 2267 3328 dedit,
2297 3273 2351 3319 et
2400 3266 2515 3333 ipso
2546 3264 2737 3321 locello
2766 3280 2887 3319 cum
2926 3266 3093 3319 vineis
3120 3272 3175 3320 et
3213 3280 3335 3320 cum
3382 3266 3534 3319 omni

1946 3355 2068 3423 jure
2097 3371 2194 3409 suo
2214 3396 2228 3420 ,
2280 3364 2365 3420 tu,
2395 3363 2577 3410 sancta
2607 3354 2845 3410 Ecclesia
2876 3356 3033 3409 heres
3065 3371 3205 3421 mea,
3238 3355 3529 3425 percipias,

1953 3454 2007 3498 et
2043 3445 2232 3499 locello
2270 3446 2361 3515 qui
2399 3444 2592 3499 dicitur
2619 3444 2957 3511 Condomas,
2986 3461 3145 3514 quem
3186 3461 3283 3514 pro
3313 3460 3372 3500 re
3408 3460 3529 3499 mea

1954 3533 2156 3602 accepi,
2188 3543 2241 3587 et
2278 3542 2462 3602 postea
2493 3533 2809 3587 ﬁdelissimae
2839 3532 3077 3588 Cottanzn
3106 3550 3201 3604 per
3229 3534 3535 3588 donationis

1954 3625 2163 3677 titulum
2194 3625 2437 3690 concedi,
2470 3625 2594 3679 volo
2624 3634 2681 3678 ut
2705 3626 2815 3695 ipsa
2844 3625 3035 3680 locello
3054 3625 3164 3694 jam
3193 3625 3332 3679 dicta
3374 3624 3531 3679 Cotta

1954 3718 2038 3771 vel
2077 3714 2164 3767 lilii
2204 3714 2283 3768 sui
2327 3714 2379 3767 in
2420 3722 2681 3783 perpetuo
2710 3714 2924 3768 valeant
2967 3716 3018 3769 in
3061 3716 3326 3783 integrum
3359 3718 3532 3785 possi-

1955 3806 2103 3860 dere.
2134 3806 2357 3859 Domum
2382 3821 2511 3861 vero
2531 3808 2668 3860 intra
2697 3821 2878 3861 muros
2907 3806 3136 3860 civitatis
3165 3805 3488 3860 Parisiorum
3512 3846 3527 3871 ,

1955 3902 2045 3970 qui
2072 3902 2137 3956 ab
2183 3900 2413 3955 Eusebio
2442 3899 2711 3970 quondam
2740 3900 2835 3953 fuit
2863 3900 3123 3953 mdiﬁcata
3150 3899 3233 3953 vel
3264 3914 3532 3969 possessa,

1957 4003 2013 4048 et
2052 3994 2182 4047 mihi
2212 4009 2243 4047 a
2286 3993 2544 4062 prtrcelso
2581 3993 2776 4047 domno
2801 3992 3076 4047 Clothario
3117 3992 3226 4060 regi
3276 4005 3533 4046 concessa

1956 4102 2075 4142 esse
2104 4086 2431 4152 denoscitur,
2464 4087 2601 4139 inter
2645 4093 2827 4139 sancta
2858 4082 3097 4137 Ecclesia
3138 4080 3537 4136 Cenomannica

1958 4186 2013 4231 et
2054 4187 2237 4230 sancta
2279 4176 2494 4229 basilica
2524 4175 2749 4228 heredes
2780 4188 2899 4227 mea
2937 4171 3217 4240 aequaliter
3256 4169 3535 4239 possiden-

1959 4266 2082 4319 dum
2112 4267 2373 4331 decerno;
2404 4266 2482 4319 sic
2510 4280 2723 4333 quoque
2752 4272 2806 4316 ut
2844 4268 2909 4316 de
2942 4262 3229 4327 tabernias,
3258 4274 3377 4329 qua:
3403 4259 3542 4313 infra

1958 4356 2174 4410 domum
2206 4371 2323 4410 esse
2351 4365 2675 4415 noscuntur,
2725 4352 2952 4405 locarius
2979 4350 3096 4415 ille,
3128 4349 3219 4417 qui
3246 4349 3400 4403 annis
3424 4348 3540 4402 sin-

261 4437 583 4505 nuptiarum
610 4451 827 4491 suarum
859 4436 998 4501 dedi,
1031 4436 1169 4490 sicut
1196 4435 1415 4489 donatio
1447 4434 1557 4504 ipsa
1582 4434 1843 4497 continet,

1960 4444 2096 4512 gulis
2116 4444 2307 4497 exinde
2336 4452 2601 4513 speratur,
2629 4443 2809 4495 lumen
2852 4441 2902 4493 in
2931 4449 3273 4494 sacrosancta
3304 4438 3542 4494 Ecclesia

259 4537 324 4581 et
353 4540 454 4596 per
484 4526 589 4579 hoc
628 4533 1004 4580 testamentum
1049 4540 1224 4578 meum
1268 4526 1435 4594 ipsam
1466 4524 1545 4579 eis
1573 4522 1697 4579 volo
1738 4539 1857 4579 esse

257 4618 556 4672 donatam.
604 4615 823 4671 Locello
853 4618 946 4687 qui
982 4618 1278 4688 appellatur
1324 4617 1653 4684 Fontanido,
1702 4634 1860 4686 quem

260 4712 403 4765 mihi
446 4710 715 4779 gloriosus
764 4709 993 4767 domnus
1021 4711 1327 4765 Clotharius
1364 4726 1459 4764 rex
1502 4726 1599 4765 suo
1639 4726 1860 4765 munere

258 4801 572 4867 concessit,
604 4801 692 4854 ubi
723 4800 981 4856 Eusebius
1008 4801 1276 4870 quondam
1304 4801 1469 4856 laicus
1496 4802 1680 4857 vineas
1710 4802 1861 4871 plan-

260 4893 448 4955 tavit,
481 4898 538 4944 et
568 4906 667 4944 nos
720 4900 905 4959 postea
935 4901 990 4945 et
1026 4893 1289 4962 mancipia
1334 4892 1634 4962 posuimus,
1690 4894 1861 4962 ipsum

260 4982 539 5037 locellum
569 4997 689 5035 cum
717 4984 862 5037 omni
887 4984 1195 5053 integritate
1221 4984 1362 5051 quod
1400 4983 1595 5037 ibidem
1626 4984 1864 5051 aspicere

259 5074 522 5139 videtur,
551 5081 722 5127 totum
751 5084 807 5130 et
835 5075 903 5129 ad
938 5076 1199 5145 integrum
1226 5084 1411 5130 sancta
1441 5075 1655 5129 basilica
1680 5077 1863 5130 domui

260 5162 425 5217 Petri
467 5175 525 5217 et
552 5162 701 5218 Pauli
748 5166 814 5219 ad
861 5182 1011 5220 suam
1054 5176 1272 5222 revocet
1316 5167 1769 5231 dominationem,
1812 5176 1867 5222 et

258 5253 632 5310 medietatem
682 5254 750 5309 de
796 5256 965 5311 vineis
993 5272 1258 5325 pronepos
1286 5271 1434 5311 mens
1474 5254 1869 5313 Leutbramnus

256 5356 337 5401 et
365 5345 565 5414 conjux
597 5362 692 5401 sua
720 5348 1107 5417 perpetualiter
1127 5349 1339 5402 valeant
1366 5347 1660 5417 pnssidere.

354 5433 601 5489 Basilica:
643 5436 824 5491 domui
865 5447 919 5491 et
948 5439 1230 5507 peculiaris
1257 5439 1451 5508 patrini
1483 5439 1585 5492 mei
1615 5439 1868 5494 Germani

255 5528 547 5597 episcopi,
579 5528 669 5598 qui
702 5545 787 5583 me
821 5530 1131 5586 dulcissime
1160 5531 1447 5595 enntrivit,
1480 5538 1534 5584 et
1562 5548 1655 5586 sua
1684 5541 1867 5586 sancta

256 5619 559 5685 oratione,
592 5622 698 5675 acsi
730 5621 1030 5689 indignant,
1061 5622 1127 5675 ad
1152 5621 1435 5675 sacerdotii
1458 5622 1716 5676 honorem
1748 5637 1869 5690 per-

257 5711 473 5777 duxit,
507 5712 551 5768 si
582 5712 884 5782 supersistit
921 5720 979 5766 ut
1018 5712 1071 5765 in
1100 5711 1319 5766 basilica
1361 5710 1544 5767 domui
1570 5712 1864 5779 Vincentii,

701 5845 973 5905 ΡΑτῖωι.
1023 5842 1260 5904 LXXX

1964 4531 2358 4586 Cenomannica
2408 4538 2463 4584 et
2509 4530 2758 4598 prmdicta
2806 4528 3024 4581 basilica
3070 4527 3251 4581 domui
3297 4526 3443 4582 Petri
3491 4538 3545 4582 et

1965 4619 2114 4674 Pauli
2155 4618 2440 4684 inferatur;
2483 4627 2538 4672 et
2576 4633 2748 4684 areas,
2780 4632 2897 4686 qua:
2944 4617 3072 4672 foris
3106 4618 3337 4673 civitatis
3382 4629 3540 4684 sunt,

1966 4711 2212 4779 idemque
2242 4709 2598 4764 communiter
2622 4708 2952 4778 possideant.

2035 4799 2093 4853 Id
2147 4799 2521 4855 constituimus
2575 4800 3001 4864 observandum,
3062 4808 3120 4854 ut
3164 4798 3419 4869 quicquid
3459 4798 3546 4853 die

1968 4892 2144 4946 obitus
2170 4890 2273 4944 mei
2302 4890 2353 4943 in
2386 4889 2545 4943 domo
2596 4890 2842 4959 superius
2869 4891 3140 4944 nominata
3170 4889 3420 4956 Parisius,
3451 4897 3547 4943 aut

1969 4983 2019 5035 in
2047 4996 2210 5035 unum
2233 4989 2323 5034 aut
2346 4981 2398 5033 in
2420 4981 2740 5047 quibuslibet
2769 4982 2943 5044 rebus,
2959 4996 3077 5049 qua:
3098 4988 3291 5034 nostras
3316 4979 3545 5048 propriae

1969 5088 2087 5127 esse
2117 5081 2442 5141 noscuntur,
2480 5075 2758 5143 aequaliter
2789 5072 3012 5128 heredes
3043 5087 3189 5126 meas
3228 5081 3409 5126 sancta
3440 5069 3541 5125 Ec-

1968 5165 2131 5220 clesia
2160 5163 2552 5218 Cenomannica
2585 5174 2637 5217 et
2665 5166 2880 5219 basilica
2910 5162 3090 5217 domui
3139 5160 3283 5219 Petri
3312 5173 3366 5215 et
3394 5160 3545 5215 Pauli

1970 5258 2109 5311 inter
2138 5271 2196 5311 se
2224 5256 2483 5310 dividant.
2522 5255 2676 5310 Paene
2705 5257 2834 5309 mihi
2883 5256 2933 5309 in
2965 5253 3235 5307 oblivione
3260 5251 3359 5306 fuit
3398 5254 3543 5322 posi-

1971 5355 2117 5412 tum;
2162 5345 2255 5399 sed
2285 5345 2463 5399 divina
2494 5345 2784 5413 inSpirante
2820 5353 2987 5411 grata
3019 5342 3327 5397 memoravi.
3360 5341 3544 5397 Vinio-

1971 5438 2049 5491 las
2077 5453 2232 5492 secus
2260 5452 2449 5492 arenas
2473 5437 2623 5506 juxta
2654 5437 2794 5506 quod
2826 5437 2965 5506 ipsas
2985 5434 3213 5489 maxima
3244 5434 3310 5489 de
3330 5434 3545 5491 deserto

1971 5530 2283 5599 recuperavi
2308 5529 2390 5582 vel
2426 5528 2674 5591 adunavi,
2704 5528 2769 5581 de
2790 5528 2901 5597 ipsa
2930 5540 3087 5579 arena
3116 5540 3284 5595 usque
3313 5526 3378 5580 ad
3406 5536 3544 5580 stra-

1971 5619 2037 5673 da
2062 5618 2205 5687 quod
2227 5619 2470 5675 clausura
2498 5619 2609 5687 ipsa
2639 5617 3026 5684 circumcingit,
3054 5616 3199 5685 quod
3225 5618 3337 5688 ipsa
3358 5628 3544 5673 sancta

1972 5711 2188 5769 basilica
2212 5710 2393 5766 domui
2416 5708 2557 5766 Petri
2579 5718 2631 5766 et
2655 5708 2801 5765 Pauli
2832 5710 3078 5779 praesenti
3109 5718 3351 5782 tempore
3375 5711 3535 5782 possi-

3072 5842 3143 5903 13
