3928 6176
409 344 510 400 395

1150 340 1395 397 SANCTI
1435 333 1948 394 BliRTlCllRMlNl
1991 328 2516 387 CENOMANENSIS
2559 326 2869 384 EPISCOPI

3559 333 3651 386 595

404 462 532 516 dere
562 459 785 514 videtur.
815 456 1052 524 Itemque
1082 453 1348 517 vineolas,
1395 449 1609 520 pradela
1641 447 1725 502 vel
1753 454 1980 502 terratu-
2010 441 2058 500 Δ
2088 440 2141 493 in
2171 442 2418 495 omnibus
2448 440 2530 495 vel
2572 455 2832 494 venerare
2875 439 3118 494 debetur.
3156 439 3442 496 Precamur
3468 443 3651 502 domno

406 554 542 608 rium
569 593 583 618 ,
611 549 752 619 quod
779 548 829 600 in
863 548 1082 599 dextera
1113 552 1266 613 parte
1297 543 1363 597 de
1402 541 1580 596 strada
1612 548 1695 593 est
1723 544 1810 608 qui
1843 536 1989 591 vadit

407 643 470 698 ad
496 641 860 707 Pontileugua,
885 652 1042 705 quem
1068 635 1133 690 de
1157 633 1443 688 venerabili
1470 631 1634 685 fratre
1659 643 1778 683 meo
1802 627 1987 681 Eoladi

406 734 597 788 abbate
612 730 933 800 comparavi,
949 743 1068 797 qua:
1089 729 1138 780 in
1164 725 1329 796 ipsius
1351 722 1582 779 basilica:
1599 720 1852 790 oppidum
1869 733 1988 773 esse

406 822 678 886 noscitur;
724 835 848 876 cum
895 819 1102 886 brugilo
1147 831 1308 888 quem
1351 815 1418 869 de
1450 814 1614 868 fratre
1643 827 1764 866 meo
1797 809 1988 865 [.eusio

402 914 594 968 abbate
617 913 770 968 datos
797 910 1151 981 quadraginta
1179 908 1383 964 solidos
1411 905 1638 969 redemi,
1672 911 1726 958 et
1749 901 1987 971 campel-

400 1006 483 1060 los
511 1019 645 1073 quos
691 1017 810 1056 cum
859 1003 974 1071 ipso
1024 999 1219 1054 abbate
1259 996 1740 1059 commutaviinus,
1773 1006 1891 1064 qum
1922 991 1988 1044 ad

401 1097 609 1152 alveum
639 1094 810 1149 Sartre
831 1135 844 1158 ,
877 1108 998 1148 cum
1034 1099 1189 1161 prato
1219 1090 1308 1159 qui
1340 1097 1420 1144 est
1450 1087 1517 1142 al
1542 1085 1852 1146 confluens,
1905 1091 1989 1138 to-

405 1197 515 1240 tum
540 1192 594 1240 et
623 1183 687 1239 ad
719 1183 981 1251 integrum
1009 1196 1129 1235 cum
1157 1179 1538 1245 servientibus,
1569 1192 1705 1246 quos
1734 1175 1862 1230 inibi
1889 1189 1992 1244 p0-

405 1280 518 1346 sui,
550 1286 641 1333 aut
683 1276 857 1331 adhuc
894 1275 1108 1330 Christo
1139 1273 1376 1343 propitio
1404 1286 1608 1342 ponere
1641 1279 1870 1340 potuero
1891 1307 1906 1332 ,
1937 1275 1994 1320 et

406 1371 570 1427 modo
599 1371 666 1426 ad
696 1371 806 1440 ipsa
827 1378 1011 1424 sancta
1044 1367 1261 1424 basilica
1291 1366 1344 1420 in
1376 1365 1470 1419 Dei
1494 1365 1710 1419 nomine
1749 1361 1994 1432 posside-

409 1472 515 1531 tur,
545 1463 598 1517 in
621 1470 876 1533 perpetuo
904 1461 937 1516 d
961 1462 1230 1515 miinetur.
1255 1458 1428 1512 Simili
1454 1456 1613 1511 modo
1639 1455 1981 1509 medietatem

409 1555 477 1610 de
504 1555 748 1610 colonico
785 1552 1091 1617 Vatilonno,
1131 1565 1288 1621 quem
1318 1550 1384 1604 de
1417 1549 1624 1604 Berone
1669 1548 1722 1602 in
1776 1546 1993 1601 nomine

409 1645 574 1713 ipsius
597 1653 793 1699 sancte
822 1643 1057 1696 basilicae
1089 1641 1428 1710 comparavi,
1459 1647 1516 1694 et
1543 1639 1703 1693 aliam
1734 1637 1992 1692 medieta-

412 1747 543 1804 tem,
571 1752 730 1805 quam
763 1735 982 1790 illustris
1027 1743 1269 1788 matrona
1315 1732 1519 1804 Egydia
1551 1732 1616 1785 ad
1659 1732 1832 1801 ipsum
1882 1745 1994 1784 san-

2092 540 2147 585 et
2172 530 2407 600 pontifici
2434 531 2731 588 successori
2767 541 2972 596 nostro,
3006 541 3060 587 et
3082 548 3178 602 per
3207 533 3372 588 Deum
3404 534 3658 596 Trinitatis

2093 623 2457 692 coniuramus,
2488 632 2543 677 ut
2570 623 2636 678 de
2676 623 2830 678 villas
2869 639 3004 693 quas
3050 637 3152 692 ego
3196 634 3394 680 sanctze
3422 625 3657 684 Ecclesia:

2093 735 2190 788 per
2229 720 2371 773 hunc
2394 718 2576 774 foliqu
2625 719 2932 773 testamenti
2980 719 3254 788 delegavi,
3287 721 3367 774 vel
3397 736 3511 790 qua:
3554 740 3662 780 meo

2094 797 2344 880 tempore.
2372 811 2688 880 conquisita:
2716 819 2862 879 sunt,
2905 811 2988 865 vel
3030 813 3082 866 in
3113 812 3455 868 donationem
3485 826 3663 870 sancta:

2093 902 2349 958 Ecclesiae
2394 912 2792 973 pervenerunt,
2842 917 2908 958 ex
2939 903 3190 958 omnibus
3230 904 3314 958 vel
3357 904 3408 958 in
3437 907 3665 961 omnibus

2094 994 2332 1051 decimas
2379 1008 2627 1058 annoum,
2668 995 2797 1058 vini,
2828 996 2994 1059 casei,
3029 994 3184 1074 lardi,
3229 1010 3417 1049 omnes
3444 995 3665 1052 decimas

2096 1087 2149 1140 in
2179 1085 2340 1141 domo
2380 1087 2494 1154 ipsa
2517 1087 2690 1140 sancti
2736 1084 3014 1141 Michaelis
3042 1087 3351 1155 archangeli
3381 1089 3532 1145 annis
3562 1092 3660 1144 sin-

2093 1177 2229 1245 gulis
2279 1179 2705 1246 congregemur,
2765 1178 2906 1232 sicut
2956 1187 3142 1233 nostro
3195 1188 3438 1248 tempore
3491 1192 3654 1238 actum

2093 1267 2213 1331 fuit,
2244 1275 2299 1322 et
2341 1268 2664 1337 pauperibus
2695 1268 2779 1322 vel
2807 1270 3104 1338 peregrinis
3135 1271 3187 1324 in
3211 1284 3397 1325 eorum
3428 1273 3663 1328 alimonia

2093 1357 2430 1413 ministretur
2472 1376 2484 1412 :
2517 1359 2643 1428 quia
2705 1374 2804 1414 nec
2845 1369 3030 1414 sancta
3069 1359 3308 1416 Ecclesia
3349 1363 3667 1434 dispendium

2094 1448 2354 1518 perferet;
2391 1457 2446 1504 et
2473 1450 2615 1519 quoi
2655 1466 2773 1518 nos,
2803 1454 2901 1507 etsi
2943 1451 3163 1522 indigni,
3195 1455 3287 1523 qui
3318 1456 3664 1526 qualemcum-

2092 1555 2196 1610 que
2239 1539 2419 1596 locum
2445 1542 2730 1598 sacerdotii
2759 1544 2855 1597 visi
2901 1543 3098 1598 fuimus
3138 1560 3437 1616 occupare,
3473 1564 3531 1604 ea
3559 1568 3666 1622 quae

2093 1630 2206 1686 Deo
2234 1641 2502 1688 annuente
2532 1633 2584 1687 in
2615 1635 2944 1704 pauperibus
2971 1635 3273 1694 studuimus
3297 1642 3615 1710 ministrare,
3642 1662 3669 1699 a

2093 1721 2245 1777 vobis
2301 1723 2670 1779 indesinenter
2715 1735 3086 1782 conservetur.
3131 1729 3371 1786 Basilica:
3402 1749 3526 1790 vero
3555 1752 3670 1791 san-

415 1838 561 1883 ctum
590 1804 771 1882 locum
806 1841 899 1896 per
927 1826 1230 1880 donationis
1262 1824 1468 1878 titulum
1495 1823 1914 1890 contulit,jubeo
1938 1830 1996 1876 ut
2025 1804 2071 1861 Β
2101 1816 2171 1870 cti
2203 1815 2346 1870 Petri
2367 1825 2421 1868 et
2450 1815 2596 1870 Pauli
2624 1828 2831 1872 curtem
2862 1819 3004 1873 illam
3035 1835 3158 1876 eum
3190 1838 3345 1878 casas
3372 1840 3507 1895 quas
3535 1828 3672 1883 bona:

407 1918 462 1973 in
503 1919 796 1985 integrum,
839 1919 979 1972 sicut
1016 1933 1046 1972 a
1094 1916 1254 1972 modo
1285 1917 1351 1970 ab
1381 1916 1493 1985 ipsa
1538 1913 1754 1970 basilica
1781 1913 1996 1968 Christo

407 2010 634 2080 praesule
664 2009 986 2080 possidetur,
1016 2016 1073 2063 et
1099 2009 1149 2063 in
1198 2016 1462 2078 perpetuo
1493 2007 1624 2062 inibi
1663 2013 1992 2076 perseveret.

478 2119 543 2174 Et
571 2122 693 2189 quia
739 2121 867 2175 nulli
895 2121 1123 2176 habetur
1155 2121 1482 2191 incognitum
1514 2122 1747 2191 qualiter
1773 2121 1996 2177 Berthe-

406 2209 626 2265 clii~ilus
673 2209 874 2267 inlicito
913 2213 1102 2267 ordine
1139 2222 1326 2268 contra
1375 2213 1593 2268 decreta
1629 2227 1893 2267 canonum
1942 2213 1994 2265 in

405 2299 531 2354 seule
569 2293 660 2354 sua
693 2301 788 2355 fuit
821 2317 1120 2372 aggressus,
1153 2314 1208 2358 et
1230 2304 1451 2358 nimium
1473 2318 1560 2358 res
1585 2313 1787 2358 sancta:
1818 2304 1994 2357 Maria:

407 2391 486 2444 vel
514 2407 660 2446 meas
688 2394 931 2462 proprias
948 2395 1224 2463 generavit
1252 2410 1350 2463 pro
1371 2394 1453 2448 his
1482 2395 1854 2464 gravissimum
1883 2395 1993 2448 dis-

403 2484 681 2550 pendium;
728 2484 867 2538 unde
893 2485 1053 2538 etiam
1084 2501 1189 2539 non
1218 2494 1275 2539 ut
1301 2485 1486 2540 debuit
1516 2485 1858 2550 restauravit,
1893 2482 1990 2536 nisi

404 2576 668 2644 parvitate
697 2591 792 2644 per
827 2590 912 2631 res
943 2577 1189 2646 proprias
1235 2591 1383 2632 meas
1410 2618 1424 2642 ,
1467 2592 1602 2646 quas
1632 2577 1773 2630 malo
1803 2575 1994 2630 ordine

406 2669 745 2736 distraxerat,
780 2669 968 2724 locella
1009 2687 1128 2726 cum
1175 2680 1322 2726 carta
1352 2670 1674 2726 venditionis
1697 2668 1863 2734 dedit,
1887 2668 1994 2724 hoc

407 2765 489 2812 est
515 2773 634 2811 cum
666 2757 911 2813 domibus
934 2801 948 2824 ,
983 2775 1104 2814 cum
1137 2759 1357 2813 Bariaco
1383 2768 1437 2815 et
1466 2758 1654 2814 Vivale
1684 2759 1990 2828 portionem

398 2863 549 2904 suam
579 2849 630 2902 in
659 2849 921 2918 iut*grum
954 2850 1108 2904 nobis
1135 2850 1389 2905 vendidit.
1424 2849 1489 2904 Et
1520 2858 1706 2920 postea
1735 2865 1854 2905 cuni
1886 2850 1988 2904 alia

399 2940 514 2994 vice
551 2940 816 3008 g‘oriosns
857 2939 1088 2994 domnus
1137 2939 1443 2996 Clotharius
1473 2941 1542 2996 de
1581 2954 1748 3010 regno
1781 2956 1880 2995 suo
1937 2941 1988 2995 in

398 3030 603 3087 insidiis
630 3031 886 3100 pertulit,
918 3043 973 3086 et
1000 3031 1192 3087 iterum
1223 3045 1324 3101 ego
1359 3039 1581 3102 propter
1630 3033 1804 3102 ipsum
1836 3033 1991 3088 valde

398 3124 452 3176 in
483 3123 791 3192 captivitate
837 3123 907 3177 fui
927 3162 942 3188 ,
973 3131 1028 3176 et
1077 3123 1128 3177 in
1173 3123 1288 3193 ipso
1318 3138 1417 3178 nec
1466 3123 1824 3178 nominandus
1854 3121 1988 3177 Ber-
2015 3154 2061 3216 ε

400 3213 695 3280 thegisilius
751 3213 943 3266 iterum
1003 3222 1244 3267 vastator
1300 3212 1552 3268 Ecclesim
1603 3215 1872 3278 accessit,
1929 3222 1984 3268 et

400 3311 545 3355 earta
577 3302 686 3368 ipsa
719 3315 877 3369 quam
919 3302 1068 3370 prius
1113 3301 1346 3366 fecerat,
1395 3301 1449 3356 in
1486 3301 1703 3357 archivo
1734 3299 1984 3357 Ecclesiae

400 3393 638 3458 invenit,
671 3407 787 3446 eam
839 3391 944 3461 igni
973 3393 1216 3448 comburi
1261 3395 1554 3464 prtecepit,
1598 3394 1675 3448 sic
1705 3394 1778 3448 illi
1819 3394 1986 3462 judex

400 3485 716 3539 metuendus
762 3493 922 3554 atque
961 3485 1213 3542 terribilis
1262 3501 1359 3556 pro
1407 3488 1568 3542 rebus
1597 3487 1706 3540 suis
1753 3502 1875 3542 cum
1918 3501 1986 3540 eo

401 3579 565 3642 ponat
601 3574 880 3644 judicium.
929 3574 995 3629 Et
1043 3584 1326 3646 postquam
1356 3576 1604 3632 dominus
1646 3586 1827 3632 noster
1865 3592 1984 3633 cum

399 3668 677 3724 voluntate
727 3667 819 3722 Dei
874 3684 976 3723 una
1025 3684 1146 3724 cum
1196 3669 1456 3740 pmcelso
1510 3670 1839 3726 consubrino
1888 3685 1985 3724 suo

400 3758 738 3816 Teudoberto
803 3776 930 3829 rege
987 3761 1267 3817 caritatem
1324 3761 1506 3827 inivit,
1571 3769 1626 3816 et
1683 3761 1986 3816 voluntarie

400 3853 750 3920 quantitatem
774 3853 838 3906 de
868 3866 1033 3920 regno
1072 3868 1170 3908 suo
1212 3854 1433 3924 recepit,
1467 3862 1522 3908 et
1549 3868 1647 3908 nos
1676 3853 1868 3908 locella
1899 3855 1986 3908 illa

400 3945 694 3998 obsistente
714 3943 779 3996 ad
806 3944 1288 4000 domininationem
1315 3953 1554 4000 nostram
1582 3949 1983 4004 revocavimus.

406 4037 755 4107 Camparia'co
779 4053 930 4103 vero,
957 4037 1208 4102 Estivale,
1237 4053 1356 4092 cum
1386 4039 1655 4105 domibus,
1685 4040 1984 4111 mancipiis,

403 4131 590 4194 vineis,
625 4137 678 4183 et
717 4128 882 4190 silvis,
916 4128 1105 4197 pratis,
1150 4128 1322 4196 aquis,
1355 4144 1723 4198 aquarumque
1751 4130 1989 4184 decursi-

407 4224 526 4288 bus,
553 4230 608 4276 et
631 4220 751 4290 jure
779 4236 962 4275 earum
997 4219 1078 4275 vel
1109 4235 1321 4275 omnem
1347 4221 1635 4290 peculium,
1666 4231 1863 4277 sancta:
1894 4223 1990 4278 ba-

405 4312 568 4366 silice
604 4311 785 4366 domui
826 4309 968 4366 Petri
1013 4319 1069 4364 et
1110 4309 1259 4365 Pauli
1301 4310 1508 4380 delego.
1539 4311 1741 4367 Perfeci
1784 4312 1990 4368 scilicet

407 4405 650 4470 domum,
678 4419 796 4474 qua:
827 4405 968 4459 infra
1001 4419 1203 4470 muros,
1236 4405 1288 4458 in
1320 4403 1507 4460 dextra
1537 4413 1691 4474 parte
1713 4405 1780 4460 de
1810 4415 1988 4476 poste-

2099 1907 2369 1962 memoriae
2408 1907 2666 1964 Romolos
2693 1909 2963 1979 quondam
2994 1914 3276 1984 presbyter
3321 1915 3672 1975 Cenomannis

2097 2002 2150 2055 in
2196 2001 2469 2056 civitatem
2518 2002 2727 2067 tenuit,
2758 2012 2814 2058 et
2843 2003 3062 2057 domum
3102 2005 3283 2073 illam,
3310 2022 3430 2076 qua:
3483 2012 3668 2065 nostris

2097 2092 2426 2160 temporibus
2445 2107 2606 2160 supra
2635 2107 2818 2147 muros
2839 2093 3142 2160 aedificavit,
3175 2103 3231 2149 et
3258 2112 3356 2151 nos
3388 2107 3444 2153 et
3470 2115 3670 2156 manum

2097 2183 2162 2237 ad
2193 2184 2297 2238 hoc
2326 2183 2684 2253 porreximus,
2709 2192 2765 2239 et
2788 2193 2976 2254 postea
3001 2184 3074 2239 de
3095 2195 3258 2256 nepte
3286 2202 3386 2242 sua
3407 2204 3674 2261 compara-

2098 2280 2308 2347 vimus;
2342 2281 2533 2336 domus
2556 2282 2697 2352 ipsas
2724 2283 2866 2336 sicut
2887 2297 2918 2335 a
2945 2283 3194 2352 przesenti
3224 2291 3470 2354 tempore
3506 2285 3556 2340 in
3585 2285 3668 2340 Dei
3697 2277 3703 2284 ί

2098 2372 2313 2427 nomine
2341 2373 2407 2428 ab
2431 2373 2544 2442 ipsa
2587 2379 2772 2428 sancta
2817 2372 3038 2427 basilica
3082 2358 3453 2442 possidentur;
3484 2390 3598 2430 cum
3624 2375 3672 2429 id

2095 2459 2345 2530 quicquid
2382 2460 2512 2514 inibi
2560 2460 2860 2514 laboratum
2892 2460 3084 2529 fuerit,
3125 2468 3217 2515 aut
3245 2471 3375 2516 ante
3414 2463 3499 2518 vel
3547 2465 3669 2520 meis

2097 2551 2430 2618 temporibus
2450 2549 2778 2618 subjectum,
2806 2558 2979 2604 totum
3001 2558 3055 2603 et
3081 2549 3149 2604 ad
3175 2553 3446 2620 integrum
3467 2551 3668 2622 praefata

2097 2639 2333 2696 Ecclesia
2382 2640 2586 2709 absque
2636 2641 2796 2696 ullius
2855 2640 3240 2712 impedimento
3293 2644 3670 2714 perpetualiter

2097 2734 2276 2789 valeat
2303 2733 2605 2804 possidere.

2165 2845 2375 2902 Sancta:
2403 2845 2654 2902 Ecclesiae
2686 2847 2881 2902 herede
2911 2863 3029 2902 mea
3056 2848 3200 2904 dono
3229 2849 3377 2916 villa,
3413 2849 3497 2906 cui
3525 2863 3669 2904 voca-

2095 2937 2278 2992 bulum
2325 2946 2409 2993 est
2437 2936 2893 3003 Graudefontana,
2924 2954 3044 3008 qua:
3089 2940 3215 2996 dato
3244 2942 3425 3011 pretio
3450 2942 3516 2997 de
3547 2941 3673 2996 Vad-

2093 3029 2288 3086 doleno
2318 3029 2580 3100 contpatri
2622 3045 2744 3085 meo
2791 3028 2900 3085 filio
2941 3031 3156 3088 Bavone
3185 3033 3527 3103 comparavi,
3558 3047 3667 3088 eum

2093 3120 2237 3178 omni
2255 3120 2377 3188 jure
2396 3120 2480 3174 vel
2503 3121 2789 3175 terminum
2819 3136 2996 3175 suum.
3016 3120 3092 3176 Te
3116 3137 3262 3187 vero,
3287 3132 3478 3179 sancta
3501 3123 3672 3178 basili-

2093 3229 2155 3269 ca
2185 3213 2366 3268 domui
2395 3211 2538 3268 Petri
2567 3220 2622 3266 et
2652 3210 2825 3282 Pauli,
2854 3211 2998 3267 dono
3019 3213 3142 3267 villa
3171 3212 3485 3277 Conadaco,
3521 3228 3670 3283 quem

2087 3305 2154 3359 de
2181 3301 2471 3359 Belletrudi
2498 3303 2612 3357 sive
2643 3303 2868 3358 Bettane
2896 3312 3166 3367 matrona,
3195 3304 3381 3359 relicta
3405 3306 3664 3376 quondam

2088 3392 2310 3448 Maurini
2330 3433 2345 3460 ,
2377 3392 2502 3448 dato
2533 3392 2704 3462 pretio
2734 3393 3074 3462 comparavi,
3107 3409 3225 3449 cum
3255 3392 3470 3450 Colicas
3490 3395 3669 3462 villas,

2087 3503 2220 3559 quas
2250 3498 2435 3558 postea
2457 3486 2584 3542 dato
2607 3486 2781 3556 pretio
2811 3485 2876 3540 de
2903 3486 3202 3541 Betholeno
3227 3487 3311 3541 vel
3338 3485 3670 3558 Mantharigo

2086 3597 2210 3637 cum
2257 3579 2418 3636 silvas
2446 3581 2532 3635 vel
2579 3579 2729 3635 omni
2769 3580 3068 3648 adjacentia
3107 3581 3174 3636 ad
3215 3596 3275 3637 se
3320 3584 3670 3651 pertinentes,

2087 3690 2207 3730 cum
2231 3674 2475 3729 domibus
2501 3683 2553 3728 et
2581 3673 2897 3743 mancipiis,
2935 3674 3076 3728 sicut
3121 3673 3232 3741 jam
3261 3673 3312 3727 in
3344 3682 3438 3728 tua
3478 3674 3671 3729 ditione

2090 3764 2312 3830 tradidi,
2341 3780 2464 3820 cum
2495 3765 2780 3821 mobilibus
2819 3773 2875 3820 et
2912 3764 3361 3834 immobilibusoin
3415 3765 3671 3834 integrum

2088 3859 2213 3914 volo
2241 3872 2366 3913 esse
2381 3857 2637 3912 donatum
2665 3898 2680 3923 ,
2712 3871 2835 3913 cum
2866 3859 3095 3926 agellum
3128 3859 3305 3924 illum,
3337 3861 3560 3916 nomine
3588 3858 3673 3912 Ti-

2089 3953 2295 4022 miago,
2325 3967 2486 4022 quem
2532 3950 2640 4007 filio
2670 3960 2728 4006 et
2769 3959 2993 4022 parente
3033 3966 3156 4006 meo
3186 3950 3405 4008 Berulfo
3452 3952 3520 4006 ad
3549 3968 3672 4006 usu-

2089 4020 2380 4097 fructuario
2426 4020 2784 4111 possidemus,
2841 4049 2895 4096 et
2943 4051 3068 4110 post
3110 4056 3289 4096 meum
3343 4042 3552 4097 obitum
3611 4041 3675 4094 ad

2091 4142 2234 4186 tuam
2261 4146 2482 4187 revoces
2502 4140 2846 4202 potestatem.
2876 4130 3194 4186 Dulcissimo
3221 4139 3422 4200 nepote
3449 4147 3570 4188 meo
3595 4132 3677 4185 Si-

2090 4223 2368 4290 gechelmo
2414 4222 2541 4277 licet
2585 4221 2695 4290 jam
2741 4237 2839 4292 per
2882 4221 3189 4277 donationis
3239 4221 3457 4276 titulum
3499 4221 3672 4277 villain

2091 4315 2425 4382 Murocincto
2456 4314 2715 4369 anteactis
2744 4313 3078 4384 temporibus
3122 4313 3360 4378 contuli,
3409 4327 3572 4382 quam
3610 4327 3676 4366 ex

2091 4407 2436 4463 successione
2463 4407 2646 4462 domui
2671 4415 2726 4462 et
2745 4407 3003 4477 genitoris
3019 4407 3123 4462 mei
3146 4406 3384 4477 legitime
3414 4405 3676 4463 reddeba-

411 4493 542 4550 riola
570 4510 690 4549 meo
719 4511 882 4564 opere
910 4495 1163 4551 :edilicavi
1183 4535 1199 4560 ,
1231 4496 1321 4551 ubi
1352 4497 1674 4552 oratoriolus
1702 4497 1755 4552 iu
1786 4499 1990 4555 honore
2021 4516 2069 4576 ι)
2095 4508 2203 4564 tur,
2248 4508 2304 4554 et
2349 4508 2535 4568 postea
2581 4499 2712 4554 meis
2759 4499 2993 4568 peccatis
3033 4497 3346 4553 facientibus
3392 4513 3681 4568 germanus

411 4584 582 4640 sancti
613 4583 886 4640 Michaelis
937 4586 1246 4655 archangeli
1291 4596 1632 4643 constructus
1682 4597 1802 4656 est,
1850 4591 1996 4644 volui

415 4685 474 4730 ut
503 4678 641 4746 ipsas
671 4675 857 4731 domus
883 4685 938 4731 et
975 4678 1194 4733 basilica
1230 4680 1400 4734 sancti
1430 4679 1572 4735 Petri
1603 4689 1659 4736 et
1696 4681 1847 4736 Pauli
1876 4697 1996 4738 esse

414 4768 704 4822 debuisset.

485 4859 621 4915 Dum
665 4874 762 4913 nos
790 4872 909 4913 cum
940 4859 1138 4913 domno
1167 4859 1442 4917 Clothario
1471 4877 1598 4932 rege
1629 4879 1727 4934 pro
1760 4864 1862 4919 lide
1898 4881 1997 4919 no-

414 4960 524 5006 stra
547 4959 601 5005 et
628 4964 812 5005 amore
835 4948 974 5003 illius
1001 4949 1200 5003 drtenti
1228 4949 1443 5017 fuimus,
1471 4953 1725 5022 pistrinus
1749 4952 1996 5010 Ecclesiae

416 5055 540 5101 ante
570 5045 682 5114 ipsa
709 5043 870 5098 domo
895 5051 1203 5097 constructa
1226 5052 1328 5107 est,
1360 5053 1645 5114 propterea
1677 5047 1728 5100 in
1759 5045 1841 5102 his
1866 5047 1999 5102 locis

420 5137 657 5194 Ecclesia
707 5135 971 5206 stipendia
1021 5144 1075 5189 et
1127 5135 1453 5201 madricola,
1509 5153 1669 5208 quam
1719 5153 1820 5208 ego
1871 5139 1998 5192 inibi

417 5229 582 5293 erexi,
615 5227 839 5297 supplex
870 5240 1054 5295 quaeso
1077 5225 1296 5281 domino
1326 5242 1448 5282 meo
1470 5227 1727 5298 pontifici,
1751 5229 1842 5297 qui
1870 5229 1998 5282 mihi

415 5337 691 5379 successor
717 5319 916 5384 fuerit,
961 5327 1018 5373 ut
1045 5319 1191 5374 omni
1224 5327 1469 5390 tempore
1514 5320 1810 5374 madricola
1853 5321 1994 5390 ipsa,

416 5417 554 5472 sicut
583 5430 752 5485 usque
781 5430 923 5470 nunc
971 5415 1024 5468 in
1072 5416 1151 5470 eis
1195 5416 1526 5486 temporibus
1567 5415 1833 5484 stipendia
1873 5430 2000 5484 pro-

417 5510 642 5577 meruit,
673 5516 729 5563 et
753 5523 965 5578 semper
996 5509 1209 5564 inantea
1241 5508 1578 5563 ministrante
1604 5516 1784 5562 sancta
1816 5507 2000 5563 Eccle-

420 5596 497 5650 sia
523 5598 712 5662 alatur,
745 5607 800 5652 et
828 5598 1018 5654 domus
1055 5599 1167 5667 ipsa
1206 5599 1275 5654 sit
1306 5598 1371 5652 ad
1399 5599 1761 5668 receptionein
1785 5599 2000 5669 pontifi-

422 5701 564 5752 cum,
607 5689 691 5742 vel
730 5689 1010 5759 religiosos
1038 5690 1127 5759 qui
1160 5689 1227 5743 ad
1277 5691 1449 5759 ipsum
1496 5689 1788 5745 oratorium
1819 5691 1999 5746 deser-

423 5777 572 5834 viunt
598 5797 608 5831 :
636 5779 760 5849 quia
789 5788 842 5836 et
872 5780 1098 5835 virtutes
1123 5779 1195 5836 ibi
1225 5788 1452 5838 ostensze
1481 5789 1625 5850 sunt,
1658 5789 1712 5836 et
1733 5781 2000 5840 honorare

2098 4605 2252 4646 meus
2299 4588 2600 4644 Berthulfus
2645 4590 2700 4643 in
2741 4588 3136 4659 expeditionem
3193 4588 3374 4643 domui
3417 4587 3678 4643 Clotharii

2097 4683 2238 4750 regis
2281 4682 2596 4736 interemtus
2646 4680 2759 4746 fuit,
2806 4687 2861 4736 et
2901 4680 3082 4749 portio
3128 4694 3221 4734 sua
3269 4680 3401 4734 mihi
3447 4680 3681 4749 legitime

2099 4771 2348 4838 obvenit,
2390 4771 2532 4826 volui
2585 4772 2638 4824 in
2687 4772 2831 4826 hunc
2877 4778 3258 4826 testamentum
3306 4785 3487 4826 meum
3536 4786 3682 4826 com-

2097 4863 2387 4932 prehendi,
2420 4872 2478 4916 ut
2504 4872 2608 4916 tam
2641 4862 2783 4933 quod
2822 4863 2970 4933 prius
3013 4861 3062 4917 ei
3087 4861 3236 4925 dedi,
3265 4877 3429 4931 quam
3457 4872 3514 4918 et
3541 4860 3681 4931 quod

2100 4964 2287 5024 postea
2333 4956 2460 5010 mihi
2490 4955 2559 5010 de
2606 4970 2863 5024 germano
2889 4970 3010 5010 meo
3047 4955 3300 5022 obvenit,
3330 4964 3506 5010 totum
3535 4963 3588 5008 et
3617 4950 3680 5004 ad

2101 5047 2363 5115 integrum
2395 5048 2508 5117 ipse
2533 5062 2700 5116 nepos
2726 5060 2878 5100 meus
2901 5087 2914 5112 ,
2948 5045 3073 5099 villa
3103 5045 3214 5114 ipsa
3247 5059 3367 5098 eum
3395 5043 3646 5098 domibus
3668 5081 3683 5102 ,

2100 5138 2397 5206 mancipiis,
2437 5137 2626 5202 vineis,
2670 5137 2891 5206 campis,
2924 5152 3019 5207 pra
3047 5136 3109 5201 is,
3139 5137 3306 5202 silvis,
3329 5135 3482 5202 aquis
3514 5149 3684 5204 aqua-

2100 5242 2288 5282 rumve
2324 5226 2664 5292 decursibus,
2695 5227 2982 5282 mobilibus
3021 5233 3076 5281 et
3115 5224 3510 5289 immobilibus,
3552 5225 3688 5278 sicut

2103 5323 2203 5376 hoc
2227 5321 2634 5392 jampossidere
2655 5320 2886 5384 videtur,
2919 5328 2972 5375 et
3003 5319 3102 5390 ipsi
3134 5327 3190 5374 et
3216 5317 3416 5372 sobolis
3447 5318 3532 5372 sui
3563 5331 3684 5385 per-

2099 5414 2386 5483 petualiter
2429 5414 2754 5468 dominetur.
2799 5411 2977 5466 Tertia
3007 5425 3139 5464 vero
3175 5408 3422 5480 portione
3461 5405 3532 5462 de
3576 5406 3607 5470 i,
3631 5419 3686 5457 sa

2101 5505 2225 5558 villa
2268 5504 2630 5565 lllurocincto,
2663 5518 2822 5572 quem
2872 5503 3027 5557 bona:
3079 5499 3353 5556 memorie
3397 5508 3687 5566 germanus

2102 5611 2253 5651 meus
2280 5591 2618 5650 Ermenulfus
2649 5595 2821 5648 tenuit
2844 5632 2860 5656 ,
2904 5601 2958 5648 et
2987 5593 3158 5663 ipsam
3186 5591 3313 5646 mihi
3343 5587 3491 5644 dedit
3516 5627 3532 5650 ,
3563 5584 3686 5639 dul-

2101 5689 2317 5744 cissimo
2353 5696 2650 5758 pronepote
2679 5702 2808 5742 meo
2831 5685 2941 5740 lilio
2985 5686 3154 5756 ipsius
3181 5679 3500 5752 Sigeehelmi
3521 5720 3537 5742 ,
3592 5692 3691 5731 ne-

2103 5781 2244 5837 mine
2269 5778 2618 5851 Leodefredo,
2649 5785 2774 5850 post
2801 5777 3006 5834 obitum
3030 5792 3206 5834 meum
3230 5775 3350 5831 volo
3373 5784 3494 5829 esse
3518 5769 3694 5826 dona-
