3928 6176
337 357 435 412 587

1736 359 1865 411 Τιιδ
1882 370 1898 409 t
1916 354 2268 411 AMENTUM.

3508 367 3613 423 398

337 482 468 536 tam,
497 469 738 539 exceptis
760 468 864 524 illis
884 482 1021 538 quos
1040 467 1246 534 emisit,
1272 476 1366 522 aut
1393 479 1495 536 ego
1517 467 1587 523 de
1615 467 1929 537 captivitate
1954 469 2005 528 Α
2034 466 2236 534 paravi,
2281 472 2374 520 aut
2398 464 2539 521 unde
2562 467 2691 522 mihi
2732 469 2968 536 obvenit,
3000 485 3121 525 cum
3159 474 3458 544 mancipiis,
3490 491 3612 533 mo-

338 563 573 629 redemi,
619 561 719 633 ipsi
760 560 915 615 liberi
954 568 1319 631 perseverent.
1350 558 1501 614 Casa
1526 574 1657 615 vero
1683 574 1800 630 qua:
1839 566 1922 613 est

340 655 475 711 infra
512 669 700 709 muros
721 652 955 708 civitatis
987 651 1352 708 Cenomannis
1375 693 1391 719 ,
1420 666 1583 722 quam
1613 652 1841 707 domnus
1867 657 1923 705 et

340 747 504 803 frater
532 759 685 799 meus
711 742 1095 799 Chaimoaldus
1138 742 1457 812 episcopus,
1496 742 1624 797 dum
1650 740 1920 797 archidia-

340 834 518 890 conati
571 833 785 888 videtur
838 830 1077 887 ofﬁcium
1151 830 1375 899 fungere
1437 828 1745 893 :ediﬁcavit,
1801 843 1923 884 cum

341 926 537 982 casella
572 938 734 993 quam
779 921 1065 976 Malaricus
1118 919 1377 977 diaconus
1426 920 1625 985 tenuit,
1669 920 1771 975 hoc
1807 919 1927 973 dul-

340 1018 557 1073 cissimo
599 1015 788 1086 nepoti
830 1029 952 1069 meo
985 1014 1343 1084 Sigechelmo,
1374 1014 1460 1068 cui
1490 1029 1583 1069 eas
1628 1012 1770 1080 dedi,
1800 1012 1924 1067 volo

341 1118 400 1163 ut
427 1117 483 1164 et
511 1108 612 1177 ipsi
636 1116 693 1162 et
723 1105 816 1160 ﬁlii
860 1106 943 1162 sui
984 1106 1039 1160 in
1084 1114 1347 1175 perpetuo
1376 1104 1720 1159 dominentur
1753 1120 1766 1156 :
1800 1103 1924 1170 quia

340 1202 431 1256 ubi
460 1214 583 1256 casa
618 1213 759 1256 nova
807 1212 876 1255 ex
924 1213 1079 1255 areas
1121 1197 1237 1253 illas
1271 1206 1611 1268 comparatas
1660 1212 1778 1252 esse
1800 1211 1928 1253 nos-

340 1302 581 1350 εουηιυτ.

414 1382 603 1438 Villam
641 1395 771 1436 vero
803 1378 1110 1445 Patriliaco,
1138 1394 1257 1448 quae
1285 1387 1366 1436 est
1387 1393 1545 1434 secus
1569 1376 1929 1446 Pontochiug-

252 1534 253 1539 η
338 1489 498 1544 gane,
539 1488 698 1542 quem
729 1472 796 1527 de
822 1470 1029 1528 Doleno
1057 1470 1326 1540 quondam
1357 1470 1684 1539 comparavi,
1716 1477 1769 1524 et
1796 1484 1929 1525 ven-

340 1567 605 1623 ditionem
651 1567 705 1623 in
736 1564 954 1619 nomine
994 1570 1303 1617 sanctorum
1350 1559 1498 1616 Petri
1525 1570 1581 1615 et
1622 1559 1795 1623 Pauli,
1844 1559 1934 1615 vel

345 1656 579 1712 basilicae
607 1670 817 1718 eorum,
867 1667 1029 1723 quam
1057 1651 1167 1721 jam
1214 1658 1340 1706 tunc
1386 1657 1630 1719 tempore
1665 1647 1934 1703 aediﬁcare

342 1750 674 1814 videbamus,
723 1757 777 1803 et
807 1756 994 1818 postea
1025 1746 1091 1800 ad
1137 1745 1254 1815 ipsa
1298 1752 1484 1800 sancta
1513 1743 1732 1799 basilica
1780 1742 1930 1798 dele-

2021 556 2218 611 bilibus
2269 563 2324 613 et
2378 557 2768 623 immobilibus,
2818 568 2874 615 et
2916 561 3063 616 omni
3103 560 3225 629 jure
3269 578 3480 634 earum,
3524 569 3613 624 vel

2022 656 2517 717 quantumcumque
2545 648 2721 703 adhuc
2750 648 2819 704 ad
2847 651 2961 721 ipsa
2991 651 3110 707 loca
3153 653 3479 723 subjungere
3522 666 3615 712 aut

2022 754 2341 809 comparare
2392 749 2640 811 potuero,
2697 741 2900 797 habere
2944 741 3108 812 jubeo
3157 759 3221 799 ac
3249 744 3487 801 decerno
3516 746 3614 803 sub

2023 832 2218 888 abbate
2264 833 2352 887 vel
2394 832 2626 889 basilicae
2674 834 2848 889 sancti
2877 833 3021 890 Petri
3051 842 3107 889 et
3148 833 3299 891 Pauli
3343 846 3616 908 potestate

2023 925 2305 980 consistat.
2340 926 2491 982 Licet
2536 926 2918 996 praesumtione
2966 934 3025 981 ut
3072 927 3313 983 dicamus
3371 931 3612 1000 synodo-

2025 1015 2134 1071 chii
2191 1016 2343 1073 locus
2390 1019 2480 1082 sit,
2533 1017 2658 1072 dum
2705 1033 2929 1088 parvum
2978 1018 3050 1073 ibi
3080 1019 3377 1083 intulimus,
3434 1030 3611 1078 tamen

2024 1115 2217 1177 potens
2246 1117 2327 1162 est
2354 1108 2495 1164 Deus
2532 1118 2587 1164 et
2615 1108 2729 1178 ipse
2770 1116 2988 1163 sanctus
3019 1108 3218 1164 athleta
3257 1108 3455 1164 Christi
3484 1110 3615 1165 inibi

2026 1198 2257 1268 plurima
2286 1197 2550 1264 conferre,
2606 1199 2748 1253 unde
2792 1214 3059 1268 pauperes
3097 1207 3152 1254 et
3195 1198 3449 1254 alimonia
3496 1214 3618 1255 ves-

2029 1288 2246 1353 tiantur,
2289 1298 2343 1341 et
2372 1287 2550 1341 cuncti
2582 1287 2739 1342 amici
2767 1287 2938 1342 nostri
2965 1295 3019 1342 et
3048 1287 3318 1358 peregrini
3368 1296 3617 1357 recepta-

2027 1378 2145 1434 cula
2175 1393 2274 1447 pro
2306 1386 2486 1432 nostra
2512 1378 2774 1432 memoria
2813 1376 3010 1432 habere
3035 1378 3335 1432 videantur.
3368 1376 3449 1431 Ad
3482 1393 3621 1447 prae-

2029 1482 2154 1523 sens
2186 1467 2459 1534 jubemus,
2511 1475 2570 1521 ut
2615 1468 2853 1523 sedicem
2900 1468 3162 1523 animolas
3208 1468 3320 1524 Deo
3370 1469 3616 1535 devotas,

2029 1560 2133 1615 hoc
2156 1568 2239 1616 est
2257 1559 2403 1615 viros
2420 1574 2704 1630 pauperes,
2733 1576 2904 1615 οπεος
2924 1569 3015 1615 aut
3032 1560 3256 1626 debiles,
3276 1560 3329 1614 in
3353 1561 3469 1631 ipso
3496 1561 3620 1617 loco

2030 1654 2396 1718 collocentur;
2442 1662 2497 1709 et
2539 1654 2727 1709 diebus
2754 1655 2976 1724 singulis
3022 1656 3099 1711 eis
3123 1656 3295 1711 victus
3344 1657 3481 1711 facta
3530 1674 3620 1712 ra-

2034 1745 2181 1799 tione
2230 1742 2558 1799 suflicienter
2616 1744 2969 1801 ministretur.
3027 1743 3123 1811 Et,
3178 1745 3323 1813 quod
3371 1747 3619 1815 superius

342 1842 485 1911 gavi,
517 1840 641 1895 volo
671 1847 728 1893 ut
762 1853 880 1893 eam
908 1838 960 1891 in
989 1845 1253 1906 perpetuo
1294 1834 1586 1905 possideat,
1627 1849 1749 1890 cum
1780 1834 1931 1888 colo-
1962 1820 2009 1880 B
2038 1833 2399 1902 meminimus,
2448 1834 2516 1889 de
2563 1833 2826 1888 tributum
2878 1834 3186 1903 Taletense,
3226 1844 3280 1891 et
3306 1834 3618 1905 suffragium

343 1932 496 1986 nicas
523 1930 593 1985 ad
622 1944 683 1986 se
710 1927 1060 1999 pertinentes.
1094 1926 1287 1981 Villam
1313 1925 1591 1981 Monciaco
1616 1939 1736 1980 cum
1780 1924 1930 1979 colo-

346 2022 464 2077 nica
510 2036 628 2090 quae
655 2020 883 2076 conditae
928 2019 1013 2075 vel
1060 2017 1301 2089 undique
1353 2018 1530 2089 idipso
1577 2016 1929 2073 Condacense

341 2120 435 2164 aut
462 2109 834 2165 Monciacense
864 2108 1173 2178 comparavi
1194 2117 1248 2162 et
1268 2107 1507 2177 adjunxi,
1530 2115 1603 2175 te,
1620 2115 1807 2163 sancta
1834 2106 1931 2162 Ec-

343 2200 506 2255 clesia
537 2200 692 2254 heres
724 2213 866 2268 mea,
915 2198 980 2252 ad
1028 2199 1294 2266 integrum
1333 2197 1457 2252 volo
1501 2212 1621 2252 esse
1648 2196 1924 2251 donatum.

343 2291 537 2347 Vincas
558 2306 685 2347 vero
702 2305 833 2358 quas
854 2288 983 2343 mihi
1004 2297 1204 2344 sancta:
1233 2287 1507 2343 memoria:
1536 2287 1765 2341 domnus
1787 2285 1927 2341 Lici-

343 2381 461 2434 nius
491 2380 771 2449 episcopus
805 2394 903 2449 pro
931 2379 1128 2433 amoris
1156 2378 1349 2433 affectu
1378 2392 1537 2432 secus
1564 2378 1751 2430 vineas
1776 2375 1929 2429 Cari-

341 2472 604 2528 liacenses
632 2488 729 2526 suo
756 2485 982 2526 munere
1010 2454 1181 2534 dedit,
1216 2478 1270 2524 et
1298 2485 1399 2525 nos
1427 2478 1586 2524 antea
1614 2469 1682 2523 de
1719 2467 1930 2538 Surgite

340 2565 611 2635 quondam
640 2563 946 2617 necutiante
972 2570 1127 2632 parte
1152 2561 1329 2616 divina
1360 2576 1481 2615 cum
1513 2567 1657 2615 terra
1702 2574 1927 2629 compa-

341 2654 598 2716 ravimus,
637 2660 692 2706 et
732 2661 917 2722 postea
964 2652 1092 2706 inibi
1121 2651 1304 2705 vineas
1332 2650 1626 2720 posuimus,
1659 2658 1714 2704 et
1741 2650 1794 2704 in
1824 2664 1931 2705 una

344 2742 589 2797 clausura
638 2757 758 2797 cum
801 2743 987 2796 vineas
1033 2748 1235 2795 sanctae
1277 2740 1517 2795 ecclesiae
1561 2740 1926 2809 adjunximns,

342 2836 610 2900 volumus,
640 2843 699 2889 ut
726 2849 823 2905 pro
846 2833 1095 2889 mercede
1128 2833 1320 2887 animae
1350 2841 1547 2887 nostra:
1578 2833 1681 2887 hoc
1701 2832 1928 2887 ecclesia

343 2937 528 2981 sancta
561 2924 920 2981 Cenomanica
949 2924 1240 2996 possideat.
1283 2925 1433 2980 Licet
1459 2933 1615 2979 antea
1647 2925 1761 2993 ipse
1803 2937 1932 2991 ager

347 3033 531 3087 parum
576 3017 805 3072 habebat
833 3017 1094 3085 vincolas,
1128 3032 1228 3071 nec
1254 3015 1456 3071 domini
1485 3015 1587 3069 mei
1619 3023 1927 3070 antecesso-

346 3123 429 3163 res
473 3108 713 3181 episcopi
758 3107 956 3177 aliquid
1005 3108 1076 3162 ibi
1119 3107 1406 3162 voluerunt
1448 3105 1666 3172 addere,
1705 3105 1798 3160 sed
1826 3121 1925 3161 nos

2031 1924 2402 1980 Criscianense
2433 1924 2517 1979 vel
2563 1924 3029 1993 Carnhariacense,
3071 1927 3210 1982 sicut
3234 1928 3481 1997 superius
3504 1929 3616 1997 jam

2030 2017 2407 2087 praecepimus,
2456 2025 2567 2071 tam
2596 2016 2649 2074 in
2682 2017 3033 2082 vestimentis,
3077 2033 3235 2087 quam
3267 2028 3324 2074 et
3366 2020 3420 2073 in
3450 2019 3619 2075 lecta-

2029 2108 2145 2175 riis,
2187 2115 2279 2161 aut
2316 2107 2369 2161 in
2408 2107 2794 2173 calciamentis,
2833 2116 2887 2162 et
2916 2108 3030 2162 istis
3058 2107 3311 2164 fratribus
3340 2110 3537 2164 nostris
3563 2120 3620 2166 et

2031 2200 2416 2256 matricolahus
2453 2200 2625 2256 sancti
2665 2198 2812 2255 Petri
2841 2201 2932 2269 qui
2961 2201 3060 2256 sub
3087 2202 3345 2270 regimine
3370 2216 3470 2257 suo
3500 2217 3621 2258 6‘56

2031 2302 2359 2359 noscuntur;
2410 2301 2464 2346 tu
2507 2292 2643 2347 abba
2692 2292 2928 2347 basilica)
2974 2294 3146 2348 sancti
3177 2292 3321 2349 Petri
3369 2305 3423 2350 et
3467 2295 3618 2350 Pauli

2029 2382 2350 2439 omnimodis
2391 2382 2729 2452 potissimum
2777 2382 2873 2435 tibi
2918 2398 3045 2436 cura
3073 2383 3144 2437 sit
3171 2383 3275 2438 hoc
3306 2385 3383 2439 eis
3411 2385 3463 2437 in
3493 2400 3617 2440 om-

2032 2478 2193 2532 nibus
2239 2476 2556 2545 adimplere.
2607 2474 2765 2541 Quod
2794 2475 2838 2529 si
2885 2475 2939 2529 in
2970 2476 3149 2544 aliquo
3174 2476 3339 2547 (quod
3364 2477 3524 2549 absit)
3551 2493 3618 2533 ex

2030 2568 2134 2622 hoc
2164 2566 2442 2635 negligens
2470 2565 2801 2635 apparueris,
2840 2574 2966 2619 ante
2995 2565 3227 2619 tribunal
3254 2564 3449 2620 Christi
3495 2583 3618 2622 cum

2029 2665 2219 2712 sancto
2248 2657 2410 2711 Petro
2434 2663 2489 2711 et
2518 2655 2684 2710 Paulo
2713 2655 3016 2725 apostolos,
3070 2664 3125 2710 et
3152 2664 3340 2711 sancto
3387 2655 3617 2711 Martino

2030 2748 2322 2802 antistitem
2347 2747 2548 2802 habeas
2578 2746 2865 2800 rationem.
2898 2744 2965 2799 Et
2990 2745 3165 2800 nullus
3186 2762 3255 2801 ex
3277 2747 3617 2817 pontiﬁcibus

2028 2842 2433 2896 successoribus
2458 2841 2657 2896 nostris
2679 2839 2748 2895 de
2772 2839 2823 2894 id
2846 2839 2990 2909 quod
3010 2839 3076 2893 ad
3104 2840 3414 2909 prmdictum
3441 2843 3616 2898 locum

2028 2932 2112 2986 vel
2148 2931 2472 3005 pauperibus
2516 2938 2599 2985 est
2638 2930 2964 2999 delegatum,
3018 2928 3231 2985 auferre
3286 2942 3612 3001 praesumat;

2028 3022 2124 3078 sed
2151 3022 2216 3076 ad
2245 3020 2587 3076 festivitatem
2638 3021 2809 3090 ipsam
2851 3028 2905 3074 et
2935 3016 3174 3089 pontifeir
3204 3029 3261 3075 et
3305 3023 3481 3076 omnis
3506 3023 3615 3078 cle-

2032 3127 2121 3165 rus
2166 3110 2445 3180 prandium
2492 3111 2709 3178 dignum
2741 3109 3060 3179 percipiant,
3109 3118 3163 3163 et
3191 3109 3234 3164 si
3261 3109 3330 3165 de
3360 3110 3614 3181 praedicta

344 3216 439 3270 pro
478 3214 663 3254 amore
686 3208 885 3254 sancta:
925 3198 1177 3254 Ecclesia:
1222 3198 1308 3253 vel
1355 3206 1695 3265 augmentum
1738 3197 1921 3267 ipsius,
1952 3172 1996 3234 ε
2030 3203 2221 3257 locelz'a
2249 3204 2572 3273 quicumque
2600 3202 2743 3256 aliud
2767 3202 3073 3269 retraxerit,
3101 3210 3373 3271 tamquam
3398 3214 3615 3259 necatur

346 3299 450 3345 tam
480 3290 547 3344 de
570 3289 983 3359 negotiantibus,
1014 3304 1174 3359 quam
1204 3289 1271 3344 de
1295 3287 1519 3359 reliquis
1545 3288 1779 3342 maxime
1807 3303 1923 3356 spa-

346 3382 599 3437 ciavimns
627 3389 679 3435 et
707 3382 934 3451 pretium
960 3381 1220 3444 dedimus,
1271 3387 1331 3433 ut
1360 3380 1412 3434 in
1451 3379 1573 3447 jure
1600 3386 1656 3433 et
1682 3378 1924 3433 domina-

346 3474 544 3530 tionem
568 3482 765 3529 sanctae
787 3472 1040 3529 Ecclesia:
1067 3471 1353 3543 proﬁciant
1373 3479 1639 3541 optamus.
1671 3469 1924 3538 Idemque

346 3574 400 3619 et
441 3566 703 3631 vincolas,
752 3580 870 3635 qua:
917 3572 1040 3621 sunt
1090 3565 1144 3620 in
1188 3564 1583 3628 Sahoranense,
1634 3577 1753 3632 quas
1798 3577 1923 3618 meo

346 3673 507 3728 opere
539 3659 770 3728 undique
795 3657 1067 3726 subjunxi,
1090 3666 1180 3712 aut
1202 3672 1298 3729 per
1323 3657 1542 3721 donum,
1566 3663 1658 3711 aut
1678 3670 1774 3726 per
1793 3671 1924 3711 ven-

344 3749 621 3813 ditionem,
662 3756 717 3804 et
744 3749 788 3803 si
818 3748 991 3805 adhuc
1020 3748 1342 3819 subjungere
1372 3758 1619 3820 potuero,
1651 3762 1773 3803 cum
1804 3748 1921 3802 cul-

345 3842 550 3896 toribus
575 3856 758 3895 eorum
786 3849 841 3895 et
865 3839 1092 3896 familias
1120 3841 1187 3894 ad
1224 3840 1441 3895 domum
1482 3855 1599 3909 quae
1636 3838 1709 3893 ibi
1753 3839 1921 3895 stabi-

342 3933 468 4000 lius,
500 3944 577 4002 te,
607 3942 792 3990 sancta
814 3931 1068 3998 Ecclesia,
1094 3932 1275 3990 domui
1298 3930 1443 3987 Petri
1469 3940 1522 3987 et
1546 3930 1697 3986 Pauli
1726 3931 1923 3987 habere

336 4024 525 4096 iubeo.

412 4138 491 4193 De
519 4137 883 4207 Ponteleugua
908 4138 1021 4195 haec
1049 4145 1132 4194 est
1172 4136 1241 4193 de
1282 4137 1564 4196 matricula
1596 4145 1649 4194 et
1687 4138 1924 4209 synodo-

338 4229 465 4284 chio
502 4230 554 4283 in
584 4230 841 4285 honorem
887 4230 1061 4285 sancti
1104 4228 1337 4294 Martini,
1386 4228 1502 4283 haec
1543 4237 1627 4285 est
1663 4229 1920 4283 miracula

335 4321 513 4376 sancti
544 4319 684 4374 Petri
710 4329 762 4387 et
790 4318 961 4383 Pauli,
1001 4320 1148 4392 quod
1187 4326 1270 4376 est
1294 4319 1362 4375 ad
1403 4319 1843 4388 Pontemleugua,
1875 4320 1920 4373 si

337 4427 438 4483 per
466 4412 673 4480 singula
719 4427 1124 4483 perpensamus,
1176 4420 1433 4481 quantum
1473 4409 1708 4467 facinora
1739 4420 1920 4465 nostra

2026 3304 2318 3361 pauperum
2341 3300 2464 3345 ante
2484 3300 2781 3360 conspectu
2803 3289 2988 3345 divino
3011 3289 3305 3359 judicetur.
3340 3289 3420 3344 Tu
3450 3306 3604 3357 vero,

2026 3382 2348 3437 venerabilis
2400 3382 2558 3449 abba,
2606 3382 2694 3436 vel
2724 3395 3062 3437 success'ires
3092 3380 3190 3442 tui,
3243 3381 3402 3436 talem
3430 3397 3613 3439 curam

2025 3473 2266 3528 habeatis
2291 3473 2358 3528 de
2385 3488 2600 3528 cursum
2628 3481 2826 3528 sancta:
2865 3473 3106 3528 ecclesias
3144 3472 3346 3527 domini
3375 3472 3610 3537 Martini,

2025 3563 2237 3633 qualem
2281 3570 2335 3618 et
2380 3572 2692 3618 sanctorum
2725 3562 2865 3617 Petri
2898 3572 2951 3617 et
2979 3563 3159 3628 Pauli;
3212 3572 3267 3617 et
3294 3563 3472 3618 lumen
3516 3580 3615 3635 per

2026 3656 2200 3711 noctis
2259 3655 2327 3710 de
2375 3655 2630 3709 tributum
2693 3654 2939 3708 villarum
3001 3652 3237 3723 ipsarum
3284 3654 3612 3711 sufﬁcienter

2025 3754 2387 3816 comparetur,
2418 3756 2473 3800 et
2497 3749 2639 3815 quod
2663 3752 2930 3815 superest,
2963 3745 3028 3799 ad
3059 3745 3205 3817 ipsos
3235 3762 3497 3819 pauperes
3524 3751 3609 3806 vel

2025 3839 2212 3905 inopes
2250 3835 2415 3905 ipsius
2450 3835 2684 3891 basilica:
2724 3835 2989 3905 proﬁciat.

2096 3947 2231 4001 Villa
2280 3961 2409 4002 vero
2455 3946 2737 4016 Blacciago
2780 3947 2880 4003 sita
2912 3947 2965 4002 in
3013 3948 3304 4007 terraturio
3350 3950 3607 4021 Burdiga-

2023 4040 2171 4095 lense
2217 4054 2374 4095 secus
2421 4047 2598 4096 castro
2642 4038 2835 4104 B'avit,
2885 4056 3003 4110 qua:
3063 4050 3144 4096 est
3185 4058 3346 4115 super
3392 4044 3603 4098 alveum

2023 4135 2311 4203 Garonnae,
2340 4134 2466 4189 licet
2486 4148 2515 4187 a
2550 4135 2861 4204 parentibus
2886 4134 3022 4188 meis
3049 4134 3208 4203 longo
3240 4144 3479 4206 tempore
3507 4138 3606 4191 luit

2022 4240 2293 4295 possessa,
2338 4232 2394 4278 et
2436 4238 2532 4294 per
2571 4223 2894 4293 interregna,
2942 4224 3028 4278 vel
3066 4224 3426 4278 adolescentia
3471 4240 3604 4280 mem

2022 4316 2297 4385 genitricis
2326 4314 2426 4369 fuit
2454 4314 2521 4369 de
2554 4314 2677 4382 jure
2705 4330 2803 4369 suo
2833 4314 3029 4379 ablata,
3063 4320 3117 4368 et
3145 4314 3210 4368 ab
3237 4314 3466 4369 Aunuifo
3494 4314 3602 4371 ﬁlio

2023 4404 2353 4460 Maurilionis
2380 4404 2470 4472 qni
2516 4418 2607 4457 eas
2636 4410 3019 4470 occupaverat,
3061 4417 3157 4471 per
3188 4405 3489 4459 testamenti
3519 4406 3603 4461 sui

339 4518 393 4559 tn
424 4502 682 4559 sarculum
707 4503 832 4558 dum
863 4502 1068 4559 detenti
1095 4502 1309 4570 fuimus,
1340 4502 1625 4557 commissa
1654 4515 1777 4556 esse
1820 4516 1915 4555 no-
1946 4526 1998 4586 ι)
2022 4497 2246 4566 paginas
2290 4496 2416 4552 dum
2463 4494 2648 4549 illicite
2704 4493 2769 4548 ad
2813 4500 3027 4548 sanctas
3064 4491 3326 4551 Ecclesias
3368 4495 3472 4552 hoc
3519 4506 3608 4552 est

338 4603 585 4661 scuntur,
610 4609 719 4649 non
758 4608 877 4650 esse
906 4602 1111 4649 tantum
1142 4592 1369 4647 facultas
1397 4591 1716 4659 redimendi,
1744 4606 1914 4660 quan-

338 4700 449 4745 tum
482 4695 608 4744 sunt
654 4687 821 4758 culpae
850 4687 1176 4754 commissae;
1221 4686 1315 4741 sed
1358 4686 1698 4754 omnipotens
1743 4684 1913 4750 Deus,

336 4780 426 4850 qui
457 4779 665 4834 nullum
700 4780 875 4849 perire
904 4778 1040 4847 vult,
1078 4778 1205 4848 ipsae
1248 4792 1412 4847 parva
1454 4776 1768 4832 munuscula
1797 4791 1917 4846 quce

334 4872 555 4941 grandis
616 4871 859 4926 lacrimas
902 4870 990 4925 vel
1050 4869 1305 4925 memoris
1366 4869 1558 4923 anima:
1607 4867 1915 4924 Redemtori

335 4971 523 5017 nostro
556 4959 749 5017 offerre
774 4961 1038 5027 videmur,
1087 4961 1138 5014 in
1170 4961 1442 5031 pauperis,
1489 4960 1603 5029 ipse
1642 4975 1740 5029 pro
1769 4960 1915 5028 larga

336 5052 557 5121 pietatis
608 5066 718 5105 sua:
761 5052 932 5119 gratia
984 5050 1408 5120 qualemcunque
1456 5050 1655 5104 tribuat
1684 5050 1910 5104 veniam.

337 5139 478 5210 Ergo
506 5140 631 5209 quia
658 5146 813 5195 vetus
841 5147 895 5195 et
926 5139 1172 5195 liberatio
1215 5148 1269 5195 et
1298 5140 1615 5196 deliberatio
1653 5156 1771 5195 mea
1810 5147 1911 5204 est,

333 5239 398 5287 ut
436 5231 653 5286 basilica
702 5246 819 5300 quLe
863 5232 915 5285 in
959 5231 1163 5286 honore
1190 5231 1485 5286 beatissimi
1529 5246 1593 5285 ac
1631 5231 1915 5302 peculiaris

326 5322 533 5392 patrini
554 5323 724 5377 nostri
752 5321 963 5375 Martini
985 5321 1154 5376 sancti
1180 5322 1417 5391 episcopi
1439 5321 1503 5376 ad
1529 5320 1912 5390 Ponteleugua,

326 5414 424 5471 ubi
455 5424 511 5469 et
539 5416 752 5484 requies
776 5430 870 5469 sua
904 5422 1087 5469 sancta
1121 5415 1230 5470 Deo
1258 5416 1490 5485 propitio
1520 5414 1697 5484 posui,
1724 5414 1913 5483 delego

322 5516 496 5578 atque
534 5508 707 5576 ipsum
748 5516 989 5562 sanctum
1029 5507 1207 5562 locum
1239 5508 1427 5563 locella
1456 5507 1539 5561 his
1585 5506 1911 5572 nominibus,

327 5599 665 5669 Longiagas,
716 5600 967 5668 Noginto,
1019 5600 1315 5669 Novavilla,
1374 5600 1692 5665 Antoniaco,
1747 5608 1801 5654 et
1847 5601 1914 5656 de

326 5689 735 5756 Monasteriolo,
767 5698 977 5761 partem
1008 5691 1150 5744 illam
1189 5676 1348 5760 quam
1373 5691 1439 5745 de
1462 5691 1761 5747 Leodelene
1787 5692 1912 5747 dato

324 5781 508 5853 pretio
536 5781 865 5853 comparavi,
898 5789 953 5838 et
980 5781 1187 5838 Avanto
1214 5780 1587 5852 quodcumque
1608 5781 1735 5838 inibi
1764 5796 1912 5839 com—

2023 4586 2403 4655 Burdigalense
2429 4592 2483 4639 et
2509 4582 2773 4638 Toronice
2793 4590 2846 4637 et
2867 4580 3211 4651 Equilinense
3238 4583 3290 4638 in
3318 4583 3450 4641 duas
3479 4602 3604 4656 par-

2019 4688 2103 4734 tes
2140 4694 2207 4733 ex
2245 4679 2359 4743 ipsa
2403 4676 2526 4729 villa
2573 4682 2699 4729 sunt
2742 4674 3037 4743 delegatas,
3087 4675 3299 4730 tertiam
3349 4677 3603 4733 Arnulfus

2018 4782 2302 4836 germanus
2331 4767 2494 4837 ipsius
2518 4765 2749 4820 Aunulfo
2778 4765 3121 4835 possedehat.
3170 4764 3325 4821 Unde
3373 4768 3601 4822 alterca-

2021 4857 2192 4911 tiones
2245 4855 2529 4911 habuimus
2583 4855 2723 4909 inter
2774 4870 2873 4909 nos
2919 4864 2973 4909 et
3021 4855 3168 4926 ipsos
3224 4856 3292 4910 de
3347 4857 3598 4925 praedicta

2017 4949 2161 5015 vLIIa;
2192 4949 2287 5004 sed
2316 4949 2408 5003 ille
2439 4961 2832 5016 recognoscens
2869 4947 3014 5017 quod
3056 4948 3206 5004 nobis
3236 4948 3470 5017 legitime
3498 4948 3595 5003 d9—

2016 5040 2265 5107 bebatur,
2295 5054 2477 5093 coram
2508 5040 2635 5109 ipsis
2664 5036 3005 5108 pontiﬁcibus
3042 5039 3133 5106 qui
3165 5038 3297 5093 duas
3324 5046 3504 5107 partes
3528 5052 3597 5093 ex

1958 5148 1965 5157 ο
2018 5131 2122 5186 hoc
2152 5128 2424 5199 possidere
2460 5129 2798 5197 videbantur,
2842 5129 2993 5183 nobis
3021 5128 3088 5182 de
3130 5136 3394 5196 praesente
3439 5130 3593 5182 tertia

2016 5240 2083 5279 ex
2113 5223 2363 5278 omnibus
2390 5220 2457 5275 de
2483 5220 2608 5275 villa
2634 5220 2747 5290 ipsa
2777 5219 3028 5283 reddidit,
3061 5226 3116 5273 et
3143 5219 3368 5288 epistola
3400 5220 3597 5274 exinde

2017 5328 2179 5368 manu
2205 5327 2304 5367 sua
2333 5311 2605 5375 roborata,
2634 5310 2720 5364 vel
2745 5324 2775 5362 a
2803 5308 3070 5378 praedictis
3107 5308 3478 5367 sacerdotibus
3504 5308 3589 5363 ﬁr-

2016 5412 2160 5458 mata
2194 5402 2350 5457 nobis
2380 5400 2599 5455 tradidit
2636 5398 3032 5469 possidendam.
3082 5397 3187 5452 Sed
3221 5397 3348 5453 dum
3394 5414 3492 5453 nos
3520 5400 3594 5453 ita

2015 5496 2331 5564 constringit
2360 5510 2511 5549 amor
2538 5493 2769 5557 divinus,
2821 5501 2879 5546 ut
2921 5500 3111 5547 contra
3140 5501 3325 5547 sancta
3355 5492 3594 5549 Ecclesia

2016 5606 2125 5645 non
2170 5587 2535 5651 ambulemus;
2600 5583 2820 5639 forsitan
2864 5584 2908 5637 si
2957 5583 3218 5653 possimus
3257 5599 3379 5639 cum
3422 5588 3593 5654 gratia

2015 5685 2336 5739 domnorum
2361 5691 2605 5733 meorum
2633 5684 2688 5730 et
2717 5672 2938 5730 fratrum
2968 5688 3080 5730 rem
3109 5676 3275 5745 ipsam
3308 5677 3590 5733 redimere.

2015 5774 2121 5832 Sed
2172 5773 2294 5844 quia
2331 5771 2561 5827 domnus
2603 5768 2857 5839 Agericus
2904 5768 3186 5842 episcopus
3221 5765 3594 5842 {Turonensis}
