3928 6176
338 322 442 378 399

1065 310 1314 371 SANCTI
1349 311 1866 372 BERTICIIRAMNI
1903 315 2426 402 CENOMANENSIS
2462 319 2764 379 EPISCOPI

3481 330 3571 386 400

338 441 642 510 portionem
689 431 854 498 illam,
913 443 1030 497 qua:
1082 428 1253 485 sancti
1312 428 1524 484 Martini
1586 429 1704 495 fuit,
1763 431 1920 488 nobis
1947 436 1998 497 Α
2024 433 2178 502 tifex,
2207 437 2300 506 qui
2329 451 2679 492 successurus
2708 435 2836 501 eris,
2869 448 3029 506 quam
3059 443 3114 491 et
3135 443 3209 503 te,
3241 437 3389 504 abba,
3417 441 3578 509 quieo

337 527 598 593 vendidit,
642 533 696 578 et
721 520 1085 576 venditionem
1132 535 1253 575 cum
1293 521 1564 577 canonicis
1608 523 1720 578 suis
1762 525 1920 580 nobis

337 619 485 683 fecit,
534 624 589 671 et
616 612 819 669 solidus
851 628 922 667 ιχ
958 612 1253 667 secundum
1304 613 1540 670 arbitriis
1588 615 1668 669 sui
1710 615 1921 674 valebat

336 711 403 764 de
431 705 666 779 presenti
695 704 960 770 dedimus,
1010 712 1066 758 et
1095 704 1211 774 ipsa
1251 703 1530 760 altercatio
1572 717 1754 761 nostra
1801 707 1922 762 sub-

331 799 629 870 junximus,
674 796 918 852 volumus
957 803 1018 849 ut
1047 801 1122 862 tu,
1153 801 1340 850 sancta
1366 795 1524 851 heres
1563 811 1705 864 mea,
1741 795 1924 852 Eccle-

332 891 413 946 sia
432 887 817 952 Cenomanica,
837 886 1142 957 possideas;
1173 895 1229 942 et
1249 886 1293 941 si
1319 886 1496 943 adhuc
1519 887 1571 942 in
1610 904 1724 943 rem
1751 889 1918 959 ipsam

335 981 406 1038 de
447 981 642 1036 domus
699 976 966 1050 pontiﬁcis
1018 977 1085 1034 de
1134 976 1516 1047 Burdigalense
1566 987 1660 1033 aut
1703 977 1922 1050 Equile-

333 1089 521 1130 mense
545 1072 810 1128 redimere
839 1085 1148 1142 possumus,
1178 1079 1350 1126 totum
1379 1078 1434 1128 et
1462 1071 1530 1128 ad
1559 1073 1829 1144 integrum
1852 1074 1920 1130 ad

337 1174 482 1218 tuam
510 1176 734 1218 revoces
762 1168 1086 1231 potestatem
1096 1199 1112 1216 ο

329 1318 333 1322 η
408 1279 660 1335 Colonica
689 1294 819 1336 vero
845 1277 1234 1358 Vincentianae,
1275 1294 1435 1350 quam
1465 1279 1661 1336 domna
1690 1289 1744 1336 et
1770 1280 1921 1350 geni-

337 1374 441 1428 trix
469 1389 590 1430 mea
618 1375 876 1444 possedit,
920 1383 976 1430 et
1015 1389 1116 1431 nos
1141 1390 1259 1431 eam
1302 1376 1466 1432 modo
1495 1376 1548 1430 in
1578 1377 1674 1432 Dei
1702 1378 1921 1434 nomine

333 1466 608 1536 possidere
629 1467 890 1533 videmur,
920 1482 1040 1536 quae
1067 1482 1222 1523 secus
1252 1468 1427 1538 ipsum
1453 1481 1639 1536 agrum
1675 1467 1919 1526 Blaviaco

340 1573 458 1614 esse
486 1558 714 1623 videtur,
746 1559 978 1614 basilica:
1007 1559 1180 1615 sancti
1199 1559 1342 1614 Petri
1370 1567 1424 1614 et
1445 1558 1596 1614 Pauli
1617 1575 1738 1615 cum
1767 1576 1921 1617 man-

338 1653 512 1722 cipiis,
543 1652 712 1708 vineis
737 1661 791 1707 et
815 1653 993 1715 terris,
1023 1652 1146 1707 volo
1177 1653 1295 1708 esise
1324 1651 1761 1724 donatum.|Villa
1791 1651 1918 1709 Flo-

337 1743 505 1806 riac'o,
537 1743 638 1797 sita
670 1743 808 1797 inter
837 1742 944 1796 duo
989 1743 1176 1807 maria,
1225 1742 1316 1810 qui
1355 1750 1638 1811 parentum
1676 1757 1919 1798 meorum

336 1830 456 1898 fuit,
489 1841 543 1886 et
572 1841 755 1902 postea
781 1832 1054 1900 genitricis
1084 1847 1202 1887 mea
1247 1848 1345 1902 per
1373 1832 1770 1901 orphanitatem
1800 1847 1922 1902 per-

336 1922 489 1990 didit,
541 1931 595 1979 et
621 1937 651 1977 a
680 1921 1037 1993 Childegerno
1077 1921 1176 1978 fuit
1221 1923 1365 1978 male
1413 1922 1600 1978 ordine
1640 1937 1920 1994 possessa,

338 2030 498 2084 quam
545 2016 682 2071 villae
734 2016 1078 2072 medietatem
1124 2033 1250 2073 cum
1291 2017 1602 2087 mancipiis,
1652 2017 1920 2085 domibus,

338 2105 530 2172 vineis,
561 2105 728 2172 silvis,
762 2105 1015 2177 omnique
1045 2106 1274 2162 termino
1300 2122 1402 2162 suo
1429 2107 1513 2162 vel
1553 2107 1923 2177 adiacentibus

337 2196 438 2252 sibi
464 2211 494 2250 a
526 2196 862 2252 Berthranno
905 2198 1018 2253 sive
1046 2197 1274 2254 Bettone
1313 2197 1480 2253 ﬁlium
1510 2199 1676 2269 ipsius
1702 2198 1921 2256 Cbilde-

336 2289 487 2355 gerni
515 2287 642 2343 dato
671 2289 844 2358 pretio
870 2288 1092 2356 redemi,
1125 2289 1250 2345 volo
1278 2299 1338 2344 ut
1364 2290 1479 2363 ipsa
1521 2291 1648 2345 villa
1685 2291 1780 2360 qui
1826 2307 1921 2362 pa-

336 2385 546 2433 rentum
574 2392 816 2434 meorum
844 2377 962 2445 fuit,
995 2377 1215 2434 basilica
1243 2380 1413 2434 sancti
1443 2377 1587 2434 Petri
1612 2387 1667 2434 et
1696 2379 1844 2434 Pauli
1867 2381 1921 2436 in

334 2476 598 2538 perpetuo
627 2468 954 2525 dominetur.
995 2469 1224 2525 Domum
1254 2485 1381 2526 vero
1408 2469 1547 2526 infra
1577 2487 1758 2527 muros
1785 2473 1920 2528 civi-

335 2563 462 2618 tatis
488 2562 891 2633 Burdigalense,
923 2577 1087 2632 quam
1115 2577 1216 2633 ego
1244 2572 1298 2619 et
1325 2577 1614 2632 germanus
1641 2579 1795 2620 meus
1823 2565 1923 2619 Er-

336 2652 605 2710 utenulfus
632 2663 818 2711 nostro
839 2670 1004 2726 opere
1024 2657 1476 2726 recuperavimus,
1509 2656 1679 2727 ipsam
1700 2658 1921 2713 domum

337 2745 641 2801 cimeucitia
668 2760 787 2801 cum
828 2745 1134 2816 adpenditia
1163 2761 1260 2801 sua
1289 2745 1358 2801 ad
1385 2746 1591 2802 ditione
1611 2747 1921 2804 dulcissimo

339 2838 522 2908 nepoti
551 2847 743 2892 nostro
763 2837 1100 2908 Sigechelmo
1125 2836 1373 2908 jubemus
1402 2838 1701 2909 pervenire,
1729 2847 1788 2893 ut
1809 2838 1923 2910 ipse

336 2927 534 2983 habeat
556 2936 611 2983 et
639 2928 932 2998 possideat,
973 2936 1029 2984 et
1053 2929 1164 2985 suis
1194 2928 1422 2999 posteris
1451 2928 1516 2985 ad
1545 2929 1922 2999 possidendum

337 3019 628 3088 relinquat.
661 3017 729 3074 Et
765 3019 873 3075 hoc
897 3019 1169 3089 jubemus,
1221 3027 1281 3074 ut
1308 3019 1454 3075 omni
1510 3028 1754 3088 tempore
1798 3020 1922 3074 vitae

338 3107 574 3174 illorum,
618 3108 832 3178 quando
861 3108 1011 3162 missi
1040 3106 1252 3163 domnTs
1282 3116 1343 3170 et
1363 3108 1760 3164 venerabilibus
1798 3123 1922 3164 san-

339 3207 440 3253 ctae
465 3197 716 3254 Ecclesia:
745 3197 1116 3254 Cenomanica:
1145 3199 1230 3253 vel
1257 3199 1486 3254 basilica:
1509 3199 1681 3254 sancti
1705 3197 1845 3253 Petri
1867 3209 1924 3254 et

339 3284 493 3340 Pauli
541 3300 640 3354 pro
688 3284 926 3354 piscibus
978 3283 1358 3354 negotiandum
1412 3285 1606 3341 ibidem
1655 3286 1922 3351 venirent,

339 3393 552 3450 semper
580 3377 632 3431 in
661 3376 822 3432 domo
851 3377 941 3432 illa
962 3376 1362 3446 receptaculum
1393 3377 1649 3447 habeant,
1699 3385 1752 3432 et
1794 3377 1924 3431 inibi

338 3482 456 3536 quae
485 3466 563 3522 eis
603 3481 824 3522 necesse
863 3465 1020 3521 fuerit
1049 3477 1387 3538 comparent.
1430 3467 1629 3522 Locum
1677 3482 1806 3524 vero
1831 3469 1925 3537 qui

339 3557 639 3628 appellatur
691 3556 968 3613 Bresetum
1021 3558 1072 3612 in
1123 3560 1466 3614 terratorium
1519 3558 1923 3628 Burdigalense,

341 3649 432 3704 ubi
462 3648 730 3718 precarias
753 3648 883 3722 [Al.,
917 3649 1164 3721 picarias]
1194 3649 1392 3706 habere
1419 3648 1687 3717 videmur,
1719 3657 1774 3704 et
1801 3648 1926 3705 dato

339 3742 516 3810 pretio
566 3756 687 3796 cum
745 3741 1086 3796 A'ennoaldo
1135 3741 1408 3810 quondam
1463 3741 1921 3812 comparavimus,

341 3834 508 3902 ipsam
537 3845 654 3887 rem
684 3846 805 3886 cum
833 3831 1091 3900 precariis
1120 3831 1253 3886 inibi
1282 3831 1645 3899 manentibus,
1687 3838 1743 3884 et
1771 3829 1930 3883 fami-

271 3955 280 3962 ~
341 3925 438 3979 lias
467 3937 674 3988 eorum,
709 3922 792 3976 vel
822 3921 1006 3991 pixita,
1037 3921 1176 3975 sicut
1203 3935 1231 3974 a
1268 3936 1355 3975 me
1394 3928 1656 3990 praesente
1683 3909 1928 3989 tempore

339 4012 662 4085 possidetur,
694 4019 747 4066 et
775 4018 899 4081 post
925 4023 1100 4063 meum
1131 4009 1427 4074 obitum,tu
1457 4017 1644 4068 sancta
1674 4023 1738 4063 ac
1765 4021 1929 4062 vene-

342 4105 526 4159 rabilis
555 4103 772 4161 basilica
804 4101 990 4157 domui
1019 4099 1161 4155 Petri
1189 4108 1243 4155 et
1269 4098 1420 4154 Pauli
1446 4099 1512 4154 ad
1533 4107 1679 4154 tuam
1707 4114 1928 4156 revoces

347 4195 626 4262 ditionem,
670 4201 732 4249 ut
761 4191 957 4249 exinde
984 4189 1138 4246 annis
1179 4190 1399 4260 singulis
1428 4191 1518 4260 pix
1546 4191 1854 4264 recipiatur.

415 4304 674 4362 Omnibus
700 4315 886 4362 notum
927 4312 1010 4361 est
1048 4303 1280 4374 qualiter
1306 4303 1388 4358 bis
1430 4311 1525 4358 aut
1550 4301 1707 4358 tertio
1747 4303 1801 4356 in
1844 4317 1918 4357 re«

344 4397 445 4451 bus
471 4404 672 4452 sancta:
702 4395 951 4454 Ecclesiae
980 4395 1065 4450 vel
1096 4393 1342 4465 proprias
1370 4393 1600 4450 sustinui
1645 4392 1926 4464 spoliatio-

2027 533 2269 595 tempore
2301 525 2487 590 fueris,
2528 525 2745 594 quando
2784 539 2870 579 me
2893 517 3040 579 Deus
3065 524 3132 580 de
3156 525 3260 580 hoc
3286 528 3468 582 eteculo
3491 532 3580 586 Ini-

2022 629 2179 685 grare
2203 616 2541 685 praeceperit,
2573 614 2659 670 vel
2687 615 3093 670 successoribus
3114 615 3323 682 vestris,
3353 625 3407 672 ut
3425 617 3578 676 nullus

2023 719 2132 760 non
2158 713 2443 775 praesumat
2485 705 2551 760 de
2580 704 2677 760 ista
2707 704 2931 774 parvula
2971 705 3306 772 munu‘cula,
3348 721 3460 776 quae
3493 722 3580 777 ego

2021 805 2222 852 sancta:
2248 795 2527 862 Ecclesim,
2562 797 2648 852 vel
2671 806 2870 853 sancta:
2899 797 3132 853 basilicae
3162 814 3259 868 pro
3287 815 3584 856 commemo-

2020 887 2233 944 ratione
2270 888 2505 944 nominis
2549 889 2655 943 mei
2694 889 2760 944 de
2786 888 2870 944 bis
2899 889 3180 959 speciebus
3218 889 3346 944 nihil
3393 892 3582 946 abstra-

2020 981 2171 1046 here,
2221 980 2308 1036 vel
2352 979 2690 1049 venundare,
2737 981 2835 1035 sed
2882 980 3028 1035 omni
3074 989 3317 1052 tempore
3359 989 3460 1034 tam
3495 979 3582 1052 pro

2020 1078 2267 1126 ornatum
2295 1079 2497 1127 sancta:
2521 1069 2775 1127 Ecclesia:
2801 1071 2889 1126 vel
2915 1071 3145 1126 basilicae
3165 1113 3180 1140 ,
3197 1083 3397 1128 mensae
3416 1087 3584 1128 earum

2023 1165 2408 1236 perpetualiter
2421 1166 2615 1221 debeat
2631 1165 2941 1233 perdurare.
2959 1164 3034 1219 De
3048 1164 3252 1234 reliquo
3264 1180 3388 1220 vero
3407 1179 3584 1234 argen-

2021 1257 2156 1326 tulo,
2186 1257 2564 1327 quodcumque
2584 1265 2707 1328 post
2734 1255 2876 1311 diem
2903 1256 3081 1311 obitus
3109 1257 3214 1310 mei
3243 1255 3577 1325 regesturiolo

2019 1365 2144 1404 meo
2163 1349 2436 1404 inventum
2467 1345 2657 1414 fuerit;
2685 1355 2740 1402 et
2765 1347 2866 1402 hoc
2889 1362 2996 1400 non
3019 1345 3280 1414 delegavi,
3313 1353 3582 1417 exceptum

1979 1507 1994 1517 χ
2022 1447 2307 1508 argentum
2337 1445 2539 1494 sancta:
2577 1436 2830 1494 EcClesite
2857 1437 3027 1503 salvo,
3068 1436 3235 1505 jubeo
3278 1437 3417 1507 quod
3464 1451 3604 1507 ρης-³

2022 1545 2147 1586 sens
2190 1530 2393 1585 habere
2438 1529 2647 1595 videor,
2694 1529 2782 1585 vel
2827 1529 3002 1584 adhuc
3057 1529 3303 1584 laborare
3352 1537 3590 1600 potuero,

2023 1618 2168 1689 quod
2217 1619 2520 1688 delegatum
2556 1629 2664 1673 n0n
2720 1617 2900 1685 fuerit,
2959 1625 3133 1674 totum
3177 1619 3320 1674 inter
3369 1627 3590 1674 sanctam

2021 1709 2314 1767 Ecclesiam
2351 1726 2414 1766 ac
2443 1719 2684 1766 sanctam
2713 1709 2987 1764 basilicam
3010 1708 3192 1765 domui
3221 1707 3365 1765 Petri
3385 1717 3437 1764 et
3455 1707 3594 1763 Pauli

1955 1799 2306 1874 quualiter
2371 1803 2720 1869 dividantur;
2780 1810 2835 1857 et
2881 1802 3048 1858 abbas
3109 1803 3410 1872 portionem
3460 1803 3592 1857 illam

2025 1909 2187 1965 quam
2219 1893 2445 1961 accepit,
2486 1894 2530 1948 si
2562 1907 2780 1950 necesse
2820 1893 2982 1948 fuerit
3019 1892 3311 1963 sepultura:
3341 1907 3468 1948 mea:
3507 1893 3598 1947 ali-

2025 1967 2154 2056 quid
2195 1984 2470 2050 exornari,
2521 1993 2578 2040 et
2607 1984 2653 2040 si
2681 1997 2781 2052 ego
2811 1983 2917 2039 hoc
2959 1992 3119 2038 antea
3163 1998 3272 2038 non
3305 1983 3499 2050 fecero,
3536 1981 3597 2036 de

2025 2078 2129 2133 hoc
2162 2077 2334 2148 ipsum
2382 2075 2529 2147 quod
2573 2086 2821 2132 econtra
2873 2075 3126 2146 pontiﬁce
3173 2075 3491 2148 perceperit,
3537 2072 3598 2127 ad

2024 2169 2138 2240 ipsa
2177 2168 2457 2239 sepultura
2506 2183 2629 2222 mea
2677 2167 2949 2236 dignetur,
2998 2167 3195 2222 exinde
3223 2167 3435 2222 studeat
3458 2180 3597 2221 com—

2024 2274 2258 2331 ponere;
2297 2268 2350 2315 et
2380 2259 2425 2316 si
2457 2273 2554 2313 nos
2599 2273 2664 2312 ea
2714 2256 2959 2312 Christus
3003 2256 3341 2326 permitteret
3373 2270 3436 2312 ea
3487 2254 3600 2308 luce

2023 2348 2238 2415 durare,
2299 2357 2552 2417 argentus
2605 2346 2696 2401 ille
2749 2346 2803 2400 in
2855 2345 3181 2415 ministerio,
3229 2359 3344 2415 quo
3395 2357 3600 2399 necesse

2024 2441 2202 2507 fuerit,
2234 2439 2469 2497 basilica:
2499 2437 2808 2494 faciendum
2839 2439 3250 2493 intromittatur.

2094 2549 2282 2606 Simile
2323 2548 2487 2605 modo
2531 2549 2698 2619 jubeo
2743 2547 2888 2618 quod
2935 2547 3004 2603 de
3043 2547 3367 2603 vestimenta
3422 2545 3600 2601 damea

2026 2641 2157 2713 [Al.,
2191 2638 2385 2711 clavia]
2413 2649 2490 2708 tu,
2521 2638 2820 2694 dulcissimi
2858 2638 3249 2705 archidiaconi,
3281 2639 3371 2710 qui
3396 2652 3461 2693 eo
3484 2643 3604 2692 tem-

2023 2747 2157 2804 pore
2202 2731 2386 2796 fueris,
2460 2731 2660 2787 domno
2703 2745 2836 2786 vero
2896 2739 2952 2785 et
3000 2727 3256 2801 pontiﬁce
3302 2739 3605 2785 successore

2023 2839 2146 2879 meo
2178 2821 2474 2893 particulos
2503 2822 2638 2877 duos
2667 2821 2902 2892 optimos
2933 2821 2999 2877 de
3039 2821 3261 2892 proprio
3308 2816 3604 2876 vestimenti

2022 2916 2213 2972 damea
2241 2921 2554 2970 reverenter
2579 2911 2776 2969 oﬁ‘erre
2800 2912 2989 2981 jubeo.
3022 2910 3140 2966 Tibi
3167 2925 3301 2966 vero
3327 2908 3496 2965 sancti
3521 2923 3605 2962 ar-

2025 3005 2327 3062 chidiaconi
2369 3004 2644 3075 praecipio,
2690 3013 2753 3057 ut
2791 3018 2954 3057 unum
2991 3001 3258 3057 cabellum
3314 3001 3510 3056 bonum
3555 3003 3608 3051 et

2025 3113 2193 3153 unum
2252 3095 2560 3167 pareculum
2614 3094 2683 3150 de
2739 3093 3069 3165 proprietate
3123 3107 3243 3150 mea
3300 3103 3606 3163 praesumas.

1949 3151 1995 3216 Ο
2025 3189 2213 3244 Omnia
2244 3151 2372 3244 vero
2403 3202 2521 3257 quae
2561 3185 2631 3242 de
2677 3151 3027 3257 proprietate,
3079 3199 3176 3240 seu
3215 3200 3288 3240 ex
3333 3183 3522 3238 militia
3558 3179 3607 3234 in

2022 3279 2377 3349 regesturiolo
2405 3293 2525 3333 meo
2554 3285 2677 3348 post
2697 3293 2874 3334 meum
2906 3277 3110 3333 obitum
3140 3277 3362 3332 inventa
3387 3266 3603 3337 fderint,

2024 3389 2121 3430 seu
2148 3379 2203 3428 et
2226 3372 2435 3442 species
2475 3378 2568 3425 aut
2597 3370 2918 3426 vestimenta
2949 3369 3091 3440 quod
3122 3381 3225 3437 ego
3257 3365 3500 3424 laboravi
3528 3361 3610 3419 vel

2027 3461 2309 3533 adquisivi,
2353 3470 2581 3532 excepto
2609 3461 2756 3530 quod
2799 3470 2998 3516 sancta:
3045 3459 3300 3516 Ecclesia:
3343 3458 3614 3532 proprium

2026 3564 2129 3623 est,
2171 3563 2281 3611 tres
2323 3554 2521 3610 exinde
2563 3552 2728 3623 jubeo
2760 3552 2874 3607 ﬁeri
2915 3551 3198 3623 portionis,
3240 3567 3351 3606 una
3391 3551 3614 3605 domnus

2027 3658 2084 3703 et
2108 3662 2392 3704 successor
2417 3660 2570 3700 meus
2609 3643 2854 3714 pontifex
2880 3642 3142 3713 accipiat;
3184 3642 3291 3697 alia
3317 3656 3448 3697 vero
3474 3637 3614 3694 basi-

2027 3739 2128 3796 lica
2156 3738 2338 3794 domni
2371 3735 2516 3792 Petri
2545 3743 2600 3791 et
2630 3735 2814 3801 Pauli;
2865 3733 3023 3788 tertia
3065 3747 3195 3788 vero
3242 3732 3314 3788 de
3354 3734 3616 3802 praesente

2027 3829 2351 3900 pauperibus
2393 3826 2556 3896 jubeo
2604 3839 2851 3894 erogare.
2909 3822 3168 3878 Similiter
3216 3822 3314 3877 tibi
3367 3817 3618 3891 praecipio

2028 3917 2424 3983 archidiaconi,
2472 3925 2529 3972 et
2571 3930 2758 3970 coram
2806 3915 2918 3970 Deo
2961 3921 3259 3979 contestor,
3314 3921 3380 3966 ut
3421 3909 3492 3964 de
3527 3921 3619 3962 eos

2026 4011 2232 4066 fructus
2277 4026 2412 4082 quos
2442 4025 2509 4066 eo
2539 4025 2680 4065 anno
2710 4009 3040 4078 relinquere,
3087 4023 3207 4063 cum
3252 4007 3404 4063 diem
3445 4012 3623 4060 extre—

2030 4119 2175 4157 mum
2207 4103 2513 4172 exclusere,
2565 4117 2662 4173 per
2685 4117 2846 4156 manu
2877 4111 2986 4168 tua,
3038 4101 3195 4157 tertia
3221 4108 3381 4172 parte
3419 4109 3621 4170 paupe-

2029 4193 2176 4249 ribus
2205 4193 2405 4263 absque
2435 4191 2622 4248 fraude
2667 4200 2939 4260 erogetur.

2101 4301 2360 4358 Similiter
2411 4303 2536 4360 volo
2606 4317 2671 4358 ac
2719 4303 2883 4372 jubeo
2944 4302 3192 4358 omnibus
3260 4301 3624 4360 servientibus

2031 4405 2230 4452 sancta:
2277 4395 2529 4453 Ecclesiae
2578 4397 2669 4468 qui
2713 4396 3087 4452 ministeriales
3132 4411 3251 4452 esse
3303 4405 3624 4458 noscuntur,

347 4503 492 4542 nem.
535 4487 676 4544 Deus
702 4489 804 4543 scit
831 4486 976 4556 quod
1007 4503 1112 4543 non
1140 4503 1238 4558 pro
1264 4487 1435 4557 culpis
1460 4486 1656 4542 nostris
1676 4485 1780 4542 hoc
1801 4500 1924 4556 pas-
1949 4512 2001 4571 Ι)
2031 4487 2119 4542 vel
2146 4487 2301 4554 meis,
2326 4497 2432 4542 tam
2462 4487 2671 4543 clericis
2699 4502 2857 4557 quam
2896 4486 3258 4553 saecularibus,
3285 4489 3383 4557 qui
3415 4499 3626 4542 mecum

344 4591 437 4632 sus
485 4591 626 4643 sum,
669 4575 763 4630 sed
811 4590 910 4645 pro
960 4575 1066 4630 hoc
1109 4575 1252 4644 quod
1299 4575 1456 4630 fidem
1504 4575 1651 4629 volui
1707 4576 1925 4630 inlibata

345 4667 640 4736 custodire,
670 4674 725 4722 et
748 4674 934 4722 sancta
958 4666 1195 4722 Ecclesia
1219 4667 1271 4722 in
1295 4669 1553 4737 prmsidiis
1573 4668 1663 4723 illo
1688 4676 1931 4739 tempore

345 4772 508 4826 grave
535 4756 754 4828 pertulit
787 4755 1156 4826 dispendium;
1200 4765 1256 4810 et
1293 4769 1395 4823 ego
1430 4771 1636 4826 pauper
1681 4757 1930 4812 substan-

346 4849 478 4906 tiola
509 4863 628 4905 mea
653 4847 869 4919 propria
907 4845 1060 4901 valde
1099 4859 1300 4915 egenus
1335 4847 1500 4901 evasi.
1553 4847 1756 4903 Idcirco
1803 4863 1928 4902 eru-

345 4945 510 5000 besco
538 4941 792 5008 scribere,
824 4939 969 5010 quod
996 4954 1182 5009 parum
1207 4939 1405 4994 resedit
1434 4939 1504 4994 ad
1533 4940 1744 4996 oﬁerre.
1780 4941 1931 4996 Dono

349 5044 631 5106 argentum
662 5035 807 5090 illum
835 5048 995 5103 quem
1022 5033 1176 5088 nobis
1205 5041 1391 5102 postea
1423 5034 1563 5090 Deus
1588 5035 1674 5090 vel
1703 5035 1932 5090 domnus

346 5144 441 5184 rex
472 5135 564 5183 aut
591 5127 747 5182 amici
795 5126 1154 5190 contulerunt,
1202 5127 1341 5181 sicut
1385 5127 1565 5182 brevis
1609 5143 1770 5182 manu
1813 5143 1930 5182 mea

349 5220 654 5288 conscripta
685 5217 940 5285 concinit,
969 5217 1093 5286 quia
1135 5219 1461 5287 pertractavi
1503 5227 1562 5272 ut
1589 5218 1723 5274 duas
1752 5229 1932 5287 partes

348 5315 416 5370 de
447 5317 561 5386 ipso
603 5324 826 5384 argento
871 5313 1017 5381 quod
1045 5327 1147 5382 ego
1190 5314 1334 5368 visus
1372 5329 1488 5368 sum
1531 5313 1825 5379 laborasse,
1873 5321 1933 5368 tu

351 5413 693 5460 sacrosancta
720 5402 974 5469 Ecclesia,
1015 5402 1307 5473 percipias;
1355 5403 1459 5456 alia
1487 5417 1616 5458 vero
1661 5403 1932 5472 portione,

352 5511 512 5564 quam
541 5495 595 5551 in
639 5497 755 5565 ipso
801 5496 963 5551 breve
1003 5495 1319 5564 canscripsi,
1369 5503 1448 5561 tu,
1497 5495 1717 5552 basilica
1763 5497 1934 5552 sancti

355 5587 501 5642 Petn’
542 5597 597 5642 et
646 5586 818 5655 Pauli,
857 5603 1018 5658 quem
1047 5587 1247 5642 herede
1272 5602 1426 5652 mete,
1474 5589 1612 5643 sicut
1643 5598 1717 5659 te,
1747 5599 1933 5646 sancta

353 5676 616 5742 Ecclesia,
647 5677 876 5743 institui,
915 5677 1116 5733 habere
1139 5675 1322 5745 jubeo.
1347 5678 1551 5748 Adjuro
1573 5694 1670 5750 per
1696 5679 1931 5747 Patrem,

355 5777 409 5826 et
428 5765 643 5836 Filium,
667 5775 722 5822 et
749 5767 1003 5838 Spiritum
1024 5777 1284 5838 sanctum,
1301 5775 1406 5824 tam
1434 5769 1551 5837 tibi,
1581 5770 1775 5828 domne
1801 5786 1936 5842 pon-

2035 4592 2356 4632 conversare
2380 4577 2648 4643 videntur,
2673 4576 2910 4644 singulos
2945 4577 3200 4644 caballos,
3245 4585 3360 4632 tam
3385 4574 3629 4646 ingenui,

2035 4687 2196 4742 quam
2236 4672 2390 4726 liberi
2420 4671 2501 4726 vel
2530 4671 2828 4726 servientes
2865 4669 2932 4725 de
2975 4679 3239 4740 praesente
3286 4670 3628 4742 percipiant;

2033 4764 2274 4834 reliquos
2303 4778 2432 4819 vero
2474 4761 2712 4818 caballos
2755 4769 2863 4816 tam
2893 4759 3276 4826 Warannonis,
3310 4776 3482 4833 quam
3509 4773 3632 4831 spa-

2033 4853 2130 4909 das
2157 4869 2253 4908 seu
2283 4852 2556 4922 poledras,
2597 4853 2684 4922 qui
2714 4852 2913 4907 inventi
2943 4850 3158 4919 fuerint,
3189 4862 3241 4906 et
3281 4851 3630 4907 characterio

2033 4953 2233 5000 sancta:
2275 4943 2530 5004 Ecclesia“.
2577 4944 2899 5012 habuerunt,
2947 4953 3091 5000 totus
3129 4944 3372 5014 pontifex
3405 4943 3496 4999 vel
3529 4939 3633 4996 Eco

2035 5038 2197 5093 clesia
2251 5037 2533 5107 recipiant.
2587 5035 2666 5090 Illi
2715 5051 2847 5092 vero
2895 5037 2986 5106 qui
3050 5052 3228 5092 meum
3280 5034 3634 5091 characterio

2033 5126 2363 5198 peculiarem
2405 5127 2729 5194 habuerunt,
2781 5135 2875 5182 aut
2912 5142 3048 5197 quos
3096 5126 3224 5180 mihi
3255 5135 3524 5196 parentes
3548 5123 3636 5180 vel

2035 5218 2192 5272 amici
2223 5217 2506 5284 dederunt,
2547 5217 2892 5273 medietatem
2923 5226 3106 5274 sancta
3135 5215 3388 5272 Ecclesia
3417 5231 3492 5272 ex
3522 5217 3638 5286 ipso

2036 5309 2299 5378 accipiat;
2350 5271 2508 5362 aliam
2549 5307 2893 5363 medietatem
2940 5307 3160 5364 basilica
3190 5305 3274 5361 vel
3324 5305 3503 5361 abbas
3541 5271 3680 5373 .quif

2036 5400 2163 5455 inibi
2193 5415 2314 5455 ese
2359 5399 2571 5453 videtur
2600 5399 2915 5467 recollegat.
2955 5398 3088 5453 lllud
3140 5399 3264 5453 huic
3296 5405 3633 5453 testamento

2036 5489 2245 5544 adnecti
2270 5488 2438 5556 volui,
2482 5498 2538 5542 ut
2565 5488 2632 5543 de
2668 5489 2844 5558 gregis
2870 5489 3099 5557 equinis,
3129 5502 3265 5558 quos
3291 5501 3424 5542 mea
3456 5484 3640 5558 parvi-

2035 5590 2120 5636 tas
2159 5580 2390 5650 undique
2437 5582 2656 5636 attraxit
2706 5581 2790 5635 vel
2837 5582 3220 5652 augmentavit,
3267 5588 3518 5650 excepto
3557 5577 3641 5647 ju-

2036 5684 2216 5730 menta
2243 5675 2482 5744 antiqua,
2527 5675 2650 5732 inde
2687 5677 2821 5732 duas
2849 5676 3135 5746 portiones
3165 5690 3229 5730 ex
3262 5674 3404 5743 ipsis
3434 5672 3640 5742 gregis.

2039 5783 2158 5839 qua:
2203 5783 2352 5824 meas
2397 5769 2640 5840 proprias
2696 5784 2816 5828 esse
2864 5771 3133 5840 videntur,
3195 5775 3248 5826 et
3273 5781 3454 5838 super
3495 5775 3636 5821 terra
