3858 6190
234 283 247 289 “
321 273 418 330 401

1567 311 1595 323 α
1700 245 2270 353 TESTAMENTUM.’

3502 323 3605 379 ιοεο.

320 397 523 446 sancta
556 388 812 447 Ecclesiae
840 406 1043 503 pascpa
1086 394 1307 461 habent,
1363 404 1433 503 ιιι,
1462 397 1696 455 diximus
1734 399 1863 456 ﬁant
1892 420 1905 456 :
1944 407 1988 466 Α
2014 405 2268 462 vilionem
2296 410 2362 464 ad
2390 413 2503 483 ipsa
2533 425 2718 475 sancta
2762 421 2983 481 basilica
3023 429 3278 499 praecipio
3321 434 3601 503 posside...

319 495 427 533 una
457 480 721 550 percipiat
746 491 930 537 sancta
971 482 1246 549 Ecclesia,
1291 494 1346 541 et
1385 486 1490 543 alia
1516 490 1779 559 percipiat
1820 493 1913 547 ba-

314 571 467 627 silica
508 573 685 628 uncti
733 572 878 628 Petri
923 584 978 630 et
1016 576 1186 631 Pauli.
1236 576 1467 648 Gregem
1522 580 1707 649 illum,
1752 597 1911 651 quem

314 661 599 730 portionas
660 662 971 733 equinarias
1036 680 1201 735 super
1250 684 1365 723 rem
1420 679 1621 726 sanctae
1676 672 1912 729 basilica:

312 750 503 806 domni
551 752 757 808 Victuri
807 754 1050 825 episcopi
1100 757 1382 814 intendere
1428 761 1659 825 videtur,
1699 762 1766 817 ad
1795 763 1910 833 ipsa

310 852 504 901 sancta
549 846 769 901 basilica
800 847 928 901 volo
955 861 1075 903 esse
1103 848 1384 908 donatum.
1431 850 1683 907 Jumenta
1722 852 1789 908 de
1817 855 1908 911 illa

310 936 406 1003 qui
461 932 681 990 fuerunt
730 936 1015 1006 peculiaris
1062 937 1377 1011 Gallimere,
1435 957 1535 1012 pro
1581 942 1738 999 ﬁdele
1788 960 1906 999 mea

310 1024 588 1096 Elopodiue
631 1026 758 1082 volo
787 1041 909 1083 esse
948 1028 1197 1085 donatus.

387 1119 526 1175 Villa
554 1119 863 1176 Marciliaco
890 1121 993 1175 sita
1020 1137 1177 1179 secus
1216 1123 1527 1185 Diablentas
1568 1133 1712 1202 vico,
1744 1152 1903 1206 quem

306 1209 440 1265 dato
488 1211 665 1280 pretio
705 1226 736 1265 a
775 1211 1122 1280 Medighiselo
1154 1221 1210 1269 et
1254 1214 1540 1275 Ebretrudi
1564 1229 1897 1295 comparavi,

306 1310 406 1355 aut
437 1300 678 1370 undique
718 1301 959 1371 adjunxi,
1000 1310 1093 1357 aut
1119 1304 1293 1361 adhuc
1328 1308 1621 1381 adjungere
1649 1327 1899 1386 potuero,

303 1404 432 1443 cum
462 1389 714 1446 domibus
743 1400 798 1446 et
819 1393 1122 1463 mancipiis,
1153 1404 1208 1449 et
1234 1395 1535 1465 adjacentia
1562 1418 1678 1471 sua,
1712 1410 1899 1477 pratis,

303 1482 546 1551 pascuis,
601 1483 780 1552 aquis,
835 1498 1165 1553 aquarumve
1194 1486 1537 1558 decursibus,
1592 1495 1899 1556 dulcissimo

301 1574 597 1643 pronepoti
628 1589 749 1629 meo
780 1572 1209 1632 Leodochranno
1234 1577 1391 1635 ‘dono
1418 1591 1582 1651 atque
1626 1589 1898 1643 transfun-

299 1663 375 1716 do
407 1672 674 1740 perpetua
704 1664 1091 1720 dominatione.
1143 1665 1405 1724 Similiter
1435 1672 1557 1727 villa
1588 1690 1745 1733 secus
1789 1678 1895 1734 Pa-

2013 495 2160 551 dum.
2211 499 2343 555 Villa
2372 518 2500 559 vero
2529 506 2595 561 de
2624 508 2937 584 Comancio,
2989 495 3109 588 quae
3156 495 3258 589 ego
3294 495 3361 580 d-e
3394 526 3505 583 ﬁlio
3548 540 3604 589 et

2013 590 2222 655 parenti
2262 607 2383 647 meo
2430 594 2697 654 Ebroaldo
2736 609 3065 674 comparavi,
3099 619 3153 665 et
3174 622 3361 681 postea
3404 626 3459 671 et
3500 619 3598 674 do-

2012 694 2130 734 mos
2160 690 2215 736 et
2243 685 2430 741 vineas
2454 687 2601 771 ‘inibi
2648 691 2929 763 aediﬁcavi,
2984 715 3105 754 cum
3142 703 3191 756 id
3222 706 3368 774 quod
3397 707 3598 771 inveni,

2011 783 2133 823 cum
2164 774 2310 827 omni
2333 774 2454 841 jure
2484 788 2540 831 et
2582 779 2880 850 adjacentia
2909 802 3024 852 sua,
3059 798 3132 857 te,
3178 791 3399 849 basilica
3429 801 3602 853 sancti

2013 860 2155 915 Petri
2186 871 2239 917 et
2282 863 2453 934 Pauli,
2492 883 2652 937 quam
2684 872 2736 926 in
2766 874 2973 932 honore
2998 888 3177 935 vestro
3204 884 3481 953 :edilicavi,
3545 899 3601 942 et

2008 950 2318 1010 immediate
2357 957 2553 1015 herede
2592 964 2847 1019 constitui
2878 966 2930 1020 in
2971 969 3238 1037 omnibus,
3272 950 3476 1032 habere
3505 978 3595 1033 de-

2007 1060 2191 1101 cerno.
2239 1046 2456 1105 Reicola
2485 1067 2605 1121 qua:
2632 1056 2936 1125 appellatur
2965 1060 3263 1130 Fontanas,
3312 1066 3449 1121 iulra
3490 1078 3598 1123 ter-

2006 1137 2211 1193 minum
2247 1140 2570 1210 Alauncnse,
2618 1161 2778 1216 quam
2810 1151 2938 1205 mihi
2989 1153 3071 1207 vir
3115 1156 3429 1225 magniﬁcos
3456 1159 3597 1215 Bau-

2006 1226 2311 1298 dhegiselus
2364 1234 2419 1287 et
2457 1233 2648 1291 Saucia
2708 1239 2908 1309 conjux
2962 1259 3058 1298 sua
3104 1247 3494 1315 condederunt,
3545 1263 3601 1305 et

2005 1316 2331 1375 donationes
2363 1322 2633 1391 fecerunt,
2689 1337 2743 1382 et
2770 1346 2870 1386 nos
2909 1334 3136 1388 multum
3159 1336 3237 1392 eis
3270 1337 3320 1390 in
3348 1354 3457 1407 quo
3501 1357 3600 1410 ρ)-

2005 1407 2203 1464 tuimus
2244 1411 2437 1467 solatia
2468 1416 2810 1484 pra‘buimus,
2862 1420 3030 1490 ipsam
3073 1440 3186 1479 rem
3234 1437 3359 1495 post
3390 1407 3595 1484 obitum

2002 1506 2244 1553 nostrum
2265 1511 2450 1558 sancta
2472 1503 2713 1562 Ecclesia
2735 1523 2797 1564 ac
2817 1514 3141 1569 venerabilis
3165 1515 3386 1572 basilica
3410 1520 3595 1575 domui

2002 1585 2149 1643 Petri
2198 1598 2254 1645 et
2304 1592 2455 1648 Pauli
2497 1596 2564 1651 ad
2597 1606 2743 1653 tuam
2775 1616 2999 1657 revoces
3030 1604 3313 1676 ditionem,
3362 1608 3500 1664 sicut
3529 1613 3598 1665 ad

2003 1680 2119 1749 ipso
2152 1681 2540 1753 Baudeghiselo
2585 1704 2895 1759 possessum
2950 1695 3080 1762 luit;
3131 1697 3209 1752 sic
3250 1713 3485 1770 quoque,
3538 1711 3596 1756 ut

300 1753 632 1819 cilenovico,
684 1768 842 1822 quem
890 1757 1104 1823 genitor
1153 1756 1321 1815 Blado
1370 1761 1708 1823 Victriberno
1739 1770 1894 1841 [An.,
1932 1758 1974 1817 Β
2003 1772 2221 1827 nomina
2275 1773 2487 1830 illorum
2515 1778 2571 1833 in
2599 1780 2733 1836 libro
2764 1782 2885 1837 vita:
2916 1785 2969 1838 in
2999 1785 3111 1854 ipsa
3144 1753 3595 1847 basilica‘recite-

300 1842 563 1899 Bladovic
590 1844 871 1917 tribuno?}
895 1847 1176 1903 bessorum
1207 1852 1361 1906 nobis
1400 1868 1499 1918 pro
1527 1858 1743 1916 soledus
1773 1879 1899 1919 nos-

298 1945 417 1991 tros
443 1937 710 2006 vendidit,
760 1940 931 2009 ipsam
964 1956 1077 1996 rem
1106 1958 1227 1998 cum
1257 1947 1405 2000 omni
1436 1948 1736 2018 adjacentia
1777 1973 1896 2026 sua,

294 2028 402 2082 sibi
433 2029 729 2085 dulcissimi
761 2047 1033 2103 pronepus
1060 2051 1214 2091 meus
1242 2035 1530 2108 Sigramni,
1580 2044 1779 2102 habere
1807 2048 1895 2119 ju-

292 2118 425 2172 beo.
480 2119 741 2174 Similiter
789 2121 970 2176 villam
1018 2122 1356 2195 Pauliacum,
1417 2145 1575 2199 quem
1621 2147 1720 2203 ego
1767 2118 1895 2194 dato

292 2209 497 2277 pretio,
555 2210 609 2263 id
659 2221 742 2266 est
802 2213 1007 2269 solidos
1065 2222 1341 2285 tregentos
1396 2235 1528 2275 auro
1576 2227 1893 2284 venerabile

292 2299 521 2356 Bobeno
551 2302 744 2357 abbate
772 2304 838 2358 de
866 2304 1083 2360 basilica
1114 2307 1298 2362 domni
1328 2309 1505 2365 Albini
1551 2319 1887 2386 comparavi,

294 2391 415 2459 ipsa
436 2391 748 2448 dulcissimo
775 2394 1060 2464 pronepoti
1092 2410 1214 2452 meo
1246 2398 1667 2460 Leudochranno
1690 2405 1891 2463 habere

290 2480 484 2549 jubeo,
538 2491 597 2537 ut
624 2484 740 2553 ipsa
782 2483 837 2537 in
886 2495 1147 2556 perpetuo
1200 2488 1497 2558 possideat.
1547 2492 1636 2549 Sic
1675 2510 1888 2568 quoque

290 2574 344 2626 si
374 2572 577 2642 aliquid
606 2581 697 2628 aut
725 2574 945 2631 basilica
975 2578 1158 2634 domni
1204 2582 1405 2652 Albini,
1446 2593 1538 2641 aut
1586 2589 1755 2645 abbas
1795 2593 1885 2661 qui

289 2679 583 2720 successor
612 2665 779 2735 ipsius
808 2667 1028 2723 Bobeno
1060 2671 1239 2739 fuerit,
1283 2674 1480 2731 exinde
1507 2678 1887 2738 adtemtaverit

288 2758 442 2812 circa
505 2758 678 2826 ipsos,
731 2775 853 2815 cum
890 2760 1093 2831 duplici
1127 2762 1551 2823 satisfactionem
1586 2769 1696 2839 jam
1741 2772 1885 2829 dicto

292 2848 721 2905 Leudochranno
750 2852 961 2920 reddat,
992 2861 1047 2907 et
1077 2855 1198 2909 villa
1231 2856 1368 2926 ipsa,
1419 2859 1727 2917 si-voluerit
1748 2879 1880 2919 con-

292 2950 382 2995 tra
412 2940 723 2997 deﬁnitione
753 2952 1124 3002 antecessores
1150 2948 1233 3001 sui
1261 2962 1443 3019 agere,
1478 2966 1577 3007 nec
1601 2954 1680 3009 sic
1709 2954 1884 3010 valeat

288 3038 598 3105 vindicare;
642 3048 698 3093 et
722 3040 800 3093 sic
829 3040 897 3095 ab
927 3040 1043 3110 ipso
1073 3044 1355 3112 pronepoti
1384 3060 1505 3101 meo
1537 3046 1591 3101 in
1618 3058 1879 3119 perpetuo

2004 1868 2112 1915 tur.
2148 1861 2288 1917 Villa
2319 1864 2696 1940 Redonatiogo
2751 1887 2873 1941 qua:
2903 1874 2969 1928 ad
2999 1875 3224 1931 Bonalfa
3256 1896 3469 1950 semper
3508 1898 3592 1938 as-

2000 1953 2169 2022 pexit,
2219 1964 2273 2010 et
2315 1974 2414 2014 nos
2444 1971 2632 2030 postea
2664 1965 2793 2019 inibi
2839 1975 2945 2020 tam
2990 1976 3158 2023 terras
3202 1984 3362 2039 quam
3405 1972 3588 2041 silvas,

1996 2060 2131 2114 quas
2162 2047 2289 2103 dato
2329 2053 2502 2119 pretio
2532 2054 2599 2109 de
2622 2054 2917 2125 Chargario
2948 2069 3003 2113 et
3033 2059 3335 2129 Ragnarico
3365 2078 3589 2129 compa-

1996 2137 2251 2206 ravimus,
2295 2142 2379 2195 vel
2430 2146 2666 2214 undique
2718 2155 2889 2202 totum
2920 2158 2975 2204 et
3004 2151 3072 2204 ad
3116 2152 3403 2221 integrum,
3449 2156 3588 2211 sicut

1993 2241 2206 2297 semper
2226 2228 2325 2298 ipsi
2356 2233 2480 2288 villa
2507 2236 2876 2294 Redonatiaco
2916 2240 2981 2293 ad
3015 2240 3235 2297 Bonalfa
3266 2247 3495 2314 aspexit,
3530 2257 3586 2302 et

1992 2316 2125 2374 inibi
2168 2323 2411 2392 aspicere
2464 2325 2687 2394 debeat,
2754 2338 2811 2383 ut
2856 2340 3043 2387 saneta
3105 2331 3343 2390 Ecclesia
3382 2337 3585 2393 hercdc

1992 2425 2110 2466 mea
2160 2414 2216 2469 in
2257 2426 2523 2486 perpetuo
2567 2420 2833 2488 proliciat.

2059 2502 2209 2561 Licet
2252 2508 2508 2579 quicquid
2536 2526 2566 2565 a
2609 2513 2767 2569 nobis
2814 2512 2989 2571 fuerat
3032 2517 3327 2575 laboratum
3374 2529 3481 2576 tam
3528 2524 3582 2578 in

1987 2599 2149 2666 agris,
2182 2614 2343 2670 quam
2374 2604 2661 2661 mobilibus
2708 2615 2762 2661 et
2792 2608 3173 2678 immobilibus,
3226 2614 3468 2671 volemus
3498 2625 3581 2671 to-

1988 2696 2100 2744 tum
2144 2692 2279 2761 jam,
2329 2695 2469 2751 sicut
2496 2698 2734 2753 anterior
2760 2708 3114 2759 testamentus
3160 2714 3343 2760 uoster
3371 2706 3579 2775 habuit,

1986 2779 2040 2833 in
2069 2796 2177 2837 uno
2209 2791 2588 2842 testamentum
2618 2797 2789 2844 totum
2817 2798 2873 2845 et
2900 2792 2963 2846 ad
2996 2793 3260 2862 integrum
3289 2795 3531 2866 delegavi
3564 2815 3577 2849 :

1983 2872 2079 2926 sed
2106 2874 2226 2942 quia
2252 2885 2440 2947 postea
2470 2888 2757 2949 postquam
2790 2882 2927 2938 Deus
2956 2884 3194 2951 glorioso
3216 2885 3416 2940 domno
3448 2903 3578 2943 nos-

1983 2968 2068 3015 tro
2115 2963 2393 3021 Cloxhario
2423 2983 2552 3038 rege
2582 2978 2752 3025 totum
2783 2986 3005 3041 regnum
3038 2974 3366 3030 Francorum
3399 2978 3451 3031 in
3482 2993 3577 3033 sua

1980 3048 2183 3107 ditione
2208 3054 2462 3111 advenire
2491 3061 2768 3129 prmcepit,
2806 3070 2859 3115 et
2889 3072 3077 3131 postea
3106 3064 3260 3119 nobis
3303 3082 3400 3121 sua
3432 3068 3576 3137 larga

1622 3116 1629 3117 κ
1716 3116 1733 3119 -
2493 3116 2505 3126 .
2669 3116 2685 3129 .
2753 3116 2768 3129 ,
2889 3116 2943 3131 ,ν
3303 3116 3576 3137 --τη-ο-

286 3128 616 3183 vindicetur.
675 3128 865 3183 Villam
913 3146 1073 3200 quam
1121 3146 1278 3187 secus
1325 3132 1445 3187 vico
1498 3133 1711 3191 Berulfo
1760 3153 1879 3193 esse
1908 3116 1955 3179 ο
1986 3142 2157 3210 pietas
2204 3162 2303 3215 pro
2348 3150 2565 3205 servitia
2614 3160 2797 3207 nostra
2847 3154 2901 3208 in
2942 3155 3125 3224 aliquo
3172 3159 3429 3227 respexit,
3477 3175 3593 3216 nec-

284 3220 657 3288 dignoscetur,
691 3227 745 3274 et
789 3220 840 3274 in
872 3220 985 3289 ipsa
1026 3221 1150 3275 villa
1180 3221 1445 3291 Berull‘us,
1490 3226 1580 3294 qui
1609 3228 1879 3295 quondam

283 3314 472 3367 amisit
496 3312 752 3383 quicquid
784 3312 913 3367 inibi
942 3314 1272 3383 comparavi,
1304 3322 1411 3368 tam
1442 3316 1509 3372 de
1540 3317 1650 3372 lilio
1681 3317 1874 3386 Euulti,

281 3421 450 3474 quam
493 3406 562 3461 de
592 3405 884 3461 Remoaldo
935 3406 1020 3461 vel
1062 3406 1290 3476 conjuge
1337 3423 1452 3474 sua,
1506 3419 1675 3465 totum
1723 3421 1777 3465 et
1807 3413 1873 3466 ad

282 3498 554 3564 integrum
578 3497 717 3551 inter
735 3496 1071 3552 dulcissimos
1099 3500 1411 3568 pronepotis
1432 3502 1565 3556 meis
1588 3500 1875 3559 Leutl‘redo

280 3596 341 3641 et
371 3585 666 3654 Thoringo,
696 3586 740 3641 si
767 3585 897 3640 mihi
943 3587 1259 3655 superstites
1288 3588 1505 3655 fuerint,
1556 3592 1875 3659 mqualentia

278 3678 429 3733 inter
453 3691 513 3732 se
538 3676 881 3732 dividendum
910 3675 1035 3731 volo
1065 3690 1183 3731 esse
1212 3676 1501 3744 donatum;
1550 3680 1629 3734 sic
1656 3695 1874 3750 quoque

280 3776 348 3821 ut
375 3774 498 3837 post
525 3766 732 3821 obitum
762 3780 940 3821 meum
972 3766 1039 3820 ad
1082 3781 1237 3821 suam
1266 3767 1317 3821 in
1359 3768 1625 3837 integrum
1655 3780 1875 3827 revocet

278 3865 631 3929 potestatem.

355 3970 599 4025 Basilicze
637 3968 808 4024 sancti
837 3984 901 4025 ac
929 3969 1224 4026 beatissimi
1264 3971 1435 4027 sancti
1465 3972 1720 4028 Germani
1765 3974 1871 4029 Pa-

275 4062 460 4117 risiaci
503 4062 784 4126 antistitis,
837 4061 927 4131 qui
959 4061 1087 4115 mihi
1133 4063 1360 4119 dulciter
1409 4066 1686 4133 enutrivit,
1717 4076 1771 4122 et
1802 4069 1867 4122 ad

275 4150 599 4208 sacerdotali
628 4166 784 4215 onus,
827 4163 882 4205 ut
908 4168 1016 4206 non
1044 4153 1234 4218 merui,
1268 4169 1331 4209 ac
1356 4169 1453 4223 per
1476 4170 1572 4209 sua
1601 4156 1865 4213 interces-

274 4244 430 4297 sione
476 4241 717 4311 perveni,
772 4241 837 4295 ad
882 4241 993 4310 ipsa
1038 4241 1259 4297 basilica
1288 4243 1340 4297 in
1387 4244 1649 4301 honorem
1698 4248 1865 4316 ipsius

273 4332 507 4387 obedqu
537 4330 769 4386 civitatis
798 4329 937 4401 [Pro
968 4332 1144 4386 ob;tus
1172 4331 1227 4386 in
1274 4331 1523 4404 civitate]
1553 4334 1863 4393 Conoman-

272 4425 412 4479 nica:
432 4422 707 4489 mdiﬁcavi,
751 4432 807 4476 et
832 4437 987 4477 casas
1014 4422 1144 4477 inibi
1172 4422 1453 4493 mdilicavi,
1483 4434 1537 4480 et
1564 4427 1860 4485 Moniculos

274 4518 503 4583 institui,
534 4516 628 4586 qui
658 4516 787 4571 inibi
816 4514 1030 4571 Christo
1062 4517 1294 4588 propitio
1326 4518 1377 4571 in
1416 4521 1690 4588 perpetuis
1724 4529 1862 4576 tem-

271 4611 494 4680 poribus
537 4609 774 4664 oﬂicium
822 4616 877 4663 et
930 4610 1205 4665 servitium
1237 4621 1548 4680 procurent.
1607 4612 1760 4669 Dono
1791 4615 1860 4670 ad

270 4706 386 4774 ipsa
417 4702 639 4758 basilica
688 4703 742 4756 in
785 4701 991 4757 honore
1036 4702 1206 4771 ipsius
1256 4700 1526 4772 pontificis
1570 4705 1669 4762 has
1708 4707 1862 4765 villas

270 4796 354 4849 his
386 4792 715 4858 nominibus,
763 4790 1057 4862 Charisago
1104 4808 1228 4848 cum
1265 4794 1436 4849 vineis
1472 4810 1592 4864 qua:
1622 4797 1858 4869 Silviago

268 4887 392 4941 vico
429 4895 577 4951 sunt,
625 4893 681 4938 et
709 4883 906 4938 reicola
936 4899 1054 4953 qua:
1080 4884 1385 4955 appellatur
1412 4886 1702 4958 Stirpiaco,
1735 4903 1854 4946 cum

268 4979 513 5033 vineolas
578 4984 634 5032 et
678 4976 1003 5046 maneipiola
1055 4978 1145 5047 qui
1192 4978 1318 5031 inihi
1370 4993 1491 5034 esse
1539 4992 1855 5050 noscuntur,

270 5068 629 5135 Landolenas,
655 5065 915 5122 Graciaco
943 5076 998 5121 et
1026 5066 1318 5133 Manciaco,
1349 5082 1483 5137 quas
1522 5069 1647 5125 data
1680 5074 1855 5142 pretio

266 5156 503 5226 undique
531 5157 861 5225 comparavi,
893 5165 947 5211 et
975 5156 1045 5210 ad
1085 5172 1259 5212 meam
1288 5159 1536 5229 pervenit
1564 5161 1848 5227 ditionem,

265 5260 376 5303 tam
404 5247 552 5317 quod
590 5250 836 5317 prmsenti
881 5256 1121 5317 tempore
1150 5249 1424 5317 possidere
1458 5250 1662 5317 videor,
1691 5268 1851 5322 quam

261 5340 409 5412 quod
437 5340 617 5395 adhuc
646 5339 929 5393 meliorare
956 5347 1199 5409 potuero,
1241 5342 1306 5395 ad
1337 5342 1449 5410 ipsa
1477 5350 1661 5399 sancta
1706 5345 1850 5400 basi-

259 5434 365 5489 lica
397 5432 450 5486 in
489 5430 701 5485 honore
748 5431 1046 5485 beatissimi
1087 5430 1267 5485 domui
1299 5430 1553 5487 Germani
1582 5435 1705 5490 volo
1731 5452 1851 5491 esse

257 5526 509 5587 donatas,
543 5531 598 5577 et
624 5522 812 5576 vineas
838 5523 955 5579 illas
979 5538 1097 5592 qua:
1127 5523 1193 5578 ad
1224 5522 1474 5579 Ruilione
1516 5534 1659 5587 sunt,
1704 5528 1849 5596 quod

256 5613 605 5684 Aunigiselus
633 5614 891 5670 diaconus
933 5615 1122 5681 tenuit,
1173 5615 1255 5670 vel
1296 5615 1473 5670 adhuc
1520 5625 1709 5685 postea
1749 5634 1849 5672 un-

257 5709 423 5779 dique
449 5709 781 5778 comparavi,
813 5722 932 5764 cum
960 5707 1099 5778 prati
1139 5708 1370 5766 mediate
1400 5708 1464 5764 ad
1492 5708 1667 5779 ipsum
1717 5706 1848 5769 Rui-

1887 4472 1937 4530 D

1982 3234 2155 3303 ipsum
2187 3239 2343 3294 nobis
2372 3249 2589 3310 oportet
2619 3244 2910 3311 prmterire.
2946 3244 3088 3315 Ergo
3119 3246 3276 3301 villas
3304 3246 3421 3301 illas
3442 3263 3578 3317 quas

1980 3324 2137 3382 bona:
2192 3330 2581 3388 recordationis
2627 3335 2853 3401 Avitus,
2903 3337 3041 3391 lilius
3088 3338 3251 3393 Felici
3304 3341 3577 3410 quondam

1980 3416 2280 3487 episcopus,
2336 3421 2427 3490 qui
2457 3432 2735 3494 parentem
2780 3434 3023 3481 nostram
3073 3436 3128 3482 et
3169 3428 3472 3497 proximam
3517 3431 3572 3485 in

1978 3508 2286 3579 conjugium
2333 3512 2519 3567 habuit
2547 3515 2771 3580 sociata,
2803 3524 2860 3571 et
2895 3532 3085 3573 omnes
3123 3534 3211 3577 res
3238 3519 3380 3573 Aviti
3428 3521 3573 3576 inter

1976 3618 2064 3658 me
2109 3613 2164 3659 et
2204 3605 2286 3659 vir
2332 3606 2540 3662 illuster
2585 3606 2943 3664 Gundolando
2974 3609 3207 3679 Maiores
3237 3611 3426 3667 domos
3474 3628 3571 3668 sua

1975 3696 2147 3765 pietas
2176 3698 2462 3761 concessit,
2491 3706 2546 3753 et
2583 3712 2683 3768 ego
2712 3708 2901 3755 contra
2928 3700 3102 3769 ipsum
3133 3702 3293 3758 modo
3322 3703 3391 3757 ad
3418 3720 3560 3773 pne-

1972 3800 2096 3841 scns
2142 3786 2342 3842 habere
2372 3787 2578 3857 videor,
2605 3804 2820 3844 onmem
2871 3791 3177 3860 portionem
3223 3807 3422 3860 meam,
3459 3804 3568 3849 tam

1971 3876 2115 3945 quod
2164 3876 2221 3931 in
2266 3876 2505 3935 Biturivo
2535 3888 2636 3946 est,
2685 3895 2847 3948 quam
2877 3881 2932 3935 in
2961 3880 3232 3950 Albiense,
3263 3882 3567 3939 Cadurrino

1970 3976 2025 4022 et
2054 3969 2395 4037 Agennense,
2427 3977 2597 4024 totum
2631 3979 2687 4025 et
2715 3971 2779 4025 ad
2826 3972 3117 4041 integrum,
3168 3973 3421 4042 quicquid
3448 3989 3565 4029 me-

1968 4058 2140 4113 dietas
2166 4074 2233 4113 ex
2263 4075 2393 4130 agro
2425 4061 2540 4131 ipso
2570 4061 2636 4116 ad
2681 4077 2856 4117 meam
2886 4063 3122 4133 pertinet
3149 4064 3432 4127 rationem,
3468 4081 3565 4133 pro

1968 4164 2087 4204 mea
2142 4150 2226 4204 vel
2277 4150 2331 4204 in
2381 4151 2683 4220 quantitate
2736 4152 3011 4207 relaxandi
3060 4161 3289 4224 peccata
3342 4155 3561 4210 basilica

1965 4239 2139 4293 sancti
2184 4238 2331 4294 Petri
2362 4250 2418 4295 et
2456 4240 2627 4308 Pauli,
2662 4258 2821 4311 quem
2852 4244 3105 4299 heredem
3131 4244 3407 4309 constitui,
3439 4256 3563 4315 post

1967 4330 2175 4384 obitum
2205 4346 2383 4386 meum
2411 4332 2463 4385 in
2485 4332 2796 4403 integritate
2823 4333 2976 4389 villas
3007 4334 3148 4403 ipsas
3178 4336 3471 4405 percipias;
3504 4348 3561 4392 et

1964 4419 2244 4489 Nogiogilo
2272 4422 2472 4485 villam,
2503 4438 2663 4492 quam
2694 4432 2749 4478 et
2793 4438 2894 4493 ego
2936 4432 2991 4478 et
3017 4424 3101 4478 vir
3148 4424 3373 4480 inluster
3401 4426 3557 4482 Gun-

1965 4513 2229 4569 dolandus
2274 4512 2395 4569 lilia:
2424 4530 2558 4570 mecc
2606 4524 2660 4570 et
2700 4525 2922 4586 parente
2961 4516 3233 4573 Dundana:
3277 4518 3555 4577 usul‘ructu

1964 4619 2361 4672 concessemus,
2417 4614 2543 4677 post
2594 4607 2762 4677 ipsius
2815 4607 3021 4662 obitum
3065 4624 3163 4663 vos
3208 4621 3553 4667 sacrosancta

1962 4695 2204 4754 Ecclesia
2247 4710 2303 4754 et
2346 4700 2564 4755 basilica
2593 4702 2950 4756 communiter
2978 4702 3232 4763 mediate,
3263 4704 3400 4758 sicut
3430 4720 3550 4773 pre-

1961 4787 2227 4841 caturiam
2266 4787 2377 4858 jam
2418 4788 2574 4844 dicta:
2612 4798 2872 4844 matrona:
2898 4792 3171 4857 convenit,
3211 4791 3278 4845 ad
3309 4801 3546 4847 vestrum

1960 4880 2226 4935 revocetis
2255 4888 2580 4950 potestatem
2610 4880 2839 4951 idipsum
2870 4882 3149 4950 aequaliter
3178 4880 3542 4936 dividendum.

2030 4990 2167 5046 Villa
2195 5008 2324 5048 vero
2353 4992 2699 5057 Vocriomno,
2731 5008 2895 5062 quam
2941 4993 3069 5049 mihi
3101 4992 3363 5060 gloriosus
3390 4992 3541 5047 dom-

1958 5100 2059 5138 nus
2085 5084 2353 5140 Clotarius
2382 5100 2477 5141 rex
2505 5100 2603 5140 suo
2630 5100 2854 5139 munere
2884 5100 2982 5153 pro
3004 5083 3166 5137 rebus
3188 5082 3383 5135 nostris
3406 5098 3543 5150 quas

1956 5177 2176 5248 Egull'us
2216 5187 2273 5234 et
2312 5178 2616 5233 Arnoaldus
2660 5178 2804 5231 malo
2835 5176 3022 5231 ordine
3070 5182 3127 5229 et
3172 5182 3456 5227 tenuerunt
3486 5186 3541 5229 et

1955 5283 2321 5340 vastaverunt,
2373 5275 2500 5329 licet
2542 5274 2661 5343 plus
2701 5272 2813 5341 jam
2855 5269 3008 5324 nobis
3056 5266 3251 5322 exinde
3281 5268 3396 5336 pius
3439 5282 3538 5323 rex

1952 5365 2191 5431 dederat,
2247 5364 2343 5421 sed
2396 5380 2494 5434 per
2522 5363 2910 5431 injunctionem
2957 5374 3107 5413 suam
3153 5358 3256 5412 hoc
3285 5356 3538 5414 Ecclesiie

1951 5454 2181 5511 Medicae
2228 5457 2301 5511 in‘
2330 5456 2589 5511 honorem
2641 5452 2824 5507 domui
2873 5450 3133 5518 Stephani
3179 5449 3436 5511 relaxavi,
3481 5462 3536 5506 et

1950 5548 2130 5602 villam
2180 5549 2336 5603 istam
2407 5562 2530 5603 cum
2580 5545 2778 5598 domno
2834 5550 2889 5595 et
2944 5540 3092 5595 lratri
3138 5555 3259 5595 meo
3308 5540 3533 5597 Arnulfo

1949 5644 2202 5711 episcopo
2229 5641 2414 5711 petivi,
2448 5648 2503 5694 ut
2532 5637 2648 5691 illas
2676 5632 2831 5687 villas
2864 5648 2982 5701 quae
3012 5633 3223 5687 fuerunt
3263 5632 3451 5702 Egull‘o
3480 5642 3528 5688 et

1948 5732 2219 5789 Arimaldo
2249 5734 2366 5803 ipso
2406 5728 2644 5799 recepit;
2692 5735 2792 5777 nos
2827 5721 2950 5778 Villa
2978 5725 3285 5782 Vocrionno
3327 5725 3379 5779 in
3412 5742 3529 5798 pcr-
