3928 6176
334 297 437 354 ωδ

1111 291 1357 349 SANCTI
1395 285 1912 346 BERTICHBAMNI
1949 280 2471 344 CENOMANENSIS
2508 286 2812 346 EPISCOPI

3498 288 3591 344 104

331 421 496 485 petuo
524 419 712 469 tenere
755 410 1093 474 deberemus,
1119 414 1174 463 et
1210 406 1354 476 quod
1382 404 1577 461 exinde
1613 403 1793 460 facere
1817 417 1911 458 vo-
1937 401 1991 462 Δ
2015 415 2135 456 suo.
2169 400 2398 458 Kairaco
2439 403 2571 458 vero
2608 401 2760 470 villa,
2789 415 2949 472 quam
2977 399 3046 456 de
3089 383 3342 458 Camerio
3370 401 3593 461 Diaeouo

332 503 617 569 lebantus,
683 500 907 555 liberum
960 498 1239 552 arbitrium
1303 497 1644 554 haberemus.
1709 494 1913 550 ldcirco

329 597 445 665 ipsa
474 595 598 649 villa
631 601 740 646 tam
782 606 880 661 pro
918 590 1222 645 mercedem
1263 587 1445 644 domui
1485 588 1626 656 regis
1652 600 1828 662 \quam
1857 593 1914 642 et

329 703 428 756 pro
477 694 692 751 nostra,
753 683 878 752 quia
936 680 1181 737 vineolas
1235 694 1425 749 parum
1479 678 1644 733 habet
1693 677 1913 734 basilica

327 779 499 833 sancti
529 776 673 832 Petri
694 784 750 833 et
780 775 950 842 Pauli,
984 774 1112 829 hinc
1141 774 1192 827 in
1223 773 1344 828 loco
1374 773 1479 828 isto
1509 771 1631 827 ideo
1652 771 1765 842 ipsa
1789 771 1912 826 villa

326 883 448 923 eum
478 869 624 923 omni
646 867 767 937 jure
804 881 904 921 suo
931 873 987 920 et
1016 864 1346 933 adjacentias
1373 862 1441 918 ad
1469 878 1530 918 se
1557 863 1910 933 pertinentes,

327 966 500 1014 totum
532 967 587 1013 et
615 957 681 1012 ad
713 958 999 1026 integrum,
1026 964 1082 1011 te
1109 963 1291 1012 saneta
1313 955 1533 1010 basilica
1563 954 1744 1009 domui
1769 953 1912 1008 Petri

327 1057 383 1104 et
413 1048 583 1113 Pauli,
609 1048 700 1102 ubi
719 1045 1115 1116 -corpuseulum
1157 1060 1336 1100 meum
1381 1043 1630 1099 desidero
1659 1043 1909 1114 sepelire,

331 1142 382 1197 in
409 1149 668 1213 perpetuo
691 1141 812 1196 volo
833 1155 952 1196 esse
973 1140 1249 1195 donatum.
1272 1139 1411 1194 Villa
1434 1154 1563 1194 vero
1585 1137 1911 1207 Nociogilos,

324 1251 442 1304 quae
470 1241 553 1290 est
582 1234 634 1288 in
662 1233 948 1291 terraturio
992 1231 1226 1288 Pectavo
1246 1246 1408 1302 super
1429 1231 1640 1287 alveum
1687 1229 1908 1298 Ligeris,

326 1340 483 1396 quem
513 1324 642 1379 inibi
665 1323 830 1380 Beato
852 1338 1020 1394 nepos
1039 1323 1308 1394 quondam
1329 1322 1550 1378 Babone
1574 1321 1713 1377 lilius
1735 1319 1912 1375 Theu-

324 1414 502 1480 daldo,
552 1415 620 1470 de
655 1422 961 1469 maternum
1006 1428 1182 1479 suum,
1235 1426 1332 1483 per
1359 1411 1667 1467 donationis
1697 1410 1910 1465 titulum

325 1505 598 1570 condedit,
619 1513 672 1560 te
692 1513 1034 1561 sacrosancta
1054 1503 1478 1560 basilica’domni
1493 1500 1639 1560 Petri
1660 1511 1714 1558 et
1734 1499 1910 1571 Pauli,

325 1607 447 1668 post
476 1598 680 1654 obitum
711 1612 893 1652 meum
927 1597 1128 1652 habere
1150 1596 1338 1665 jubeo.

393 1689 470 1744 De
509 1689 766 1758 Marogilo
796 1686 948 1742 villas
996 1687 1276 1742 Ruﬁnian
1322 1693 1377 1742 et
1412 1685 1675 1756 Marigilo,
1724 1685 1817 1754 qui
1845 1683 1913 1740 de

321 1779 535 1834 actione
557 1757 846 1834 Nunciauze
867 1777 933 1832 ad
950 1793 1036 1832 me
1064 1785 1451 1847 pervenerunt,
1480 1792 1578 1847 per
1604 1791 1692 1830 res
1711 1782 1910 1830 sanctae
1942 1757 1989 1820 Β

321 1868 577 1924 Ecclesiae
598 1869 745 1937 quod
775 1868 1001 1923 multum
1030 1867 1348 1932 devastavit,
1377 1875 1431 1922 et
1471 1866 1626 1922 nobis
1650 1866 1916 1936 gloriosus

321 1962 552 2016 domnus
595 1958 866 2016 Clotarius
904 1974 1000 2014 rex
1031 1968 1154 2029 post
1181 1958 1387 2014 obitum
1418 1957 1588 2028 ipsius
1625 1955 1914 2012 Nunciante

321 2049 613 2116 concessit,
630 2057 704 2114 te,
733 2057 1078 2104 sacrosancta
1100 2046 1364 2117 Ecclesia,
1395 2047 1552 2102 heres
1571 2061 1689 2102 mea
1713 2045 1915 2100 habere

319 2141 508 2213 jubeo.
560 2140 779 2196 Locello
825 2141 917 2210 qui
966 2140 1268 2210 appellatur
1316 2139 1602 2206 Lucianus,
1659 2137 1913 2209 quicquid

325 2229 458 2284 inibi
481 2228 644 2284 debet
669 2226 926 2299 Hisigilo;
953 2227 1154 2293 reicola
1179 2228 1290 2296 illa,
1321 2243 1440 2298 quae
1465 2239 1548 2284 est
1575 2242 1736 2297 super
1764 2227 1910 2284 Ledo

325 2319 568 2385 fluvium,
621 2321 841 2374 nomine
870 2318 1164 2384 Bauciallo,
1196 2334 1356 2390 quem
1403 2333 1506 2390 ego
1540 2318 1607 2374 de
1635 2317 1920 2386 Bestiuge-‘

323 2412 440 2466 selo
487 2411 555 2466 de
604 2410 1002 2466 Vindocinense
1030 2417 1085 2464 et
1114 2409 1342 2480 conjuge
1366 2410 1454 2465 vel
1490 2409 1742 2465 tiliastros
1783 2423 1913 2464 suos

318 2502 668 2573 comparavi,
725 2500 958 2556 basilica
1012 2500 1188 2556 sancti
1240 2500 1447 2556 Victuri
1507 2498 1910 2555 Cenomanniea

319 2592 538 2648 civitate
552 2607 674 2648 cum
699 2591 978 2662 mancipiis
998 2603 1055 2647 et
1073 2591 1219 2647 omni
1251 2604 1309 2646 re
1331 2590 1476 2658 quod
1501 2591 1630 2644 inibi
1655 2590 1911 2645 meliora-

319 2693 431 2739 tum
457 2692 560 2750 est,
586 2684 712 2739 volo
741 2697 860 2739 esse
897 2683 1174 2737 donatum.
1201 2681 1339 2736 Villa
1363 2681 1582 2736 nomine
1623 2680 1910 2747 Tauriaco,

318 2772 626 2843 portionem
675 2771 821 2826 illam
870 2786 1032 2840 quem
1078 2769 1285 2825 Nuncia
1329 2769 1457 2824 inibi
1490 2769 1682 2832 tenuit,
1714 2775 1770 2823 et
1810 2783 1912 2822 nos

318 2863 481 2920 modo
507 2879 606 2934 per
625 2863 1040 2934 prmceptionem
1063 2861 1248 2917 domui
1276 2861 1466 2927 nostri,
1489 2859 1627 2916 sicut
1650 2859 1911 2928 Marogilo

321 2965 378 3010 et
429 2953 706 3010 Roliniaco
748 2962 1019 3022 tenemus,
1071 2959 1126 3006 et
1172 2951 1288 3022 ipsa
1328 2951 1456 3006 villa
1493 2949 1759 3005 Tauriaco
1795 2958 1910 3002 tam

315 3046 566 3114 portione
596 3044 684 3098 illa
727 3043 1020 3099 Nnncianae
1058 3043 1151 3113 qui
1191 3041 1308 3110 fuit,
1341 3051 1398 3099 et
1437 3041 1601 3097 modo
1631 3041 1699 3097 ad
1726 3051 1909 3099 nostra

319 3133 606 3188 traditione
636 3133 918 3203 pervenit;
949 3147 1110 3201 quam
1141 3140 1198 3188 et
1226 3132 1533 3201 portionem
1555 3131 1721 3198 illam,
1745 3146 1906 3200 quam
1938 3120 1981 3181 C

318 3223 650 3279 Andericum
677 3232 734 3278 et
778 3224 962 3293 nepoti
988 3224 1091 3290 sui,
1117 3223 1260 3279 ﬁlius
1287 3237 1554 3293 germana:
1579 3237 1679 3279 suo
1707 3232 1761 3279 et
1789 3237 1912 3294 ger-

320 3333 492 3372 mana:
528 3333 641 3372 sum
671 3317 826 3372 nobis
846 3316 1225 3382 vendiderunt,
1254 3327 1310 3372 et
1337 3317 1513 3387 ipsum
1537 3317 1754 3371 insimul
1779 3333 1912 3373 cou-

317 3409 610 3480 jnnximus,
630 3420 684 3464 te
711 3416 1058 3466 sacrosancta
1087 3408 1520 3473 Ecclesia,heres
1543 3423 1684 3475 mea,
1711 3409 1912 3464 habere

317 3502 505 3570 jubeo.
560 3499 784 3556 Locello
833 3513 953 3569 quae
1002 3499 1303 3569 appellatur
1342 3499 1626 3566 l.uciacus,
1654 3499 1910 3569 quicquid

321 3594 452 3649 inibi
482 3593 550 3650 de
580 3593 960 3663 Berthigisillo,
990 3593 1074 3648 vel
1099 3593 1328 3663 conjuge
1355 3609 1450 3648 sua
1478 3601 1535 3648 et
1575 3593 1696 3648 ﬁliis
1722 3608 1908 3649 eorum

317 3687 646 3757 comparavi,
690 3693 747 3742 et
798 3685 866 3741 ad
919 3701 1156 3756 praesens
1206 3685 1484 3756 possidere
1529 3685 1737 3748 videor,
1787 3700 1908 3740 eum

317 3780 570 3850 quiequid
596 3780 722 3835 inibi
747 3778 990 3849 adjunxi,
1015 3787 1108 3834 aut
1133 3779 1310 3834 adhuc
1337 3778 1630 3848 adjungere
1658 3786 1908 3848 potuero,

316 3871 547 3927 basilice
589 3871 761 3926 sancti
809 3870 957 3925 Petri
1002 3879 1059 3925 et
1107 3869 1259 3925 Pauli
1306 3869 1506 3924 herede
1549 3885 1685 3924 mea:
1719 3869 1909 3938 delega

317 3964 720 4030 possidendum.
745 3963 913 4019 Villas
931 3979 1061 4018 vero
1081 3964 1213 4019 sitas
1235 3965 1288 4019 in
1319 3965 1609 4019 terraturio
1639 3964 1906 4029 Dunense,

316 4055 423 4110 hoc
463 4063 548 4110 est
593 4054 718 4108 villa
767 4053 1078 4121 Pannonio,
1111 4070 1272 4124 quem
1319 4055 1386 4110 de
1436 4055 1670 4110 Johanni
1714 4056 1909 4111 abbate

315 4149 444 4204 dato
488 4148 665 4220 pretio
692 4187 708 4213 ,
755 4147 860 4202 hoc
916 4155 1002 4202 est
1047 4146 1236 4203 solidis
1286 4155 1507 4202 centum
1555 4145 1908 4216 quadraginta

316 4243 652 4315 comparavi,
684 4250 739 4299 et
783 4241 967 4297 villam
1013 4241 1311 4308 Mareirias,
1341 4256 1504 4311 quem
1545 4240 1613 4296 de
1643 4239 1908 4306 Bethone,

319 4335 429 4391 tilio
459 4335 713 4391 Baddone
742 4334 1014 4404 quondam
1063 4333 1313 4389 similiter
1340 4333 1488 4387 visus
1531 4347 1646 4387 sum
1686 4345 1909 4401 compa-

221 4423 232 4428 "
313 4439 500 4488 rasse;
551 4424 694 4493 ipsas
742 4423 1000 4488 reicolas,
1035 4430 1091 4477 tu
1148 4423 1488 4478 dulcissimus
1541 4435 1713 4494 nepos
1757 4436 1910 4477 meus

316 4514 662 4586 Sigechelmi,
699 4524 830 4585 post
857 4531 1035 4571 meum
1067 4515 1273 4570 obitum
1294 4515 1554 4587 recipias;
1585 4517 1665 4572 sic
1690 4531 1909 4586 quoque

317 4617 377 4662 ut
407 4615 532 4677 post
568 4616 719 4662 tuum
767 4606 1000 4662 obedum
1046 4604 1138 4661 ﬁlii
1171 4607 1247 4662 tui
1294 4608 1438 4664 inter
1484 4623 1546 4665 se
1588 4609 1908 4679 mqualentia

318 4697 580 4753 dividant.

387 4809 636 4865 Reicolas
682 4811 802 4868 illas
829 4827 965 4882 quas
993 4820 1192 4869 sanctae
1220 4813 1473 4870 Ecclesiae
1499 4814 1726 4870 Suadria
1752 4832 1909 4873 soror

310 4900 585 4957 Theodori
630 4903 903 4972 quondam
942 4904 1183 4976 episcopi
1211 4920 1311 4976 per
1339 4921 1494 4962 suum
1524 4914 1906 4964 testamentum

313 4992 482 5060 dedit,
534 4994 639 5050 hoc
687 5002 771 5050 est
815 4995 1106 5053 Luciniaco
1149 5005 1208 5051 et
1243 4996 1443 5064 Monte,
1474 5007 1530 5054 et
1556 5010 1744 5070 postea
1782 5014 1906 5055 meo

313 5099 481 5155 Opere
510 5086 652 5158 ipsas
683 5086 969 5142 vindicavi.
1019 5087 1156 5143 Villa
1203 5103 1366 5157 quam
1413 5089 1481 5144 de
1527 5089 1770 5158 Dudone,
1809 5105 1906 5146 ne-

319 5175 428 5246 poti
457 5174 708 5231 Romono
753 5192 920 5247 super
959 5176 1146 5248 Ligere
1175 5179 1502 5248 comgaravi,
1535 5179 1640 5235 hoc
1666 5189 1750 5234 est
1777 5179 1904 5235 dato

323 5267 520 5323 solidos
548 5277 786 5335 centum,
818 5270 989 5338 ipsam
1019 5285 1157 5339 rem,
1200 5269 1455 5339 quicquid
1498 5269 1628 5325 inibi
1655 5270 1722 5324 ad
1766 5285 1905 5340 prte-

320 5374 440 5415 seus
463 5359 662 5417 habere
684 5359 888 5426 videor,
917 5377 1042 5417 cum
1063 5361 1329 5427 domibus,
1352 5361 1542 5426 vineis,
1562 5361 1738 5427 terris,
1755 5376 1906 5415 man-

291 5486 293 5489 -
317 5448 469 5518 cipiis
497 5459 552 5505 et
593 5451 740 5505 omni
771 5452 1018 5522 portione
1046 5452 1158 5517 illa,
1189 5460 1262 5519 te,
1290 5438 1634 5507 sacrosancta
1663 5449 1904 5506 Ecclesia

319 5539 475 5594 lieres
503 5556 644 5604 mea,
677 5541 876 5597 habere
901 5541 1086 5611 jubeo.
1109 5541 1374 5597 Similiter
1409 5541 1533 5596 villa
1553 5541 1710 5608 Brea,
1743 5555 1902 5611 quam

325 5629 450 5683 mihi
493 5629 875 5688 Theudoaldus
920 5633 1179 5699 vendidit,
1219 5641 1274 5688 et
1319 5634 1489 5704 ipsam
1527 5633 1595 5689 ad
1625 5641 1769 5689 tuam
1815 5649 1902 5688 re-

324 5739 480 5783 voces
529 5725 808 5796 ditionem,
841 5745 960 5786 cum
993 5733 1179 5804 vincis,
1212 5733 1491 5806 mancipiis
1530 5742 1583 5790 ct
1612 5735 1757 5795 omni
1785 5735 1904 5805 jure

1939 4475 1988 4535 Ι)

2018 493 2174 549 datos
2199 494 2303 550 sol.
2354 510 2450 550 ccc
2495 494 2826 565 comparavi,
2871 501 2930 550 et
2969 508 3112 549 nunc
3154 493 3210 548 in
3259 492 3460 549 ditione
3485 510 3593 549 mea

2017 586 2072 642 in
2121 587 2218 644 Dei
2263 588 2486 643 nomine
2531 602 2653 643 esse
2687 585 3022 653 dinoscetur,
3055 594 3130 652 te,
3175 594 3359 641 sancta
3392 585 3596 642 basilica

2015 677 2201 734 domui
2247 677 2395 734 Petri
2431 687 2490 734 et
2531 677 2704 744 Pauli,
2734 693 2896 749 quam
2927 677 3181 733 heredem
3229 692 3351 732 cum
3381 676 3596 732 ecclesia

2016 771 2344 840 nuncupavi,
2366 770 2566 825 habere
2587 769 2844 836 decerno,
2863 783 2983 824 cum
3005 767 3276 832 domibus,
3301 767 3594 838 mancipiis,

2013 861 2206 927 vineis,
2238 861 2430 932 pratis,
2461 861 2610 916 silvis
2638 875 2762 916 eum
2785 860 2932 916 omni
2957 859 3082 930 jure
3110 875 3244 927 suo;
3277 867 3333 915 et
3360 861 3404 915 si
3434 860 3600 916 adhuc

2016 953 2148 1008 inibi
2173 953 2375 1023 aliquid
2396 952 2683 1008 meliorare
2704 959 2953 1023 potuero,
2985 959 3155 1006 totum
3178 959 3235 1006 et
3255 949 3320 1004 ad
3343 950 3599 1019 integrum

2015 1045 2082 1098 ad
2113 1051 2260 1098 tuam
2305 1058 2529 1100 revoces
2573 1050 2917 1112 potestatem.
2969 1039 3109 1096 Villa
3153 1039 3405 1104 Sitriaco,
3445 1052 3600 1107 quem

2015 1135 2142 1190 dato
2173 1133 2348 1205 pretio
2376 1133 2446 1190 de
2473 1133 2742 1202 [.eugadie
2768 1132 3100 1202 comparavi,
3130 1145 3254 1187 cum
3277 1130 3386 1184 alio
3416 1129 3600 1184 locello

2015 1225 2110 1295 qui
2149 1231 2493 1295 nuncupatur
2542 1223 2843 1285 Blaciacos,
2889 1236 3010 1278 cum
3059 1220 3428 1292 adjacentibus
3453 1219 3518 1274 ad
3545 1235 3602 1276 se

2014 1317 2430 1390 pertinentibus,
2479 1316 2763 1381 domibus,
2817 1315 3134 1396 mancipiis,
3185 1316 3380 1382 vineis,
3430 1314 3599 1380 terris,

2014 1408 2204 1480 pratis,
2251 1407 2423 1474 silvis,
2453 1407 2542 1464 vel
2572 1407 2717 1463 omni
2743 1406 2868 1476 jure
2907 1422 3118 1472 earum,
3146 1415 3222 1473 te,
3261 1415 3601 1462 sacrosancta

2015 1499 2260 1557 Ecclesia
2285 1500 2712 1565 Cenomannica,
2746 1499 3000 1556 heredem
3028 1514 3204 1556 meam
3237 1498 3439 1554 habere
3468 1514 3601 1570 prm-

2014 1593 2174 1664 cipio.

2086 1707 2226 1762 Villa
2255 1706 2540 1764 Cresciaco
2567 1716 2622 1764 et
2646 1707 2834 1777 Vallis,
2879 1708 3018 1765 sicut
3055 1723 3154 1778 per
3177 1709 3437 1778 epistolas
3465 1703 3602 1764 inter

2015 1813 2103 1854 me
2124 1806 2181 1855 et
2221 1798 2422 1856 domno
2468 1799 2695 1858 Arnull'o
2733 1803 2989 1874 episcopo
3037 1803 3314 1860 Mettensis
3353 1803 3604 1860 Ecclesia

2015 1888 2290 1957 convenit,
2340 1891 2394 1946 in
2440 1891 2651 1948 honore
2679 1893 2862 1948 domui
2908 1894 3168 1965 Stephani
3197 1893 3449 1951 Ecclesiae
3476 1910 3603 1963 sum,

2014 1981 2154 2037 sicut
2173 1981 2285 2052 jam
2315 1997 2413 2053 per
2445 1983 2732 2054 epistolam
2764 1995 3002 2042 nostram
3045 1987 3193 2057 prius
3220 1987 3460 2051 decrevi,
3488 1995 3604 2057 post

2013 2087 2198 2127 meum
2225 2072 2456 2142 obitum,
2485 2073 2602 2144 ipsa
2639 2082 2826 2130 sancta
2857 2075 3090 2132 Ecclesia
3123 2077 3177 2131 in
3199 2077 3406 2132 honore
3434 2078 3604 2132 sancti

2013 2161 2270 2233 Stephani
2301 2161 2370 2219 ad
2395 2179 2547 2222 suam
2570 2172 2794 2221 revocet
2815 2166 3097 2232 ditionem,
3119 2175 3175 2222 et
3202 2183 3394 2222 nomen
3427 2183 3602 2224 meum

2013 2251 2069 2308 in
2096 2253 2235 2309 libro
2263 2253 2386 2310 vitae
2417 2254 2584 2320 inihi,‘
2617 2257 2714 2327 qui.
2737 2264 2864 2312 tunc
2887 2267 3129 2328 tempore
3155 2259 3398 2328 pontifex
3425 2256 3600 2322 fuerit,

2013 2347 2176 2404 scribi
2195 2346 2403 2416 jubeat.
2432 2345 2566 2403 Tres
2593 2357 2777 2418 partes
2799 2348 3084 2417 colonicae,
3110 2363 3269 2418 quem
3299 2349 3367 2404 de
3396 2350 3604 2404 ratione

2016 2437 2286 2507 Arngaldo
2315 2437 2630 2507 habuimus,
2661 2439 2833 2508 ipsam
2861 2439 3136 2495 basilicam
3162 2440 3348 2495 domui
3375 2439 3525 2496 Petri
3551 2447 3604 2495 et

2012 2530 2300 2600 peculiaris
2313 2530 2526 2600 patroni
2556 2530 2724 2586 nostri
2749 2530 2986 2586 Medardi
3009 2531 3246 2601 episcopi
3273 2541 3397 2601 post
3425 2548 3601 2586 meum

2013 2621 2221 2678 obitum
2252 2619 2452 2675 habere
2495 2620 2682 2690 jubeo.
2732 2621 2871 2676 Villa
2901 2621 3252 2691 Moutiuiaco,
3297 2639 3464 2693 quant
3515 2622 3602 2676 Gi-

2012 2705 2238 2765 boaldus
2279 2707 2549 2778 quondam
2597 2709 2882 2779 episcOpus
2931 2711 3144 2779 tenuit,
3193 2720 3247 2766 et
3296 2719 3491 2782 postea
3537 2712 3600 2767 ad

2013 2807 2255 2856 nostram
2285 2798 2544 2855 ditionem
2583 2799 2750 2866 venit,
2804 2799 2919 2872 ipsa
2974 2817 3098 2857 eum
3148 2803 3292 2857 omni
3337 2802 3464 2873 jure
3509 2819 3602 2858 suo

2013 2899 2203 2947 sancta
2251 2889 2496 2946 Ecclesia
2540 2891 2675 2962 juris
2720 2894 2801 2948 sui
2852 2909 2971 2949 esse
3020 2909 3162 2950 nunc
3210 2895 3398 2964 delego
3445 2905 3604 2966 atque

2013 2984 2265 3039 decerno.
2297 2982 2464 3038 Villas
2489 2998 2620 3040 vero
2648 2985 2782 3039 sitas
2825 2984 2879 3038 in
2922 2983 3244 3055 Burgundia,
3289 3001 3423 3056 quas
3455 2988 3602 3041 nobis

2015 3074 2281 3143 gloriosus
2332 3074 2562 3129 domnus
2613 3084 2797 3130 noster
2848 3074 3156 3132 Clotharius
3212 3091 3309 3131 rex
3369 3089 3426 3132 et
3484 3077 3602 3131 viris

2017 3165 2200 3220 inlust.
2230 3163 2483 3220 Bradone
2511 3173 2567 3221 et
2592 3165 2944 3222 Warnehario
2971 3166 3187 3238 Majoris
3213 3167 3403 3223 domus
3433 3169 3599 3237 dedit,

2013 3255 2108 3324 qui
2156 3254 2370 3310 fuerunt
2411 3253 2762 3327 Leudegiselo
2809 3259 3104 3328 quondam,
3151 3261 3364 3315 tertiam
3395 3263 3603 3331 portio-

2013 3361 2172 3412 nem,
2223 3361 2384 3416 quam
2434 3347 2563 3402 mihi
2613 3362 2681 3402 ex
2732 3348 2874 3418 ipsas
2919 3350 3075 3404 villas
3127 3351 3365 3420 legitimo
3413 3353 3602 3408 ordine

2011 3455 2132 3495 cum
2164 3439 2293 3509 ipsis
2328 3439 2457 3494 viris
2503 3439 2800 3496 illustribus
2846 3441 3090 3508 debetur,
3119 3458 3216 3497 vos
3255 3455 3601 3499 sacrosancta

2010 3529 2251 3585 Ecclesia
2307 3531 2708 3588 Cenomannica
2763 3541 2818 3587 et
2869 3534 3092 3588 basilica
3143 3537 3313 3591 sancti
3360 3535 3504 3591 Petri
3551 3547 3602 3592 et

2012 3619 2164 3675 Pauli
2212 3621 2440 3678 heredes
2485 3639 2635 3678 meas
2681 3622 3005 3694 mqualentia
3051 3640 3173 3680 cum
3222 3627 3352 3695 ipsis
3401 3628 3602 3684 habere

2012 3713 2158 3769 nolo.
2188 3711 2256 3767 Et
2285 3714 2436 3769 villas
2468 3715 2520 3768 in
2545 3715 2864 3782 l’rovencia',
2895 3732 3029 3786 quas
3055 3716 3164 3786 ipse
3190 3718 3308 3787 pius
3337 3734 3431 3773 rex
3463 3720 3602 3774 inter

2010 3818 2099 3858 me
2127 3811 2181 3857 et
2209 3803 2358 3859 viros
2388 3805 2611 3860 illustris
2634 3803 2976 3862 Gondolaido
3009 3816 3062 3862 et
3085 3807 3272 3876 Cliugo
3295 3809 3361 3864 de
3388 3812 3602 3865 ratione

2010 3893 2316 3974 Aureliam:
2357 3895 2524 3963 dedit,
2557 3903 2816 3966 quantum
2843 3897 3040 3954 exinde
3073 3913 3168 3968 per
3192 3899 3455 3968 justitiam
3488 3902 3603 3955 viu-

2010 3984 2190 4040 dicare
2218 3999 2520 4056 possemus,
2553 3988 2761 4056 absque
2812 3997 3093 4058 peceatum
3138 3999 3403 4054 nostrum,
3439 3992 3491 4047 id
3522 4000 3604 4047 est

2009 4074 2078 4129 de
2105 4076 2249 4145 ipsas
2301 4076 2451 4132 villas
2481 4077 2783 4146 portionem
2824 4094 3022 4144 meam,
3051 4094 3148 4134 vos
3197 4081 3423 4137 heredes
3454 4097 3604 4138 meas

2010 4180 2130 4220 cum
2159 4167 2288 4236 ipsis
2315 4166 2536 4223 illustris
2575 4169 2705 4225 viris
2740 4168 2808 4224 ad
2851 4173 3084 4226 vestram
3114 4175 3377 4229 revOCetis
3416 4183 3603 4243 potes-

2011 4267 2198 4316 tatem.
2231 4259 2370 4316 Villa
2400 4277 2531 4318 vero
2557 4277 2678 4332 quae
2716 4263 2783 4318 de
2806 4265 3014 4320 ratione
3059 4263 3366 4332 N..ncian:e,
3398 4274 3508 4320 tam
3549 4268 3601 4322 in

2011 4347 2276 4420 Pectavo,
2307 4365 2469 4421 quam
2515 4363 2570 4407 et
2613 4353 2667 4408 in
2696 4352 3023 4420 Erba‘ticola,
3052 4369 3212 4422 quam
3243 4364 3297 4410 et
3324 4355 3443 4411 illas
3469 4357 3602 4412 alias

2012 4441 2167 4497 villas
2189 4456 2324 4510 quas
2353 4458 2474 4498 cum
2499 4442 2736 4500 Gltisoue
2758 4445 3019 4515 eompatri
3044 4460 3162 4500 meo
3190 4446 3241 4499 iu
3271 4443 3602 4514 Cadurcino,

2015 4531 2483 4604 Limodicino,aut
2507 4536 2826 4605 ubicumque
2850 4536 2902 4589 in
2923 4534 3085 4590 ‘Gulia
3111 4539 3291 4608 portio
3313 4536 3602 4593 Nuncianc

2011 4625 2168 4682 nobis
2207 4626 2410 4682 'exinde
2463 4627 2700 4694 legitime
2757 4625 3140 4692 reddebantur,
3192 4637 3243 4683 te
3292 4627 3603 4684 dulcissime

2009 4724 2289 4786 compater
2315 4732 2466 4772 meus
2492 4716 2659 4773 Ghiso
2699 4732 2797 4788 pro
2841 4719 3041 4773 amoris
3069 4717 3320 4775 allectum
3360 4730 3416 4775 et
3443 4736 3602 4777 com-

2009 4813 2258 4874 paratum
2289 4821 2393 4860 una
2442 4822 2565 4862 cum
2595 4809 2780 4879 nepoti
2815 4818 2998 4865 vestro
3027 4817 3082 4866 et
3111 4819 3295 4865 nostro
3325 4810 3600 4880 Thoringo

2007 4896 2287 4965 :equaliter
2328 4897 2671 4954 dividendum
2717 4899 2917 4955 habere
2953 4900 3229 4971 prmcipio.
3271 4901 3440 4958 Villas
3468 4915 3600 4962 vero

2008 5002 2141 5058 quas
2167 4988 2293 5044 dato
2322 4991 2499 5060 pretio
2548 4991 2629 5058 de,
2659 4990 2955 5048 Dracoaldo
2985 4993 3241 5064 episcopo
3272 4990 3598 5068 [Auscicnsi]

2007 5082 2339 5152 comparavi,
2383 5091 2440 5138 et
2470 5084 2523 5137 in
2561 5084 2734 5140 civem
2788 5083 2874 5158 [L.
2909 5084 3206 5158 civitatem]
3255 5087 3445 5157 ipsum,
3505 5086 3598 5140 ubi

2006 5179 2291 5248 pfmdictus
2319 5178 2560 5249 pontifex
2591 5177 2691 5235 fuit
2717 5181 2949 5247 occisus,
2990 5195 3109 5236 esse
3140 5190 3454 5247 noscuntur,
3475 5179 3592 5243 tibi,

2005 5271 2312 5327 dulcissime
2365 5288 2534 5343 nepos
2579 5289 2730 5329 meus
2779 5273 3122 5343 Sigeehelmi,
3154 5291 3260 5330 una
3297 5291 3418 5331 eum
3469 5275 3596 5332 ﬁliis

2008 5364 2114 5419 tuis
2143 5365 2398 5435 praccipio
2429 5365 2831 5434 possidendum.
2863 5365 3229 5422 Fidelissimus
3259 5383 3409 5422 meus
3435 5366 3594 5422 War-

2007 5457 2228 5513 nehario
2273 5468 2328 5514 et
2356 5458 2622 5514 Walcone
2670 5459 2778 5514 lilio
2809 5458 3140 5516 'l‘edemondi
3181 5461 3471 5529 quondam,
3497 5458 3592 5526 qui

2006 5551 2136 5606 mihi
2165 5549 2393 5606 ﬁdelter
2421 5551 2488 5605 ab
2519 5550 2881 5606 adolescentia
2911 5567 3098 5607 eorum
3133 5551 3215 5606 vel
3259 5560 3460 5608 sancta:
3488 5549 3590 5605 Ec-

2006 5639 2182 5695 clesiae
2228 5657 2348 5696 cum
2379 5641 2584 5707 integra
2617 5639 2737 5706 (ide,
2785 5639 2929 5710 quod
2968 5641 3220 5696 omnibus
3260 5638 3593 5710 incognitum

2010 5745 2115 5786 non
2137 5738 2235 5800 est,
2272 5730 2570 5787 deservisse
2601 5739 2912 5799 noscuntur,
2946 5731 3204 5802 quidquid
3232 5732 3308 5790 eis
3334 5733 3385 5786 in
3413 5728 3586 5794 terris,
