3928 6176
295 329 392 385 ιοό

1656 317 2192 380 TESTAMENTUM.

3457 321 3562 376 406

289 439 588 512 mancipiis,
641 436 813 493 vineis
861 435 1003 502 dedi,
1036 415 1130 490 aut
1178 434 1296 505 ipso
1327 447 1448 489 meo
1493 441 1738 503 tempore
1767 433 1866 488 visi
1896 437 1943 496 Α
1971 433 2234 486 rationem
2265 430 2497 501 digneris
2525 433 2738 496 venire;
2773 442 2822 488 et
2853 434 3085 490 domnus
3114 434 3276 490 abbas
3309 437 3393 491 vel
3425 452 3558 492 con-

285 542 412 590 sunt
453 531 772 600 adquisisse,
801 539 972 584 totum
1002 537 1056 583 et
1090 527 1156 582 ad
1187 528 1452 595 integrum
1484 525 1563 582 eis
1582 526 1708 582 volo
1749 539 1870 580 esse

191 619 198 629 ”
285 638 620 688 concessum,
647 630 702 676 et
725 620 816 674 ﬁlii
844 629 899 674 et
921 619 1042 674 ﬁlia:
1072 635 1280 681 eorum,
1303 634 1465 687 quam
1494 619 1584 673 diu
1615 618 1868 682 vixerint,

285 716 613 786 possideant,
627 721 687 769 et
711 713 889 768 nullus
913 728 982 767 ex
1005 713 1082 768 eis
1109 712 1304 767 exinde
1325 711 1458 766 nihil
1476 710 1686 767 auferat
1706 710 1870 780 jubeo

285 823 350 862 ac
374 808 634 862 decerno.

357 917 627 988 Quidquid
681 915 824 970 ﬁdeli
875 922 1064 969 nostro
1111 912 1365 969 Cherulfo
1413 913 1682 983 quondam
1727 912 1874 968 dedi-

287 1023 406 1062 mus
452 1007 540 1060 vel
572 1005 694 1060 ﬁliis
721 1005 856 1070 suis,
890 1005 994 1058 hoc
1045 1003 1111 1056 ad
1157 1004 1424 1071 integrum
1471 1003 1870 1071 conﬁrmamus.

283 1097 627 1154 Fidelissimo
657 1097 836 1150 amico
867 1109 988 1149 meo
1018 1093 1328 1149 Chadeleno
1356 1093 1608 1164 quicquid
1635 1094 1684 1148 ei
1707 1095 1793 1147 hic
1821 1101 1875 1147 et

289 1191 342 1244 in
371 1187 782 1245 Genomannico
827 1185 972 1250 dedi,
1001 1186 1126 1240 volo
1171 1194 1228 1239 ut
1265 1187 1368 1240 hoc
1412 1186 1464 1238 in
1517 1192 1779 1254 perpetuo
1822 1193 1878 1237 et

288 1281 376 1335 ille
403 1289 460 1335 et
498 1279 592 1332 ﬁlii
641 1278 724 1332 sui
771 1275 1103 1346 possideant,
1143 1277 1269 1345 quia
1301 1275 1550 1330 omnibus
1582 1284 1766 1329 notum
1795 1282 1879 1329 est

287 1371 432 1441 quod
477 1369 707 1423 ﬁdeliter
736 1368 789 1421 in
827 1367 970 1421 mini.
991 1367 1140 1422 tcriis
1169 1377 1368 1422 sancta:
1395 1367 1635 1421 ecclesiae
1663 1376 1716 1420 et
1737 1367 1878 1436 jugi-

288 1471 371 1515 ter
399 1459 724 1523 deservivit,
776 1467 831 1512 et
861 1467 1106 1527 tempore
1133 1457 1255 1511 vita:
1283 1471 1394 1511 sua:
1422 1455 1597 1512 facere
1620 1456 1876 1526 disponit,

287 1561 339 1606 et
364 1551 571 1620 justum
605 1556 709 1614 est,
743 1557 800 1602 ut
846 1547 1098 1618 quicquid
1149 1548 1198 1603 ei
1249 1549 1316 1603 de
1341 1548 1462 1618 jure
1493 1548 1761 1614 Ecclesim,
1795 1551 1879 1604 vel

288 1659 405 1714 qua:
433 1658 558 1697 meo
585 1643 768 1696 labore
793 1641 860 1695 ad
885 1639 1175 1696 Ecclesiam
1202 1643 1465 1710 pervenit,
1497 1656 1711 1710 semper
1739 1641 1790 1694 in
1815 1657 1879 1696 eo

291 1735 678 1806 perpetualiter
726 1734 998 1803 perduret.
1049 1732 1220 1787 Fideli
1270 1747 1394 1788 meo
1448 1732 1728 1798 Betoleno,
1769 1732 1880 1788 ﬁlio

291 1796 602 1882 'Cuu-dcleno
633 1796 924 1895 quondam,
957 1824 1213 1894 quicquid
1256 1824 1503 1893 genitore
1530 1839 1628 1879 suo
1654 1796 1874 1889 dedere,
1914 1796 1954 1856 Β

291 1918 375 1972 vel
413 1918 560 1986 quod
598 1925 786 1986 postea
825 1915 946 1986 ipso
989 1915 1248 1971 Betoleno
1289 1931 1357 1970 ex
1402 1924 1586 1971 nostra
1634 1916 1882 1984 largitate

292 2020 375 2065 est
416 2025 758 2074 concessum,
813 2010 931 2078 ipso
969 2007 1231 2064 Betoleno
1261 2016 1316 2063 et
1360 2008 1591 2078 conjuge
1636 2024 1767 2074 suae,
1797 2008 1883 2062 vel

294 2101 414 2155 tiiiis
435 2115 625 2156 eorum
656 2101 709 2154 iu
739 2106 1001 2168 perpetuo
1025 2098 1148 2153 volo
1175 2113 1297 2154 esse
1321 2099 1576 2154 donatum
1604 2116 1616 2153 :
1646 2100 1723 2153 sic
1744 2113 1882 2167 quo—

294 2212 397 2264 que
426 2206 485 2251 ut
513 2195 745 2266 genitrix
774 2209 869 2248 sua
893 2201 1163 2262 quotquot
1204 2193 1398 2249 exinde
1438 2194 1600 2249 habet
1629 2193 1756 2248 dum
1785 2192 1882 2246 ad-

296 2289 512 2356 vixerit,
555 2287 957 2343 usufructuario
986 2287 1274 2356 possideat.
1309 2285 1438 2341 Post
1468 2287 1674 2341 obitum
1716 2285 1884 2354 ipsius

296 2382 404 2450 iam
432 2381 610 2436 dictus
640 2379 931 2435 Betolenus
957 2386 1031 2445 ,et
1058 2379 1151 2432 lilii
1200 2379 1283 2433 sui
1312 2379 1365 2432 in
1412 2377 1677 2447 integrum
1707 2377 1884 2448 perci-

298 2472 467 2541 piant,
502 2479 558 2526 et
583 2485 798 2540 semper
825 2469 984 2524 amici
1010 2468 1266 2525 Ecclesia:
1286 2471 1600 2540 persistant.

364 2581 499 2636 illud
529 2582 708 2648 itaque
735 2594 868 2648 rogo
893 2594 956 2634 ac
982 2579 1166 2649 jubeo,
1199 2588 1258 2634 ut
1280 2581 1703 2650 quanticumque
1724 2579 1885 2634 amici

300 2673 403 2728 mei
432 2672 518 2726 vel
548 2670 733 2726 ﬁdeles
762 2671 1058 2725 servientes
1085 2669 1302 2734 fuerint,
1331 2685 1544 2738 semper
1571 2670 1648 2724 eis
1679 2684 1888 2722 memor

300 2767 366 2818 sit
395 2763 656 2818 nutritura
687 2778 830 2830 mea,
861 2762 945 2816 vel
977 2760 1319 2817 benefactum
1350 2776 1549 2825 meum,
1580 2761 1723 2830 quod
1745 2760 1885 2814 circa

303 2855 418 2911 illos
443 2853 754 2924 itnpendidi,
789 2860 932 2908 utet
977 2853 1105 2922 ipsis
1135 2861 1256 2923 post
1295 2853 1500 2908 obitum
1548 2867 1725 2906 meum
1757 2867 1886 2906 cura

302 2947 391 3012 sit,
436 2954 495 2999 ut
539 2960 660 3000 cum
706 2944 822 2999 dies
868 2945 1397 2999 commemorationis
1448 2959 1581 2998 mea:
1623 2945 1883 3007 evenerit,

302 3051 515 3104 semper
544 3035 674 3090 inibi
721 3036 906 3090 adesse
949 3033 1181 3089 debeant
1212 3053 1224 3088 :
1259 3046 1314 3090 et
1355 3035 1563 3089 Abbate
1613 3035 1715 3090 loci
1747 3035 1889 3090 itlius

301 3127 550 3181 solatium
581 3127 889 3197 praebeant;
947 3134 1001 3180 et
1031 3125 1212 3181 dicant
1245 3143 1256 3179 :
1284 3125 1434 3181 Felix
1474 3136 1555 3181 est
1582 3126 1746 3181 homo
1777 3127 1886 3193 ille,
1918 3153 1961 3214 ρ

303 3217 392 3284 qui
423 3218 620 3272 amicos
649 3218 820 3272 bonos
846 3215 1117 3285 relinquit.
1153 3216 1412 3287 Praecipio
1441 3217 1554 3282 tibi,
1585 3217 1893 3273 dulcissime

301 3322 471 3377 nepos
522 3322 672 3362 meus
703 3307 1048 3376 Sigecbelmi,
1087 3315 1143 3360 et
1174 3307 1294 3361 filiis
1325 3307 1426 3361 tuis
1461 3322 1594 3376 rgo
1621 3316 1676 3362 et
1705 3308 1892 3377 adjnro

302 3413 397 3467 per
425 3397 594 3453 Deum
621 3399 1064 3467 omnipotentem,
1097 3407 1155 3451 ut
1179 3397 1434 3467 quamdiu
1469 3413 1565 3452 vos
1603 3397 1656 3450 in
1696 3399 1892 3453 sazculo

301 3489 642 3560 supertitisse
671 3487 918 3548 voluesit,
950 3501 1054 3540 uua
1102 3502 1224 3541 cum
1265 3487 1518 3556 conjuges
1558 3496 1762 3541 vestras
1810 3487 1893 3541 vel

299 3580 509 3635 sobolis
538 3579 748 3643 vestris,
796 3578 840 3631 si
889 3577 1090 3631 sanitas
1127 3579 1452 3648 permiserit,
1500 3593 1713 3646 semper
1741 3579 1894 3632 annis

299 3672 528 3740 singulis
566 3672 648 3726 bis
675 3680 766 3725 aut
797 3681 879 3727 ter
906 3672 1233 3743 sepulturola
1265 3687 1380 3726 mea
1413 3672 1667 3735 visitetis;
1711 3680 1762 3724 et
1790 3670 1893 3726 hoc

301 3763 498 3832 adjuro
545 3763 750 3818 Abhae
798 3763 899 3817 loci
930 3762 1090 3830 illius,
1118 3770 1178 3815 ut
1207 3763 1443 3817 totaliter
1465 3777 1560 3816 vos
1586 3761 1813 3827 reﬁciat,
1840 3770 1895 3815 et

302 3854 444 3907 ﬁlios
472 3867 554 3908 ve:
571 3861 682 3907 tros
721 3854 966 3919 honoret,
999 3853 1229 3922 qualiter
1255 3852 1531 3920 cognoscit
1576 3867 1662 3906 me
1709 3859 1893 3906 sancta

301 3943 345 3997 Ε
379 3944 544 3999 clesia
569 3943 730 3999 fuisse
753 3944 1169 4008 consolatorem,
1195 3951 1248 3997 ut
1274 3943 1422 3998 vobis
1457 3951 1513 3998 et
1551 3942 1672 3997 filiis
1703 3945 1894 3999 vestris

301 4039 542 4092 delectet
567 4035 816 4105 frequens
841 4035 1062 4090 visitare
1091 4035 1265 4089 locum
1308 4035 1478 4107 ipsum
1510 4045 1777 4102 sanctum,
1813 4036 1894 4090 vel

301 4141 480 4180 meam
533 4140 956 4180 commemorare
1002 4125 1336 4179 memoriam.
1403 4124 1604 4193 Adjuro
1657 4134 1711 4180 et
1765 4139 1894 4194 rogo

301 4215 506 4270 domno
537 4229 658 4270 meo
688 4214 1039 4270 CaiiimOaldo
1070 4215 1322 4285 episcopo
1347 4215 1546 4288 [lnfra,
1577 4215 1893 4272 Chaimaldo

305 4307 472 4375 episc.
522 4304 868 4377 Pictavensi],
922 4307 1048 4375 quia
1100 4308 1527 4374 consanguineus
1577 4323 1728 4362 meus
1776 4322 1894 4362 esse

305 4397 636 4462 dinoscetur,
666 4406 720 4452 et
753 4412 872 4451 cum
905 4397 1082 4452 divina
1116 4397 1285 4467 pietas
1315 4398 1381 4452 ad
1413 4398 1746 4452 sacerdotale
1775 4398 1891 4453 cul-

1970 525 2212 592 gregatio
2260 523 2434 579 sancti
2464 523 2605 579 Petri
2638 533 2692 580 et
2726 525 2871 580 Pauli
2903 527 3120 598 dignum
3162 528 3258 583 tibi
3301 535 3560 585 honorem

1973 611 2304 682 impendant.

2044 725 2172 788 llos,
2226 726 2320 780 has
2364 726 2560 782 liberas
2586 727 2852 784 liberosve
2892 732 3198 799 essejubeo
3229 752 3240 785 :
3277 732 3600 802 Libigiselo'

1977 832 2094 873 eum
2126 834 2292 874 uxore
2339 828 2393 874 et
2444 819 2581 886 ﬁliis,
2617 819 3019 891 Chinemundo,
3047 825 3416 882 Chrodosindo
3447 844 3567 884 cum

1975 926 2145 964 uxore
2175 921 2231 964 et
2276 903 2547 974 infantes,
2579 911 2966 983 Theodogundi
3015 924 3069 969 et
3118 915 3225 970 ﬁlio
3269 933 3366 972 suo
3400 918 3568 988 Lapo,

1975 1007 2030 1053 et
2061 999 2164 1054 ﬁlia
2195 1016 2314 1068 sua,
2358 1000 2615 1056 Ennnane
2647 1019 2766 1058 cum
2817 1020 2986 1059 uxore
3033 1014 3089 1060 et
3129 1007 3274 1071 ﬁliis,
3303 1005 3568 1064 Ebrelrno

1977 1108 2098 1146 cum
2128 1109 2295 1148 uxore
2325 1102 2378 1148 et
2421 1095 2560 1160 ﬁliis,
2595 1094 2852 1160 Gariull‘o,
2891 1096 3125 1163 .luliano,
3162 1098 3415 1153 Picoaldo
3447 1115 3567 1153 cum

1978 1200 2147 1239 uxore
2185 1193 2241 1238 et
2283 1184 2426 1250 ﬁliis,
2479 1185 2586 1240 ﬁlio
2635 1197 2688 1241 et
2739 1188 2848 1241 ﬁlia
2902 1187 3178 1242 Maurello.
3230 1188 3487 1243 Similiter
3518 1199 3574 1243 et

1978 1279 2209 1334 famulos
2237 1296 2388 1336 meos
2413 1281 2504 1350 qui
2537 1282 2664 1336 inibi
2711 1282 2985 1338 deservire
3024 1283 3295 1348 videntur,
3331 1295 3438 1338 tam
3479 1300 3577 1337 nae

1978 1372 2126 1426 tione
2157 1371 2421 1437 Romana,
2452 1387 2612 1441 quam
2643 1381 2696 1426 et
2740 1371 2991 1428 barbara.
3034 1373 3090 1426 1d
3128 1382 3272 1438 sunt,
3304 1373 3575 1438 Teodane,

1979 1467 2201 1536 Bajone,
2255 1467 2613 1531 Baudasindo,
2660 1468 2868 1535 Mauro,
2919 1469 3288 1533 Austrehario,
3333 1469 3580 1538 Audisgi-

1980 1557 2105 1625 silo,
2141 1557 2448 1626 Vctesigilo,
2491 1559 2800 1613 Bercehano
2825 1597 2842 1624 ,
2873 1558 3143 1625 Quotane,
3175 1559 3410 1628 Alagise,
3444 1559 3579 1614 Leo-
3649 1571 3656 1576 “

1981 1649 2243 1717 degiselo,
2276 1657 2329 1702 et
2374 1648 2496 1702 ﬁliis
2527 1649 2931 1704 Theodonivite.
2965 1649 3076 1705 ilus
3123 1656 3296 1706 onmis
3327 1652 3394 1706 ad
3440 1653 3580 1707 inte-

1983 1759 2135 1813 grum
2161 1745 2422 1813 ingenuos
2452 1760 2572 1799 esse
2595 1745 2760 1813 jubeo
2789 1760 2909 1800 cum
2934 1746 3077 1800 omni
3101 1748 3358 1816 peculiari
3388 1762 3578 1802 eorum

1985 1836 2128 1904 quod
2180 1835 2402 1904 habent,
2453 1846 2548 1892 aut
2597 1837 2850 1906 deinceps
2903 1838 3151 1895 laborare
3206 1847 3480 1910 poterunt,
3527 1849 3582 1894 ct

1984 1928 2352 1985 defensionem
2395 1939 2598 1985 sancta:
2643 1930 2878 1986 basilicae.
2923 1931 3108 1986 domui
3157 1930 3299 1986 Petri
3343 1941 3398 1986 et
3430 1930 3581 1985 Pauli

1985 2020 2397 2088 Apostolorum,
2453 2021 2543 2074 ubi
2587 2020 2912 2090 corpusculo
2963 2035 3086 2076 meo
3133 2021 3188 2076 in
3243 2022 3334 2076 Dei
3382 2037 3581 2077 nomen

1985 2120 2115 2180 opto
2155 2111 2523 2180 requiescere,
2577 2112 2777 2167 habere
2824 2127 3159 2178 mereamur;
3214 2113 3288 2167 ita
3335 2121 3391 2167 ut
3421 2128 3582 2168 unus-

1971 2200 2213 2270 quisque
2266 2209 2508 2270 tempore
2557 2200 2914 2270 depositionis
2942 2217 3075 2258 mea:
3122 2204 3474 2265 conveniant,
3526 2210 3581 2256 et

1987 2289 2167 2344 oblata
2222 2297 2428 2344 tantum
2475 2290 2706 2344 nominis
2738 2291 2845 2345 mei
2891 2299 3018 2348 ante
3059 2301 3303 2346 sanctum
3332 2293 3580 2346 altarium

1985 2378 2240 2448 offerant,
2293 2380 2379 2435 vel
2430 2390 2770 2446 recenseant,
2824 2391 2880 2436 et
2936 2382 3313 2449 ministerium,
3368 2383 3580 2450 qualem

1989 2473 2161 2542 egisse
2184 2472 2285 2529 visi
2315 2479 2459 2536 sunt,
2492 2474 2857 2542 unusquisque
2896 2473 2949 2526 in
2992 2472 3086 2526 Dei
3118 2488 3316 2527 nomen
3361 2473 3414 2526 in
3444 2487 3583 2542 pra:-

1988 2564 2130 2620 dicta
2170 2563 2258 2618 die
2303 2564 2624 2627 observent;
2673 2571 2730 2617 et
2772 2563 2952 2617 abbati
2983 2561 3086 2617 loci
3137 2563 3284 2616 illius
3331 2563 3583 2618 solatium

1989 2658 2282 2727 praebeant,
2337 2663 2609 2725 ctpostca
2666 2654 2718 2709 in
2775 2655 3066 2709 crastinum
3116 2654 3283 2709 abbas
3334 2654 3426 2710 det
3479 2655 3586 2708 illis

1991 2747 2356 2815 dignissimam
2400 2746 2774 2812 refectionem,
2812 2755 2866 2800 et
2897 2747 3260 2816 unusquisque
3290 2747 3356 2801 ad
3393 2746 3586 2801 domos

1991 2853 2178 2894 eorum
2231 2845 2593 2903 revertantur,
2646 2846 2756 2892 tam
2810 2838 2893 2891 isti
2942 2852 3171 2906 quorum
3228 2837 3446 2892 nomina
3501 2838 3587 2892 hic

1991 2915 2360 2994 continentur,
2392 2928 2474 2983 vel
2505 2943 2650 2997 quos.
2669 2936 2855 2996 postea
2879 2927 2946 2982 de
2983 2937 3145 2995 gente
3175 2928 3402 2982 barbara
3433 2942 3586 2983 com-

1991 3019 2196 3088 paravi,
2229 3026 2322 3071 aut
2366 3017 2541 3072 adhuc
2586 3031 2900 3086 comparare
2948 3025 3196 3087 potuero,
3244 3025 3354 3070 tam
3403 3017 3583 3087 pueri,

1993 3127 2153 3181 quam
2196 3110 2404 3180 puellm,
2449 3109 2538 3177 qui
2569 3124 2598 3162 a
2629 3124 2714 3164 me
2760 3109 2888 3163 emti
2920 3118 3235 3173 noscuntur,
3283 3121 3338 3163 et
3385 3109 3589 3177 episto-

1997 3205 2076 3258 las
2103 3205 2180 3259 eis
2209 3203 2345 3269 feci;
2377 3211 2433 3256 et
2461 3202 2558 3271 ipsi
2591 3202 2641 3256 in
2677 3201 2880 3270 integra
2909 3202 3239 3268 ingenuitate
3269 3203 3585 3272 perdurent,

1997 3305 2052 3352 et
2094 3297 2197 3350 hoc
2224 3296 2513 3350 observent
2539 3292 2683 3362 quod
2733 3301 2788 3347 et
2830 3293 2996 3362 pluris
3023 3307 3232 3357 eorum,
3264 3301 3316 3346 et
3361 3293 3460 3346 toti
3489 3292 3590 3347 sub

1997 3388 2224 3442 tuitione
2254 3395 2308 3440 ct
2351 3385 2666 3441 defensione
2714 3387 2886 3441 sancti
2928 3384 3073 3440 Petri
3103 3395 3487 3455 perseverent;
3535 3393 3590 3440 ct

1998 3476 2375 3546 Dasgaztaldus
2409 3477 2500 3545 qui
2531 3475 2796 3530 voluerint
2826 3491 2894 3532 ex
2924 3476 3054 3545 ipsis
3083 3492 3204 3530 cum
3239 3477 3357 3544 ipso
3397 3476 3594 3530 abbate

1994 3572 2312 3632 consistere,
2363 3569 2448 3622 vel
2472 3569 2704 3622 basilicae
2741 3569 3032 3631 deservire,
3082 3568 3148 3622 de
3189 3568 3352 3622 rebus
3393 3575 3592 3622 sancta:

1993 3661 2225 3715 basilica:
2253 3661 2510 3724 ditentur,
2551 3668 2607 3712 ut
2637 3659 2828 3713 melius
2855 3659 2933 3713 eis
2977 3658 3208 3713 delectet
3245 3659 3590 3728 sepulturuke

1995 3765 2126 3804 mea:
2159 3750 2470 3820 impendere
2501 3751 2785 3815 honorem,
2818 3757 2871 3803 et
2907 3759 3108 3805 sancta:
3139 3750 3377 3804 basilica:
3406 3749 3592 3805 deser-

1994 3841 2126 3894 vire.
2161 3839 2227 3893 Et
2269 3841 2360 3910 qui
2403 3841 2488 3895 hic
2527 3840 2579 3894 in
2609 3839 3011 3906 Cenomannico
3055 3840 3343 3895 terraturio
3374 3856 3594 3896 manere

1947 3923 1953 3927 ’
1995 3939 2308 3996 noscuntur,
2342 3931 2709 3986 defensionem
2752 3940 2952 3986 sancta:
2987 3932 3220 3986 basilicae
3268 3932 3590 3988 domnormn

1995 4021 2377 4090 Apostolorum
2427 4020 2570 4075 Petri
2623 4030 2678 4076 et
2724 4021 2874 4076 Pauli
2926 4037 2986 4077 se
3025 4022 3225 4076 habere
3271 4031 3589 4077 noscuntur.

1995 4110 2051 4164 Si
2083 4126 2303 4166 necesse
2350 4111 2532 4176 fuerit,
2566 4122 2622 4167 et
2662 4113 2826 4167 abbas
2871 4113 2980 4178 ille,
3032 4112 3125 4181 qui
3159 4113 3374 4166 basilica
3405 4121 3592 4167 sancta

1995 4205 2060 4260 ad
2118 4207 2411 4275 regendum
2468 4215 2522 4261 et
2578 4207 2981 4278 gubernandum
3047 4207 3334 4261 commissa
3391 4205 3593 4272 fuerit,

1995 4297 2139 4351 omni
2172 4306 2414 4366 tempore
2455 4299 2520 4352 de
2570 4314 2636 4353 eo
2683 4297 2826 4367 quod
2869 4298 2996 4351 inibi
3029 4313 3057 4351 a
3088 4313 3174 4351 me
3204 4299 3458 4352 collatum
3490 4309 3594 4363 est,

1995 4387 2385 4456 depositionem
2435 4403 2607 4440 meam
2656 4395 2710 4440 et
2740 4388 2917 4442 lumen
2950 4387 3296 4456 sepulturoltc
3327 4403 3460 4442 mem
3491 4402 3593 4441 an-

307 4502 428 4543 men
477 4489 750 4564 “efﬂuxit,
798 4503 1012 4556 semper
1059 4489 1134 4543 illi
1177 4504 1383 4542 mcmor
1409 4489 1480 4541 δὴ
1526 4489 1724 4542 null-im
1773 4506 1890 4544 mea
1927 4507 1971 4564 Β
1999 4478 2080 4530 nis
2125 4477 2344 4546 singulis
2377 4477 2554 4530 taliter
2597 4476 2812 4530 studt-at
2856 4477 3153 4543 celebrare,
3201 4478 3433 4548 qualiter
3476 4484 3590 4532 aliit

309 4579 389 4633 vel
434 4563 768 4650 p:.t'rocinius
813 4581 986 4636 sancti
1039 4579 1201 4647 Petri,
1249 4581 1388 4634 unde
1427 4580 1492 4634 ad
1541 4581 1714 4650 ipsum
1761 4597 1898 4638 onus

307 4669 524 4724 Christo
579 4671 809 4738 praesule
857 4669 1185 4734 ambulavit;
1238 4678 1296 4723 ut
1350 4669 1543 4724 idonea
1598 4670 1895 4739 sepultura,

305 4761 632 4829 quandoque
681 4777 767 4816 me
807 4761 947 4817 Deus
993 4761 1060 4816 ab
1088 4762 1190 4816 hac
1219 4761 1336 4817 [nec
1380 4763 1610 4830 migrare
1653 4763 1894 4830 jusserit,

307 4854 424 4908 suis
453 4855 699 4909 manibus
746 4871 868 4910 cum
917 4855 1134 4924 reliquis
1174 4855 1385 4910 domuis
1414 4864 1467 4910 et
1495 4855 1747 4910 fratribus
1789 4855 1898 4910 suis

308 4945 637 5013 corpusculo
668 4961 788 4999 meo
818 4945 1102 5014 dignanter
1120 4947 1406 5016 sepeliant,
1439 4957 1496 5000 ut
1524 4947 1662 5002 unde
1686 4946 1897 5000 Domini

307 5035 616 5089 mercedem
657 5037 994 5108 conquirant,
1025 5045 1081 5091 et
1118 5037 1232 5091 laus
1263 5038 1315 5092 in
1351 5038 1547 5108 populo
1574 5049 1851 5107 percurrat
1883 5055 1894 5090 :

307 5127 419 5179 hoc
441 5125 606 5194 jubeo
639 5136 766 5182 tunc
808 5128 1213 5198 archidiacono,
1246 5137 1305 5183 ut
1345 5128 1510 5199 ipsius
1549 5129 1779 5184 domnus
1811 5129 1901 5198 qui

304 5229 658 5289 peccatorem
690 5207 918 5290 sepelire
947 5221 1303 5290 diguaverint,
1335 5221 1535 5276 donent
1564 5224 1642 5277 eis
1681 5223 1902 5278 caballis

303 5308 436 5380 padi
468 5307 586 5382 [F.,
617 5310 788 5382 paria]
819 5312 949 5380 duo,
997 5319 1051 5366 et
1092 5313 1342 5382 poledros
1385 5327 1718 5383 congregans
1747 5314 1898 5381 duos,

301 5409 366 5454 et
413 5401 653 5469 singulos
700 5403 1006 5472 parioculos
1044 5404 1141 5472 ipsi
1192 5404 1373 5459 domui
1403 5404 1695 5474 accipiant;
1746 5415 1799 5461 et
1848 5415 1902 5460 tu

306 5496 420 5546 hoc
448 5493 645 5548 dutnue
675 5493 987 5550 Chaimalde
1030 5510 1151 5550 cum
1200 5495 1576 5551 arcliidiacouo
1625 5497 1904 5566 dignanter

303 5583 501 5649 facias,
525 5593 576 5638 et
609 5586 702 5640 tibi
732 5587 893 5643 simili
921 5587 1101 5653 modo,
1127 5588 1266 5642 sicut
1290 5589 1365 5642 tui
1392 5587 1587 5643 fratres
1614 5590 1900 5659 accipiant,

306 5685 372 5730 ut
403 5677 637 5743 accipias
662 5677 933 5745 jubemus.
967 5678 1031 5733 Et
1067 5680 1317 5749 quamdiu
1352 5680 1401 5734 in
1433 5681 1629 5736 s-rculo
1682 5689 1733 5736 te
1764 5682 1904 5737 Deus

306 5774 663 5834 supersttem
693 5783 810 5825 esse
844 5770 1089 5836 voluerit,
1120 5771 1338 5848 rogo/ad
1371 5788 1542 5829 meam
1571 5789 1894 5829 ornamento.

1999 4569 2233 4623 delectet
2279 4569 2396 4622 loca
2444 4575 2754 4622 sanctorum
2805 4570 2854 4621 in
2906 4569 3156 4624 maximis
3208 4570 3369 4623 rebus
3399 4569 3598 4622 ditare-

2000 4660 2151 4727 Q-iod
2191 4661 2237 4714 si
2267 4661 2430 4714 abbas
2478 4659 2564 4714 ille
2592 4659 2679 4728 qui
2723 4659 2916 4713 exinde
2962 4661 3236 4727 negligens
3283 4659 3462 4719 fuerit,
3505 4672 3599 4711 cu-

1998 4760 2223 4818 gnoscat
2271 4758 2395 4804 ante
2427 4749 2660 4803 tribunal
2703 4748 2898 4803 Christi
2943 4765 3067 4803 cum
3096 4749 3306 4803 domuis
3353 4747 3512 4800 lel‘O
3541 4757 3591 4800 et

2002 4840 2168 4894 Pauh
2213 4839 2471 4909 apostolis
2511 4855 2575 4893 cx
2621 4839 2721 4893 hoc
2754 4839 2954 4893 habere
3011 4839 3289 4902 ultionem,
3323 4846 3375 4890 et
3409 4852 3595 4905 perges

2001 4943 2145 4986 tuam
2190 4931 2464 4998 suscipere
2519 4929 2944 4984 damnationem.
2997 4929 3120 4984 lllos
3169 4943 3297 4980 vero
3352 4942 3489 4994 quos
3532 4925 3598 4977 de

2002 5022 2210 5076 ratione
2268 5020 2523 5077 Ecclesia:
2553 5037 2650 5090 pro
2692 5021 2915 5089 singulis
2941 5017 3315 5073 festivitatibus
3344 5015 3395 5068 in
3426 5015 3592 5080 Albis,

2001 5129 2098 5183 per
2124 5113 2379 5182 epistolas
2410 5112 2669 5179 relaxavi,
2693 5119 2787 5165 aut
2815 5111 3150 5174 relaxavero,
3185 5107 3323 5160 sicut
3355 5105 3597 5174 epistola)

2003 5218 2188 5257 eorum
2242 5203 2508 5269 edocent,
2561 5201 2658 5256 sub
2688 5201 2914 5255 tuitione
2958 5209 3012 5252 et
3041 5195 3352 5253 defensione
3397 5203 3598 5249 sauciae

2004 5292 2257 5350 Ecclesiae
2289 5293 2643 5365 rependcant.

2077 5408 2142 5462 Et
2181 5409 2305 5479 quia
2334 5424 2490 5464 casus
2538 5409 2803 5462 humanus
2831 5404 3032 5460 multos
3058 5402 3251 5458 dubios
3293 5401 3499 5466 reddit;
3543 5411 3597 5454 et

2005 5518 2104 5571 ego
2128 5517 2338 5566 vereor,
2361 5517 2428 5556 ne
2452 5500 2616 5570 (quod
2642 5500 2782 5553 Deus
2801 5497 3029 5566 avertat)
3054 5493 3398 5550 devotionem
3422 5508 3598 5548 meam

2007 5596 2188 5663 iniqua
2231 5593 2518 5664 cupiditas,
2543 5607 2664 5663 qua:
2705 5590 2968 5645 malorum
3014 5586 3168 5643 radix
3205 5596 3305 5654 est,
3337 5588 3391 5642 in
3420 5587 3600 5657 aliquo

2007 5687 2246 5755 frangat;
2290 5685 2514 5754 conjuro
2548 5695 2620 5752 te,
2649 5683 2846 5738 domne
2875 5683 3149 5747 sacerdos,
3177 5696 3336 5752 quem
3364 5690 3487 5752 post
3515 5696 3601 5735 nio

2013 5778 2150 5834 Deus
2182 5794 2238 5832 es
2271 5793 2299 5832 e
2345 5776 2587 5842 voluerit,
2627 5790 2722 5843 per
2754 5775 2899 5828 illum
2940 5774 3196 5844 judicium
3230 5773 3603 5830 tremendum-
