3928 6176
388 318 493 376 407

899 317 1140 374 5.ὶΝΟΤΙ
1183 319 1650 377 BERTICHRANI
1690 319 2219 382 CENOMANENSIS
2259 327 2562 386 EPISCOPI
2600 330 3136 391 TESTAMENTUM.
3539 351 3630 407 mg

391 445 500 500 que
549 430 708 496 diem,
759 431 837 486 sie
889 431 941 484 in
985 438 1245 486 atternum
1300 433 1648 491 beatitudinis
1696 435 1974 506 prmmium
2003 433 2350 495 Acineribus
2378 439 2712 509 nostris,nec
2737 441 3093 513 dispositione
3114 444 3350 503 facienda
3379 457 3628 520 praesumi-

392 526 686 594 adipiseas,
736 533 790 579 et
843 539 950 579 non
1006 541 1128 582 cum
1177 525 1314 581 Juda
1367 528 1728 585 damnationis
1773 537 1983 600 partem

389 615 659 683 adquiras,
694 624 751 667 ut
779 615 1029 670 omnibus
1059 617 1353 673 voluntatis
1391 634 1528 674 mea:
1557 621 1838 676 arbitrium
1882 621 1983 676 im-

295 725 309 739 ι
387 704 564 772 plcas;
594 703 678 759 vel
729 704 854 758 dum
907 715 960 761 te
1007 707 1147 761 Deus
1191 710 1536 778 superstitem
1579 725 1698 766 esse
1729 711 1981 777 voluerit,

387 795 659 850 custodire
712 796 960 852 intendas
1009 798 1212 852 omnia.
1260 798 1412 854 Hanc
1462 801 1765 857 libertatem
1818 801 1982 857 debet

386 886 740 956 perpendere,
769 889 859 956 qui
886 889 1151 943 voluntati
1193 905 1302 944 suae
1329 889 1589 960 judicium
1622 891 1846 946 firmiter
1886 893 1981 947 de-

384 975 982 1046 siderat‘permanere.
1036 978 1188 1046 Rogo
1218 994 1338 1033 cum
1389 989 1770 1035 testamentum
1801 996 1981 1035 meum
2026 969 2034 974 ’

385 1065 454 1120 ad
481 1070 654 1120 omnis
679 1075 734 1121 et
759 1069 1297 1137 comprovincialibus
1348 1071 1480 1124 meis
1512 1067 1671 1125 fuerit
1709 1079 1976 1139 apertum,

386 1167 516 1212 tunc
541 1173 637 1228 per
662 1174 878 1213 manum
897 1159 1258 1214 archidiaconi
1288 1168 1501 1215 centum
1530 1161 1685 1215 solidi
1712 1175 1810 1230 per
1829 1161 1980 1214 dom-

385 1263 514 1302 num
561 1249 873 1320 episcopum
943 1249 1222 1305 Turonica:
1273 1250 1507 1305 civitatis
1558 1249 1624 1304 ad
1673 1249 1977 1320 sepulcrum

384 1339 570 1395 domui
597 1348 651 1394 et
682 1340 969 1410 peculiaris
1002 1341 1215 1411 patroni
1244 1342 1416 1396 sancti
1457 1341 1669 1396 Martini
1700 1341 1973 1407 antistitis,

385 1431 473 1484 ubi
497 1445 708 1485 comam
736 1431 983 1500 deposui,
1009 1439 1064 1485 et
1090 1431 1244 1486 annis
1271 1431 1493 1499 singulis
1519 1432 1771 1486 tributum
1797 1446 1976 1486 meum

383 1520 580 1576 ibidem
609 1521 835 1587 reddidi,
861 1522 1315 1577 transmittantur.
1340 1522 1599 1577 Similiter
1613 1523 1679 1576 ad
1702 1523 1975 1578 basilicam

383 1613 555 1667 sancti
605 1612 783 1667 Albini
828 1613 1080 1668 antistitis
1117 1629 1216 1684 per
1244 1630 1460 1668 manum
1493 1614 1768 1684 Andegavi
1800 1615 1978 1685 ponti-

384 1701 500 1757 ticis
545 1703 648 1758 sol.
690 1704 1079 1772 quinquaginta
1115 1704 1430 1772 dirigantur,
1464 1721 1603 1774 quos
1645 1705 1850 1759 solidos
1881 1719 1977 1774 per

384 1791 616 1847 sacellos
643 1794 933 1862 separatim
957 1809 1078 1847 cum
1095 1793 1403 1849 brevicellis
1428 1795 1675 1861 sigillatis
1701 1794 1767 1848 ad
1790 1809 1979 1848 unum-
2009 1785 2059 1846 Β

384 1897 656 1953 quemque
704 1885 914 1946 locum,
968 1885 1105 1940 sicut
1144 1885 1391 1954 superius
1425 1886 1664 1950 memini,
1715 1886 1767 1938 in
1816 1900 1979 1939 manu

387 1972 531 2028 fideli
573 1973 934 2043 dispensatori
962 1976 1358 2040 commendavi,
1405 1976 1547 2030 sicut
1591 1975 1784 2045 pagina
1811 1982 1978 2030 testa-

387 2066 556 2120 menti
584 2067 689 2122 mei
725 2067 996 2137 eloquitur
1023 2067 1433 2138 dispensandos.

456 2156 576 2212 Tibi
606 2173 754 2224 vero,
785 2158 1187 2224 archidiacone,
1221 2159 1485 2214 demando
1511 2169 1672 2230 atque
1701 2160 1974 2230 praecipio,

383 2253 445 2302 ut
482 2262 580 2317 per
608 2263 796 2302 omnes
835 2248 1085 2304 basilicas
1105 2264 1225 2318 qua:
1247 2250 1387 2305 circa
1429 2249 1697 2305 civitatem
1738 2259 1976 2304 nostram

387 2353 508 2395 esse
538 2346 860 2407 noscuntur,
895 2339 998 2394 hoc
1046 2347 1127 2393 est
1155 2339 1392 2394 basilica:
1440 2341 1611 2396 sancti
1633 2340 1859 2395 Victurii
1885 2356 1980 2410 pe-

383 2427 600 2484 culiaris
623 2429 836 2499 patroni
867 2429 991 2493 mei,
1022 2429 1175 2483 dabis
1204 2429 1363 2485 solid.
1393 2447 1486 2484 xx.
1520 2429 1760 2486 Basilica:
1790 2431 1974 2486 domui

382 2517 672 2585 Vincentii,
698 2520 788 2574 ubi
849 2529 1067 2575 sanctus
1107 2520 1401 2576 Domnolus
1449 2522 1735 2592 episcoptis
1763 2525 1978 2591 requie-

382 2610 509 2678 scit,
538 2611 590 2664 in
615 2609 824 2666 honore
862 2611 1028 2680 ipsius
1060 2613 1309 2684 martyris
1355 2613 1440 2666 vel
1487 2612 1668 2666 domui
1723 2613 1978 2667 antistitis

381 2699 533 2754 dabis
579 2699 738 2756 solid.
791 2717 882 2755 xx.
915 2701 1155 2756 Basilica:
1215 2710 1415 2757 sauctm
1467 2701 1646 2756 Mariae
1669 2703 1753 2757 vel
1781 2712 1979 2760 sancta:

381 2791 571 2847 Crucis
597 2791 749 2847 dabis
775 2792 934 2847 solid.
967 2809 1020 2846 x.
1056 2791 1297 2847 Basilica:
1320 2795 1493 2849 sancti
1539 2792 1736 2849 Juliani
1767 2795 1977 2866 episco-

380 2882 434 2951 pi
463 2889 555 2936 aut
579 2882 863 2950 caballum,
897 2893 991 2938 aut
1039 2884 1094 2938 in
1126 2899 1318 2938 aurum
1347 2886 1500 2941 dabis
1536 2885 1696 2942 solid.
1739 2903 1788 2940 v.
1819 2888 1977 2942 item-

379 2989 486 3045 que
515 2975 744 3032 basilicae
764 2977 933 3032 Sancti
969 2977 1275 3031 Richomeri
1306 2978 1461 3032 solid.
1491 2994 1544 3033 χ.
1578 2975 1818 3034 Basilica:
1849 2995 1975 3033 san-

381 3067 456 3120 cti
483 3065 671 3122 Hilarii
700 3066 852 3122 dabis
904 3068 1063 3124 solid.
1095 3085 1146 3122 v.
1180 3068 1260 3122 Ad
1291 3069 1528 3124 oratoria
1579 3069 1762 3125 domui
1793 3068 1977 3124 Marti-

379 3158 458 3220 ni,
510 3157 693 3212 domni
741 3158 984 3224 Victorii,
1042 3160 1126 3214 vel
1169 3160 1340 3215 sancti
1383 3159 1526 3215 Petri
1582 3160 1717 3215 infra
1765 3176 1972 3230 muros,

379 3245 530 3300 dabis
551 3246 604 3300 in
635 3261 823 3299 aurum
847 3257 937 3300 aut
957 3248 1009 3301 in
1028 3248 1266 3304 caballos
1294 3249 1451 3305 solid.
1485 3266 1534 3304 v.
1569 3250 1808 3306 Basilica:
1851 3267 1980 3306 san-

381 3335 454 3389 cti
479 3334 738 3402 Stephani
773 3337 1025 3406 martyris
1077 3345 1169 3390 aut
1220 3339 1272 3392 in
1312 3354 1502 3393 aurum
1536 3349 1628 3394 aut
1657 3341 1710 3394 in
1735 3343 1976 3398 caballos

379 3426 531 3480 dabis
564 3426 724 3482 solid.
761 3444 813 3481 v.
845 3427 1105 3483 Similiter
1132 3430 1256 3486 volo
1309 3447 1373 3487 ac
1423 3431 1607 3501 jubeo,
1635 3442 1694 3489 ut
1731 3437 1980 3492 omnibus

379 3517 593 3572 clericis
631 3519 831 3573 nostris
861 3520 952 3590 qui
982 3521 1069 3576 hic
1100 3521 1150 3576 in
1177 3524 1405 3578 ecclesia
1435 3525 1710 3582 deservire
1736 3545 1973 3584 noscuu.

380 3619 491 3674 tur,
513 3609 579 3664 de
599 3610 793 3680 quibus
820 3622 914 3666 aut
944 3613 997 3668 in
1028 3616 1362 3684 quibuslibet
1389 3619 1551 3675 rebus
1579 3622 1974 3692 quinquaginta

379 3701 536 3756 solid.
569 3701 760 3760 dones.
795 3703 930 3760 Illud
961 3723 1088 3763 vero
1116 3709 1428 3779 specialiter
1457 3727 1610 3782 rogo,
1645 3725 1706 3769 ut
1731 3715 1784 3770 in
1812 3731 1976 3785 supra

379 3791 576 3861 scripta
609 3792 747 3862 loca,
781 3796 870 3851 ubi
895 3798 1099 3867 aliquid
1130 3816 1237 3856 non
1267 3809 1324 3856 ut
1354 3802 1557 3868 decuit,
1588 3805 1682 3860 sed
1725 3805 1779 3860 in
1801 3821 1976 3875 quan-

379 3893 492 3938 tum
514 3885 683 3941 virtus
706 3890 984 3957 praivaluit
1011 3892 1278 3963 delegavi,
1310 3909 1508 3950 nomen
1540 3913 1720 3952 meum
1777 3914 1843 3954 ac
1888 3915 1978 3954 sa-

379 3974 626 4029 cerdotes
657 3976 867 4031 illorum
896 3981 946 4032 in
973 3980 1113 4036 libro
1155 3984 1278 4036 vita:
1305 3983 1534 4052 jubeant
1563 3988 1896 4057 adscribere,
1920 3999 1976 4045 et

381 4080 478 4134 per
505 4065 744 4136 singulas
773 4062 1099 4126 festivitates
1133 4073 1372 4127 recitari.

450 4176 602 4233 Licet
627 4179 874 4248 superius
898 4180 1004 4236 hoc
1029 4181 1278 4237 intimare
1329 4183 1640 4251 debueram,
1670 4189 1796 4256 quid
1827 4203 1974 4244 cme-

377 4267 526 4322 rihus
566 4269 699 4325 meis
744 4269 1016 4326 deservire
1078 4272 1373 4338 deberent;
1407 4275 1501 4330 sed
1525 4277 1646 4346 quia
1670 4294 1776 4332 unn
1812 4278 1972 4334 habui

386 4357 592 4426 integre
642 4372 1036 4430 perscrutatum
1085 4364 1153 4420 de
1196 4363 1396 4421 familia
1441 4382 1582 4432 mea,
1611 4383 1839 4437 quorum
1871 4369 1973 4430 hoc

2082 543 2202 583 mus
2231 529 2433 600 injungi
2455 541 2550 587 aut
2577 533 2828 600 relaxari,
2859 536 3000 591 sicut
3044 538 3227 594 domui
3263 550 3317 595 et
3349 552 3629 604 antecesso-

2082 633 2170 674 res
2201 621 2371 675 nostri
2394 621 2638 677 fecerunt
2661 641 2675 690 ;
2699 624 2858 679 simili
2890 627 3073 694 modo,
3095 627 3278 696 jubeo,
3303 632 3419 686 utsi
3455 634 3628 703 aliquid

2081 707 2214 762 milii
2243 710 2466 766 minime
2495 712 2551 766 in
2579 723 2765 768 mente
2808 714 3008 771 fuerint
3054 717 3123 772 de
3148 721 3282 774 meis
3309 720 3531 790 famulis,
3555 735 3635 780 aut

2080 802 2323 868 germani
2351 803 2456 857 mei
2492 802 2712 858 Bertulli
2735 807 3025 875 quondam,
3057 817 3112 864 et
3139 809 3255 865 haec
3275 812 3327 865 in
3357 811 3636 870 Cenoman-

2080 891 2204 947 nico
2235 908 2456 949 manere
2478 895 2744 962 videntur,
2774 899 2873 953 toti
2914 901 3146 956 absoluti
3174 902 3284 957 sint
3312 918 3341 958 a
3362 905 3568 961 servitio
3590 916 3637 961 et

2079 980 2449 1038 defensionem
2504 985 2589 1040 vel
2639 988 2918 1043 tuitionem
2967 998 3170 1045 sanctae
3221 992 3451 1048 basilica:
3471 995 3637 1051 domui

2080 1072 2224 1127 Petri
2252 1083 2306 1128 et
2327 1073 2502 1143 Pauli,
2531 1077 2672 1131 sicut
2719 1079 2912 1148 reliqui
2943 1080 3097 1136 liberi
3153 1083 3279 1148 mei,
3308 1085 3500 1141 habere
3543 1103 3641 1141 tne-

2078 1171 2320 1218 reantur.
2371 1163 2498 1220 Illos
2543 1181 2674 1222 vero
2728 1183 2866 1237 quos
2892 1171 2959 1224 de
2989 1172 3304 1240 captivitate
3336 1175 3568 1242 \redemi,
3595 1186 3642 1231 et

2078 1260 2202 1307 ante
2228 1253 2444 1322 ingenui
2493 1254 2728 1324 fuerunt,
2754 1267 2810 1314 et
2837 1260 2997 1316 modo
3025 1277 3123 1332 pro
3152 1264 3326 1333 pretio
3354 1266 3548 1320 servire
3569 1269 3640 1320 vi-

2078 1340 2294 1410 dentur,
2327 1352 2434 1398 tam
2477 1346 2578 1400 viri
2635 1362 2796 1416 quam
2845 1350 3100 1406 mulieres
3156 1352 3225 1407 de
3263 1353 3386 1408 villa
3428 1353 3642 1410 Boalcha

2079 1452 2266 1492 omnes
2287 1454 2316 1492 a
2343 1441 2562 1495 servitio
2585 1441 2915 1497 relaxentur.
2947 1444 3029 1499 Ad
3087 1447 3396 1501 matriculas
3422 1448 3645 1516 capitalis

2079 1528 2132 1581 in
2155 1529 2373 1583 civitate
2419 1529 2504 1584 vel
2557 1531 2648 1600 qui
2694 1547 2792 1602 per
2848 1535 3160 1592 basilicolas
3183 1547 3328 1605 sunt,
3356 1553 3448 1610 per
3476 1555 3646 1595 manus

2078 1618 2443 1673 archidiaconi
2471 1620 2708 1690 quinque
2738 1622 3015 1694 sol.jubeo
3037 1626 3171 1680 dari.

2154 1735 2289 1800 Quia
2311 1735 2714 1793 deliberationis
2760 1755 2894 1794 mea:
2943 1741 3224 1797 arbitrium
3245 1753 3374 1814 opto
3398 1760 3490 1816 per
3523 1747 3647 1802 hunc

2087 1832 2467 1882 testamentum
2494 1827 2718 1885 firmiter
2739 1845 3094 1899 conservare,
3125 1833 3249 1889 ideo
3279 1836 3497 1905 conjuro
3543 1854 3644 1902 vos,

2079 1917 2259 1972 domui
2289 1928 2343 1973 et
2371 1919 2676 1990 pontiﬁces,
2716 1935 3073 1992 persanctqu
3122 1927 3479 1994 apostolatum
3505 1945 3646 1998 quem

2080 2007 2257 2062 divina
2292 2009 2583 2066 traditione
2618 2013 2923 2082 accepistis,
2955 2015 3282 2085 ubicumque
3310 2033 3524 2072 necesse
3549 2018 3648 2072 fue-

2079 2097 2168 2164 rit,
2201 2099 2436 2176 basilicze
2466 2116 2601 2155 mea:
2658 2101 2742 2156 vel
2771 2103 2950 2158 abbati
2977 2105 3078 2160 loci
3107 2107 3248 2160 illius
3287 2122 3496 2177 semper
3521 2109 3649 2163 sola-

2080 2187 2209 2241 tium
2235 2189 2538 2258 praebeatis,
2560 2199 2614 2245 et
2654 2192 2760 2247 tale
2798 2193 3080 2249 consilium
3135 2196 3340 2252 domno
3369 2206 3422 2252 et
3451 2213 3648 2253 succes-

2080 2279 2188 2334 sori
2206 2294 2327 2335 meo
2355 2280 2620 2346 iustruite,
2653 2291 2710 2337 ut
2739 2283 2805 2338 de
2833 2283 2884 2338 id
2913 2285 3057 2355 quod
3078 2296 3278 2341 sancta:
3325 2288 3550 2343 basilica:
3601 2288 3648 2343 in

2080 2370 2286 2428 honore
2312 2372 2496 2428 domui
2526 2372 2670 2429 Petri
2699 2383 2754 2442 et
2779 2374 2929 2430 Pauli
2953 2378 3324 2446 apostolorum
3354 2395 3449 2449 pro
3476 2380 3649 2433 anima:

2079 2481 2213 2520 meae
2239 2466 2537 2521 remedium
2588 2467 2864 2539 deputavi,
2908 2468 3042 2522 nihil
3069 2469 3265 2526 exinde
3313 2471 3531 2536 minuat,
3562 2486 3650 2525 nec

2080 2571 2178 2627 per
2206 2556 2446 2625 qualibet
2471 2557 2758 2615 occasione
2785 2558 2987 2628 aliquid
3014 2559 3210 2614 debeat
3238 2559 3514 2627 fraudare,
3540 2560 3650 2630 quia

2081 2662 2180 2716 ego
2228 2648 2434 2703 nullum
2490 2649 2832 2720 dispendium
2876 2665 2965 2706 me
3002 2661 3201 2706 sancta:
3248 2652 3490 2708 ecclesiae
3509 2665 3653 2722 gene-

2079 2755 2233 2795 rasse
2281 2754 2576 2809 cogno:co.
2629 2741 2893 2798 Similiter
2938 2744 3166 2813 conjuro
3219 2759 3318 2799 vos
3364 2759 3545 2799 omnes
3570 2757 3656 2812 per

2079 2830 2334 2886 victorias
2351 2830 2894 2888 clementissimorum
2917 2834 3240 2904 principum,
3258 2837 3377 2904 qui,
3405 2836 3455 2889 in
3475 2833 3654 2890 saeculo

2079 2923 2332 2978 virtutem
2384 2924 2575 2992 agendi
2625 2925 2767 2995 apud
2818 2926 2963 2994 ipsos
3021 2929 3250 2984 domuos
3299 2937 3362 2984 et
3405 2928 3655 2998 principes

2081 3021 2297 3070 nostros
2327 3014 2554 3080 habetis,
2587 3023 2645 3070 ut
2678 3017 2723 3072 si
2769 3032 2994 3074 necesse
3019 3019 3194 3075 fuerit
3239 3035 3459 3092 semper
3483 3019 3655 3076 defen-

2006 3137 2054 3199 C
2086 3106 2253 3160 sionis
2281 3115 2478 3162 vestrae
2507 3107 2764 3164 auxiliqu
2792 3109 3055 3178 paginola:
3093 3126 3200 3167 non
3225 3112 3456 3181 negetis.
3487 3110 3658 3165 Adhuc

2087 3211 2254 3264 parva
2297 3199 2591 3252 memoravi
2630 3199 2777 3267 quod
2829 3201 2986 3256 valde
3043 3203 3096 3256 in
3146 3203 3424 3260 oblivione
3454 3201 3654 3258 tradidi.

2083 3284 2312 3340 Domum
2336 3303 2467 3342 vero
2495 3288 2801 3344 Diablentes
2821 3306 2984 3362 quam
3015 3307 3136 3348 meo
3171 3309 3341 3365 npere
3394 3293 3660 3350 aediﬁcavit

2084 3393 2207 3432 cum
2237 3388 2390 3434 curte
2419 3388 2475 3434 et
2505 3382 2872 3449 stabulum,et
2901 3384 3089 3440 hortus
3115 3394 3171 3440 et
3197 3387 3496 3455 colonicas,
3521 3385 3658 3456 quic-

2082 3467 2208 3536 quid
2241 3468 2477 3537 undique
2510 3477 2615 3523 tam
2658 3471 2725 3526 de
2758 3471 2972 3529 Bosone
3028 3478 3371 3547 presbytero,
3403 3492 3557 3547 quam
3601 3475 3663 3530 de

2082 3557 2298 3613 heredis
2331 3559 2581 3627 Etoleno,
2614 3561 2852 3629 Tri'ono,
2884 3564 3000 3620 loco
3029 3582 3148 3634 qua:
3176 3568 3375 3625 dicitur
3402 3569 3659 3632 Calviaco,

2079 3649 2168 3704 vel
2224 3650 2459 3720 undique
2533 3652 2588 3707 iu
2655 3653 2875 3723 opidum
2937 3656 3230 3713 Diablentis
3290 3659 3453 3729 juxta
3504 3661 3663 3732 ripam

2081 3734 2308 3795 Aroenaa
2357 3739 2577 3798 fluviolo
2630 3746 2962 3814 comparavi,
2997 3756 3105 3802 tam
3159 3749 3346 3818 terris,
3375 3749 3658 3819 mancipiis,

2078 3830 2246 3896 silvis,
2273 3831 2453 3901 pravis
2509 3840 2564 3887 et
2604 3848 2792 3888 omnes
2844 3835 2967 3904 jure
3006 3851 3128 3900 suo,
3179 3853 3303 3893 cum
3361 3839 3662 3895 Taxonaria

2078 3937 2238 3992 quam
2289 3923 2550 3978 vindicavi
2603 3933 2792 3980 contra
2845 3925 3140 3984 Leutthero
3169 3938 3224 3984 et
3246 3931 3479 3987 heredes
3523 3945 3659 3996 suos,

2080 4023 2250 4071 totum
2278 4024 2331 4070 et
2363 4016 2431 4071 ad
2463 4017 2751 4086 integrum,
2776 4029 2848 4085 te,
2875 4033 3216 4078 sacrosancta
3243 4023 3487 4081 Ecclesia
3515 4027 3665 4080 heres

2077 4121 2223 4172 mea,
2268 4106 2470 4162 habere
2511 4109 2657 4173 volo,
2688 4119 2918 4180 excepto
2948 4128 3036 4167 res
3071 4114 3319 4185 antiquas
3351 4127 3551 4172 sancta:
3575 4113 3664 4168 Ec-

2077 4196 2253 4251 clesiae
2282 4196 2650 4253 Diablenticae.
2680 4199 2934 4271 [demque
2985 4211 3041 4258 et
3088 4206 3368 4275 portiones
3397 4208 3516 4262 illas
3538 4219 3665 4276 quas

2076 4288 2206 4342 mihi
2259 4287 2646 4346 Guntherusin
2670 4307 2860 4348 omnes
2895 4310 2984 4349 res
3036 4310 3162 4350 suas
3209 4313 3304 4367 per
3345 4299 3664 4355 donationes

2077 4382 2325 4449 contulit,
2347 4391 2405 4439 et
2447 4385 2618 4455 ipsum
2671 4387 3022 4457 conjunctum
3070 4393 3211 4462 apud
3260 4393 3434 4463 ipsam
3488 4404 3664 4449 casam

383 4449 648 4518 agendum
677 4453 1112 4523 committerem;
1163 4458 1283 4514 ideo
1323 4460 1454 4514 mihi
1483 4463 1758 4527 convenit,
1794 4472 1854 4518 ut
1907 4464 1973 4519 de
2004 4487 2050 4546 υ
2079 4449 2480 4529 Diablenticam
2525 4484 2600 4542 te,
2631 4449 2976 4534 sacrosancta
3033 4449 3205 4536 mater
3256 4449 3315 4538 et
3369 4484 3530 4539 heres
3549 4495 3661 4536 mea

384 4543 828 4615 quantiscumque
857 4548 996 4604 villis
1026 4563 1226 4606 sancta:
1252 4553 1487 4610 basilica:
1525 4553 1708 4609 domni
1739 4553 1885 4610 Petri
1915 4566 1972 4611 et

381 4630 531 4687 Pauli
555 4633 788 4692 herediis
814 4653 945 4692 meae
975 4639 1217 4710 delegavi
1243 4644 1618 4714 possidendas,
1650 4653 1707 4700 ut
1729 4647 1969 4717 singulos

378 4723 672 4780 coudomas
699 4726 767 4782 de
788 4743 1112 4800 unaquaque
1142 4734 1265 4787 villa
1281 4736 1371 4804 qui
1393 4737 1674 4792 nitidibres
1702 4752 1821 4793 esse
1841 4755 1970 4795 nos-

378 4821 596 4881 cuntur,
620 4826 675 4870 et
711 4831 808 4872 nos
836 4818 921 4872 vel
977 4819 1211 4876 basilica:
1260 4835 1458 4880 sancta:
1510 4827 1744 4882 tideliter
1782 4828 1968 4884 deser-

373 4903 529 4959 viunt
555 4903 803 4962 volumus
829 4908 1048 4963 nomina
1077 4925 1264 4966 eorum
1305 4914 1358 4968 in
1401 4931 1505 4968 una
1555 4918 1781 4987 epistola
1832 4935 1967 4974 con-

377 4997 634 5065 scribere,
657 5006 714 5052 et
740 5015 901 5054 manu
930 5009 1113 5056 nostra
1135 5001 1369 5072 firmare,
1399 5014 1460 5060 ut
1484 5008 1694 5077 integro
1723 5009 1969 5065 relaxen-

374 5097 462 5144 tur
507 5104 541 5144 ι
593 5091 836 5158 servitio,
866 5101 922 5147 et
976 5093 1106 5164 ipsis
1166 5112 1271 5151 una
1302 5101 1505 5168 pariter
1533 5117 1657 5156 cum
1681 5101 1876 5158 abbate
1901 5103 1968 5159 de

373 5182 706 5251 sepultnrola
745 5199 887 5250 mea,
920 5192 1029 5239 tam
1070 5185 1138 5243 de
1166 5187 1452 5246 luminario
1482 5207 1643 5261 quam
1673 5191 1741 5247 de
1775 5194 1969 5249 cineri—

375 5272 476 5328 bus
522 5273 657 5328 meis
710 5274 918 5344 integra
946 5277 1024 5331 eis
1052 5278 1123 5332 sit
1151 5295 1279 5335 cura
1305 5297 1480 5350 usque
1510 5283 1597 5338 die
1627 5283 1815 5337 ultimo
1844 5283 1967 5338 vita:

374 5377 583 5430 eorum,
614 5373 725 5419 tam
778 5365 853 5420 illi
904 5382 1068 5436 quam
1123 5370 1337 5426 soboles
1381 5372 1472 5441 qui
1505 5387 1573 5425 ex
1597 5372 1731 5442 ipsis
1757 5373 1968 5428 fuerant

373 5456 667 5524 procreati,
699 5456 750 5510 in
783 5468 1046 5529 perpetuo
1075 5459 1272 5516 debent
1295 5479 1416 5518 cum
1451 5465 1658 5532 integra
1689 5465 1966 5534 diligentia

370 5548 664 5616 deservire,
680 5558 734 5606 et
763 5552 1065 5621 ingenuitas
1087 5564 1262 5612 status
1287 5557 1499 5613 illorum
1531 5560 1629 5615 sub
1652 5546 1968 5621 defensione

375 5636 542 5706 ipsius
572 5641 779 5695 abbatis
807 5643 999 5699 debeat
1019 5649 1403 5717 perpetualiter
1431 5651 1744 5720 perdurare.

445 5729 553 5787 Sed
575 5733 696 5801 quia
725 5748 824 5792 nos
849 5735 915 5792 de
940 5736 1141 5796 familia
1170 5751 1368 5800 sancta!
1399 5743 1652 5804 Ecclesia:
1703 5748 1834 5805 nihil
1866 5767 1966 5810 uec

2077 4563 2318 4621 Ecclesia
2383 4565 2584 4621 habere
2629 4567 2864 4625 decerno
2914 4569 3153 4628 Casellas
3207 4573 3326 4630 illas
3353 4590 3492 4644 quas
3515 4574 3663 4628 bona:

2072 4657 2346 4710 memoriae
2388 4656 2766 4725 Domnigisilus
2806 4660 3068 4717 diaconus
3105 4679 3171 4718 ex
3228 4674 3420 4721 nostro
3444 4677 3663 4720 munere

2070 4747 2278 4816 habuit,
2302 4755 2355 4801 et
2385 4747 2484 4816 ipsi
2524 4765 2727 4820 pauper
2773 4751 2904 4806 inibi
2941 4754 3246 4820 aedificavit,
3281 4765 3335 4812 et
3385 4773 3488 4813 nos
3544 4761 3664 4827 post

2071 4836 2212 4892 illius
2232 4839 2438 4893 obitum
2468 4838 2778 4897 dulcissimo
2807 4845 2988 4914 nepoti
3015 4857 3199 4903 nostro
3215 4847 3662 4903 Leudochramno

2069 4931 2456 4994 concessimus,
2475 4947 2596 4986 cum
2613 4949 2802 4989 omnes
2832 4937 3081 5006 casellas,
3100 4940 3396 5005 casticella,
3425 4937 3661 5002 vineola,

2069 5020 2386 5089 campellos,
2420 5022 2646 5090 etquod
2674 5024 2744 5079 ibi
2775 5025 2891 5094 ipse
2937 5026 3199 5083 diaconus
3257 5030 3467 5085 habere
3519 5030 3664 5083 visus

2070 5111 2188 5179 fuit,
2219 5128 2341 5168 cum
2375 5116 2700 5186 mancipiola
2731 5118 2818 5172 illa
2843 5119 2933 5188 qui
2963 5121 3094 5176 inihi
3142 5122 3342 5179 habere
3385 5123 3661 5187 videntur,

2069 5203 2318 5259 volumus
2361 5212 2421 5260 ut
2475 5206 2591 5276 ipse
2618 5223 2792 5279 nepos
2823 5218 3008 5265 uoster
3037 5211 3163 5267 dum
3192 5228 3290 5282 pro
3325 5227 3522 5269 amore
3562 5227 3663 5266 uo-

2067 5302 2182 5349 stro
2213 5293 2464 5364 frequens
2493 5297 2558 5352 ad
2585 5298 2860 5355 basilicam
2890 5300 2946 5356 S.
2982 5300 3125 5357 Petri
3155 5310 3211 5357 et
3254 5301 3407 5358 Pauli
3450 5310 3663 5374 aposto-

2066 5383 2242 5441 lorum
2277 5387 2460 5442 venire
2479 5387 2764 5456 deliberat,
2798 5393 2938 5446 sicut
2967 5402 3023 5447 et
3052 5409 3150 5447 nos
3187 5394 3240 5447 in
3271 5402 3662 5449 testamentum

2069 5477 2399 5547 scripsimus,
2432 5479 2680 5536 volumus
2724 5489 2784 5534 ut
2813 5481 2956 5550 ipsas
3004 5497 3126 5538 cum
3179 5482 3346 5554 gratia
3405 5481 3664 5552 pontiﬁce

2069 5583 2384 5626 successore
2442 5579 2629 5626 nostro
2678 5587 2894 5642 semper
2920 5574 3324 5642 possideat,sic
3342 5589 3568 5646 quoque
3608 5584 3659 5629 ul
3715 5585 3732 5594 ‘

2069 5669 2191 5729 post
2242 5659 2446 5717 obitum
2495 5662 2638 5720 illius
2685 5663 2751 5720 ad
2794 5664 2884 5734 jus
2920 5675 3120 5722 sanctae
3168 5664 3422 5723 Ecclesia:
3478 5679 3659 5724 rever-

2072 5759 2233 5805 tatur.
