3928 6176
335 316 435 375 409

1209 317 1266 373 S.
1308 318 1627 377 PROTADll
1667 319 2029 378 VESUNTINI
2071 322 2373 381 EPISCOPI
2410 326 2758 385 LITURGIA.

3488 342 3593 399 διο

401 428 534 483 Nam
560 434 614 483 et
636 439 737 496 ego
786 427 839 482 in
885 427 1136 498 prmsenti
1167 430 1447 493 denuntio,
1482 439 1541 485 ut
1567 432 1613 485 si
1641 432 1760 501 quis
1788 448 1919 488 con-
1947 443 1993 500 Α
2020 434 2308 491 cltramnus
2330 437 2382 491 in
2420 438 2616 494 Christi
2644 442 2863 498 nomine
2884 444 2991 501 acsi
3014 445 3262 517 indignus
3305 451 3594 522 episcoitus

332 529 415 574 tra
442 522 580 573 banc
607 517 936 574 voluntatem
969 534 1143 573 meam
1165 521 1348 575 venire
1362 523 1910 590 tentavcrit,-excom«

332 608 696 663 municatione
718 616 978 677 perpetua
1004 604 1245 676 feriatur,
1279 617 1333 663 et
1363 610 1468 664 tale
1500 610 1553 663 in
1579 611 1751 680 ipsum
1776 612 1917 667 Deus

326 697 585 766 judicium
608 697 878 763 ostendat,
905 706 962 751 ut
989 698 1136 766 lepra
1164 697 1399 771 Naaman
1429 713 1737 768 percussus,
1771 711 1916 756 terra

332 788 503 857 ipsum
552 788 689 842 sicut
742 787 947 843 Dathan
999 797 1052 843 et
1112 790 1317 846 ~Abiron
1369 791 1686 859 absorbeat;
1741 801 1797 847 et
1840 794 1917 848 sic

332 877 464 931 ultio
490 876 669 931 divina
701 878 753 931 in
785 878 934 933 illum
963 893 1242 949 appareat,
1275 890 1333 935 ut
1356 883 1407 935 in
1440 884 1693 952 praesenti
1718 884 1916 938 smculo

331 984 390 1023 se
417 968 557 1022 male
586 969 761 1037 egisse
814 979 1125 1037 cognoscat,
1177 981 1231 1025 et
1274 974 1327 1025 in
1371 971 1606 1027 futurum
1652 973 1915 1042 judicium

331 1073 604 1125 nunquam
654 1059 989 1115 remissionis
1038 1062 1249 1116 veniam
1279 1070 1659 1130 consequatur.
1694 1063 1751 1118 Si
1797 1079 1917 1131 quae

330 1146 524 1213 liturae,
547 1147 590 1200 si
639 1162 759 1216 quze
786 1158 1138 1211 caraxaturae,
1173 1150 1217 1204 si
1277 1166 1395 1220 quze
1452 1152 1642 1206 littera:
1691 1152 1917 1221 adjecta:

330 1246 453 1291 sunt
482 1238 565 1291 vel
593 1238 865 1304 detractu,
891 1255 990 1309 ego
1021 1241 1138 1305 feci,
1162 1240 1382 1311 ﬁerique
1405 1242 1557 1311 jussi,
1590 1244 1717 1298 dum
1740 1259 1916 1298 meam

331 1327 459 1380 mihi
483 1328 679 1397 sapius
707 1330 937 1398 pra-lego
981 1333 1346 1399 voluntatem;
1374 1344 1429 1389 et
1457 1336 1635 1389 omnia
1686 1352 1780 1406 per
1802 1352 1913 1390 sm-

329 1417 449 1483 gula
478 1432 810 1486 recognosco
841 1422 921 1474 vel
946 1423 1195 1478 emendo.
1233 1423 1300 1479 Ut
1353 1425 1440 1479 lex
1469 1427 1680 1488 edocet,
1708 1437 1915 1495 septem

328 1509 568 1562 virorum
597 1510 944 1566 honestorum
974 1514 1459 1586 subscriptionibus
1489 1527 1544 1573 et
1573 1520 1758 1587 sigillis
1798 1536 1917 1576 cre-

328 1599 432 1655 didi
458 1602 825 1668 muniendum,
858 1612 912 1659 et
966 1620 1063 1673 pro
1116 1607 1280 1661 totius
1333 1608 1410 1661 rei
1469 1608 1723 1663 ﬁrmitate
1751 1618 1917 1679 atque

328 1693 673 1761 stipulatione
702 1694 913 1749 adnecti
958 1699 1211 1766 praecepi.
1236 1698 1427 1753 Actum
1472 1699 1834 1753 Cenomannis
1863 1700 1915 1754 in
1959 1725 1961 1728 ‹

2020 531 2399 580 testamentum
2428 543 2629 595 meum,
2651 546 2809 598 quem
2840 532 2949 590 lilio
2972 552 3092 592 meo
3124 538 3345 595 Ebbone
3376 545 3591 600 notario

2019 617 2304 673 scribendo
2333 619 2553 686 dictavi,
2573 622 2734 691 relegi
2762 632 2817 679 et
2842 628 3151 699 subscripsi.
3176 630 3439 689 Guntinus
3484 633 3596 688 ﬂu-

2019 716 2240 764 noratus
2293 710 2616 780 subscripsi,
2645 724 2870 782 rogante
2916 722 3114 775 domno
3156 723 3590 781 Berticbramno.

2018 799 2199 866 Dado,
2254 814 2479 871 rogante
2532 806 2731 862 domno
2790 807 3228 879 Bcrtichramno,
3280 817 3592 886 subscripsi.

2018 889 2239 959 Signum
2272 894 2521 963 Gerinus,
2552 908 2777 967 rogante
2806 900 3004 956 domno
3028 902 3446 972 Bertichramno,
3477 910 3596 964 sub-

2016 984 2227 1053 scripsi.
2278 984 2589 1056 Ibbolenus,
2636 997 2862 1057 rogante
2915 990 3114 1046 domno
3167 993 3597 1064 Berticbramno,

2016 1076 2328 1147 subscripsi.
2385 1078 2593 1142 Gaddo.
2638 1092 2861 1149 rogante
2920 1083 3118 1139 domno
3172 1084 3594 1158 Bertichramno,

2016 1166 2325 1237 subscripsi.
2383 1168 2494 1238 Ego
2544 1170 2697 1237 llugo
2749 1171 3062 1228 Honoratus
3103 1175 3412 1246 subscripsi.
3481 1177 3598 1247 Ego

2017 1254 2168 1309 Ebbo
2217 1258 2476 1324 notarius,
2504 1259 2725 1328 jubente
2776 1262 2977 1317 domno
3026 1279 3147 1318 meo
3191 1265 3596 1321 Berticbramno

2016 1347 2313 1414 episcopo,
2371 1356 2426 1402 et
2482 1349 2595 1417 ipso
2664 1359 2970 1419 praesente,
3042 1352 3147 1407 hoc
3212 1362 3595 1411 testamentum
3678 1408 3693 1420 ,

2016 1436 2225 1505 scripsi,
2258 1438 2424 1507 relegi
2473 1448 2527 1493 et
2576 1441 2884 1511 subscripsi,
2920 1444 3099 1497 notavi
3145 1444 3305 1498 diem.
3339 1444 3598 1501 Similiter

2014 1540 2114 1594 ego
2138 1526 2571 1587 Berticbramnus
2593 1533 2876 1601 episcopus
2896 1547 3028 1601 rogo
3050 1534 3158 1588 lilio
3189 1550 3310 1590 meo
3331 1537 3598 1590 archidia-

2015 1631 2175 1681 cono,
2206 1625 2405 1673 utcum
2462 1629 2843 1675 testamentum
2890 1638 3067 1676 meum
3117 1632 3362 1692 apertum
3412 1623 3595 1688 luerit,

2018 1705 2136 1775 ipso
2187 1719 2575 1780 prosequente,
2622 1713 2788 1779 gestis
2830 1713 3261 1783 municipalibus.
3298 1714 3595 1770 secundum

327 1785 563 1849 civitate,
590 1786 677 1840 die
724 1794 780 1841 et
826 1802 968 1843 anno
998 1790 1244 1859 superius
1296 1791 1704 1861 comprehenso.
1736 1790 1911 1846 Berti-
1941 1784 1986 1844 Β
2015 1798 2187 1866 legem
2215 1797 2378 1855 faciat
2416 1802 2643 1871 alligari,
2674 1818 2780 1873 quo
2826 1818 3039 1874 semper
3069 1803 3292 1859 ﬁrmiter
3319 1805 3593 1874 perduret.

341 2073 579 2086 i__—'
401 2073 440 2074 7’
445 2073 744 2084 ——‘
584 2083 730 2086 -Ε

341 2073 744 2086 ______
1152 2075 3297 2094 ——_—____________,________________

333 2067 3586 2131 ῌ

1604 2307 1767 2349 ANNO
1813 2308 2037 2352 DOMINI
2083 2307 2322 2352 DCXXIV

664 2536 1738 2705 SANCTUS
1828 2466 3226 2709 PBOTADIUS

1421 2875 1847 2934 VESUNTLNUS
1874 2875 2485 2936 ARCBIEPlSCOPUS.

876 3284 1345 3368 NOTITIA
1401 3280 2045 3369 HISTORICA
2122 3284 2243 3365 IN
2326 3283 3071 3369 PROTADIUM.

1079 3632 1294 3695 (Dunod,
1321 3631 1534 3681 Histoire
1557 3631 1620 3680 de
1646 3628 1862 3692 l’Eglise,
1891 3627 2005 3679 ville
2028 3639 2080 3679 et
2101 3627 2306 3679 diocese
2329 3630 2394 3680 de
2418 3630 2697 3695 Besancon,
2722 3638 2757 3683 t.
2784 3632 2852 3696 Ι.)

407 3960 482 4015 Le
508 3974 633 4015 nom
673 3958 741 4012 de
777 3964 862 4013 cet
902 3956 1109 4025 évéque
1157 3962 1239 4011 est
1277 3955 1411 4010 dans
1454 3969 1553 4010 nos
1598 3954 1908 4024 catalogues
1936 3957 1985 4017 Α
2012 3951 2169 4007 (irent
2215 3949 2350 4007 faire
2395 3967 2465 4006 un
2507 3951 2665 4007 buste
2706 3951 2970 4022 d‘argent,
3013 3960 3069 4006 et
3112 3951 3188 4009 les
3216 3952 3457 4026 oitoycns
3498 3973 3603 4016 tme

337 4052 493 4121 aprés
517 4048 657 4104 celui
680 4049 747 4103 de
774 4047 913 4103 saint
942 4047 1113 4108 Nicet,
1146 4054 1202 4101 et
1227 4046 1360 4101 dans
1389 4062 1489 4102 nos
1529 4047 1817 4102 anciennes
1843 4047 1913 4101 li-

337 4145 508 4198 tanies
537 4158 604 4195 au
630 4141 854 4194 nombre
882 4139 977 4194 des
1002 4138 1170 4192 saints
1197 4134 1558 4193 confesseurs.
1589 4138 1659 4191 Sa
1690 4137 1915 4205 légende

336 4240 489 4302 porte
509 4230 637 4299 qu‘il
661 4228 793 4282 était
818 4226 976 4281 d‘une
997 4226 1203 4279 illustre
1225 4226 1521 4292 naissance,
1545 4226 1912 4287 nobilissimus.

337 4322 477 4378 aimé
521 4330 575 4375 ct.
604 4318 791 4375 estimé
823 4318 893 4373 du
926 4318 1005 4371 roi
1047 4315 1282 4371 Clotaire
1326 4315 1388 4381 ll,
1422 4324 1477 4371 et
1501 4330 1605 4384 que
1634 4330 1697 4370 ce
1735 4316 1918 4384 prince

338 4413 549 4483 prenait
590 4418 816 4466 sonvent
840 4425 928 4464 ses
971 4408 1238 4475 conseils;
1280 4409 1408 4477 qu‘il
1441 4408 1629 4493 écrivit
1663 4425 1732 4463 un
1784 4409 1918 4463 livre

338 4504 434 4557 des
470 4501 599 4557 rites
645 4502 713 4554 de
747 4516 845 4555 son
894 4487 1103 4568 Eglise,
1160 4499 1189 4551 it
1229 4499 1278 4552 la
1310 4499 1485 4567 priore
1537 4487 1816 4552 tl‘Etienne
1864 4505 1919 4551 et

339 4592 584 4661 d‘Aymin
606 4634 620 4656 ,
651 4589 801 4645 cltel's
829 4589 924 4643 des
966 4588 1300 4642 cathédrales
1330 4587 1397 4641 de
1439 4585 1739 4641 Saint-Jean
1769 4592 1823 4639 et
1851 4585 1920 4639 de

340 4666 786 4745 Saint-Etienne;
832 4678 961 4747 qu'il
1010 4687 1229 4732 ntourut
1273 4677 1323 4730 le
1363 4674 1431 4728 lii
1459 4675 1674 4740 février,
1706 4684 1760 4729 et
1793 4675 1919 4743 qu‘il

344 4773 423 4827 l'nt
465 4771 679 4827 inbumé
708 4771 839 4825 dans
868 4758 1083 4840 l'Eglise
1108 4769 1176 4823 de
1218 4767 1603 4822 Saint-Pierre.
1636 4764 1675 4817 ll
1703 4765 1923 4834 pouvait

341 4868 460 4919 étre
486 4864 535 4919 le
564 4863 703 4918 frére
726 4879 795 4917 ou
823 4862 873 4917 le
900 4860 981 4915 liis
1009 4861 1075 4915 de
1096 4859 1324 4913 Protade
1351 4858 1443 4929 qui
1472 4858 1601 4913 était
1630 4857 1696 4912 de
1725 4856 1924 4911 lamille

344 4954 587 5008 romaine
633 4963 686 5007 et
738 4953 907 5006 maire
957 4952 1028 5006 du
1088 4950 1261 5021 palais
1316 4949 1385 5004 de
1426 4949 1743 5017 Bourgogne
1794 4963 1923 5017 sons

346 5043 555 5099 Thierri
603 5043 667 5097 ll.
700 5042 738 5097 ll
767 5042 998 5099 succéda
1028 5042 1057 5096 it
1089 5042 1238 5096 Nicet
1270 5056 1337 5094 au
1367 5044 1829 5094 commencement
1854 5036 1923 5089 du

348 5134 609 5203 septiéme
636 5133 829 5195 siécle,
868 5142 922 5187 et
954 5134 989 5186 il
1020 5133 1153 5187 était
1196 5140 1336 5188 mort
1365 5147 1429 5186 en
1460 5129 1583 5185 625.
1626 5130 1799 5187 Donat
1825 5144 1924 5184 son

346 5238 661 5278 successeur
687 5224 874 5277 assiste
906 5238 971 5275 au
1011 5222 1218 5277 concile
1242 5221 1309 5275 de
1338 5221 1539 5275 Reims.

2016 4045 2229 4109 chasse,
2257 4044 2390 4098 dans
2414 4043 2648 4113 lcsquels
2677 4059 2775 4099 son
2815 4044 2942 4098 cbel'
2963 4051 3017 4098 et
3043 4058 3129 4098 ses
3151 4055 3334 4101 autres
3372 4048 3604 4118 reliques

2016 4131 2194 4188 fnrent
2239 4132 2532 4189 translérés
2561 4134 2612 4190 le
2642 4134 2675 4186 9
2712 4134 2908 4190 février
2945 4132 3098 4190 1614.
3134 4133 3205 4189 Sa
3235 4136 3494 4192 mémoire
3520 4147 3606 4193 est

2016 4239 2084 4278 en
2130 4224 2333 4291 grande
2364 4223 2675 4278 vénération
2727 4224 2860 4277 dans
2889 4231 3032 4277 cette
3062 4223 3209 4288 ville,
3240 4225 3309 4279 οὺ
3349 4225 3455 4279 l‘on
3508 4225 3607 4282 fait

2017 4325 2075 4364 sa
2102 4310 2212 4365 lete
2242 4311 2291 4364 le
2322 4310 2387 4363 10
2410 4311 2605 4365 février
2633 4319 2687 4363 et
2708 4325 2804 4363 son
2836 4310 2990 4364 oflice
3016 4309 3231 4365 double.

2088 4400 2164 4455 Le
2189 4401 2468 4470 magistrat
2498 4417 2529 4454 a
2558 4408 2813 4455 coutume
2840 4400 3087 4455 d‘inviter
3108 4401 3160 4455 le
3189 4401 3370 4471 clergé
3396 4403 3464 4460 de
3489 4389 3603 4461 Γέ-

2018 4496 2151 4563 glise
2180 4497 2248 4552 de
2276 4494 2641 4550 Saint-Pierre
2682 4494 2712 4547 ὲ
2740 4508 2972 4563 exposer
3000 4494 3075 4548 les
3105 4495 3340 4564 reliques
3369 4497 3436 4551 de
3464 4498 3604 4553 saint

2020 4588 2253 4644 Protade
2283 4603 2418 4658 pour
2443 4588 2646 4641 excitet
2680 4586 2728 4640 le
2758 4585 2948 4656 peuple
2977 4585 3007 4639 ὲ
3038 4584 3330 4640 demander
3358 4603 3455 4657 par
3486 4589 3590 4642 l’inc

2021 4682 2315 4736 tercession
2343 4680 2409 4735 de
2435 4694 2499 4735 ce
2525 4679 2666 4734 saint
2695 4677 2896 4749 pontife
2917 4678 3089 4733 d'étre
3114 4677 3317 4734 délivré
3345 4678 3438 4735 des
3466 4681 3601 4734 cala.

2022 4772 2180 4828 mites
2220 4771 2499 4841 publiques
2527 4771 2704 4839 quand
2752 4770 2788 4823 il
2836 4784 2902 4823 cn
2931 4779 3012 4825 est
3060 4772 3312 4827 menacé:
3345 4780 3400 4827 et
3447 4788 3514 4826 on
3547 4772 3607 4824 lit

2022 4864 2156 4918 dans
2185 4862 2261 4917 les
2304 4869 2451 4915 actes
2478 4860 2546 4915 de
2574 4860 2775 4928 l'église
2803 4859 3246 4930 métropolitaine
3276 4860 3434 4929 qu‘en
3467 4858 3605 4913 1529

2023 4962 2079 5007 et
2106 4952 2241 5007 1612
2269 4953 2345 5007 les
2367 4953 2729 5019 archevéques
2758 4952 3122 5007 ordonnéront
3148 4953 3241 5007 des
3268 4952 3609 5021 processions

2023 5042 2297 5111 générales
2325 5043 2513 5112 depuis
2543 5044 2744 5112 l’église
2782 5044 2849 5098 de
2876 5044 3188 5100 Saint-Jean
3212 5045 3459 5113 jusqn‘au
3485 5043 3607 5099 dela

2024 5133 2093 5185 du
2124 5140 2273 5201 pont,
2326 5132 2460 5187 dans
2488 5132 2775 5204 lesquelles
2806 5134 2857 5187 la
2885 5135 3075 5190 chosse
3115 5135 3182 5190 de
3208 5133 3347 5188 saint
3378 5133 3607 5189 Protado

2025 5221 2194 5274 serait
2220 5220 2424 5298 portée.

420 5312 526 5366 Son
548 5328 706 5381 corps
731 5329 759 5365 a
791 5313 878 5366 cté
908 5312 1021 5366 levé
1047 5312 1112 5366 de
1141 5319 1303 5373 terre,
1334 5320 1385 5364 et
1408 5309 1607 5379 exposé
1634 5310 1663 5363 it
1688 5309 1741 5361 la
1764 5305 1925 5360 véné-
1958 5305 2002 5363 Β
2097 5311 2249 5365 Saint
2273 5311 2501 5367 Protade
2530 5321 2612 5367 est
2639 5312 2862 5379 regartlé
2884 5328 3094 5368 comme
3134 5312 3359 5368 l'auteur
3385 5312 3454 5367 du
3487 5328 3608 5382 pre-

348 5406 525 5460 ration
555 5406 627 5460 du
679 5406 857 5475 public
892 5408 1024 5460 dans
1052 5405 1252 5473 l‘église
1290 5404 1357 5458 de
1383 5403 1761 5470 Saint-Pierre,
1793 5401 1861 5455 οὺ
1892 5401 1927 5455 il

2031 5402 2167 5456 mier
2194 5401 2370 5456 Rituel
2399 5404 2533 5457 écrit
2559 5404 2625 5457 de
2654 5392 2867 5470 l‘Eglise
2892 5403 2959 5457 de
2988 5402 3297 5470 Besancon;
3346 5405 3610 5475 intrrpolé

350 5497 498 5552 avait
540 5497 910 5569 étéinhumé.
966 5496 1070 5552 Les
1116 5496 1425 5566 cbapelains
1472 5495 1539 5551 de
1584 5502 1725 5550 cette
1765 5492 1931 5562 église
2034 5498 2089 5546 et
2115 5492 2399 5560 augmento
2427 5490 2558 5546 dans
2589 5491 2638 5546 la
2668 5492 2806 5547 suite
2847 5492 2941 5547 des
2972 5501 3163 5561 temps.
