3928 6176
320 285 378 338 LI
399 286 414 338 ι
1344 265 1402 322 S.
1445 257 1773 320 PROTADH
1802 255 2186 322 VESHNTINI
2210 257 2517 316 EPISCOI‘I

3458 254 3556 310 “2

311 399 3550 443 Ν

1095 510 1773 626 samem
1843 429 2750 620 Priorum

1590 696 1933 751 VESUNTINI
1969 695 2256 748 EPISCOi‘I

1311 835 2516 1056 L1T_g_n__(_;_IA.

1015 1257 1482 1360 LAUDES
1569 1255 1795 1340 SEU
1866 1253 2848 1346 ACCLAMATIONES

1188 1417 1272 1461 EX
1309 1409 1586 1464 ANTIQUO
1615 1407 2056 1452 EPISTOLARUM
2090 1410 2278 1456 LIBRO
2310 1413 2698 1472 EXSCRIPTB,

308 1540 459 1614 Qua:
487 1536 556 1597 in
581 1532 766 1614 missu
793 1523 1176 1614 pontificali,
1201 1513 2446 1614 ju_xta.anticlttttmcclgsiwltisuntinw
2472 1518 2906 1614 Qrdinfzriuin,
2925 1537 3068 1614 pa'g‘.
3233 1521 3575 1614 orationem

388 1593 554 1679 δίθέῖ
582 1593 1527 1691 σίφξθῖυιαπίάεσατξῖαὺίξηῑυνο
1559 1593 1674 1656 Ha?
1697 1602 1850 1691 aut}!
1879 1593 2081 1691 adhuc
2109 1597 2178 1656 in
2207 1599 2517 1691 usu‘apud
2548 1593 2966 1663 celeberrimus
2991 1593 3210 1662 Gallice
3237 1601 3574 1669 Ecclesius;

387 1672 1130 1757 uidelicet‘i’iennenscm,
1164 1679 1655 1759 Lugdunensem,
1686 1672 2257 1752 Rothomagensem,
2289 1672 2408 1739 etc'.

1894 1799 1995 1812 _

374 1881 617 1941 Christus
638 1875 824 1944 vincit,
847 1873 1090 1929 Christus
1117 1873 1329 1937 regnat,
1360 1863 1607 1920 Christus
1636 1862 1885 1933 imperat.
1914 1869 1969 1928 Α
1995 1864 2110 1920 Rex
2140 1872 2344 1930 noster,

1228 1957 1458 2024 Exaudi,
1481 1955 1717 2011 Christe.

305 2071 370 2128 bl.
395 2078 422 2106 ⁸
451 2067 674 2125 Summo
699 2055 940 2133 pontiﬁci
965 2064 1022 2112 et
1045 2049 1335 2110 universali
1356 2061 1510 2120 papa:
1537 2046 1680 2104 vita!

308 2161 560 2216 Salvator
586 2151 790 2219 mundi,
1415 2146 1472 2193 tu
1501 2136 1649 2192 illum
1675 2133 1891 2204 adjuva.

309 2253 510 2306 Sancte
549 2245 729 2310 Petre,
1811 2232 1893 2279 ῑυο

314 2343 512 2396 Sancte
535 2337 720 2402 Paule,
1812 2325 1892 2371 ω·

310 2433 510 2487 Sancte
535 2427 770 2496 Andrea,
1813 2413 1892 2460 tu.

310 2521 548 2587 Exaudi,
577 2517 810 2574 Christe.
862 2511 927 2568 Ν.
973 2506 1248 2582 pontiﬁci,
1281 2505 1430 2564 clero
1459 2509 1517 2560 et
1544 2499 1746 2574 populo
1792 2497 1896 2556 sibi

380 2615 670 2672 commisso
697 2612 842 2666 salus
870 2616 926 2664 et
951 2605 1126 2676 gloria
1147 2604 1163 2658 ι

315 2706 642 2773 Redemptor
667 2698 876 2764 mundi,
1413 2695 1473 2744 tu
1493 2686 1646 2743 illum
1676 2683 1890 2755 adjuva.

312 2796 510 2850 Sancte
535 2789 778 2846 Ferreole
797 2829 814 2857 ,
1814 2785 1892 2830 tu.

313 2886 509 2941 Sancte
528 2881 708 2937 Antidi
722 2923 738 2950 ,
1814 2874 1891 2922 tu.

313 2979 514 3032 Sancte
541 2974 801 3038 Desirate,
1814 2967 1896 3013 tu.

311 3066 546 3132 Exaudi,
605 3062 834 3119 Christe.
917 3057 982 3114 Ν.
1041 3053 1495 3112 excellentissimo
1562 3049 1895 3121 imperatori.

380 3177 576 3233 magno
602 3163 657 3216 ct
677 3150 924 3230 paciﬁca,
947 3165 976 3210 a
1003 3148 1118 3210 Deo
1135 3156 1415 3218 coronato,
1440 3144 1544 3206 vita
1568 3151 1622 3201 et
1650 3139 1892 3202 victoria!

314 3261 596 3314 Protector
622 3253 832 3321 mundi,

317 3351 514 3403 Sancte
544 3343 787 3408 Maurici,
1814 3339 1892 3384 tu.

316 3443 516 3494 Sancte
537 3432 901 3504 Sigismunde,
1814 3429 1896 3475 tu.

315 3533 514 3586 Sancte
533 3528 742 3592 Victor,
1817 3523 1896 3569 tu.

316 3620 538 3684 Exaudi,
569 3617 800 3673 Christe.
827 3614 890 3670 Ν.
920 3613 1117 3670 inclitae
1140 3611 1336 3683 regine
1363 3609 1451 3665 lux
1479 3615 1535 3663 et
1561 3604 1732 3675 gratia
1764 3603 1779 3656 !

316 3715 434 3769 Lux
465 3710 672 3777 mundi,
1417 3709 1477 3756 tu
1507 3699 1649 3754 illam
1679 3695 1895 3765 adjuva.

315 3803 513 3857 Sancta
540 3799 827 3870 Perpetua,
1815 3795 1893 3839 tu.

315 3899 514 3950 Sancta
553 3892 738 3959 Lucia,
1812 3885 1894 3931 tu.

315 3985 512 4042 Sancta
536 3983 861 4052 Walburgis,
941 4035 945 4042 ,
1157 4041 1166 4044 _
1813 3979 1890 4023 tu.

315 4074 538 4139 Exaudi,
585 4041 815 4128 Christe.
846 4041 1104 4125 Dninibus
1143 4041 1411 4138 iudicibus
1436 4071 1490 4118 et
1517 4068 1713 4154 cuncto
1741 4072 1897 4113 exer-

386 4166 513 4222 citui
541 4164 964 4220 Christianorum
993 4161 1102 4215 vita
1130 4168 1184 4215 et
1207 4157 1430 4213 victoria
1460 4154 1475 4208 ἰ

314 4258 554 4313 διινειῑίο
587 4265 786 4321 nostra,
1447 4255 1504 4303 tu
1534 4244 1655 4301 illos
1679 4240 1893 4311 adjuva.

317 4348 515 4404 Sancte
541 4347 758 4418 Georgi,
1815 4339 1892 4431 ῑξι·

318 4437 517 4492 Sancte
541 4437 846 4505 Theodore,
1814 4433 1891 4478 tu.

315 4530 516 4584 Sancte
551 4528 800 4596 Mercuri,
1816 4526 1881 4574 ῑυι

313 4619 557 4674 Christus
586 4619 766 4686 vincit,
791 4618 1034 4674 Christus
1056 4625 1264 4688 regnat,
1288 4614 1531 4670 Christus
1560 4610 1808 4681 imperat.

1415 3251 1474 3297 tu
1503 3241 1651 3296 illum
1682 3239 1895 3310 adjuva.
1934 3235 1979 3292 Β
2075 3248 2194 3305 cuia
2219 3250 2558 3306 smeulorum,

3120 1863 3364 1920 Christus
3392 1861 3577 1918 vincit.

1993 1957 2128 2027 Spes
2156 1967 2360 2025 nostra,

1993 2049 2362 2105 Misericordia
2394 2057 2602 2115 nostra,

1994 2139 2267 2196 Auxilium
2290 2153 2557 2212 nostrum,

1995 2232 2268 2290 Liberatio
2299 2243 2354 2290 et
2381 2234 2678 2306 redemptio
2707 2244 2911 2302 nostra,

1996 2326 2235 2382 Victoria
2259 2337 2466 2396 nostra,

1995 2418 2160 2473 Arma
2190 2427 2374 2475 nostra
2402 2428 2458 2476 et
2485 2421 2854 2488 invictissrma,

1997 2507 2180 2565 Murus
2201 2519 2391 2566 noster
2417 2511 2871 2581 inexpugnabilis,

1999 2602 2252 2660 Defensio
2281 2611 2336 2659 et
2363 2604 2619 2661 exaltatio
2649 2613 2858 2674 nostra,

1998 2693 2134 2760 Lux,
2166 2695 2249 2752 via
2273 2705 2328 2750 et
2355 2695 2464 2750 vita
2494 2704 2702 2760 nostra,

1997 2786 2104 2859 Ipsi
2125 2788 2224 2842 soli
2255 2788 2565 2858 imperium,
2595 2790 2768 2868 gloria
2789 2797 2844 2845 et
2865 2796 3106 2861 potestas
3135 2803 3232 2860 per
3261 2787 3582 2844 immortalia

2069 2880 2260 2934 saecula
2286 2881 2620 2937 saeculorum.
2716 2883 2904 2936 Amen.
3287 2925 3296 2931 ς

1999 2967 2102 3039 Ipsi
2138 2970 2238 3024 sali
2277 2970 2470 3036 honor,
2515 2970 2633 3026 laus
2661 2977 2718 3024 et
2740 2969 2984 3039 jubilatio
3019 2984 3116 3042 per
3138 2971 3344 3026 inﬁnita
3388 2971 3580 3026 saecula

2069 3060 2408 3116 saeculorum.
2508 3060 2702 3117 Amen.

2002 3153 2105 3230 Ipsi
2133 3153 2233 3214 soli
2271 3154 2462 3223 virtus.
2495 3151 2755 3214 fortitudo
2791 3162 2849 3215 et
2875 3154 3130 3227 victoria,
3161 3169 3259 3232 per
3285 3154 3461 3217 omnia
3487 3169 3585 3214 sa:-

2663 3249 2857 3305 Amen.

1998 3339 2237 3407 Christe,
2259 3339 2380 3394 audi
2411 3355 2532 3394 nos.
2561 3340 2775 3396 Christe
2805 3341 2927 3397 audi
2961 3356 3079 3396 nos.

2002 3434 2235 3498 Christe,
2267 3432 2390 3487 audi
2419 3448 2536 3487 nos.

2001 3523 2192 3579 Krnnrs
2215 3535 2460 3588 uersos,
2477 3522 2692 3580 Christe
2719 3524 2944 3581 eleison.

2005 3613 2216 3669 Christe
2239 3612 2462 3668 eleison.

2072 3749 2350 3822 Sequenda
2378 3748 2785 3822 decantabantur
2815 3758 3086 3822 antequam
3118 3751 3322 3805 diaconi
3362 3751 3588 3805 dicerent

2002 3820 2098 3892 Ite,
2130 3821 2291 3892 missa
2335 3827 2438 3885 est,
2469 3828 2524 3872 ut
2550 3835 2615 3873 ea:
2640 3821 2814 3874 eodem
2845 3820 3126 3876 Ordiunrio
3153 3823 3432 3892 colligitur,
3462 3839 3582 3892 pag.

2000 3889 2060 3942 Il
2094 3899 2142 3944 et
2172 3889 2259 3943 I2.

2072 4003 2148 4058 Te
2176 4011 2448 4074 pastorem
2478 4003 2620 4059 Deus
2642 4002 2824 4074 elegit.
2853 4003 2912 4058 In
2940 4004 3040 4060 ista
3063 4004 3190 4060 sede
3212 4012 3265 4060 te
3291 4005 3433 4060 Deus
3461 4017 3586 4058 con.

2002 4103 2203 4150 servet.

2069 4185 2252 4240 Annos
2273 4185 2394 4240 vitae
2423 4186 2564 4240 Deus
2588 4185 2926 4254 muliplicet.

2069 4275 2338 4341 Fr-liciter,
2371 4274 2642 4339 Feliciter,
2671 4276 2940 4332 Felicitcr.
2984 4275 3104 4332 Ter.

2072 4363 2336 4432 Tempora
2385 4364 2526 4417 bona
2572 4363 2791 4418 habeas.
2821 4362 3112 4436 Tempora
3165 4366 3308 4422 bona
3358 4365 3582 4420 habeas.

2001 4451 2265 4521 Tempora
2289 4453 2431 4506 bona
2462 4453 2686 4508 habeas.
2717 4455 2841 4510 Ter.

2069 4541 2266 4597 Multos
2293 4557 2484 4598 annos.
2557 4543 2748 4600 Amen.
2914 4529 2916 4531 i

349 4745 3581 4784 ’.Ψ-ΗΜ

1158 4857 1595 4944 INCIPIT
1657 4844 2727 4935 MARTYROLOGIUM

1642 5009 1760 5052 PER
1800 5002 1945 5048 ANNI
1979 4999 2323 5044 CIBCULUM.

899 5183 1298 5240 JANUARIUS.

425 5317 738 5386 Principium
766 5313 892 5369 Iani
913 5317 1076 5369 sancit
1107 5317 1328 5384 tropica:
1357 5314 1699 5384 Capricornus
1722 5355 1738 5382 ,

417 5389 540 5442 lani
563 5389 729 5458 prima
757 5387 888 5453 dies,
918 5396 965 5440 et
988 5387 1203 5456 septima
1233 5387 1338 5455 ﬁne
1367 5388 1588 5440 timetur.

316 5547 382 5602 Δ.
415 5547 666 5602 KLJan.
709 5547 1058 5604 Circumcisio
1106 5547 1339 5602 Domini.
1393 5545 1547 5615 Apud
1596 5545 1894 5604 Cmsaream

1918 5179 1968 5242 ϐ

1908 5115 1998 5127 ——-

2459 5175 2795 5245 Capadociae,
2819 5178 2876 5233 S.
2905 5178 3086 5234 Basilii
3111 5180 3368 5250 episcorii.
3397 5181 3452 5236 In
3475 5191 3578 5239 ter-

2426 5268 2616 5324 ritorio
2636 5269 2998 5344 Lugdunensi,
3019 5272 3074 5325 S.
3094 5271 3329 5342 Eugendi
3348 5274 3570 5331 abbatis.

2001 5356 2063 5410 Β.
2103 5372 2178 5411 nn
2215 5356 2352 5413 Non.
2393 5357 2588 5414 Octava
2616 5361 2784 5415 sancti
2815 5360 3092 5431 Stephani.

2000 5466 2061 5521 (Σ.
2100 5482 2156 5521 ιιι
2217 5466 2352 5523 Non.
2397 5466 2598 5523 Octava
2642 5470 2815 5525 sancti
2861 5469 3084 5527 Joannis
3119 5487 3307 5543 evang.
3362 5472 3580 5532 Parisiis

2462 5558 2746 5614 Cenovehe
2777 5561 3015 5630 virginis.

391 5658 416 5684 "
450 5659 580 5714 Vide
617 5658 744 5718 0rd.
789 5661 942 5719 Rom.
976 5662 1063 5730 l2,
1091 5669 1314 5718 auctore
1349 5658 1563 5728 Censio,
1596 5678 1645 5716 n.
1681 5663 1733 5729 2,
1768 5666 1818 5722 in
1849 5674 1979 5724 tom.
2017 5669 2266 5726 LXXVIII
2292 5671 2624 5743 PatroYogiae,
2656 5689 2720 5730 ex
2749 5674 2930 5732 Musco
2957 5675 3163 5734 Italico.
3199 5676 3350 5733 Eorr.
