3858 6190
217 318 317 372 6εό

1682 319 2035 376 APPENDIX.

3373 322 3496 376 ’426

212 431 295 485 vel
327 431 382 483 in
415 426 735 508 beneﬁt-ium
793 426 956 481 alicui
1012 425 1161 508 dare.
1211 423 1425 508 Sinquid
1451 429 1799 508 verohorum
1831 437 1874 490 Α
1905 438 2094 508 postea
2124 427 2296 508 factus
2317 430 2832 508 episcopus,_rogalu
2864 427 3050 508 matris
3070 443 3178 508 sine
3199 444 3319 500 qua!
3345 432 3490 508 apud

209 515 328 569 qua:
359 497 664 569 possederit
684 513 712 569 a
742 497 1239 569 quoquamdictum
1269 495 1427 550 fuerit
1471 499 1760 564 litigiosum
1784 541 1800 565 ,

210 567 372 624 nulli'
402 569 553 638 prius
598 567 936 638 prehendere
993 567 1169 638 liceat,
1201 581 1360 638 quam
1405 569 1601 638 negotii
1635 571 1803 636 ipsius

210 635 592 694 determinatio
614 636 940 703 judicialiter
967 637 1038 690 sit
1060 635 1218 689 facta.
1246 636 1301 689 Si
1325 637 1445 703 quis
1473 635 1807 693 autemcon-

211 719 300 762 tra-
323 711 427 762 hoc
451 707 806 777 apostolicum
834 707 1104 777 munimen
1125 720 1270 777 ausu
1302 708 1593 777 temerario
1621 709 1804 762 venire

209 774 527 843 tentaverii,
553 777 753 830 nostris
808 775 1166 828 anathematis
1195 775 1372 843 gladio
1429 774 1668 838 feriatur,
1703 778 1807 831 nisi

208 849 520 916 resipuerit.
573 846 901 916 Quiraurtem
954 844 1269 916 custodierit
1325 845 1428 898 hoc
1472 847 1803 916 mandatum,

211 928 410 971 nostra:
441 915 830 970 benedictionis
851 915 1120 968 cumulum
1153 923 1442 967 mereatur.
1477 915 1666 970 Datum
1698 926 1809 970 ter-

211 990 285 1041 tio
312 985 435 1039 ldus
464 984 704 1042 Januarii
734 999 830 1053 per
858 999 1048 1038 manus
1080 982 1619 1054 WidonisTullensis
1651 987 1822 1054 primi-

210 1058 368 1114 cerii,
396 1064 596 1109 sancte
638 1054 950 1121 apostolica:
999 1054 1141 1107 sedis
1163 1053 1489 1107 cancellarii.
1533 1053 1688 1107 Anno
1711 1057 1809 1107 do-

211 1125 344 1179 mini
377 1124 575 1180 Leonis
599 1123 666 1179 IX
694 1138 843 1193 papa:
867 1123 1139 1189 secundo,
1166 1122 1350 1178 indict.
1386 1125 1564 1179 tertia.
1597 1124 1806 1196 [low]

973 1244 1047 1255 -—

284 1309 576 1371 llenricus.
627 1307 805 1362 divina
840 1304 1050 1362 favente
1097 1305 1405 1372 clementia,
1438 1305 1806 1362 Romanorum

211 1383 509 1449 imperator
554 1380 873 1449 Augustus,
902 1378 958 1431 Si
1013 1377 1245 1431 lideliuin
1301 1387 1605 1449 nostrorum
1649 1379 1807 1445 justis

211 1448 566 1516 petitionibus
579 1464 737 1504 aures
754 1448 1092 1510 inclinantes,
1111 1449 1160 1500 id
1180 1449 1244 1500 ad
1261 1455 1456 1500 stattnn
1478 1448 1804 1512 reipublicte,

213 1528 630 1586 nostroquoque
651 1518 860 1580 honori,
886 1518 1220 1585 profuturum
1251 1517 1615 1570 indubitanter
1641 1519 1808 1572 credi-

363 1587 590 1653 Quoties
601 1587 742 1641 enim
773 1587 1024 1653 precibus
1037 1600 1288 1654 rogamur
1299 1587 1585 1653 aequitatis,
1617 1601 1807 1640 θερείη-

1193 1656 1530 1723 Quapropter
1565 1657 1803 1710 omnium

210 1606 346 1643 mus.

210 1659 607 1724 sum,pr:ebere
641 1657 896 1710 debemus
925 1658 1158 1725 pietatis.

211 1729 555 1796 pnesentium
572 1726 773 1779 scilicet
787 1740 993 1779 necnon
1011 1727 1302 1796 per-saecula
1321 1726 1617 1796 futurorum
1634 1742 1800 1781 nove-

210 1783 558 1850 l'itindustria
576 1796 806 1863 qualiter
842 1783 1515 1865 sanctg'errysopolitanre
1548 1794 1802 1850 Ecclesia:
1838 1783 1880 1842 Β

209 1866 534 1920 venerabilis
561 1865 710 1931 Hugo
739 1865 1193 1933 archiepiscopus,
1228 1865 1381 1919 nobis
1405 1865 1799 1928 dilectissimus,

210 1945 455 1990 nostram
487 1935 616 1988 adiit
646 1936 1004 2002 clementiam,
1048 1935 1365 2002 suppliciter
1400 1935 1692 1988 obsecrans
1746 1945 1804 1988 ut

209 2007 350 2060 bona
369 2007 807 2074 qumcontulerat
837 1995 891 2057 εἰ
921 1995 1277 2074 adquisiverat
1307 2018 1418 2057 sua:
1449 2002 1720 2065 Ecclesiae,
1750 2006 1802 2060 in

208 2073 474 2130 honorem
491 2074 896 2142 protomartyris
912 2073 1128 2138 Christi,
1151 2073 1375 2127 lucentis
1402 2074 1452 2126 in
1488 2081 1690 2139 monte,
1705 2090 1803 2126 no-

211 2153 316 2198 stra
348 2144 616 2214 imperiali
645 2144 1094 2197 conﬁrmarentur
1118 2143 1472 2214 authoritate;
1497 2143 1648 2210 cujus
1667 2144 1805 2212 peti-

210 2212 669 2268 tionem‘tantum
711 2213 894 2266 utilem
945 2221 1202 2281 quantum
1243 2212 1523 2267 honestam
1558 2214 1802 2267 conside-

207 2294 417 2350 rantes,
443 2283 594 2336 nel‘as
623 2293 765 2336 esset
793 2283 1098 2351 putavimus
1120 2283 1164 2335 si
1193 2282 1239 2335 ei
1269 2298 1366 2350 pro
1390 2291 1518 2335 voto
1568 2299 1674 2337 non
1715 2298 1803 2336 sa-

209 2352 616 2417 tisfaceremus;
646 2361 790 2405 tanta
810 2353 952 2406 enim
976 2351 1233 2415 Ecclesia,
1253 2352 1400 2406 omni
1429 2351 1800 2419 religiosorum

207 2423 382 2488 cultu,
415 2423 610 2476 merito
640 2424 962 2486 veneranda,
993 2425 1092 2476 sub
1139 2422 1342 2475 incuria
1371 2427 1426 2476 et
1479 2422 1802 2488 negligentia

207 2497 454 2561 priorum
487 2493 625 2545 male
657 2491 945 2545 viventium
974 2531 989 2555 ,
1021 2493 1087 2546 ab
1115 2491 1362 2546 omnibus
1387 2505 1546 2559 paene
1575 2493 1798 2545 teneba-

209 2576 293 2615 tur
323 2571 387 2615 ut
416 2562 696 2615 vilissima.
729 2562 798 2614 At
827 2571 1109 2629 postquam
1140 2561 1344 2628 praefati
1382 2561 1486 2614 loci
1530 2561 1798 2630 archiepi-

206 2647 405 2700 copum
451 2631 630 2684 divina
663 2631 932 2699 promovit
961 2631 1266 2695 clementia,
1317 2630 1480 2700 erepit
1509 2631 1668 2684 tantis
1699 2631 1802 2684 ini-

205 2702 365 2754 seriis
414 2701 725 2764 condolere,
759 2701 984 2769 suspiria
1041 2700 1336 2768 lacrymosa
1387 2700 1620 2765 ducere,
1673 2700 1799 2768 quia

205 2771 478 2846 Sponsam
509 2769 742 2846 habebat
791 2783 1039 2836 rugosam
1070 2778 1124 2846 et
1152 2769 1388 2834 fenilem,
1427 2769 1694 2846 desertam
1746 2778 1802 2846 et

201 2839 510 2908 iacentem;
535 2841 626 2906 qui
658 2855 804 2899 mox.
827 2855 1063 2906 superno
1091 2839 1606 2908 invocatonomine,
1637 2840 1799 2907 coepit

205 2907 272 2964 ex
298 2911 533 2965 diversis
563 2909 802 2977 partibus
850 2923 1178 2976 congregare
1225 2907 1456 2977 qualiter
1499 2908 1798 2977 egpelleret

206 2993 434 3048 rugosas
468 2975 723 3032 Ecclesiae
760 2985 938 3048 vestes
967 2975 1214 3031 ’vidnatae
1263 2975 1507 3044 Sponsaz.
1539 2975 1797 3042 Tandem,

207 3047 532 3103 enailunatis
556 3064 619 3101 ex
649 3047 970 3116 patrimonio
989 3057 1042 3102 et
1071 3049 1124 3113 iu
1157 3062 1186 3101 e
1213 3048 1429 3116 proprio
1474 3063 1571 3101 seu
1600 3064 1663 3101 ex
1699 3049 1798 3099 hoc

207 3119 287 3171 nis
315 3118 574 3174 Ecclesia:
626 3117 957 3184 sumptibus,
1009 3118 1180 3171 erexit
1209 3117 1385 3171 locum
1415 3117 1790 3185 quinquaginta

206 3188 481 3257 fratribus.
515 3187 710 3256 quibus
759 3202 865 3240 non
895 3187 1166 3242 constituit
1201 3188 1542 3257 praepositum
1568 3226 1582 3250 ,
1614 3187 1708 3240 sed
1741 3197 1801 3241 ut

205 3255 269 3312 de
285 3258 400 3312 suis
429 3255 572 3311 inter
593 3273 650 3310 se
673 3256 934 3323 eligerent
959 3257 1240 3320 decanum,
1255 3257 1342 3324 qui
1367 3255 1548 3309 mallet
1568 3270 1798 3324 praeesse

205 3327 269 3380 ad
300 3327 692 3382 canonicorum
722 3325 1006 3379 utilitatem
1038 3341 1198 3396 quam
1247 3325 1504 3395 prodesse
1538 3326 1606 3379 ad
1640 3340 1798 3394 angu-

207 3397 331 3450 tiam
362 3397 707 3450 familiarem.

267 3465 441 3534 Igitur
470 3467 541 3520 ob
572 3466 927 3520 interventum
980 3472 1176 3520 nostrae
1223 3465 1429 3520 dilectze
1469 3465 1796 3521 comteetalis

206 3535 431 3599 Agnetis
484 3535 850 3589 Romanorum
897 3535 1250 3604 imperatricis
1290 3535 1558 3604 Angusta},
1588 3550 1794 3589 necnon

205 3606 505 3660 lidelissimi
557 3606 722 3659 nostri
773 3603 1162 3672 archiepiscopi
1213 3605 1478 3672 prmdictze
1516 3603 1790 3664 Ecclesiae,

204 3675 490 3728 laudamus
541 3676 953 3728 c-rirroborantes
983 3674 1237 3742 quidquid
1269 3675 1314 3726 ei
1348 3675 1592 3736 contulit,
1638 3690 1733 3729 seu
1762 3691 1792 3729 a

202 3745 540 3813 quibuslibet
565 3744 616 3796 in
640 3753 888 3798 etelcrum
919 3744 1198 3812 acquirere
1219 3743 1438 3866 Boterit.

270 3814 672 3866 Conﬁrmamus
702 3814 802 3866 illis
819 3828 903 3866 me
923 3813 1158 3866 lit-tatem
1181 3829 1212 3865 ο
1255 3814 1438 3866 lationt

270 3814 672 3868 Conﬁrmamus
702 3814 802 3867 illis
819 3828 903 3867 me
923 3813 1158 3866 lit-tatem
1181 3813 1510 3867 oblationum
1527 3813 1792 3881 quatoll‘e-

199 3894 396 3938 runtur
424 3883 494 3937 ad
523 3883 693 3937 altare
742 3883 910 3936 sancti
940 3881 1196 3952 Stephani
1249 3891 1305 3938 et
1356 3882 1633 3936 llraehium
1661 3901 1673 3935 :
1706 3899 1792 3936 ar-

198 3953 583 4023 chiepiscopus
630 3952 824 4006 habeat
872 3953 1028 4006 aliam
1061 3952 1425 4017 medietatem,
1456 3953 1522 4007 ad
1553 3955 1792 4008 ecclesiae

201 4025 678 4077 restaurationem.

251 4092 578 4148 'Ecclesiam
635 4091 804 4147 sancti
852 4090 1087 4162 llypolili
1139 4092 1205 4146 de
1233 4092 1449 4146 Villctta
1506 4100 1563 4147 et
1617 4092 1790 4148 altare

197 4171 394 4225 totum,
423 4177 547 4216 eum
572 4163 810 4228 declinis,
845 4162 999 4215 terris
1026 4171 1081 4216 et
1109 4163 1357 4216 omnibus
1385 4162 1732 4230 appendiciis.

271 4232 572 4286 Ecclesiam
609 4235 777 4286 sancti
810 4232 1048 4297 Quintini
1101 4233 1154 4290 in
1188 4235 1336 4297 urbe,
1378 4233 1633 4300 adquam
1667 4248 1788 4300 per-

197 4303 374 4356 tinent
426 4317 618 4356 omnes
668 4318 765 4370 per
807 4302 986 4355 omnia
1030 4302 1416 4373 archiepiscopi
1465 4305 1688 4357 decimae
1734 4313 1789 4358 et

194 4373 608 4443 peregrinorum
633 4373 938 4443 sepulturae.

269 4441 572 4498 Ecclesiam
602 4440 1096 4508 sanctiLeodegarii
1115 4440 1182 4494 de
1201 4440 1438 4509 Villiaco,
1457 4457 1578 4497 cum
1605 4443 1782 4509 altari,

192 4486 882 4582 decinlis,vineis,campis,
908 4486 1088 4579 pratis,
1105 4486 1782 4582 etomnibuspertinentiis:
1819 4486 1866 4544 θ

267 4584 553 4652 Capellam
568 4584 736 4638 sancti
755 4581 946 4636 Justini
972 4582 1038 4636 de
1052 4581 1440 4636 Camborniaeo
1463 4598 1584 4637 cum
1607 4584 1780 4648 altari,

195 4662 249 4707 et
273 4654 482 4718 allodio
511 4654 653 4722 quod
682 4653 751 4708 ibi
774 4652 1056 4722 acquisivit
1077 4661 1265 4706 sancto
1286 4652 1782 4721 Stephanoareltic-

195 4727 454 4793 piscopus
480 4723 700 4779 llector.

266 4789 491 4847 (Sortem
547 4794 611 4847 de
638 4793 794 4861 Vico,
825 4810 944 4849 cum
1004 4789 1180 4857 altari,
1228 4792 1480 4859 ecclesia,
1536 4792 1781 4857 decimis,

190 4863 424 4932 campis.
453 4864 639 4933 pratis,
658 4865 841 4934 sylvis,
868 4865 1206 4922 molendinis,
1227 4866 1401 4933 aquis,
1417 4879 1784 4934 aquarumque

188 4935 516 4988 decursibus
538 4942 591 4986 et
611 4935 858 4988 omnibus
881 4935 1237 5003 pertinentiis.

271 5003 572 5057 Ecclesiam
605 5007 772 5059 sancti
802 5004 1062 5073 Stephani
1091 5007 1158 5058 de
1177 5003 1419 5066 Noireto,
1439 5003 1782 5058 medietatem

184 5071 531 5126 decimarum
562 5082 616 5126 et
643 5077 813 5129 altare
843 5071 1031 5128 totum.

268 5141 566 5199 Ecclesiam
597 5146 765 5198 sancti
794 5145 1001 5198 Martini
1050 5145 1116 5199 de
1137 5144 1524 5211 Therccniaco,
1550 5159 1670 5199 cum
1701 5144 1783 5198 al-

184 5214 330 5278 tari,
366 5213 589 5283 decimis
625 5221 684 5268 et
728 5215 979 5268 omnibus
1026 5215 1382 5283 pertinentiis.

268 5284 425 5350 Apud
465 5281 700 5355 Montem
751 5281 1079 5349 Rotundum,
1109 5284 1362 5355 quidquid
1409 5286 1553 5340 visus
1581 5293 1664 5339 est
1712 5285 1783 5340 ibi

179 5353 641 5424 liaheresanctps
669 5353 996 5424 Stephanus.

263 5422 529 5476 Similiter
573 5421 870 5478 Ecclesiam
920 5426 1090 5480 sancti
1149 5425 1420 5479 Anatbolii
1465 5424 1780 5490 Salinensis,

175 5507 320 5547 cum
331 5493 521 5570 _altari,
541 5493 982 5570 tlecimis,vine_is,
998 5497 1223 5564 campis,
1241 5497 1423 5570 sylvis,
1441 5495 1782 5558 molendinis,

175 5563 404 5635 servis,
433 5563 643 5616 ancillis
670 5573 726 5618 et
766 5566 1015 5620 omnibus
1041 5563 1163 5635 quie
1193 5563 1516 5633 acquisierat
1545 5575 1786 5632 tempore

174 5632 676 5703 canonicornm,et
702 5643 890 5703 postea
921 5632 1326 5690 monachorum.
1361 5637 1416 5689 In
1447 5637 1549 5690 hac
1570 5636 1782 5703 quidem

1909 498 2105 552 dictam
2153 499 2432 552 ecclesiam
2464 499 2793 563 morabatur,
2825 498 3068 552 ordinem
3101 498 3402 555 innnutavit
3441 515 3494 555 et

1907 569 2187 622 monachis
2219 568 2623 622 Divionensibus
2645 569 2936 631 concessit;
2962 566 3104 637 quod
3134 583 3232 622 nos
3262 570 3480 624 audien-

1909 647 1991 693 tes
2041 637 2294 706 praedium
2325 647 2522 692 nostrae
2574 638 2832 701 ecclesiae,
2858 637 2922 690 ad
2953 637 3234 692 ecclesiam
3267 641 3493 694 alterius

1907 709 2056 774 regni
2093 719 2146 761 et
2175 710 2516 776 episc0patus
2549 708 2859 759 transfatam
2885 721 3020 777 esse,
3056 709 3246 760 merito
3271 709 3486 777 quidem

1907 778 2124 830 tulimus
2147 777 2380 844 indigne,
2400 777 2769 845 praecipientes
2788 777 2888 828 sub
2909 776 3130 828 obtentu
3153 776 3347 831 nostrze
3378 792 3494 844 gra-

1909 849 2012 908 tiae,
2028 855 2294 914 quatenus
2311 857 2366 899 ut
2382 862 2590 914 aequum
2610 854 2745 906 erat,
2760 854 3120 914 reverteretur
3135 845 3198 898 ad
3213 847 3364 914 cujus
3377 856 3496 902 erat

1910 913 2099 986 altare.
2128 916 2173 968 A
2213 918 2371 971 modo
2403 913 2672 986 possideat
2701 915 2930 986 ecclezia
2942 913 3096 986 quod
3121 915 3241 980 jure
3270 913 3490 986 recepit.

1981 985 2274 1040 Ecclesiam
2305 983 2473 1040 sancti
2507 985 2725 1040 Joannis
2751 985 2816 1037 de
2843 983 3072 1047 Salinis,
3100 999 3219 1036 cum
3247 983 3408 1040 altari
3442 996 3496 1041 et

1908 1056 2154 1109 omnibus
2185 1057 2538 1125 pertinentiis.
2573 1055 2680 1109 llas
2708 1054 2966 1109 eccle~ias
3022 1053 3189 1106 tenuit
3228 1053 3278 1106 in
3323 1057 3498 1110 bene-

1911 1125 2088 1196 tieium
2123 1127 2234 1193 ipse
2261 1126 2697 1196 archiepiscopus
2729 1126 2808 1196 "ab
2840 1132 3184 1196 antecessura
3241 1139 3339 1178 suo
3371 1125 3497 1179 Val-

1910 1195 2104 1256 i-hero;
2141 1211 2240 1250 nec
2285 1193 2566 1263 quisquam
2621 1195 2808 1249 credat
2846 1208 2937 1247 eas
2967 1193 3222 1263 l‘uisseiex
3270 1202 3496 1260 paterno

1909 1263 2196 1326 beneﬁcio,
2227 1262 2346 1318 licet
2389 1262 2488 1318 sibi
2533 1266 2901 1333 provenissent
2939 1279 2968 1316 a
3011 1262 3242 1330 quodam
3270 1263 3500 1320 Odilune

1911 1333 2264 1388 Bisunt‘icensi
2294 1335 2574 1396 canonico,
2611 1334 2701 1401 qui
2724 1349 2844 1388 eum
2870 1333 2967 1385 sibi
3009 1333 3272 1386 literelem
3305 1337 3502 1388 consti-

1910 1404 2041 1466 tuit,
2079 1404 2262 1473 sicque
2289 1403 2464 1458 adhuc
2495 1420 2627 1474 puer
2655 1405 2721 1458 de
2750 1417 2911 1456 manu
2939 1403 3329 1473 archiepiscopi
3377 1421 3499 1474 per-

1910 1477 2070 1528 cepit.

1976 1489 2230 1598 i{lit-Iulium
2280 1543 2345 1597 de
2375 1542 2503 1597 Ailo
2555 1542 2607 1596 in
2669 1542 3064 1600 eadem‘valle.
3100 1557 3220 1596 cum
3267 1544 3496 1613 sylvula,

1909 1614 2082 1668 vineis
2107 1622 2164 1667 et
2198 1614 2448 1668 omnibus
2475 1613 2842 1682 pertinentiis;
2874 1613 3138 1666 ealdarias
3166 1625 3400 1681 quatuor
3432 1617 3500 1667 ad

1908 1684 1986 1736 sal
2021 1683 2409 1737 conﬁciendum
2465 1699 2586 1738 cum
2632 1684 2862 1752 propriis
2908 1682 3304 1753 sedibusaqttge
3337 1685 3497 1753 vulgo

1912 1753 2128 1806 llaucbe
2157 1764 2448 1818 vocantur;
2483 1751 2802 1820 potestatem
2833 1767 2993 1821 quam
3028 1751 3197 1805 tenuit
3233 1751 3500 1821 llerpinns

1911 1838 2005 1892 per
2027 1824 2346 1891 precariam,
2391 1839 2512 1876 cum
2553 1823 2741 1887 servis,
2793 1821 3021 1886 ancillis,
3072 1823 3228 1892 tet-Aris
3256 1824 3414 1876 cultis
3443 1830 3496 1879 el

1909 1889 2123 1947 i-xcultis
2156 1892 2478 1947 :ecclesiam
2519 1894 2569 1945 in
2619 1893 2878 1946 honorem
2920 1892 3088 1944 sancti
3138 1889 3398 1959 Stephani
3429 1895 3498 1948 de

1906 1961 2221 2032 Qhamhlay,
2251 1977 2372 2017 cum
2403 1963 2582 2029 altari,
2625 1963 2870 2026 decimis,
2902 1960 3200 2032 piscatione
3231 1971 3285 2014 et
3311 1964 3490 2019 terris.

1907 2030 2057 2086 llanc
2084 2030 2183 2086 sibi
2224 2041 2378 2102 pater
2407 2033 2523 2099 ejus
2551 2033 2696 2085 dedit
2725 2034 2775 2084 in
2818 2031 3070 2102 prandium
3100 2039 3156 2082 ut
3187 2033 3372 2102 vivens
3400 2033 3497 2087 ba-

1905 2102 2078 2161 beret.
2108 2098 2485 2172 post—mortem
2514 2117 2643 2156 vero
2675 2098 2840 2171 patris
2883 2115 2979 2170 pro
3018 2098 3134 2167 ejus
3173 2101 3352 2156 anima
3398 2117 3495 2160 ec»

1905 2172 2082 2225 clesiae
2125 2173 2472 2226 concederet.

1976 2241 2030 2294 In
2083 2240 2332 2296 Grosoiio
2363 2241 2532 2295 altare
2579 2249 2634 2295 et
2664 2238 2924 2310 qailquid
2971 2239 3120 2295 visus
3175 2250 3257 2296 est
3304 2253 3494 2312 proto-

1904 2323 2108 2381 martyr
2137 2312 2353 2374 liabere,
2387 2312 2438 2364 in
2473 2314 2648 2374 terris,
2701 2315 2893 2382 prati_s_,
2945 2312 3118 2382 servis
3160 2320 3215 2365 et
3248 2315 3488 2382 ancillis,

1904 2377 2152 2435 caldariis
2205 2396 2325 2434 cum
2380 2381 2596 2435 sedibus
2638 2377 2768 2435 suis.
2827 2377 3042 2433 Mansos
3086 2381 3220 2434 duos
3264 2383 3317 2436 in
3367 2387 3416 2436 vi
3443 2377 3491 2439 la

1902 2449 2272 2521 Capey,cutn
2304 2450 2554 2521 omnibus
2587 2448 2938 2521 appendiciis.
2992 2447 3142 2503 Alios
3189 2466 3317 2521 vero
3359 2453 3492 2508 duiis

1903 2519 2067 2588 apud
2096 2520 2286 2589 Vorge,
2335 2535 2456 2574 cu-n
2509 2520 2695 2581 vineis,
2751 2519 2908 2572 terris
2939 2527 2993 2571 et
3035 2519 3284 2589 munibus
3325 2525 3491 2589 perti-

1903 2585 2116 2644 nentiis.
2145 2585 2503 2644 molendinum
2525 2590 2576 2642 in
2602 2590 2753 2650 urbe,
2778 2589 2919 2657 quod
2938 2597 3020 2641 est
3041 2585 3483 2659 Terragnio'lum;

1902 2661 2086 2714 vineas
2115 2661 2314 2715 Odonis
2340 2660 2553 2728 Capey;
2597 2674 2836 2713 mansum
2865 2674 3030 2711 unum
3062 2660 3200 2726 apud
3232 2660 3490 2729 blajodo-

1903 2745 2053 2795 rum;
2102 2731 2456 2798 vineasjuxta
2491 2729 2689 2784 Arcum
2720 2743 2886 2782 novas
2917 2739 2972 2780 et
3003 2737 3250 2798 veteres;
3286 2736 3493 2785 molen-

1902 2799 2087 2869 dinum
2117 2815 2278 2854 unum
2303 2796 2374 2852 ad
2397 2798 2726 2864 Cussiacum,
2757 2813 2878 2852 cum
2907 2796 3065 2851 naulo
3091 2799 3233 2865 quod
3263 2801 3492 2869 exigitur

1902 2866 1946 2922 si
1973 2871 2187 2938 quando
2217 2869 2407 2923 ﬂuvius
2438 2870 2778 2932 intumescit;
2829 2883 3047 2921 mansos
3088 2871 3225 2924 duos
3272 2870 3323 2922 in
3356 2866 3490 2924 Nui-

1901 2948 2021 2993 reto
2046 2947 2101 2992 et
2127 2939 2178 2992 in
2203 2938 2434 2992 Judicio.
2466 2938 2590 2991 Hanc
2617 2947 2671 2991 et
2698 2938 2800 2990 alia
2832 2951 2952 3004 qua:
2983 2938 3217 2991 habebat
3255 2944 3432 2994 eccles
3455 2960 3486 2995 ει

1900 3008 2300 3078 conﬁrmamus,
2342 3018 2395 3078 et
2437 3006 3018 3078 corroboramusiquod
3063 3008 3345 3074 acquirere
3391 3027 3489 3078 pn-

1905 3079 2030 3132 terit
2059 3078 2110 3132 in
2144 3077 2325 3131 futuro
2369 3077 2436 3130 de
2465 3093 2563 3131 suo
2599 3085 2691 3130 aut
2719 3076 2786 3130 de
2815 3077 2952 3141 alio;
2981 3085 3278 3131 statuentes
3305 3088 3360 3132 ut
3390 3076 3488 3135 nec

1828 3138 1872 3199 C
1907 3149 2210 3217 episcopus,
2241 3147 2656 3219 neecujuslibet
2683 3146 2881 3219 oriinis
2910 3138 3168 3219 potestas,
3200 3148 3292 3219 det
3331 3153 3488 3219 quid-

1903 3219 2026 3286 quid
2057 3219 2108 3272 in
2140 3218 2490 3282 benefnium,
2535 3217 2625 3269 sed
2663 3217 2838 3270 omnia
2884 3217 3091 3268 veniant
3136 3218 3206 3268 ad
3254 3217 3484 3274 mensam

1903 3294 2150 3353 fratrum;
2200 3288 2477 3340 laudamus
2506 3296 2560 3341 et
2589 3286 2966 3341 conﬁrmamus
2996 3295 3070 3358 _ttt
3118 3286 3352 3341 habt-ant
3392 3308 3486 3358 po-

1901 3365 2150 3410 testatem
2181 3358 2485 3410 dimittendi
2522 3359 2712 3410 domos
2757 3370 2882 3425 suas
2923 3356 3244 3425 cuicumque
3298 3356 3485 3413 volue-

1900 3431 2007 3481 rint
2047 3428 2150 3481 loci
2191 3428 2475 3490 canonico,
2519 3427 2701 3490 dandi,
2743 3423 3035 3490 vendendi,
3083 3423 3485 3496 commutandi;

1898 3497 1942 3549 si
1990 3513 2119 3550 vero
2149 3496 2313 3552 frater
2341 3498 2625 3550 intestatus
2653 3496 2871 3561 obierit,
2915 3498 3186 3550 communi
3218 3512 3484 3554 eatisensu

1897 3567 2056 3620 detur
2086 3569 2172 3621 cui
2202 3568 2426 3638 fratrum
2477 3583 2616 3634 opus
2644 3565 2823 3638 fuerit.
2871 3563 3050 3638 Quod“
3072 3580 3129 3618 ut
3157 3577 3336 3620 ratum
3368 3585 3486 3638 per.

1897 3645 2113 3691 maneat
2138 3645 2198 3692 et
2222 3633 2451 3696 ﬁrmum,
2498 3633 2852 3705 impressione
2895 3635 3052 3701 sigilli
3103 3638 3272 3689 nostri
3319 3633 3488 3705 jussi-

1897 3721 2014 3774 nius
2044 3705 2302 3774 insigniri.
2335 3705 2390 3758 S.
2439 3703 2642 3758 domini
2687 3703 2901 3757 Henrici
2941 3706 3080 3771 regis
3114 3703 3480 3772 invictissimi.

1896 3773 2353 3842 Tlntutonicornm
2386 3777 2550 3840 tedii,
2587 3775 2951 3827 Romanorum
3004 3776 3344 3842 imperatoris
3374 3779 3484 3832 Au-

1894 3839 2033 3911 gusti
2064 3846 2304 3906 secnndi,
2349 3839 2783 3912 Burgundionum
2823 3843 3012 3912 primi;
3054 3839 3206 3912 llugo
3236 3845 3483 3914 Burgun-

1893 3916 2113 3969 dionmn
2156 3915 2642 3985 archicancellarius
2668 3923 2722 3985 et
2744 3915 3184 3983 archiepiscOpus
3210 3930 3483 3985 recogno-

1896 3986 1990 4038 vit.
2025 3985 2215 4038 Datum
2245 3988 2432 4051 quinto
2460 3985 2582 4039 ldus
2619 3982 2742 4037 Julii
2774 3982 3254 4040 anno'Domiuica:
3304 3982 3483 4043 locar-

1893 4056 2127 4126 nationis
2161 4055 2318 4122 1049,
2354 4056 2642 4109 indicdone
2668 4053 2936 4126 secunda,
2981 4056 3339 4126 ordinationis
3368 4061 3477 4126 ejus

1891 4123 1981 4198 2|.
2032 4127 2243 4198 Domini
2294 4127 2506 4198 llcnrici
2557 4124 3279 4198 tfrtii‘regisinvictissimi
3331 4123 3496 4198 ιϊέςιιΐ

1890 4196 2086 4264 primo.
2129 4196 2322 4250 Actum
2365 4195 2536 4264 Aquis
2565 4194 2729 4251 Grani
2780 4195 3026 4249 leliciter.
3070 4195 3262 4250 Amen.
3399 4194 3416 4198 ⁷
3489 4219 3494 4224 “

1958 4335 2114 4390 Anno
2143 4334 2302 4402 l055,
2352 4337 2419 4391 ab
2455 4334 2679 4404 llugone
2708 4333 3138 4404 archiepiscopo,
3169 4338 3478 4393 veneranda

1887 4416 2196 4460 sanctorum
2243 4403 2814 4476 martyrumFerreoli
2855 4413 2911 4476 et
2958 4403 3196 4476 Ferrucii
3247 4422 3398 4474 ossa,
3453 4429 3484 4467 λ

1894 4478 2222 4531 monasterio
2271 4473 2422 4530 extra
2471 4475 2742 4529 civitatem
2774 4473 3029 4540 positum,
3079 4475 3146 4528 ad
3192 4473 3476 4534 ecclesiam

1892 4547 2358 4615 metropolitanam
2399 4547 2572 4599 sancti
2599 4543 2827 4616 Joannis
2846 4545 3100 4598 translata
3123 4554 3268 4609 sunt,
3301 4550 3476 4616 aliqua

1892 4614 2080 4671 tamen
2092 4631 2278 4685 eorum
2301 4629 2453 4685 parte
2475 4616 2525 4669 in
2545 4614 2770 4671 ecclesia
2801 4615 2930 4670 dicti
2953 4617 3265 4671 monasterii
3293 4614 3480 4674 relicta

1889 4697 1942 4740 et
1965 4687 2014 4739 in
2045 4702 2204 4754 capsa
2227 4684 2437 4754 lapidea
2458 4688 2640 4740 altaris
2668 4685 2887 4753 majoris
2911 4686 3168 4742 decenter
3189 4689 3474 4743 recondita

1888 4766 2032 4820 sunt,
2063 4768 2121 4810 ut
2146 4757 2377 4811 refertur
2395 4755 2449 4810 in
2478 4766 2628 4811 carta
2658 4756 3027 4811 translationis
3057 4757 3140 4812 bis
3167 4760 3364 4814 verbis.

1960 4847 2058 4903 Diu
2081 4848 2275 4922 itaque
2306 4848 2358 4922 in
2404 4857 2549 4922 statu
2593 4865 2692 4922 suo
2734 4851 3063 4922 monasterio
3105 4862 3473 4922 permanente.

1889 4919 2123 4992 peccatis
2168 4919 2454 4992 populihid
2499 4921 2800 4992 agemibus,
2853 4921 2945 4976 Dei
2992 4919 3276 4992 permissu,
3323 4921 3476 4990 cujus

1889 4989 2099 5045 occulta
2130 4998 2255 5043 sunt
2280 4989 2503 5058 judicia,
2535 4989 2796 5046 fastorum
2827 4989 3143 5059 neglig—entia
3191 4993 3476 5058 ingruente

1887 5063 1953 5114 ad
1981 5062 2030 5113 id
2056 5061 2340 5130 evenit,iut
2367 5063 2506 5115 sicut
2529 5061 2703 5116 fuerat
2746 5077 2967 5117 somnne
2997 5061 3269 5130 religionis
3302 5063 3477 5112 domi-

1889 5131 2091 5198 cilium,
2140 5131 2209 5184 ita
2251 5129 2404 5186 ﬁeret
2433 5133 2840 5201 irreligiositatis
2868 5129 3309 5192 contubernium;
3350 5145 3471 5182 nam

1889 5203 2144 5256 laicorum
2187 5203 2240 5255 in
2269 5203 2585 5257 benelicium
2617 5203 2904 5257 voluntatis
2931 5217 2960 5254 a
2990 5201 3220 5269 quodam
3251 5201 3474 5270 praeside

1886 5279 2026 5326 male
2071 5273 2316 5326 consulto
2359 5275 2590 5342 priediis,
2621 5275 2685 5326 ad
2715 5288 2836 5327 eunt
2868 5273 3044 5325 locum
3079 5271 3473 5338 pertinentibus
3533 5275 3536 5278 ’

1889 5343 2118 5406 traditis,
2152 5343 2202 5395 in
2244 5343 2392 5396 brevi
2422 5343 2492 5396 ita
2523 5344 2785 5412 dilapsum
2813 5351 2915 5404 est,
2960 5351 3019 5394 ut
3043 5343 3314 5396 destructa
3340 5356 3472 5394 con-

1887 5421 2216 5481 gregatzone,
2239 5421 2303 5465 aJ
2328 5414 2608 5467 beatorum
2633 5426 2925 5482 martyrum
2951 5413 3247 5476 servitium,
3279 5419 3476 5482 prch

1887 5482 2173 5536 admodum
2229 5498 2428 5552 paucos
2483 5481 2791 5538 sacerdotes
2855 5481 3050 5535 idiotas
3092 5489 3157 5552 et
3213 5481 3473 5552 indociles

1887 5555 2065 5606 nullus
2112 5550 2446 5608 remanserit.
2477 5553 2610 5606 Cum
2657 5566 2786 5618 ergo
2832 5550 3102 5607 communi
3155 5552 3205 5604 in
3259 5551 3473 5607 excidio

1888 5626 2052 5679 totius
2085 5623 2288 5693 patriae,
2319 5632 2375 5677 et
2399 5625 2451 5676 in
2494 5631 2781 5691 propatulo
2812 5623 3162 5693 positlisancli
3207 5633 3471 5692 martyres

170 5692 643 5776 ecvlcsia‘sancti
702 5692 977 5758 'Anatliolii
1033 5705 1282 5776 praefatus
1349 5692 1786 5776 archiepiscopus

1909 5701 2128 5776 acerent
2157 5692 2379 5774 (quippe
2404 5708 2540 5761 quos
2584 5692 2822 5776 latrones
2845 5694 2912 5748 de
2934 5692 3180 5776 "Francia
3227 5694 3473 5776 aduller-

168 5773 475 5828 constituit
522 5774 766 5828 ordinem
798 5763 1328 5832 canonicorumante
1376 5763 1780 5848 episcopatum;

1905 5768 2097 5844 modia:
2143 5763 2437 5833 perniciem
2481 5763 2812 5822 conabantur
2860 5763 3090 5830 auferre,
3141 5768 3468 5838 sempiterna

601 5866 873 5925 Ρηιιυι.
922 5867 1088 5928 LXX

2967 5861 3040 5924 ιι
