3874 6224
441 394 507 455 ῃ
1611 384 1848 440 SANCTl
1891 384 2207 443 EUTRUNI
2248 385 2530 441 ABBATIS
3627 374 3705 440 te

444 508 672 573 quartam
702 501 842 555 inter
886 514 944 553 se
995 498 1311 567 cognatione
1340 504 1415 558 et,
1448 503 1503 545 ut
1530 494 1774 553 dixerim,
1825 510 2016 549 conca-
2044 501 2087 557 Α
2119 511 2183 549 ne
2212 510 2241 547 a
2273 509 2437 561 regno
2462 497 2654 549 Christi
2687 496 3114 565 unumqumllibct
3152 495 3340 554 borum
3375 516 3471 557 nos
3513 502 3701 553 deter-

451 596 742 662 b-uationc,
772 604 1009 647 connexa
1041 598 1183 643 sunt.
1215 586 1289 641 lta
1339 596 1395 639 ut
1423 584 1618 653 prioris
1665 586 2014 640 exuberantia

444 684 781 755 sequentium
807 679 1070 735 efﬁciatur
1097 676 1399 732 exordium.

514 774 649 828 Nam
693 774 759 826 de
802 767 1124 824 abundantia
1165 761 1542 837 gastrimargitu
1586 760 2011 829 fornicationem,

449 864 514 919 de
560 860 909 916 fornicatione
956 857 1365 927 pitilargyriatn,
1397 856 1463 907 de
1507 852 1827 921 pltilargyria
1860 854 2011 917 iram,

446 951 514 1006 de
530 954 605 1006 ira
630 950 911 1009 tristitiam,
936 948 1001 999 de
1022 945 1233 999 tristitia
1262 943 1519 1006 acediam,
1545 955 1763 994 necesse
1783 948 1863 993 est
1903 943 2016 1008 pul-

450 1041 637 1094 luiare.
667 1036 895 1103 Ideoque
920 1032 1077 1086 simili
1102 1038 1284 1085 contra
1313 1029 1429 1083 haec
1453 1027 1609 1082 modo
1639 1035 1797 1095 atque
1823 1028 2011 1081 eadem

447 1128 655 1180 ratione
678 1120 1010 1193 pugnandum
1043 1125 1144 1177 est,
1171 1125 1225 1168 et
1248 1114 1653 1182 praecedentium
1686 1129 1895 1178 semper
1920 1115 2010 1166 ad-

451 1230 632 1268 versus
654 1220 934 1279 sequentes
956 1214 1171 1275 oportet
1200 1220 1297 1259 nos
1322 1205 1453 1257 inire
1477 1212 1767 1258 certamen.
1812 1201 2013 1267 Quant-

450 1303 653 1364 nbrcut,
685 1310 742 1352 ut
771 1297 953 1351 acedia
1005 1296 1269 1357 vincatur,
1301 1293 1598 1361 superanda
1646 1300 1726 1345 est
1766 1291 2006 1353 tristitia;

449 1402 499 1443 ut
535 1390 744 1443 tristitia
773 1386 1128 1458 propcllrttur,
1161 1386 1237 1439 ira
1281 1383 1666 1451 exstinguenda
1696 1389 1808 1446 est;
1838 1390 1894 1434 ut
1920 1397 2009 1434 ex-

445 1486 742 1549 stinguatur
772 1482 784 1532 i
818 1495 866 1532 a.
901 1476 1220 1548 philargyria
1248 1473 1638 1535 conculcanda;
1672 1483 1728 1526 ut
1756 1472 2011 1527 evallatur

448 1572 794 1640 pbilargyria,
827 1568 1109 1621 fornicatio
1137 1564 1525 1635 compescenda
1553 1571 1665 1623 est;
1699 1571 1755 1615 ut
1780 1562 2008 1617 fornica-

446 1662 521 1713 lio
549 1660 855 1719 subruatur,
894 1654 1270 1721 gastriutargia:
1297 1651 1479 1704 vitium
1511 1658 1592 1703 est
1622 1650 2004 1716 castigandum.

453 1749 689 1804 llesidurc
718 1762 842 1801 vero
863 1747 1001 1807 dote,
1028 1744 1075 1794 id
1107 1752 1210 1805 est,
1237 1741 1534 1795 cenodoxia
1560 1749 1613 1794 et
1634 1741 1879 1810 superbia
1907 1741 2006 1795 sibi

448 1841 659 1909 quidem
710 1835 953 1892 similiter
996 1833 1081 1886 illa
1130 1847 1233 1899 qua
1264 1832 1331 1885 de
1374 1831 1735 1897 superioribus
1784 1832 2013 1886 diximus

449 1932 653 1985 ratione
679 1929 991 1996 junguntur,
1027 1924 1097 1977 ita
1132 1932 1192 1977 ut
1222 1923 1605 1978 incrementum
1639 1925 1831 1991 prioris
1864 1935 2015 1980 ortus

448 2020 711 2076 efficiatur
738 2018 972 2072 alterius.
1004 2014 1329 2069 Ceuodoxite
1351 2017 1724 2081 exsuperantia
1754 2017 2015 2085 superbia:

450 2113 684 2166 totttitetn
713 2109 869 2180 parit.
903 2107 1032 2160 Nam
1075 2106 1176 2158 illis
1201 2120 1295 2159 sex
1322 2106 1548 2171 evuisis,
1581 2106 1691 2160 luce
1719 2107 1826 2161 duo
1855 2110 2014 2165 vehe-

446 2204 673 2254 mentius
720 2196 1054 2255 fructificant,
1106 2203 1157 2247 ct
1199 2194 1301 2247 illis
1343 2193 1583 2257 mortuis,
1613 2194 1849 2249 vivacius
1899 2198 2013 2251 ista:

446 2288 708 2357 pullulant
755 2294 808 2341 et
851 2291 1209 2340 succrrscunt.
1248 2281 1395 2337 Unde
1424 2291 1479 2337 et
1505 2283 1718 2339 diverso
1761 2284 1919 2340 modo
1945 2288 2013 2341 ab

448 2379 529 2432 bis
558 2377 765 2431 duobus
795 2376 1188 2443 impugnantur.

516 2469 572 2522 lu
603 2466 1015 2535 unumquodque
1042 2464 1252 2518 illorum
1298 2478 1393 2519 sex
1422 2466 1673 2521 vitiorum
1725 2477 1853 2523 tunc
1880 2468 2013 2525 inci-

446 2567 616 2616 dimus
639 2577 757 2615 cum
781 2577 808 2614 a
832 2560 1248 2629 prater-dentibus
1268 2560 1480 2616 illorttm
1511 2562 1767 2616 fuerimus
1786 2562 1923 2617 elisi.
1956 2560 2011 2614 In

446 2653 527 2705 bis
566 2665 692 2704 vero
722 2650 927 2703 duobus
956 2650 1118 2702 etiam
1163 2651 1393 2705 victores
1428 2660 1549 2719 post
1579 2652 1877 2723 triumphos
1918 2666 2011 2721 pe-

446 2742 754 2797 riclitantur.

507 2835 638 2889 Nam
668 2842 721 2887 ct
751 2833 850 2886 ista
898 2839 1025 2886 octo
1055 2832 1178 2884 vitia
1214 2846 1333 2899 qua:
1374 2831 1911 2886 commemoravimus
1960 2833 2011 2885 in

446 2934 677 2990 quatuor
706 2921 1108 2990 conjugationes
1135 2929 1186 2973 et
1209 2921 1431 2988 copulas
1454 2921 1775 2975 dividuntur.
1808 2921 2014 2977 Castri-

416 3016 643 3111 ὑίικπείτι
677 3026 905 3079 namque
934 3018 985 3064 et
1018 3009 1300 3064 fornicatio
1332 3011 1588 3079 peculiari
1619 3014 1891 3066 consortio
1916 3014 2013 3069 fin-

446 3104 717 3167 derautur,
748 3100 905 3153 simili
956 3098 1117 3153 modo
1148 3099 1467 3169 philargyria
1517 3114 1637 3152 cum
1672 3100 1768 3153 ira.
1822 3099 2009 3155 Tristi-

448 3196 519 3244 tia
560 3203 773 3257 quoque
800 3195 853 3241 et
882 3186 1064 3239 acedia
1093 3186 1280 3239 eadem
1310 3186 1648 3253 coiiulatione
1691 3186 2005 3255 junguntur.

446 3277 755 3333 ticnoduxia
783 3288 994 3343 quoque
1016 3284 1176 3342 atque
1204 3274 1450 3342 superbia
1473 3271 1799 3327 familiariter
1822 3285 1873 3329 et
1897 3279 2006 3344 ipsa

441 3370 544 3427 sibi
576 3368 984 3439 coniunguntur.
1015 3364 1271 3421 Audivieti
1295 3365 1697 3435 copulationes,
1723 3366 1839 3421 audi
1868 3382 2008 3423 nunc

444 3476 640 3529 genera
660 3475 685 3512 η
700 3462 933 3512 itiorutn.

519 3547 908 3614 Gastrimargitc
934 3561 1125 3609 genera
1156 3554 1278 3599 sunt
1304 3546 1425 3598 tria.
1459 3545 1692 3599 Primum
1716 3548 1855 3613 quod
1885 3554 2011 3601 ante

448 3644 633 3694 Ιιυι·.ιιιι
665 3640 976 3693 canonicam
1007 3647 1255 3706 perurget
1295 3635 1648 3689 Christianum
1680 3637 1961 3691 comedere
1990 3655 2003 3689 :

446 3736 500 3783 in
527 3732 626 3784 bac
655 3729 897 3799 peccavit
927 3727 1119 3781 Junath
1138 3744 1210 3791 ιη,
1246 3726 1379 3780 filius
1408 3726 1553 3791 Saul,
1604 3727 1898 3795 irrumpens
1923 3728 2008 3795 jn-

445 3829 740 3875 ratnentum
766 3818 948 3887 patris,
980 3818 1118 3872 unde
1150 3833 1245 3871 nec
1273 3817 1541 3872 victoriam
1566 3818 1756 3871 meruit
1786 3819 2009 3887 populus

446 3914 513 3965 de
543 3911 769 3964 inimicis
798 3909 1019 3971 habere;
1048 3906 1365 3973 secundum,
1394 3922 1459 3961 ex
1481 3908 1840 3975 quarumlibet
1868 3924 2010 3963 esca-

447 4016 564 4054 rum
596 3999 677 4052 vel
710 4008 864 4067 potus
885 3996 1269 4065 superfluitate,
1300 3998 1351 4050 in
1380 4012 1482 4063 qua
1512 3999 1755 4065 peccavit
1783 4000 2008 4067 populus

447 4091 768 4147 Israeliticus
813 4104 931 4141 cum
982 4088 1259 4139 fabricavit
1306 4087 1525 4139 vitulum
1572 4102 1817 4153 aurcutn,
1873 4090 2008 4142 sicut

447 4180 701 4247 scriptum
732 4186 813 4232 est
834 4175 1028 4244 (Exod.
1063 4175 1228 4241 χχιιι)
1257 4176 1438 4229 :Serlit
1460 4177 1676 4246 populus
1697 4178 2005 4231 manducare

444 4279 490 4322 et
525 4270 709 4332 bibere,
741 4276 787 4320 et
818 4277 1147 4320 surrexerunt
1172 4267 1386 4328 ludere;
1418 4269 1651 4333 tertium,
1684 4272 1820 4338 qttod
1852 4286 2005 4323 accu‘

443 4361 669 4413 ratiores
714 4366 769 4411 ct
816 4357 1224 4411 deleatissintos
1276 4357 1424 4410 cibos
1470 4357 1757 4410 desideret.
1805 4358 1858 4410 ln
1909 4360 1939 4410 lt
1979 4375 2009 4413 c

446 4456 798 4517 peccaverunt
830 4447 919 4499 lilii
964 4445 1078 4498 lleli
1111 4446 1201 4512 qui
1234 4447 1517 4498 noluerunt
1549 4461 1763 4498 carnem
1796 4458 2003 4499 coctam

2118 594 2232 639 rcat
2259 592 2312 635 ct
2340 584 2609 637 t'xc'udat.

2190 670 2523 739 l’liilargyrire
2544 686 2735 738 genera
2760 684 2884 727 sunt
2907 676 3005 728 tria
3030 692 3043 729 :
3071 678 3296 745 primum
3316 679 3458 744 quod
3490 694 3701 748 exspu-

2116 762 2229 815 liari
2261 777 2366 813 non
2414 760 2537 813 sinit
2569 761 2838 816 hominem
2890 763 3227 818 facultatibus
3274 766 3583 833 superﬂuis,
3637 768 3699 819 in

2115 853 2217 905 ltoc
2238 857 2589 921 peccaverunt
2611 849 2745 920 (Act.
2768 856 2821 917 v)
2851 853 3081 908 Ananias
3101 862 3157 907 et
3179 854 3435 923 Sappltira
3457 872 3470 917 ;
3494 870 3699 909 secun-

2113 941 2237 993 dum
2263 940 2407 1009 quod
2430 956 2491 995 ea
2514 954 2629 1009 qua!
2654 952 2683 991 a
2713 940 2864 991 nobis
2892 940 3128 1011 dispersa
3158 953 3282 997 sunt
3307 944 3698 1012 indigentibus,

2112 1042 2233 1081 cum
2266 1030 2452 1096 majori
2485 1028 2771 1097 cupiditate
2800 1030 3085 1095 persuadet
3116 1047 3385 1087 resumere
3416 1048 3432 1085 :
3468 1034 3517 1087 in
3550 1034 3701 1087 banc

2112 1114 2323 1182 culpam
2348 1115 2530 1169 incidit
2552 1114 2732 1178 Judas,
2752 1113 2843 1181 qui
2867 1112 3147 1168 Dominum
3180 1118 3445 1184 vendidit;
3473 1120 3695 1174 tertium

2111 1205 2255 1269 quod
2318 1220 2379 1259 ea
2433 1220 2550 1273 qua:
2598 1215 2722 1259 ante
2764 1220 2866 1259 non
2914 1206 3246 1273 possedimus
3300 1210 3552 1265 infrttuite
3592 1212 3691 1265 de-

2110 1291 2331 1347 siderari
2386 1296 2467 1347 vel
2514 1295 2715 1363 acquiri
2764 1292 3148 1363 compellimur.
3194 1294 3250 1347 lu
3306 1297 3405 1350 ltac
3447 1300 3694 1369 p'ccavit

2110 1374 2280 1431 Giezi.

2180 1460 2275 1515 Ira:
2320 1478 2513 1531 genera
2558 1473 2681 1517 sunt
2728 1465 2826 1518 tria
2862 1483 2874 1517 :
2905 1482 3067 1520 unum
3108 1465 3249 1541 quod
3278 1468 3577 1523 exardescit
3606 1470 3691 1523 in-

2111 1554 2371 1610 trinsecus
2392 1566 2443 1609 et
2468 1572 2574 1623 pra:
2614 1558 2973 1623 izidigmtimtc
3006 1577 3109 1613 non
3140 1562 3279 1615 valet
3307 1562 3483 1633 loqui;
3507 1564 3683 1627 aliud,

2107 1644 2249 1712 quod
2278 1646 2326 1698 in
2351 1646 2568 1700 verbum
2591 1657 2642 1700 ct
2673 1660 2806 1714 opus
2835 1646 3189 1718 effectumque
3218 1653 3507 1722 prorumpit
3531 1671 3545 1718 ;
3578 1664 3689 1709 ter-

2109 1735 2262 1797 tium,
2295 1736 2435 1802 quod
2466 1752 2562 1804 per
2589 1737 2701 1791 dies
2726 1746 2780 1791 et
2809 1748 3047 1806 tempora
3082 1753 3402 1797 reservatur.

2047 1812 2090 1871 Β
2187 1825 2435 1881 Tristitia:
2477 1839 2669 1893 genera
2710 1837 2831 1881 sunt
2876 1828 3193 1881 duozunum
3244 1833 3383 1900 quod
3419 1833 3492 1886 ira
3534 1835 3682 1889 desi-

2118 1927 2277 1971 nente
2314 1918 2379 1970 de
2404 1917 2552 1971 illato
2580 1918 2775 1971 damno
2803 1919 2882 1971 vel
2915 1918 3180 1973 desiderio
3204 1923 3492 1991 praepedito
3523 1937 3688 1990 gene-

2117 2015 2296 2067 ratur;
2326 2006 2464 2058 aliud
2493 2007 2632 2073 quod
2658 2006 2725 2059 de
2750 2008 3050 2061 rationabili
3083 2009 3273 2063 mentis
3293 2012 3557 2067 anxietate
3587 2028 3685 2067 seu

2118 2094 2495 2160 desperatione
2525 2094 2818 2149 descendit.

2185 2184 2393 2235 Accdite
2418 2192 2540 2235 sunt
2564 2196 2756 2249 genera
2787 2184 2893 2238 duo
2925 2204 2937 2237 :
2964 2203 3124 2241 unum
3152 2190 3295 2257 quod
3321 2191 3386 2244 ad
3414 2206 3680 2250 summum

2114 2271 2411 2339 prmcipitat
2455 2280 2779 2335 aestuantes;
2826 2275 2967 2328 aliud
3010 2292 3116 2345 quo
3147 2293 3245 2333 nec
3276 2280 3471 2335 bouum
3502 2282 3685 2339 facere

2112 2376 2213 2415 nec
2248 2360 2431 2416 audire
2458 2362 2708 2419 delectat.
2757 2362 2859 2418 Ista
2894 2364 3038 2433 ejieit
3072 2370 3391 2424 monachum
3441 2373 3507 2427 de
3543 2376 3679 2429 cella

2112 2467 2228 2508 sua.

2181 2542 2517 2607 Cenodoxia,
2565 2545 2687 2598 licet
2737 2546 3011 2615 multipicx
3041 2564 3102 2602 ac
3132 2551 3466 2606 multiformis
3498 2563 3577 2609 est
3624 2566 3681 2610 et

2113 2631 2164 2683 in
2194 2632 2430 2685 diwrsas
2455 2635 2659 2700 species
2686 2633 2953 2696 dividitur,
2988 2650 3180 2705 genera
3213 2649 3385 2694 tamen
3409 2644 3521 2710 ejus
3553 2656 3680 2699 sunt

2111 2719 2219 2773 duo
2251 2738 2263 2772 :
2292 2721 2519 2788 primum
2546 2723 2684 2790 quod
2710 2738 2805 2791 pro
2828 2726 3131 2781 carnalibus
3173 2743 3235 2782 ac
3266 2730 3556 2788 manifestis
3582 2752 3679 2789 ex-

2114 2811 2314 2865 tollitur
2356 2813 2540 2876 rebus;
2571 2815 2887 2882 seeundum,
2927 2818 3068 2885 quod
3099 2835 3197 2887 pro
3225 2822 3583 2889 Spiritualibus
3622 2836 3679 2882 et

2112 2901 2338 2954 occultis
2368 2900 2642 2955 desideriis
2663 2916 2809 2955 vante
2838 2903 3005 2959 laudis
3032 2906 3293 2962 inflantur.

2181 2990 2455 3059 Superbiae
2484 3005 2679 3059 genera
2709 3002 2832 3046 sunt
2856 2994 2960 3048 duo
2993 3012 3005 3046 :
3038 2997 3285 3062 primum,
3316 3000 3557 3066 carnale;
3587 3018 3676 3056 sc-

2112 3082 2361 3145 cuudum,
2393 3083 2691 3153 spiritualc,
2720 3086 2865 3151 quod
2892 3085 3051 3137 etiam
3101 3088 3453 3155 perniciosius
3480 3100 3578 3144 est.
3612 3092 3677 3145 ll-

2035 3143 2083 3206 c
2115 3173 2190 3227 los
2220 3189 2443 3241 namque
2486 3174 2764 3241 Specialius
2793 3175 3065 3243 impugnat
3094 3190 3227 3242 quos
3266 3178 3318 3231 in
3364 3178 3677 3247 quibusdam

2113 3263 2391 3316 virtutibus
2420 3264 2709 3332 profecisse
2747 3266 2965 3333 reperit.
3016 3268 3221 3321 Audisti
3249 3280 3441 3335 genera
3468 3279 3521 3324 ct
3547 3286 3677 3325 con-

2108 3351 2436 3418 junctinncm
2459 3361 2614 3420 atque
2635 3354 3127 3409 concatenationem
3149 3394 3162 3416 ,
3190 3356 3309 3411 audi
3334 3374 3470 3411 nunc
3489 3362 3675 3428 quales

2110 3442 2335 3494 babt-ant
2368 3440 2498 3494 filias
2525 3456 2644 3510 quae
2672 3444 2738 3496 de
2768 3443 2844 3496 eis
2873 3452 3180 3497 nascuntur.

2182 3532 2255 3583 De
2278 3531 2641 3598 gastrimargia
2668 3547 2893 3599 namque
2926 3544 3214 3586 nascuntur
3236 3538 3676 3603 comessationes,

2109 3620 2424 3683 ebrietates;
2456 3622 2522 3673 de
2545 3619 2909 3684 fornicatione,
2937 3622 3275 3690 turpiloquia,
3306 3626 3673 3687 scurrilitates,

2111 3710 2309 3763 ludicra
2340 3723 2402 3764 ac
2428 3710 2789 3779 stultiloquia;
2820 3711 2884 3764 de
2916 3711 3232 3780 philargyria
3259 3755 3273 3775 ,
3303 3716 3632 3769 incudm-iuni
3660 3758 3675 3781 ,

2112 3799 2405 3862 fraudatio,
2437 3798 2698 3867 periuria,
2732 3800 2899 3867 turpis
2928 3798 3058 3853 lucri
3090 3796 3377 3868 appetitus.
3412 3800 3539 3855 falsa
3570 3815 3677 3859 tes-

2113 3888 2309 3949 monia,
2339 3889 2611 3951 violentia,
2646 3888 3001 3942 inhumanitas
3041 3904 3104 3942 ac
3135 3893 3430 3958 rapacitas;
3462 3894 3526 3947 de
3558 3895 3631 3947 ira
3659 3934 3673 3954 ,

2114 3978 2417 4040 homicidia,
2439 3978 2641 4031 clamor
2665 3988 2717 4031 et
2747 3978 3073 4045 indignatio;
3105 3980 3168 4034 de
3198 3983 3430 4041 tristitia,
3462 3999 3671 4049 rancur,

2112 4070 2515 4135 pttsillanitnitas
2542 4112 2555 4135 ,
2600 4069 2927 4129 amaritudo,
2980 4071 3315 4137 desiicratio;
3366 4074 3431 4126 de
3470 4074 3673 4139 accdia,

2111 4160 2361 4213 atrocitas
2384 4202 2399 4223 ,
2446 4161 2829 4225 somnolentia,
2887 4161 3257 4225 importunitas
3282 4206 3296 4227 ,
3343 4165 3674 4233 inquietndo,

2111 4250 2435 4316 pervagatio,
2462 4248 2775 4302 instabilitas
2804 4251 2995 4303 mentis
3021 4260 3071 4302 ct
3098 4254 3355 4320 corporis,
3380 4255 3674 4307 verbositas

2111 4347 2163 4386 ct
2187 4336 2497 4400 curiositas;
2528 4336 2594 4389 de
2616 4338 2908 4391 cenodoxia
2929 4379 2943 4400 ,
2977 4342 3379 4401 eontt-ntiou-ts,
3408 4342 3668 4399 latereses.

2110 4425 2364 4488 iactantia
2411 4439 2474 4478 ac
2529 4426 2865 4492 prresumitio
2920 4427 3241 4491 novitatum;
3289 4428 3354 4480 de
3404 4431 3667 4495 superbia,

444 4503 685 4607 Accipere
714 4556 739 4590 η
773 4537 987 4606 papula,
1036 4503 1139 4588 sm]-
1176 4534 1425 4597 cmiam'
1461 4548 1518 4587 ιη
1560 4536 1865 4603 diligentius
1906 4538 2004 4589 sibi
2036 4503 2089 4563 D
2114 4523 2465 4587 coutemptus,
2498 4512 2709 4573 invidia,
2743 4514 3119 4573 inobetlientia,
3155 4516 3494 4581 blasphemia,
3528 4534 3669 4569 titur-

444 4636 802 4694 'trtl‘pal‘al‘t'tll
831 4624 885 4690 (1
924 4623 1045 4692 Reg.
1077 4625 1159 4691 tt).
1193 4622 1267 4676 Ex
1300 4624 1379 4676 bis
1410 4624 1574 4675 tribus
1604 4626 1884 4689 generibus
1922 4624 2005 4676 di—

444 4734 606 4770 versa:
659 4726 711 4768 et
752 4715 990 4782 pessimae
1039 4714 1368 4766 valetudines
1416 4714 1603 4767 anima:
1636 4724 2003 4781 procreantur.

443 4807 571 4859 Nam
599 4807 664 4859 de
697 4807 867 4872 primo
912 4808 987 4857 ira
1022 4806 1091 4857 illi
1124 4806 1210 4873 qui
1260 4820 1450 4872 parare
1480 4806 1655 4859 cibum
1688 4805 1911 4872 debuit,
1940 4806 2005 4857 de

435 4893 671 4947 secundo
701 4893 918 4944 luxuria:
950 4908 1012 4943 ar,
1045 4890 1272 4943 libidinis
1303 4892 1469 4945 aculei
1502 4894 1863 4955 suscitantur;
1896 4902 1999 4945 ter-

443 4984 573 5034 tium
604 4990 780 5033 autem
813 4982 1205 5035 incxtricabiles
1230 4981 1563 5051 pltilargyria:
1595 4982 1811 5051 laqueos
1841 4984 2005 5037 nectit

440 5072 738 5127 cervicibus
766 5072 1117 5138 captivorum.

514 5160 897 5214 Fornicatinnis
927 5175 1116 5225 genera
1152 5163 1245 5213 tria
1278 5171 1434 5214 sunt:
1465 5162 1720 5226 Primum,
1753 5165 2003 5230 cogitatio

444 5262 551 5313 cst,
582 5252 646 5303 de
675 5265 775 5317 qua
827 5251 1077 5303 Dominus
1110 5253 1177 5303 ita
1210 5254 1262 5303 in
1294 5251 1578 5318 Evangelio
1610 5252 1817 5320 (.lIntt/t.
1846 5256 1898 5322 v)
1925 5256 2005 5309 di-

446 5345 551 5395 cit:
580 5337 676 5403 Qui
706 5340 881 5393 ridet-it
908 5342 1160 5394 mulierem
1190 5343 1256 5393 ad
1284 5344 1737 5408 concupiscendam
1777 5363 1887 5399 eam
1907 5386 1920 5409 ,
1951 5357 2006 5402 et

446 5441 672 5496 uetera;
714 5432 1021 5492 secundum,
1053 5433 1191 5499 quod
1241 5449 1334 5500 per
1382 5434 1803 5488 enntntiStionem
1848 5453 2006 5493 sexus

444 5523 717 5589 utriusque
757 5522 1057 5590 perlieilut';
1089 5524 1329 5582 trrtiutn,
1378 5524 1576 5590 absque
1608 5525 1811 5580 feminae
1840 5536 2004 5591 tactu,

442 5612 586 5677 quod
635 5613 915 5679 Apostolus
967 5612 1335 5664 ttttlltlttidilidni
1394 5612 1533 5678 (Cal.
1593 5616 1663 5677 tr)
1717 5627 2002 5682 nuncupat.

440 5700 565 5757 tium
598 5702 690 5754 tria
718 5702 790 5754 sic
817 5715 932 5755 SUft!
967 5718 992 5752 a
1026 5702 1174 5754 nobis
1206 5703 1315 5770 pari
1348 5702 1718 5757 observatione
1748 5705 2003 5765 cavenda,

2109 4608 2339 4661 nturatio
2368 4617 2527 4674 atque
2552 4606 2827 4661 detractio.
2859 4606 2979 4659 ilice
3008 4607 3163 4673 igitur
3202 4618 3318 4661 octa
3362 4609 3484 4662 vitia
3514 4622 3670 4677 sunt,

2110 4713 2229 4751 cum
2252 4698 2522 4751 hominum
2546 4711 2711 4765 genus
2740 4695 3041 4764 impulscut,
3067 4711 3169 4748 nun
3194 4706 3364 4750 tamen
3389 4714 3492 4750 uno
3515 4702 3668 4752 modo

2111 4788 2372 4855 impetuut
2418 4794 2661 4840 cunctos.
2691 4784 2746 4837 In
2794 4784 2899 4837 alio
2929 4798 3151 4850 namque
3194 4785 3409 4852 Spiritus
3438 4787 3663 4841 fornica-

2112 4884 2315 4935 tionum
2365 4882 2539 4936 locum
2588 4880 2794 4933 obtinet
2840 4876 3205 4945 principalem.
3248 4878 3301 4930 In
3330 4879 3435 4930 alio
3481 4894 3666 4947 super-

2111 4974 2312 5041 equitat
2336 4973 2504 5027 furor.
2534 4972 2590 5025 ln
2613 4971 2719 5023 alio
2742 4969 3035 5022 cenodoxia
3062 4968 3291 5021 vindicat
3316 4970 3665 5038 tyrannidem.

2111 5070 2164 5123 lu
2195 5070 2299 5124 alio
2328 5085 2505 5124 arcem
2534 5069 2781 5137 superbia
2817 5078 2975 5121 tenet.
3010 5068 3074 5120 Et
3102 5084 3221 5121 cum
3251 5077 3457 5120 constet
3485 5084 3667 5123 onmes

2109 5163 2175 5215 ab
2204 5162 2451 5216 omnibus
2498 5160 2810 5227 impugnari,
2850 5160 3061 5211 diverso
3088 5167 3262 5210 tamen
3311 5156 3467 5210 modo
3496 5167 3547 5211 ct
3578 5174 3665 5211 or-

2107 5252 2228 5304 dine
2257 5250 2445 5317 singuli
2478 5250 2797 5301 laboramus.

2179 5340 2534 5405 Quamobrem
2559 5340 2627 5391 ita
2652 5339 2802 5391 nobis
2824 5337 3078 5391 adversus
3100 5336 3162 5388 bzv
3182 5350 3212 5389 c
3232 5334 3525 5404 arripienda
3548 5345 3668 5389 sunt

2111 5428 2311 5497 prmlia,
2332 5436 2383 5479 ιιι
2410 5429 2765 5496 unusquisque
2794 5428 2974 5479 vitium
3002 5440 3109 5493 quo
3142 5422 3371 5476 maxime
3400 5422 3669 5477 infestatur

2110 5520 2353 5587 exploret
2379 5528 2434 5570 et
2461 5518 2713 5571 adversus
2743 5518 2871 5569 illud
2904 5516 3121 5581 arripiat
3169 5514 3459 5582 principale
3488 5524 3662 5568 certa-

2113 5625 2251 5663 men.
2278 5607 2446 5661 Unum
2469 5624 2695 5675 namque
2716 5622 2815 5660 nos
2836 5606 3071 5659 ordinem
3098 5606 3395 5669 praeliorum
3418 5620 3666 5661 exercete

2112 5702 2307 5754 debere
2340 5715 2434 5753 nec
2461 5700 2524 5753 de
2553 5707 2733 5753 nostra
2768 5697 2961 5749 virtute
2990 5695 3255 5771 conlidere
3277 5697 3434 5751 etiam
3463 5696 3660 5764 legisla-
