3874 6224
171 417 217 467 Π
1278 404 1605 463 EPISTULA
1654 399 1739 455 DE
1775 398 1955 454 0LTO
1998 396 2211 453 VlTllS.
3293 395 3366 451 14

170 535 229 572 utr
252 517 404 588 (Deut.
429 518 524 584 ru)
556 517 721 574 docet
768 518 853 573 his
901 516 1079 572 verbis
1110 534 1122 570 :
1156 516 1278 572 Non
1328 514 1526 570 timebis
1573 527 1660 566 eos
1680 550 1695 573 ,
1736 516 1772 567 λ
1800 506 2124 577 ascriptione
2153 515 2439 578 ponuntur.
2473 504 2550 560 Ita
2581 504 2723 560 enim
2751 505 2942 561 dicitur
2973 524 2985 559 :
3017 504 3080 560 Et
3121 506 3363 562 delerent

168 610 486 681 qui-Dominus
514 608 660 665 Deus
682 618 799 664 tuus
820 612 876 665 in
900 612 1066 665 medio
1096 611 1167 663 tui
1190 618 1285 672 est,
1310 607 1447 661 Deus
1474 618 1689 675 magnus

167 712 202 755 ri
216 700 436 754 terribilis.
467 698 589 767 Ipse
628 708 900 753 consumet
929 700 1158 754 nationes
1202 698 1297 752 has
1339 698 1392 751 in
1420 700 1689 762 conspectu

169 802 227 841 uo
246 789 467 856 paulatim
513 796 669 855 atque
698 804 793 855 per
814 797 1005 857 partes.
1054 784 1108 840 Ν
1111 804 1176 840 an
1204 786 1393 856 poteris
1412 798 1500 836 eas
1521 780 1689 835 delere

165 880 325 948 pariter,
350 895 409 931 ne
425 880 558 947 forte
589 877 1002 947 multiplicemur
1037 888 1217 933 contra
1243 886 1291 930 te
1320 874 1493 929 bestia
1519 880 1688 939 terra,

163 968 349 1036 dabitque
387 980 470 1019 eos
510 962 775 1020 Dominus
819 964 958 1020 Deus
1005 974 1119 1020 tuus
1168 966 1224 1017 in
1262 968 1531 1028 conspectu
1581 968 1686 1023 tuo,

163 1058 280 1107 tam
302 1054 489 1120 penitus
513 1052 812 1107 deleantur.
842 1053 950 1109 Sed
974 1067 1147 1121 neque
1174 1050 1373 1105 debere
1396 1064 1492 1103 nos
1516 1048 1567 1102 in
1596 1062 1691 1101 eo-

164 1158 253 1197 nun
271 1140 435 1195 extolli
466 1141 697 1197 victoria
730 1143 980 1198 similiter
1009 1140 1184 1207 (Deut.
1215 1141 1328 1209 vin)
1356 1146 1541 1194 monet
1566 1155 1579 1191 :
1606 1136 1691 1191 Ne

164 1242 374 1297 postquam
416 1230 729 1298 consederis,
751 1230 945 1297 inquit,
973 1240 1023 1283 et
1042 1231 1257 1284 satiatus
1284 1230 1463 1300 fueris,
1509 1228 1689 1281 domos

163 1318 349 1385 pulchras
373 1318 713 1388 edi/icastris
742 1328 791 1372 et
820 1318 1127 1372 habitaveris
1151 1320 1205 1371 in
1232 1319 1303 1371 eis
1320 1356 1333 1379 ,
1360 1316 1692 1385 habueritque

163 1418 344 1461 armenta
371 1418 417 1462 et
441 1412 610 1461 ovium
639 1425 859 1479 greges,
902 1410 1099 1479 arqenti
1130 1418 1179 1461 et
1206 1408 1324 1459 auri
1360 1416 1691 1459 cunctamur-

164 1512 231 1561 με
247 1512 389 1547 rerum
407 1498 628 1565 capiant,
651 1497 881 1551 eleuetur
902 1512 990 1550 cor
1009 1504 1171 1562 tuum,
1194 1504 1239 1549 et
1262 1511 1363 1548 non
1394 1493 1692 1547 reminisca-

165 1590 217 1637 ris
236 1584 411 1639 Domini
437 1584 537 1639 Del
584 1588 688 1649 tui,
722 1588 807 1657 qui
837 1586 1013 1640 eduxit
1035 1594 1085 1639 te
1112 1586 1176 1639 de
1208 1596 1343 1639 terra
1363 1582 1604 1654 Αῖςυριὶ,
1630 1581 1694 1635 de

167 1678 280 1731 deus
293 1678 554 1740 serritttlis,
578 1688 637 1732 et
650 1678 838 1734 ductor
862 1690 977 1733 tuus
1002 1680 1176 1751 fuitin
1202 1678 1477 1732 solitudine
1503 1690 1692 1745 magna

168 1778 279 1835 atqu
302 1765 525 1820 terribili.
556 1765 826 1821 Salomon
854 1780 1069 1838 quoque
1097 1766 1149 1819 in
1178 1764 1478 1819 Proverbiis
1505 1761 1688 1825 (Prov.

1792 608 1966 666 gentes
2003 600 2191 652 multas
2235 613 2409 652 coram
2440 606 2503 650 te.
2538 596 2881 651 Numerosior
2913 604 2995 652 est
3035 597 3174 650 enim
3202 612 3359 667 quam

1788 686 1948 742 lsrael
1969 687 2263 743 carnalium
2286 686 2591 754 passionum
2609 685 2855 755 populus,
2874 686 2963 754 qui
2987 686 3051 738 de
3068 685 3170 739 hoc
3188 697 3362 755 septe-

1791 778 1945 832 nario
1991 776 2178 832 fomite
2225 775 2475 831 vitiorum
2517 791 2580 830 ac
2608 776 2790 831 radice
2814 774 3077 846 procedit,
3110 782 3270 843 atque
3297 775 3365 832 de

1789 874 2002 933 octavo,
2028 866 2120 935 qui
2146 866 2323 923 notior
2368 873 2451 921 est
2470 866 2739 932 omnibus,
2769 868 2971 935 regina,
2999 874 3057 919 ut
3077 864 3149 919 ita
3169 864 3361 927 dicam.

1790 967 1953 1025 atque
1996 965 2167 1012 mater
2210 957 2446 1012 omnium
2498 956 2779 1022 vitiorum;
2828 972 2895 1012 ex
2944 956 3024 1011 bis
3068 956 3210 1011 enim
3242 964 3365 1010 octo

1790 1043 2052 1114 pullulant
2074 1054 2235 1115 atque
2264 1051 2558 1101 nascuntur
2587 1044 2668 1099 btn
2696 1045 2842 1109 illius,
2876 1045 2927 1100 id
2956 1052 3057 1107 est,
3090 1058 3361 1098 comessa-

1793 1136 1993 1203 tiones,
2024 1136 2342 1200 ebrietates,
2386 1136 2739 1206 tarpiloquia,
2784 1145 2889 1192 etc.
2923 1177 2938 1201 ,
2986 1134 3230 1204 superius
3276 1134 3365 1187 de-

1792 1223 2004 1291 scripta,
2034 1238 2153 1292 qua:
2180 1239 2604 1278 commemorare
2630 1227 2940 1295 perlongum
2969 1234 3069 1280 est.
3090 1224 3218 1290 Qum
3246 1239 3364 1278 cum
3428 1268 3431 1273 ,

1794 1312 1946 1365 nobis
1976 1312 2111 1365 levia
2130 1310 2457 1379 judicentur,
2482 1312 2607 1381 quid
2640 1313 2926 1381 Apostolus
2957 1314 3023 1367 de
3053 1312 3152 1366 illis
3183 1325 3365 1365 sense-

1792 1397 1863 1452 rit
1891 1396 1980 1469 (11
2008 1398 2129 1451 Cor.
2161 1397 2237 1468 ι),
2267 1399 2351 1453 vel
2382 1414 2542 1469 quam
2572 1414 2733 1469 super
2757 1402 2841 1457 his
2868 1402 3187 1456 sententiam
3224 1400 3368 1455 tule-

1793 1491 1883 1552 rit,
1914 1492 2188 1547 audiamus
2217 1510 2229 1545 :
2256 1489 2436 1565 Neque
2480 1497 2937 1561 murmuraveritis,
2988 1495 3187 1565 inquit,
3237 1498 3367 1550 sicut

1792 1582 1997 1652 quidam
2020 1582 2225 1637 illorum
2247 1596 2706 1649 murmuraoerunt,
2722 1594 2777 1639 et
2803 1588 3074 1654 perierunt
3104 1588 3167 1641 ab
3186 1596 3367 1643 exter-

1794 1672 2077 1727 minatore.
2103 1671 2167 1725 Et
2187 1673 2253 1727 de
2280 1672 2575 1727 tentatione
2601 1692 2614 1727 :
2636 1672 2814 1745 Neque
2835 1682 3077 1729 tentemus
3089 1673 3364 1737 Christum,

1793 1762 1926 1815 sicut
1952 1760 2159 1829 quidam
2190 1779 2365 1817 eorum
2388 1772 2705 1818 tentaverunt
2733 1774 2781 1819 et
2807 1782 2838 1818 a
2867 1766 3183 1834 serpentibus
3211 1767 3369 1836 perie-

167 1855 276 1924 ηπ)
303 1872 315 1906 :
339 1854 396 1909 Si
437 1855 685 1909 ceciderit
721 1857 962 1909 inimicus
1006 1863 1148 1919 titus,
1179 1854 1285 1908 noli
1321 1852 1594 1923 gratulari.
1628 1848 1695 1903 In
1727 1862 1768 1921 Β
1796 1858 1935 1901 ruut.
1984 1849 2057 1901 De
2104 1848 2436 1906 detractione
2469 1868 2483 1903 :
2515 1848 2642 1906 Noli
2688 1854 2901 1923 diligere
2945 1855 3244 1916 detrahere,
3304 1872 3369 1909 ne

168 1945 526 2013 applalalione
560 1954 740 1997 autem
767 1948 882 2015 ejus
910 1943 1016 1997 noli
1043 1944 1240 1998 extolli.
1276 1942 1360 1996 Ne
1389 1942 1558 1995 videat
1587 1939 1697 1994 Do-

169 2036 298 2089 nim
335 2035 437 2104 ejus
479 2041 531 2087 et
558 2043 765 2088 auertat
811 2037 946 2088 iram
980 2051 1127 2089 suam
1171 2034 1234 2086 ab
1277 2046 1373 2093 eo;
1421 2032 1472 2087 id
1500 2038 1600 2094 est,
1629 2045 1698 2086 ne

170 2124 398 2195 dispertias
421 2123 717 2179 elationem
740 2125 921 2179 cordis
944 2124 1040 2190 tui,
1063 2125 1129 2178 ab
1152 2122 1269 2193 ejus
1297 2123 1697 2192 impugnatione

166 2214 383 2279 discedet,
426 2224 479 2270 et
523 2214 797 2284 incipies,
844 2213 1197 2270 derelictums
1240 2214 1309 2269 ab
1355 2228 1457 2280 eo,
1512 2228 1696 2267 rursus

168 2303 217 2358 ab
246 2304 320 2359 illa
357 2318 511 2374 quam
551 2320 655 2375 per
695 2305 791 2361 Dei
817 2306 1044 2376 gratiam
1072 2317 1420 2375 superaveras
1450 2305 1696 2374 passione

168 2393 330 2447 venri.

222 2497 544 2567 Quamobrem
582 2511 770 2558 certos
813 2516 912 2557 nos
940 2516 1059 2558 esse
1101 2501 1385 2565 convenit,
1432 2509 1540 2554 tam
1569 2497 1697 2569 ipsis

170 2604 310 2643 rerum
328 2606 473 2660 qisam
494 2593 796 2647 innumeris
816 2591 1214 2661 Scripturarum
1237 2590 1553 2646 testimoniis
1574 2604 1698 2645 eru-

169 2676 294 2740 ditos.
322 2680 504 2734 nostris
531 2695 635 2735 nos
661 2681 889 2748 viribus,
919 2681 1019 2735 nisi
1042 2681 1209 2737 solius
1236 2678 1331 2734 Dei
1361 2679 1561 2733 auxilio
1590 2676 1695 2732 lul-

170 2767 357 2831 ciatlur,
402 2776 577 2824 tantos
618 2769 808 2824 bostes
849 2780 1107 2839 superare
1154 2784 1261 2823 non
1307 2782 1495 2837 posse.
1526 2777 1579 2820 et
1630 2766 1698 2820 ad

172 2856 303 2924 ipsum
327 2857 554 2925 quotidie
586 2873 857 2913 summam
883 2857 1119 2912 victoria:
1153 2865 1352 2912 nostris
1377 2854 1576 2910 referre
1598 2854 1697 2909 de-

173 2944 285 3000 bere.
313 2944 381 2999 ita
404 2961 561 3014 super
587 2947 699 3002 hoc
725 2961 940 3018 quoque
968 2961 1065 3016 per
1106 2945 1325 3016 Moysen
1373 2943 1546 3015 (Deut.
1577 2943 1655 3014 ix)
1678 2982 1693 3005 ,

176 3031 353 3087 Omine
379 3044 756 3091 commonente
777 3053 791 3089 :
816 3036 901 3091 Ne
925 3036 1069 3089 dicas
1092 3036 1146 3089 in
1167 3038 1319 3089 corde
1342 3042 1449 3101 tuo,
1474 3050 1587 3087 cum
1610 3035 1697 3087 de-

174 3124 307 3177 lrurit
340 3143 421 3180 eas
449 3126 707 3182 Dominus
728 3127 867 3182 Deus
896 3138 1009 3183 tuus
1042 3131 1097 3181 in
1122 3136 1393 3198 conspectu
1424 3139 1507 3181 tuo
1528 3145 1541 3178 :
1566 3128 1697 3182 Pro-

1796 1937 2106 2001 eradiceris;
2136 1937 2348 2007 aliaque
2374 1940 2653 2011 complura
2696 1941 2780 1996 his
2823 1944 3035 1997 similia.
3070 1946 3195 2009 Qua:
3245 1962 3366 2000 cum

1796 2026 1903 2082 sint
1932 2028 2100 2081 multo
2131 2028 2348 2097 majoris
2397 2034 2603 2086 numeri
2648 2047 2806 2101 quam
2841 2034 3097 2099 virtutes,
3143 2035 3368 2092 devictis

1799 2115 1976 2173 tamen
2027 2119 2131 2175 illis
2158 2128 2283 2176 octo
2321 2122 2704 2192 principalibus
2726 2126 2898 2195 vitiis,
2923 2142 2990 2182 ex
3016 2143 3243 2196 quorum
3270 2146 3367 2184 na-

1796 2214 1914 2260 tura
1940 2221 2030 2261 eas
2058 2219 2261 2264 certum
2291 2219 2373 2265 est
2412 2226 2686 2280 emanare,
2717 2229 2905 2270 omnes
2953 2215 3195 2283 protinus
3239 2232 3369 2273 con-

1795 2296 2098 2364 quit-scunt,
2126 2312 2190 2353 ac
2219 2308 2475 2370 perpetua
2506 2303 2708 2372 pariter
2734 2318 2854 2358 cum
2881 2305 2962 2362 eis
2997 2304 3369 2364 internecione

1794 2388 2059 2444 delentur.

1866 2497 2069 2553 Etenim
2099 2509 2354 2569 quantum
2382 2503 2541 2559 docet
2582 2514 2735 2559 vetus
2766 2506 3001 2575 traditio,
3032 2508 3126 2563 bas
3151 2509 3364 2565 easdem

1796 2595 1969 2643 terras
2013 2587 2436 2647 Chananteorum
2466 2594 2517 2647 in
2547 2610 2682 2664 quas
2728 2596 3141 2652 introducuntur
3172 2598 3261 2653 lilii
3293 2598 3367 2657 ls-

1795 2677 1935 2743 rael,
1970 2677 2094 2732 Sem
2127 2677 2219 2733 lilii
2247 2680 2359 2737 Noe
2403 2684 2607 2738 fuerant
2643 2678 2932 2754 quondam,
2967 2687 3019 2741 in
3053 2688 3198 2743 orbis
3228 2687 3365 2743 divi-

1796 2765 1964 2827 sione,
1988 2771 2161 2823 sortiti
2178 2785 2193 2833 ;
2219 2785 2353 2840 quas
2371 2772 2626 2841 deinceps
2644 2788 2740 2841 per
2758 2776 2863 2829 vim
2892 2784 3053 2845 atque
3076 2778 3365 2845 potentiam

1798 2858 2085 2923 posteritas
2126 2860 2292 2916 Cbam
2321 2862 2682 2932 persuasionis
2711 2863 2988 2931 iniquitate
3018 2866 3271 2933 possedit,
3316 2868 3367 2921 in

1796 2959 1904 3014 quo
1932 2957 1987 3003 et
2013 2948 2105 3004 Dei
2135 2949 2394 3020 judicium
2423 2953 2776 3008 rectissimum
2816 2956 3215 3023 comprobatur.
3269 2957 3367 3025 Qui

1797 3042 1853 3087 et
1878 3034 1996 3090 illos
2024 3037 2091 3091 de
2108 3040 2240 3095 locis
2264 3040 2453 3095 alienis
2474 3055 2592 3110 quae
2608 3042 2746 3096 male
2773 3054 3170 3112 occupaverant
3200 3062 3369 3115 expu-

1800 3122 1878 3188 lit,
1910 3137 1964 3180 et
1992 3128 2104 3184 istis
2132 3133 2405 3200 antiquam
2436 3140 2645 3200 patrum
2683 3134 3071 3201 possessionem
3103 3150 3221 3204 qua:
3246 3153 3370 3206 pro-

175 3223 261 3275 pter
281 3218 508 3281 iustitiam
538 3235 713 3272 meam
734 3220 1022 3274 introduxit
1047 3236 1126 3274 me
1146 3219 1414 3281 Dominus,
1440 3228 1494 3271 ut
1518 3228 1706 3273 terram
1732 3214 1774 3272 C
1807 3216 1968 3283 sapia:
1991 3233 2175 3272 eorum
2201 3222 2251 3273 in
2280 3220 2543 3277 divisione
2573 3222 2719 3278 orbis
2742 3221 2913 3277 fuerat
2940 3224 3189 3294 deputata
3220 3230 3372 3283 resti-

174 3314 273 3357 tane
284 3308 592 3373 possiderent,
620 3326 738 3362 cum
757 3321 965 3379 propter
980 3312 1264 3382 impietates
1284 3328 1404 3365 suas
1429 3312 1543 3367 istte
1564 3311 1705 3366 dele-

171 3405 223 3445 te
249 3395 333 3445 sint
357 3398 611 3450 nationes.
660 3395 773 3452 Nec
810 3399 947 3452 enim
991 3407 1198 3469 prapter
1230 3400 1462 3469 justitias
1503 3409 1615 3453 tuas
1656 3410 1705 3453 et

174 3484 380 3549 equitata
421 3489 600 3541 cordis
640 3476 713 3541 tui
758 3492 1064 3560 iugredieris
1118 3500 1174 3543 ut
1218 3492 1484 3561 possideas
1514 3501 1705 3546 terram

176 3584 327 3634 rursm,
351 3575 433 3626 sed
469 3578 601 3643 quia
623 3577 733 3630 illm
758 3588 968 3649 egerunt
1006 3582 1178 3648 impie,
1213 3591 1259 3634 te
1280 3583 1587 3646 introeunte,
1619 3583 1709 3637 de-

179 3660 401 3717 Llasunt.
450 3664 605 3737 Rogo
632 3668 755 3737 quid
785 3671 1012 3732 apertius
1032 3671 1197 3739 potuit
1225 3672 1347 3737 dici,
1371 3671 1448 3724 rel
1474 3671 1709 3725 cautius?

176 3746 271 3802 Cll
302 3762 475 3821 quanta
518 3758 730 3811 cautela
758 3767 957 3828 oportet
985 3776 1076 3813 nos
1105 3761 1247 3814 esse!

226 3859 300 3916 ll:
338 3874 531 3933 septem
601 3876 817 3935 gentes,
867 3884 1092 3937 quarum
1149 3877 1319 3925 terras
1366 3842 1594 3939 eg’essis
1639 3888 1705 3925 ex

178 3946 361 4020 Egypto
385 3955 500 4009 liiiis
519 3954 696 4011 israel
721 3956 969 4011 daturum
996 3973 1055 4013 se
1075 3958 1332 4013 Dominus
1360 3961 1703 4030 repromittit.

176 4035 273 4102 Qum
295 4043 452 4097 omnia
474 4046 776 4099 secundum
806 4046 1141 4117 Apostolum,
1166 4066 1287 4104 cum
1315 4052 1365 4103 in
1392 4052 1555 4118 ligura
1578 4066 1707 4106 con-

176 4130 342 4193 tigerint
388 4134 488 4189 illis
548 4136 621 4189 ad
687 4148 923 4192 nostram
977 4140 1452 4195 commonitionem
1509 4143 1705 4211 scripta

175 4217 313 4283 (Deut.
342 4224 427 4292 vn)
458 4226 726 4282 debemus
759 4230 1023 4298 accipere.

228 4310 289 4366 Ita
307 4316 432 4370 enim
458 4318 659 4372 dicitur
676 4334 688 4372 :
706 4317 829 4371 Cum
848 4320 1191 4374 introduxerit
1230 4332 1279 4375 te
1298 4320 1541 4377 Dominus
1572 4322 1705 4377 Dens

177 4400 216 4451 in
249 4411 412 4457 terram
462 4423 618 4475 quant
663 4424 989 4476 possessurus
1034 4410 1339 4480 ingredieris
1382 4423 1430 4466 et
1470 4413 1708 4467 deiecerit

177 4502 313 4556 gates
334 4496 509 4550 multas
555 4513 730 4549 coram
770 4508 833 4563 te,
863 4498 1163 4560 Det/mum,
1194 4512 1242 4553 et
1275 4502 1623 4571 Gergesteum,
1655 4514 1702 4556 et

175 4582 499 4653 deterrumum,
551 4588 923 4653 Cltantma’um,
964 4603 1012 4643 et
1068 4591 1418 4657 Pherezwum,
1467 4605 1514 4647 et
1550 4595 1704 4648 Jeba-

178 4686 328 4736 stesnt,
349 4685 396 4728 et
421 4674 667 4731 Nemeum
691 4719 706 4742 ,
736 4690 925 4748 septem
954 4692 1128 4751 gentes
1156 4684 1314 4737 multo
1351 4687 1565 4755 majoris
1608 4704 1703 4740 nu-

178 4763 277 4814 meri
306 4779 444 4833 quam
472 4777 523 4818 tu
546 4782 600 4821 es
621 4778 671 4821 et
697 4768 1005 4823 robustiores
1037 4781 1100 4833 te,
1134 4773 1496 4843 tradideritque
1528 4775 1705 4830 Domi-

181 4867 253 4906 sas
277 4852 466 4921 litim,
498 4861 852 4931 percutiesque
890 4878 977 4915 eas
997 4878 1151 4931 usque
1171 4864 1239 4916 ad
1285 4865 1698 4921 internerionem.

233 4941 357 5009 Quod
386 4962 511 5002 vero
557 4951 727 5004 multo
769 4952 987 5019 majoris
1031 4955 1237 5007 numeri
1270 4970 1388 5009 esse
1431 4958 1703 5025 dicuntur,

181 5030 407 5092 huratio
430 5048 541 5108 est,
586 5041 708 5108 quia
741 5042 895 5110 plura
945 5053 1067 5096 sunt
1110 5045 1235 5097 vitia
1266 5060 1425 5112 quam
1456 5049 1699 5101 virtutes.

181 5116 236 5173 ει
268 5123 370 5181 ideo
414 5127 465 5182 in
502 5130 749 5198 catalogo
780 5131 999 5199 quidem
1047 5131 1450 5187 dinumerantur
1498 5144 1704 5203 septem

182 5220 360 5281 gentes;
403 5217 453 5272 in
500 5221 904 5289 expugnatione
950 5236 1077 5277 vero
1128 5238 1310 5279 earum
1338 5226 1455 5282 sine
1498 5228 1703 5283 numeri

1735 4559 1787 4617 D

1810 3306 1927 3359 tuit.
1959 3307 2085 3373 Qua:
2131 3310 2294 3379 ﬁgura
2337 3312 2390 3366 in
2439 3312 2593 3368 nobis
2621 3329 2836 3383 quoque
2865 3325 3027 3381 stare,
3077 3321 3368 3376 certissima

1806 3396 2011 3450 ratione
2038 3401 2396 3465 cognoscitur.
2420 3401 2550 3455 Nam
2575 3403 2819 3458 voluntas
2849 3402 3058 3458 Domini
3082 3409 3369 3474 possessio-

1807 3499 1925 3537 nem
1954 3488 2130 3541 cordis
2161 3490 2324 3543 nostri
2357 3506 2461 3545 nou
2494 3491 2632 3545 vitiis
2654 3532 2667 3555 ,
2694 3493 2785 3546 sed
2815 3494 3094 3549 virtutibus
3120 3498 3375 3551 naturali-

1806 3581 1890 3625 ter
1916 3573 2211 3642 deputavit.
2258 3575 2387 3643 Quas
2418 3587 2537 3646 post
2564 3581 3057 3649 prmvaricationem
3100 3583 3223 3637 Atla:
3247 3623 3260 3646 ,
3296 3585 3374 3638 in-

1805 3664 2192 3719 solescentibus
2222 3666 2385 3733 vitiis,
2412 3666 2466 3721 id
2492 3677 2572 3723 est
2604 3670 2813 3737 populis
2840 3670 3173 3738 Gliananceis,
3199 3688 3226 3726 a
3252 3689 3374 3741 pro-

1808 3754 1919 3820 pria
1942 3755 2158 3823 regione
2178 3756 2430 3826 depulsae,
2455 3773 2576 3813 cum
2600 3759 2649 3813 ei
2667 3774 2871 3812 rursum
2897 3775 2990 3826 per
3010 3759 3102 3815 Dei
3125 3763 3374 3830 gratiam,

1807 3842 2077 3913 diligentia
2100 3855 2283 3901 nestra
2304 3861 2369 3901 ac
2398 3847 2581 3902 labore
2611 3848 2802 3902 iuerint
2830 3851 3107 3911 restituta),
3138 3866 3243 3904 non
3270 3862 3375 3905 tam

1808 3932 2010 3987 alienas
2056 3949 2348 4004 occupasse
2388 3946 2557 3993 terras
2602 3952 2764 4007 quam
2811 3941 3053 4007 proprias
3100 3940 3375 3996 credenda:

1807 4006 1928 4075 sunt
1967 4025 2251 4092 recepisse.

1883 4134 1956 4189 De
1988 4136 2088 4190 hoc
2133 4138 2439 4207 sep'enario
2470 4137 2649 4192 fomite
2680 4139 2928 4194 vitiorum
2959 4138 3210 4194 Salomon
3242 4155 3376 4209 quo-

1809 4238 1914 4291 que
1964 4224 2013 4277 in
2050 4224 2350 4281 Proverbiis
2398 4228 2469 4280 ita
2511 4220 2765 4282 describit
2796 4227 2973 4297 (Prov.
3016 4230 3162 4297 xxvn)
3198 4246 3210 4281 :
3244 4230 3305 4284 Si
3333 4242 3379 4285 te

1810 4316 2061 4383 rogaverit
2110 4318 2345 4371 inimicus
2383 4334 2497 4372 voce
2545 4336 2767 4389 magna.
2811 4336 2911 4372 non
2956 4323 3271 4375 consenseris
3312 4323 3378 4385 ei,

1812 4418 2001 4475 septem
2045 4413 2182 4463 enim
2231 4413 2466 4482 nequitiae
2505 4425 2617 4466 sunt
2647 4416 2698 4465 iu
2737 4416 2907 4465 anima
2937 4417 3081 4483 ejus;
3113 4415 3163 4467 id
3194 4422 3306 4481 est,
3337 4417 3380 4469 si

1814 4501 2178 4569 gastrimargia
2210 4512 2262 4559 te
2291 4506 2601 4574 persuadet,
2632 4513 2687 4556 ut
2715 4506 2921 4558 relaxes
2950 4505 3158 4575 Corpori
3186 4545 3199 4569 ,
3239 4507 3380 4574 quod

1811 4590 2151 4645 continentia:
2180 4592 2493 4647 decreveras
2524 4594 2683 4646 modo
2702 4634 2714 4655 ,
2747 4609 2812 4645 ne
2842 4594 3075 4646 resolvas
3115 4594 3230 4660 ejus
3259 4595 3383 4647 sub‘

1807 4677 2126 4743 jectionem,
2157 4681 2279 4748 quia
2311 4680 2587 4736 confestim
2634 4688 2837 4749 septem
2883 4682 3098 4751 spiritus
3127 4683 3376 4735 vitiorum

1811 4766 2036 4821 aderunt
2070 4770 2161 4823 tibi
2194 4772 2427 4825 acriores
2455 4786 2615 4840 quam
2644 4771 2732 4825 illa
2770 4774 2946 4843 passio
2974 4788 3090 4840 qua:
3142 4773 3373 4839 primor-

1810 4856 1909 4909 diis
1940 4854 2111 4914 fuerat
2139 4874 2410 4930 superata,
2440 4863 2529 4931 qui
2563 4871 2613 4916 te
2643 4879 2764 4915 mox
2791 4862 2853 4915 ad
2881 4863 3145 4915 deteriora
3176 4870 3382 4929 pertra-

1810 4953 1942 5007 ltant
1988 4966 2184 5020 genera
2242 4954 2512 5005 vitiorum.
2579 4951 2919 5021 QuaprOpter
2973 4952 3229 5006 Dominus
3286 4966 3379 5019 per

1810 5041 1989 5094 omnia
2020 5048 2099 5094 est
2148 5042 2539 5109 deprecandus,
2588 5050 2644 5094 ut
2688 5043 2830 5109 quod
2877 5052 3073 5097 nostra:
3102 5043 3235 5095 vires
3269 5055 3375 5093 non

1809 5129 2004 5184 habent
2033 5128 2195 5199 ipsius
2227 5130 2590 5186 misericordia
2618 5141 2917 5187 succurrat.
