3874 6224
456 405 474 455 ι
486 402 519 454 5
1608 374 1846 433 SANCTI
1887 373 2202 432 EliTliOPll
2240 376 2528 432 ADDATIS
3647 372 3716 425 iti

473 524 2896 562 Μ

2897 516 3710 549 ========8

1268 659 1937 775 SANCTI
2014 656 2895 770 Ευτιιοιιιι

1718 840 1980 895 ABBATIS
2012 838 2092 889 ET
2127 840 2408 891 EPISCOPI

533 1148 631 1209 DE
665 1137 1215 1207 DISTRICTIONE
1250 1127 1806 1196 MONACHORUM
1841 1124 1946 1184 ET
1975 1122 2217 1239 REI-[NA
2255 1124 2965 1203 MONASTERIOBUM,
3000 1130 3337 1196 DIRECTA
3365 1130 3641 1195 ΒΟΜᾸΞ.

1574 1271 1756 1336 (Codex
1787 1264 2081 1330 [tegularum
2108 1265 2300 1315 Μετιιηὶ
2326 1268 2543 1333 Drokie.)

527 1459 871 1527 Omnipotens
905 1451 1159 1509 Dominus
1185 1464 1282 1519 pro
1318 1460 1413 1503 sua
1438 1438 1799 1498 misericordia
1838 1437 2027 1491 buma—
2057 1431 2105 1491 Δ
2131 1446 2230 1488 nec
2254 1433 2321 1489 ad
2346 1443 2505 1490 recta:
2540 1436 2662 1490 vitae
2689 1435 2954 1491 tramitem
2981 1434 3339 1506 resipisecndo
3360 1438 3559 1492 reverti
3596 1437 3728 1493 cle-

461 1568 559 1607 nos
593 1526 873 1604 miseratus
901 1556 1113 1600 errores
1145 1555 1242 1611 per
1275 1538 1492 1608 Moysen
1528 1530 1917 1587 sanctissimum
1947 1526 2028 1579 vi-

459 1652 576 1691 rum
608 1636 760 1691 nobis
788 1632 1139 1689 certissimum
1178 1623 1402 1697 praebuit
1426 1621 1830 1677 documentum,
1861 1622 1915 1667 et
1932 1627 2030 1681 pro

457 1724 751 1781 olfensione
776 1736 830 1776 et
856 1721 1007 1789 culpa
1040 1712 1466 1783 delinquentibus
1494 1709 1687 1764 debere
1714 1703 1901 1764 irasci,
1926 1710 1981 1757 et
2000 1717 2031 1757 e

459 1822 649 1872 contra
684 1814 820 1866 bene
851 1816 1141 1875 sancteque
1169 1799 1467 1857 viventibus
1504 1796 1657 1851 mites
1684 1802 1739 1848 et
1774 1791 2032 1860 benignos

461 1921 580 1963 esse
608 1904 736 1960 satis
754 1912 1047 1969 congruum
1096 1904 1152 1951 et
1177 1890 1511 1949 laudabiliter
1537 1884 1825 1943 declaravit
1860 1882 1913 1937 in
1964 1896 2031 1936 eo

460 1994 604 2065 quod
631 2007 728 2064 pro
756 1996 976 2061 peccato
1018 1984 1199 2056 populi
1226 1978 1579 2050 delinquentis
1604 2018 1620 2044 ,
1665 1984 1724 2030 ut
1758 1973 2029 2065 Scriptura

462 2062 676 2154 proprie
702 2079 954 2150 loquitur,
978 2076 1145 2131 iratus
1167 2072 1320 2127 nimis
1348 2069 1572 2133 tabulas,
1592 2081 1725 2136 quas
1750 2080 1779 2118 a
1806 2062 2031 2117 Domino

462 2177 780 2241 acceperat,
824 2170 891 2222 ad
921 2166 1152 2222 radicem
1182 2162 1377 2218 montis
1402 2158 1701 2227 confregit;
1744 2157 1960 2224 insuper
1978 2159 2033 2207 et

461 2262 669 2316 facinus
705 2257 885 2328 populi
919 2252 1273 2321 delinquentis
1318 2249 1620 2304 Levitarum
1654 2244 1829 2314 gladio
1857 2241 2030 2297 vindi-

464 2351 624 2408 cavit.
673 2348 854 2402 Mitem
882 2354 1059 2400 autem
1100 2352 1153 2397 et
1182 2340 1465 2410 benignum
1514 2338 1567 2391 in
1596 2337 1699 2391 hoc
1720 2348 1840 2389 eum
1870 2331 2032 2387 fuisse

465 2459 575 2501 non
596 2442 811 2498 dubium
828 2448 929 2503 est,
952 2437 1095 2506 quia,
1116 2450 1212 2505 pro
1236 2433 1313 2488 eis
1330 2431 1523 2502 saepius
1544 2428 1823 2483 Dominum
1842 2423 2033 2493 depre-

463 2532 672 2602 cando,
720 2533 852 2587 iram
901 2530 993 2585 Dei
1024 2542 1183 2597 super
1209 2540 1303 2581 eos
1327 2524 1628 2579 venientem
1658 2517 1850 2573 avertit
1874 2533 1889 2582 ;
1918 2522 1973 2569 et
2000 2529 2031 2567 a

462 2627 654 2697 quibus
681 2621 969 2691 aliquando
997 2618 1219 2688 lapidari
1258 2616 1449 2687 potuit,
1481 2628 1577 2682 pro
1606 2613 1681 2665 eis
1704 2614 1805 2663 ’em
1846 2605 2030 2660 Domi—

461 2733 586 2773 num
612 2713 886 2784 deprecari
910 2726 1013 2765 non
1044 2708 1267 2763 destitit.
1298 2703 1412 2759 Hoc
1441 2703 1507 2757 ad
1535 2714 1768 2771 prtesens
1794 2698 1861 2753 de
1888 2698 2029 2751 mul-

2130 1523 2303 1591 gerint
2325 1565 2340 1589 ,
2372 1525 2497 1579 alibi
2526 1524 2802 1594 prmcipit:
2831 1525 3051 1596 Increpa
3075 1544 3161 1582 eos
3199 1528 3325 1581 dare
3352 1526 3479 1597 (Tit.
3509 1543 3549 1594 ι,
3597 1526 3727 1597 15).

2131 1612 2193 1668 Et
2220 1615 2410 1669 iterum
2437 1634 2448 1667 :
2482 1615 2606 1669 Cum
2645 1616 2937 1686 hujusmodi
2974 1636 3063 1672 nec
3084 1620 3251 1674 cibum
3278 1637 3473 1676 sumere
3497 1618 3554 1691 (I
3585 1619 3727 1677 Cor.

2132 1720 2186 1771 v,
2226 1704 2335 1775 ii).
2366 1705 2586 1774 Propter
2613 1706 2717 1760 huc
2743 1705 2904 1760 etiam
2935 1705 3171 1775 loquitur
3194 1708 3377 1764 dicens
3406 1728 3420 1764 :
3456 1709 3729 1764 Inimicus

2130 1794 2268 1849 vobis
2307 1797 2472 1867 {actus
2522 1812 2633 1849 sum
2680 1812 2849 1850 verum
2899 1796 3073 1849 dicens
3119 1796 3257 1849 vobis
3302 1796 3441 1864 (Cal.
3486 1816 3561 1863 tv,
3599 1798 3726 1869 16).

2133 1883 2285 1941 Unde
2305 1894 2360 1940 et
2386 1887 2655 1941 saecularis
2683 1894 2841 1957 poeta
2867 1902 2879 1935 :
2914 1883 3244 1955 Obsequium,
3266 1884 3458 1955 inquit,
3487 1894 3726 1953 anticus,

2130 1977 2315 2029 veritas
2344 1976 2516 2030 odium
2551 1978 2723 2047 parit;
2767 1988 2949 2029 amara
2994 1985 3075 2029 est
3104 1974 3246 2028 enim
3268 1975 3485 2040 veritas,
3514 1982 3570 2029 et
3621 1976 3728 2045 qui

2129 2076 2248 2117 eam
2270 2063 2513 2132 diligunt,
2537 2065 2809 2135 replentur
2831 2062 3204 2123 amaritudine.
3228 2062 3355 2118 Ideo
3369 2073 3424 2119 et
3448 2062 3729 2120 Jeremias

2130 2152 2258 2207 dicit
2287 2170 2297 2203 :
2329 2152 2485 2206 Solus
2511 2154 2769 2217 sedebam,
2799 2156 2917 2223 quia
2954 2153 3299 2207 amaritudine
3313 2154 3530 2225 repletus
3566 2170 3726 2208 erant

2132 2243 2341 2309 (Jerem.
2378 2259 2467 2309 xv,
2508 2243 2620 2312 17).
2675 2242 2742 2297 Et
2787 2257 2905 2312 quas
2950 2250 3031 2299 est
3072 2244 3181 2312 ipsa
3211 2244 3551 2310 amaritudo,
3611 2245 3728 2300 nisi

2130 2334 2268 2388 mala
2295 2344 2349 2388 et
2368 2349 2474 2388 non
2492 2343 2636 2388 recta
2659 2334 3010 2403 quorumdam
3030 2333 3300 2387 hominum
3330 2348 3587 2390 conversa
3598 2334 3683 2389 tio
3700 2335 3727 2387 ’ὲ

2130 2424 2266 2491 Quid
2297 2439 2438 2480 nunc
2481 2425 2705 2494 agimus,
2753 2424 3083 2479 sanctissime
3125 2424 3228 2493 vir,
3270 2425 3610 2480 tacebimus?
3664 2435 3726 2480 et

2131 2513 2461 2568 dissolutioni
2484 2515 2897 2576 consentiemus,
2923 2522 2981 2568 ut
3007 2523 3061 2568 et
3089 2517 3349 2569 mansueti
3370 2524 3425 2570 et
3454 2516 3600 2571 mitis
3620 2532 3724 2570 vn-

2129 2602 2377 2657 cabulum
2399 2605 2736 2672 acquiramus
2760 2604 2781 2656 ?
2809 2602 2871 2654 Et
2894 2602 3019 2670 quid
3058 2603 3213 2657 nobis
3242 2603 3343 2657 hoc
3373 2611 3498 2658 aute
3536 2604 3723 2660 Deum

2129 2692 2387 2763 proderit,
2418 2694 2629 2763 quando
2659 2707 2756 2761 pro
2785 2701 2970 2747 nostro
2995 2693 3206 2748 silentio
3235 2694 3407 2748 anima
3431 2697 3723 2764 pereuntis

460 2808 530 2862 tis
566 2805 631 2861 de
655 2802 832 2858 Veteri
866 2798 1210 2855 Testamento
1261 2793 1490 2851 sufﬁciat
1540 2788 1872 2845 testimoniis.
1922 2785 2029 2841 Sed
2064 2796 2107 2855 Β
2132 2785 2199 2840 de
2222 2793 2402 2839 nostra
2431 2784 2623 2838 dicitur
2642 2800 2799 2839 manu
2828 2785 3063 2855 perquiri
3086 2788 3109 2839 ἲ
3132 2785 3187 2840 Si
3214 2795 3391 2841 autem
3417 2802 3447 2841 a
3470 2788 3581 2844 Deo
3605 2804 3686 2843 uo
3704 2820 3720 2832 -

462 2897 515 2968 ip
546 2912 577 2952 e
604 2894 858 2951 Dominus
898 2892 951 2945 in
982 2887 1265 2955 Evangelio
1295 2885 1372 2940 sic
1398 2883 1562 2938 dicit:
1596 2880 1777 2935 Omnis
1817 2879 1901 2968 qui
1928 2879 2034 2932 ira-

460 2966 620 3038 scitur
649 2982 798 3053 {ratri
820 2996 910 3034 suo
938 2994 1053 3032 reus
1076 2978 1169 3030 erit
1175 2974 1373 3045 judicio
1396 2970 1608 3043 (Matth.
1633 2985 1683 3035 ν,
1706 2968 1819 3037 ‘22).
1848 2966 1912 3021 Et
1932 2967 2035 3023 hoc

458 3072 690 3143 qualiter
710 3070 1032 3137 intelligatur
1061 3066 1295 3120 adverte.
1321 3061 1414 3117 ille
1441 3062 1497 3116 in
1524 3072 1624 3115 nnc
1652 3060 1794 3114 dicto
1823 3066 2035 3113 tenetur

459 3162 745 3227 obnoxius,
789 3158 878 3227 qui
906 3172 1009 3211 non
1037 3155 1187 3219 vitio,
1220 3151 1361 3223 quod
1387 3161 1469 3204 est
1495 3149 1547 3203 in
1576 3148 1791 3203 homine
1811 3146 2031 3211 malum,

458 3254 553 3309 sed
580 3259 781 3305 natura:
810 3247 970 3319 ipsius
992 3246 1257 3307 humanas,
1280 3255 1436 3309 quam
1467 3239 1604 3293 Deus
1632 3237 1815 3308 utique
1837 3237 2031 3291 boiiam

458 3340 713 3406 condidit,
745 3340 833 3393 ira:
860 3336 1092 3391 voluerit
1127 3344 1430 3402 pra-rogare
1456 3327 1746 3381 stimulum.
1777 3325 2032 3393 Propter-

458 3448 520 3489 ea
546 3440 600 3488 et
622 3430 932 3502 quibusdam
964 3427 1102 3480 male
1134 3420 1587 3483 conversantibus,
1628 3425 1683 3472 et
1710 3432 1741 3471 a
1769 3432 1827 3472 se
1847 3417 2030 3471 durius

461 3522 749 3593 increpatis
802 3518 1083 3587 Apostolus
1112 3516 1239 3569 dicit
1268 3532 1281 3566 :
1318 3512 1384 3567 Ut
1434 3513 1597 3566 malus
1626 3526 1785 3564 essem
1830 3527 1917 3564 vos
1942 3525 2031 3563 co-

457 3611 632 3681 egistis
662 3608 747 3677 (II
776 3608 894 3664 Cor.
926 3610 1043 3677 xtl).
1075 3603 1138 3658 Et
1174 3603 1239 3658 de
1265 3601 1586 3657 abscissione
1613 3614 1676 3654 ac
1696 3598 2033 3667 separatione

454 3712 642 3755 eorum
672 3700 760 3767 qui
790 3698 1050 3767 pasnitere
1080 3695 1263 3749 nolunt
1294 3694 1391 3747 ista
1419 3692 1681 3761 loquitur:
1716 3689 1927 3744 Utinam
1942 3705 2033 3742 ea:-

458 3790 698 3845 cidantur
724 3790 806 3859 qui
832 3804 915 3843 vos
958 3784 1265 3840 conturbant
1296 3782 1439 3852 (Gal.
1468 3798 1519 3849 ν,
1552 3780 1639 3851 12)
1668 3782 1680 3832 ε
1728 3779 1804 3834 De
1841 3778 2033 3848 quibus

454 3887 512 3933 et
542 3877 792 3931 Dominus
836 3876 887 3930 in
934 3874 1238 3942 Evangelia,
1269 3878 1329 3925 ttt
1372 3872 1488 3926 aliis
1517 3871 1690 3925 verbis
1736 3872 1957 3938 loquar;
1986 3869 2029 3922 si

456 3968 648 4036 saepius
697 3973 872 4019 autem
917 3964 1214 4018 admonitu.
1242 3962 1402 4015 f.atcr
1422 3960 1611 4027 corrigi
1658 3960 1923 4023 noluerit,
1965 3960 2033 4011 sit

458 4056 547 4109 tibi
573 4056 702 4108 sicut
725 4056 949 4109 ethnicus
967 4064 1012 4106 et
1022 4050 1408 4123 publicanus(M
1417 4051 1707 4116 atth.xvttt,
1739 4048 1847 4117 1⁸7).
1880 4048 2030 4113 Quod

2132 2876 2214 2931 bis
2239 2876 2497 2931 creditum
2540 2889 2755 2945 gregem
2800 2885 2856 2931 et
2904 2877 3236 2933 exhortando
3275 2888 3330 2933 et
3380 2881 3721 2950 increpando

2131 2968 2324 3036 stepius
2351 2982 2382 3021 a
2408 2966 2600 3021 diaboli
2624 2966 2822 3036 laqueis
2842 2976 2898 3023 et
2926 2982 3177 3037 perverso
3196 2969 3521 3026 voluerimus
3542 2986 3722 3041 opere

2132 3073 2408 3127 revocare,
2436 3059 2665 3115 immites
2694 3068 2749 3114 et
2776 3060 2951 3129 asperi
2991 3060 3276 3116 multorum
3318 3078 3414 3118 ore
3439 3062 3717 3124 dicemur.

2131 3146 2237 3202 Sed
2265 3148 2507 3217 quamvis
2554 3148 2657 3203 hoc
2682 3163 2713 3201 a
2753 3148 2953 3213 multis,
2984 3149 3077 3219 qui
3123 3149 3297 3205 locum
3325 3150 3487 3207 oflicii
3532 3157 3718 3211 nostri

2131 3251 2239 3291 non
2269 3237 2590 3305 intelligunt,
2618 3251 2759 3307 saepe
2786 3237 3011 3303 dicatur,
3036 3240 3263 3294 tenenda
3292 3249 3374 3295 est
3402 3250 3583 3298 tamen
3603 3244 3720 3300 dis-

2130 3328 2322 3395 cretio,
2352 3335 2407 3381 et
2430 3336 2628 3381 sancta:
2655 3327 2847 3395 regula:
2875 3327 3156 3391 institutio,
3189 3339 3247 3384 ut
3274 3346 3391 3401 qua:
3412 3342 3590 3402 patres
3619 3336 3717 3391 in-

2130 3422 2419 3476 stituerunt
2438 3419 2597 3473 etiam
2612 3433 2947 3473 successores
2967 3427 3021 3474 et
3046 3418 3137 3474 ﬁlii
3165 3420 3369 3490 integra
3393 3424 3717 3497 illibataque

2131 3508 2433 3565 custodiant
2452 3518 2502 3560 et
2519 3507 2821 3561 observent.
2846 3506 2976 3560 Nam
3003 3508 3047 3561 si
3070 3508 3122 3561 in
3140 3508 3362 3578 aliquoa
3392 3522 3714 3571 sanctorum

2133 3596 2347 3651 Patrum
2378 3596 2707 3650 institutione
2745 3602 2797 3649 et
2827 3596 3039 3650 tramite
3066 3598 3382 3653 deviandum
3407 3642 3421 3666 ,
3471 3616 3573 3657 nec
3603 3620 3716 3673 pro

2131 3686 2299 3753 culpa:
2342 3699 2450 3739 suae.
2478 3683 2595 3753 quis
2638 3684 2892 3751 qualitate
2918 3692 2973 3737 et
3011 3699 3173 3752 opere
3201 3686 3553 3758 iucrepandus
3580 3702 3669 3747 est
3696 3712 3713 3761 ;

2130 3776 2271 3845 quis,
2314 3788 2515 3842 quaeso,
2548 3773 2808 3827 malorum
2848 3773 2948 3827 hoc
2976 3773 3143 3841 audit,
3168 3775 3258 3844 qui
3329 3791 3479 3842 nunc,
3508 3780 3711 3837 saltem

2133 3873 2350 3935 propter
2371 3863 2629 3933 supplicia
2660 3871 2975 3927 terreantur,
3007 3866 3095 3932 qui
3126 3880 3231 3919 non
3255 3878 3585 3938 quascunque
3604 3887 3710 3928 vo.

2129 3957 2283 4011 luerit
2312 3964 2451 4023 agat.
2487 3961 2540 4007 et
2560 3968 2790 4023 prmeeps
2812 3953 3009 4008 feratur
3036 3954 3101 4008 ad
3130 3956 3253 4025 vitia
3278 3958 3299 4009 ?
3327 3954 3392 4011 Et
3418 3969 3714 4030 propterea

2131 4048 2322 4102 divinae
2348 4046 2598 4113 potentia:
2624 4044 2756 4099 ordo
2782 4051 2837 4099 et
2855 4042 3132 4100 ineli‘abilis
3154 4046 3432 4115 dispositio
3458 4052 3714 4123 ρι-ωοξρὶι

456 4147 501 4201 si
532 4154 731 4212 tacere,
758 4146 811 4201 et
839 4144 1234 4213 delinquentem
1262 4141 1426 4211 (quod
1454 4141 1597 4195 dictu
1621 4154 1833 4209 quoque
1880 4138 2027 4191 nefas
2057 4142 2100 4203 ς,
2133 4145 2190 4189 ut
2226 4137 2293 4190 sit
2338 4135 2386 4189 in
2418 4134 2613 4190 saeculo
2637 4133 2898 4203 princeps,
2932 4134 2983 4187 in
3015 4132 3246 4189 Ecclesia
3276 4144 3456 4204 pastor
3475 4146 3529 4193 et
3566 4155 3713 4209 pon-

459 4237 563 4304 est)
606 4251 698 4307 pro
728 4236 894 4307 culpa:
941 4234 1158 4289 modulo
1200 4248 1305 4287 non
1354 4231 1607 4287 debemus
1634 4242 1891 4297 arguere,
1931 4243 2028 4283 cur

460 4342 637 4397 quanio
675 4328 825 4381 nobis
851 4341 946 4396 per
985 4325 1172 4380 Isaiam
1219 4324 1468 4377 Dominus
1512 4320 1752 4390 praecipit
1801 4319 2025 4375 dicens:

462 4418 659 4479 Clama,
683 4434 745 4471 ne
771 4422 957 4485 cesses,
987 4419 1131 4486 quasi
1156 4416 1273 4469 tuba
1295 4415 1467 4469 exaltu
1491 4429 1659 4466 vocem
1687 4420 1841 4475 tum,
1865 4421 1913 4466 et
1934 4429 2031 4465 an-

462 4509 641 4562 nuntio
660 4513 846 4577 populo
859 4524 969 4561 meo
989 4508 1179 4561 scelera
1204 4521 1398 4571 eorum,
1420 4511 1467 4556 et
1488 4503 1607 4573 ﬁliis
1642 4500 1806 4557 Israel
1824 4511 2030 4571 peccata

463 4614 633 4651 eorum
662 4596 813 4668 (Isai.
846 4613 990 4662 Lvttt,
1018 4596 1040 4649 1
1077 4615 1092 4662 ;
1121 4604 1175 4651 et
1204 4594 1331 4650 illud
1355 4593 1643 4649 Ezechielis
1669 4610 1681 4645 :
1715 4592 1775 4647 Si
1799 4608 1900 4645 non
1933 4607 2027 4645 an-

463 4691 770 4743 nuntiaveris
790 4690 947 4758 impio
975 4698 1028 4741 ut
1056 4688 1119 4741 ab
1147 4688 1413 4756 iniquitate
1442 4702 1532 4739 sua
1562 4692 1910 4748 convertatur,
1940 4681 2027 4734 ille

460 4780 659 4848 quidem
680 4782 863 4849 impius
884 4782 937 4833 in
958 4780 1220 4849 iniquitate
1246 4794 1338 4829 sua
1366 4815 1379 4838 ,
1411 4792 1560 4840 quam
1586 4784 1821 4844 aperatus
1849 4783 1944 4836 est,
1976 4773 2028 4825 in

460 4874 573 4940 ipsa
621 4874 905 4934 morietur;
947 4870 1244 4939 sanguinem
1276 4878 1439 4920 autem
1472 4868 1607 4920 illius
1636 4867 1699 4918 de
1740 4882 1893 4918 manu
1943 4875 2030 4917 tua

460 4963 716 5029 requiram
742 4960 954 5029 (Ezech.
987 4975 1146 5024 xxxv,
1174 4959 1249 5027 8).
1280 4957 1373 5011 Cui
1402 4959 1675 5011 sentenlim
1705 4972 1802 5009 nos
1830 4955 2029 5009 dictum

463 5052 591 5107 illud
628 5051 865 5107 doctoris
908 5052 1103 5120 egregii
1143 5049 1529 5117 subjungimus.
1568 5046 1629 5100 Et
1657 5047 1781 5115 quid
1813 5046 2029 5115 prodest

464 5157 568 5193 non
598 5142 768 5208 puniri
810 5154 907 5193 suo
930 5180 945 5204 ,
995 5138 1083 5206 qui
1111 5136 1406 5206 puniendus
1437 5142 1517 5189 est
1555 5134 1728 5187 alieno
1752 5140 1976 5202 peccato
2006 5132 2029 5185 i

466 5228 529 5280 ad
574 5227 904 5282 Timotheum
953 5237 1127 5281 autem
1175 5226 1370 5279 Paulus
1416 5224 1687 5293 apostolus
1737 5232 1921 5287 aperte
1950 5222 2029 5275 lo-

464 5318 657 5384 quitur,
688 5316 865 5371 dicens
897 5336 908 5369 :
956 5318 1140 5384 Argue,
1166 5317 1392 5378 obsecra,
1421 5317 1646 5379 increpa,
1668 5315 1720 5366 in
1766 5314 1904 5366 omni
1934 5328 2029 5381 pa-

465 5406 642 5459 tientia
668 5416 715 5458 et
738 5406 969 5459 doctrina
999 5404 1082 5474 (Il
1109 5405 1240 5458 Tim.
1270 5420 1343 5470 tv,
1364 5404 1420 5470 Ξ)
1449 5424 1463 5469 ;
1508 5404 1598 5457 sed
1620 5420 1713 5457 eos
1740 5404 1827 5471 qui
1858 5404 2023 5457 semel

2136 4228 2261 4281 tifex
2290 4224 2623 4291 praeﬁciatur,
2655 4233 2709 4278 et
2754 4225 2806 4277 in
2838 4225 3173 4279 monasteriis
3197 4233 3365 4295 pater,
3396 4237 3454 4282 ut
3494 4229 3712 4287 uelario

2130 4318 2279 4385 operi
2301 4326 2355 4371 et
2376 4316 2583 4370 actibus
2604 4315 2843 4369 scelestis
2863 4322 2915 4367 et
2938 4315 3111 4383 impiis
3132 4315 3412 4380 obsistere,
3434 4326 3489 4373 et
3510 4314 3712 4377 contra

2130 4406 2344 4459 humani
2370 4405 2580 4473 generis
2600 4418 2778 4458 mores
2799 4412 3161 4472 perpetratum
3190 4404 3394 4461 facinus
3412 4408 3712 4466 districtio-

2112 4492 2747 4560 uisetseveritatispossit
2778 4492 2952 4560 gladio
2982 4493 3266 4548 vindicare.
3311 4495 3542 4552 Sanctus
3591 4498 3704 4554 Au-

2116 4590 2370 4652 gustinus
2392 4589 2690 4651 praeclarus,
2723 4591 2781 4637 ut
2801 4584 3000 4652 optime
3025 4585 3185 4647 nosti,
3216 4583 3468 4641 Ecclesiae
3486 4587 3711 4659 doctor,

2129 4691 2246 4743 qua:
2273 4674 2327 4727 in
2349 4682 2539 4727 octavo
2569 4671 2809 4727 Civitatis
2840 4673 2929 4726 Dei
2952 4672 3089 4728 libro
3117 4672 3245 4728 dicit
3269 4674 3507 4731 adverte.
3536 4677 3709 4734 Deni—

2129 4778 2233 4832 que
2262 4764 2313 4815 in
2341 4761 2614 4829 disciplina
2638 4769 2820 4815 nostra
2843 4774 2948 4814 non
2971 4769 3078 4813 tam
3106 4762 3359 4828 quaeritur
3387 4774 3561 4819 utrum
3579 4767 3709 4837 pius

2129 4854 2337 4906 animus
2366 4852 2639 4915 irascatur,
2672 4865 2769 4905 nec
2796 4859 2970 4904 utrum
2996 4851 3066 4905 sit
3095 4852 3257 4906 tristis
3280 4892 3297 4920 ,
3326 4853 3420 4907 sed
3464 4855 3605 4911 unde
3630 4858 3706 4913 sit

2130 4944 2336 5007 tristis;
2370 4958 2467 4997 nec
2514 4952 2687 4995 utrum
2718 4942 2919 4995 timeat.
2959 4941 3052 4995 sed
3100 4942 3225 5009 quid
3273 4943 3476 4998 timeat.
3532 4944 3701 5002 Irasci

2129 5036 2268 5089 enim
2297 5034 2620 5103 delinquenti
2672 5040 2730 5087 ut
2760 5032 3076 5099 corrigatur,
3122 5036 3420 5090 contristari
3464 5052 3563 5105 pro
3618 5040 3703 5093 af-

2128 5125 2272 5179 ﬂicto
2296 5135 2353 5179 ut
2375 5124 2651 5188 liberetur,
2684 5124 2872 5176 timere
2916 5122 3231 5191 periclitanti
3258 5139 3324 5178 ne
3368 5134 3569 5193 pereat,
3596 5142 3699 5181 nc-

2126 5218 2239 5273 scio
2261 5226 2434 5271 utrum
2466 5216 2741 5283 quisquam
2781 5228 2909 5266 sana
2937 5214 3361 5271 consideratione
3405 5218 3701 5287 reprehen—

2125 5308 2253 5362 dere
2297 5304 2511 5359 audeat.
2545 5302 2787 5356 Facultas
2815 5312 2993 5357 autem
3023 5304 3173 5359 istius
3199 5305 3376 5359 saeculi
3403 5320 3564 5373 quam
3596 5323 3700 5361 no-

2124 5400 2205 5455 bis
2234 5397 2489 5451 Dominus
2534 5407 2630 5461 pro
2673 5394 2988 5449 necessitate
3015 5401 3070 5448 et
3108 5396 3495 5450 sustentatione
3544 5398 3701 5454 istius

463 5505 516 5548 et
543 5495 731 5550 iterum
762 5494 1015 5549 admoniti
1043 5494 1245 5549 facinus
1274 5509 1425 5546 suum
1459 5493 1760 5559 rmnitendo
1798 5506 2023 5560 cognos-
2055 5494 2104 5553 Ι)
2130 5489 2433 5546 transitoria
2458 5487 2598 5551 vitm,
2630 5495 2685 5541 et
2728 5502 2830 5540 non
2876 5502 2971 5556 pro
3016 5487 3221 5540 luxnria
3249 5495 3304 5541 et
3330 5485 3696 5557 superﬂuitate

465 5599 603 5648 cere,
654 5594 707 5639 et
747 5586 795 5638 in
833 5585 1022 5640 melius
1066 5598 1214 5638 suam
1244 5583 1505 5637 voluerint
1535 5584 1692 5636 vitam
1737 5582 2022 5649 corrigere.

468 5674 723 5731 Caeterum
749 5678 814 5733 de
855 5678 976 5744 illis,
1007 5676 1096 5745 qui
1123 5678 1173 5729 in
1203 5677 1341 5730 malo
1364 5690 1704 5748 perseverare
1724 5675 2019 5745 proposito,

2129 5578 2371 5635 iacienda
2398 5593 2489 5632 sua
2516 5578 2857 5632 miseratione
2883 5577 3084 5631 donare
3122 5578 3366 5645 dignatus
3393 5585 3501 5643 est,
3534 5583 3695 5636 etiam

2128 5673 2171 5725 si
2187 5667 2254 5724 'in
2276 5678 2411 5733 toto,
2442 5667 2581 5737 quod
2609 5684 2713 5725 non
2739 5676 2841 5735 est,
2863 5666 3187 5723 sufﬁcientes
3206 5680 3322 5723 esse
3343 5670 3563 5739 possint,
3586 5688 3694 5727 non
