3874 6224
174 444 223 498 l'l
1003 430 1321 494 εριδτοω
1362 438 1445 493 οε
1484 432 1952 493 DISTRICTIONE
1989 434 2479 492 MUNACIIORUN.
3344 444 3408 496 ιε

183 565 328 605 tamen
365 550 479 603 ideo
515 547 817 602 affluenter
848 557 903 601 et
945 548 1217 617 splendide
1240 548 1439 610 vivere,
1479 553 1535 599 et
1560 540 1731 598 ventri
1761 547 1806 602 Α
1834 552 1891 598 et
1912 546 2203 615 spatiosam
2228 544 2377 599 multi
2404 542 2788 613 ingrediuntur,
2829 557 2885 603 et
2914 549 2966 602 in
2992 545 3252 615 gehennae
3285 562 3415 617 pro-

188 656 229 696 et
251 641 369 709 gula:
394 638 797 693 inserviendum
818 647 922 704 est,
945 639 1102 693 etiam
1130 638 1173 693 si
1196 638 1276 692 his
1304 635 1552 691 omnibus
1571 633 1737 687 abun-

189 734 360 785 damus.
390 726 640 781 Prohibet
666 728 817 782 enim
853 729 956 783 hoc
979 728 1253 796 Scriptura
1282 725 1467 779 dicens
1498 721 1737 777 :Divitiat

192 824 226 875 si
248 820 463 888 afﬂuant,
508 818 667 870 nolite
695 834 789 871 cor
813 833 1068 887 apponere
1091 813 1245 885 (Psal
1272 827 1380 877 ut,
1412 810 1501 881 H)
1527 828 1543 877 ;
1593 810 1737 881 Apo-

186 911 328 965 stolus
353 916 522 960 autem
555 926 568 957 :
618 906 687 959 Et
709 911 885 960 carnis
900 922 1076 959 curam
1100 920 1164 958 ne
1190 904 1412 974 feceritis
1434 904 1486 956 in
1532 902 1735 957 desida-

186 998 439 1063 riis(llont.
465 1016 574 1063 xm,
610 1000 722 1068 14).
754 998 823 1052 Et
848 1001 1042 1068 castigo
1064 1014 1248 1067 corpus
1274 1014 1443 1051 meum
1468 999 1598 1056 etin
1624 1013 1735 1050 ser-

182 1094 357 1145 uit-teat
379 1092 568 1162 redigo,
592 1108 657 1145 ne
687 1093 821 1160 forte
849 1090 969 1143 dum
998 1088 1117 1142 aliis
1136 1086 1392 1157 pradico,
1422 1088 1531 1157 ipse
1559 1104 1736 1156 repro—

179 1184 261 1233 bus
281 1182 473 1249 efﬁciar
505 1180 557 1250 (1
585 1180 705 1235 Cor.
732 1196 807 1244 ix,
839 1179 951 1245 9.7).
986 1177 1208 1248 Propter
1232 1176 1377 1246 quod
1404 1185 1458 1232 et
1488 1176 1735 1245 frequen-

178 1277 252 1323 ter
276 1270 323 1323 is
344 1268 479 1324 fame
500 1278 556 1323 et
582 1268 692 1334 siti,
716 1278 771 1321 et
793 1268 1052 1332 nuditate,
1082 1277 1136 1323 et
1158 1265 1370 1335 jejuniis
1390 1280 1531 1333 saepe
1546 1266 1737 1321 asserit

176 1358 387 1424 gloriati.
436 1357 500 1410 Et
525 1357 653 1411 illud
711 1358 764 1411 in
810 1356 1100 1426 Evangelio
1155 1357 1368 1411 Domini
1403 1374 1417 1409 :
1450 1354 1574 1409 Non
1621 1372 1737 1425 gra-

175 1458 331 1499 mm
354 1448 511 1500 corda
541 1456 705 1501 uestra
735 1450 787 1500 in
815 1449 1030 1517 crapula
1071 1457 1121 1502 et
1166 1448 1405 1502 ebrietate
1435 1445 1584 1517 (Luc.
1620 1461 1731 1515 ur,

174 1538 271 1605 34).
314 1537 460 1604 Quod
487 1540 533 1592 si
561 1554 667 1593 non
696 1540 769 1592 ita
812 1548 913 1603 est,
936 1540 1053 1594 sine
1082 1554 1239 1594 causa
1266 1551 1396 1605 ergo
1424 1547 1734 1591 sanctorum

178 1628 368 1681 Patrum
386 1628 627 1697 quotidie
643 1628 803 1680 vitam
828 1628 1071 1694 legimus.
1093 1626 1325 1691 Quorum
1348 1623 1734 1693 professionem

174 1724 337 1769 teneo
379 1730 475 1771 nos
504 1716 752 1778 dicimus,
801 1714 1098 1768 secundum
1128 1728 1311 1768 eorum
1342 1713 1733 1767 institutionem

172 1804 329 1854 vivere
356 1802 732 1855 detrectamus.
768 1800 839 1855 Ut
866 1800 990 1869 quid
1012 1801 1172 1855 etiam
1193 1812 1243 1854 et
1266 1800 1522 1854 Dominus
1553 1808 1735 1855 noster

1838 632 2001 688 fundo
2026 634 2443 705 prtecipitantur.
2492 631 2599 688 Nos
2635 634 2798 700 enim,
2846 638 2981 693 sicut
3009 637 3321 693 fundatores
3363 646 3415 691 et

1837 723 2023 779 Patres
2045 724 2195 782 istius
2234 725 2544 781 monasterii
2580 732 2881 793 tenuerunt,
2924 739 2980 784 et
3028 729 3184 785 nobis
3219 725 3415 783 tradita

1834 813 2169 879 dimiserunt,
2197 813 2489 869 auxiliante
2514 813 2742 869 Domino
2786 825 2841 869 et
2870 818 3139 873 tenuimus
3168 825 3224 873 et
3261 825 3415 872 teuc-

1835 918 1974 966 mus,
2016 920 2114 959 nec
2141 903 2398 974 quidquid
2426 920 2586 974 super
2613 914 2707 960 aut
2728 907 2901 961 minus
2921 905 3166 971 facimus,
3210 921 3418 961 memo-

1837 1008 1923 1048 res
1943 994 2083 1048 illius
2103 994 2409 1062 Scriptum,
2439 1009 2558 1065 qua:
2585 995 2747 1052 dicit:
2782 996 2867 1051 Ne
2888 997 3285 1069 transgrediaris
3313 1009 3414 1051 ter-

1836 1084 2002 1135 minos
2026 1083 2260 1152 antiquos
2288 1099 2413 1151 quos
2458 1093 2736 1153 posuerunt
2774 1095 2946 1153 patres
2968 1087 3038 1139 tui
3068 1085 3244 1151 (Prov.
3280 1101 3411 1151 uti,

1838 1167 1949 1237 28).
1974 1166 2040 1221 Et
2072 1185 2087 1221 ι
2120 1168 2220 1233 Qui
2250 1170 2448 1224 modica
2484 1172 2681 1240 spernit
2708 1174 2956 1239 paulatim
3003 1173 3191 1227 decidit
3222 1172 3409 1240 (Eccli.

1838 1262 1970 1327 xu),
2001 1268 2057 1313 ut
2080 1274 2173 1331 per
2195 1260 2309 1315 htl‘c
2328 1260 2573 1317 dominos
2601 1270 2656 1315 et
2701 1260 2884 1317 Patres
2913 1272 3157 1323 nostros,
3187 1263 3277 1331 qui
3327 1278 3410 1317 re-

1834 1348 2010 1416 gulam
2040 1349 2177 1404 hanc
2202 1353 2493 1403 secundum
2518 1350 2857 1418 antiquorum
2889 1364 3149 1413 normam,
3181 1348 3289 1403 Deo
3310 1348 3411 1404 sibi

1835 1440 2147 1509 inspirante,
2180 1439 2537 1499 instituerunt.
2564 1440 2614 1493 in
2639 1438 2843 1507 judicio
2872 1438 2966 1493 Dei
3007 1454 3113 1493 non
3160 1437 3412 1493 adversa-

1835 1530 1965 1594 rios,
1980 1529 2071 1583 sed
2089 1537 2344 1599 patronos
2358 1530 2409 1583 in
2427 1529 2674 1585 omnibus
2688 1530 2995 1584 habeamus.
3014 1527 3143 1583 Nam
3159 1529 3259 1583 etsi
3275 1527 3413 1582 forte

1836 1616 2026 1686 aliquis
2056 1618 2195 1672 dicat
2224 1619 2378 1676 nimis
2405 1618 2645 1677 districte
2674 1634 2772 1672 nos
2811 1632 2987 1685 agere,
3038 1624 3095 1671 et
3123 1625 3412 1683 propterea

1836 1704 2043 1773 aliquas
2063 1720 2093 1757 a
2121 1705 2274 1760 nobis
2298 1705 2441 1759 dicat
2468 1706 2633 1768 exire,
2671 1712 2725 1759 et
2750 1719 2881 1772 pace
2921 1713 3008 1757 tua
3041 1703 3326 1770 loquimur,
3358 1711 3415 1756 et

1834 1794 1982 1849 salvo
2016 1804 2107 1847 tuo
2133 1795 2447 1850 charissima
2479 1794 2631 1849 nobis
2658 1804 2712 1849 et
2734 1794 2843 1849 Deo
2867 1795 3027 1863 digno
3058 1795 3276 1850 honoris
3304 1795 3411 1865 pri-

172 1886 437 1941 sccundutn
463 1887 614 1941 Isaia:
638 1889 943 1941 vaticinium
968 1888 1225 1956 prmcipit,
1252 1888 1437 1942 dicens
1462 1907 1473 1938 :
1502 1887 1567 1940 In
1600 1889 1731 1941 uiam
1763 1894 1809 1954 Β
1836 1884 2029 1951 vilegio
2049 1883 2290 1949 dicimus,
2340 1885 2648 1955 quicunque
2697 1884 2832 1939 alius
2881 1885 2984 1940 hoc
3026 1884 3173 1949 dicit,
3203 1886 3413 1940 videtur

172 1976 375 2045 gentiam
396 1993 459 2031 ne
481 1976 709 2030 abieritis
738 1975 951 2047 (Matth.
985 1992 1038 2041 χ,
1068 1974 1143 2047 5),
1172 1975 1269 2029 nisi
1302 1984 1356 2028 ut
1382 1991 1609 2046 quorum
1638 1990 1725 2030 se-

175 2075 337 2134 parata
365 2076 445 2118 est
464 2067 671 2134 religio,
694 2075 973 2135 separetur
1004 2074 1058 2120 et
1078 2068 1185 2119 vita
1212 2067 1235 2119 ?
1259 2065 1410 2119 Nulla
1439 2066 1579 2120 enim
1626 2067 1727 2119 erit

171 2156 397 2207 distantia
420 2155 557 2208 inter
580 2155 858 2222 profanant
878 2164 931 2209 et
958 2164 1220 2217 sanctum,
1253 2155 1392 2208 inter
1419 2155 1727 2208 saecularem

175 2256 222 2297 et
247 2245 572 2311 monachum,
604 2242 860 2311 frugalem
892 2255 943 2298 et
975 2259 1214 2313 parcum,
1244 2243 1287 2297 si
1318 2242 1514 2313 passim
1541 2242 1731 2295 volun-

176 2334 259 2385 tati
284 2344 467 2387 nostra
515 2344 571 2387 et
609 2335 1058 2403 concupiscentia:
1111 2334 1385 2389 deservire
1410 2333 1730 2387 voluerimus

177 2426 226 2471 et
250 2420 563 2474 satisfacere.
599 2424 702 2474 Aut
728 2422 855 2489 quid
889 2422 1039 2476 nobis
1065 2430 1190 2476 ante
1216 2422 1382 2476 Deum
1416 2422 1652 2491 proderit
1680 2424 1728 2474 in

180 2512 369 2563 nomine
412 2518 634 2573 tantum,
664 2520 718 2563 et
747 2528 855 2565 non
896 2513 1053 2565 etiam
1086 2514 1137 2566 in
1165 2521 1351 2567 sancta
1381 2522 1437 2566 et
1460 2513 1599 2566 bona
1621 2514 1730 2567 vita

181 2610 227 2651 ct
243 2602 630 2655 conversatione
656 2602 908 2655 laudabili
933 2600 1191 2671 professio
1216 2604 1491 2673 religionis
1512 2607 1731 2659 nostra?

186 2687 339 2743 Primo
364 2698 480 2744 ante
503 2688 689 2754 Deum,
722 2692 913 2746 deinde
952 2700 1074 2746 ante
1103 2694 1345 2747 homines
1368 2734 1383 2757 ,
1426 2694 1471 2749 si
1498 2694 1732 2748 volucri-

187 2793 285 2832 ruus
301 2778 603 2844 ostendere,
631 2779 924 2833 secundum
956 2779 1081 2833 illud
1112 2781 1254 2850 quod
1284 2781 1350 2835 de
1375 2780 1627 2836 Samuele
1658 2782 1731 2835 le-

189 2866 336 2933 gitur:
365 2864 428 2918 Et
463 2868 694 2936 placebat
728 2877 833 2919 tam
872 2866 978 2920 Deo
1004 2884 1153 2938 quam
1204 2868 1488 2921 hominibus
1514 2867 1566 2935 (1
1601 2867 1729 2937 Reg.

194 2970 246 3015 ιι,
270 2952 366 3020 Q9).
394 2953 452 3007 Et
488 2955 745 3010 Dominus
783 2957 834 3009 in
877 2955 1167 3024 Evangelia
1201 2975 1212 3009 :
1254 2956 1490 3023 Videant,
1540 2958 1729 3035 inquit,

196 3052 330 3095 mtra
364 3060 508 3109 opera
532 3044 687 3107 bona,
711 3055 759 3097 et
785 3047 1074 3114 gloriﬁcent
1103 3045 1312 3101 Patrem
1334 3056 1555 3101 vestrum
1574 3049 1657 3117 qui
1678 3048 1731 3101 in

198 3133 308 3184 retis
331 3143 399 3184 est
428 3131 638 3200 (Matth.
666 3150 717 3197 v,
756 3134 861 3202 16).
898 3135 962 3187 Et
990 3136 1091 3189 hoc
1119 3135 1259 3203 ideo,
1284 3138 1408 3205 quia
1445 3139 1729 3205 quodcun-

198 3232 282 3284 que
298 3218 471 3273 bonum
496 3220 546 3273 in
568 3221 724 3273 nobis
745 3237 863 3275 esse
893 3223 1109 3287 dicitur,
1158 3239 1265 3277 non
1292 3242 1357 3278 ex
1386 3235 1581 3281 nostra
1605 3228 1728 3281 vittc
1758 3256 1803 3317 ρ

198 3309 502 3373 memerita,
543 3312 635 3364 sed
684 3310 776 3364 Dei
808 3314 1028 3379 grati.tm
1078 3315 1246 3381 gratis
1294 3316 1444 3368 nobis
1484 3316 1731 3384 largienti

198 3397 414 3450 tribuatur
450 3398 611 3452 dono.
646 3398 798 3453 Unde
851 3408 904 3454 et
962 3401 1157 3455 Paulus
1188 3405 1461 3472 apostolus
1495 3422 1507 3457 :
1552 3405 1733 3459 Provi-

197 3483 355 3550 dentes,
398 3486 581 3554 inquit,
623 3487 755 3539 bona
795 3504 896 3541 non
936 3497 1130 3541 tantum
1168 3506 1343 3544 coram
1377 3492 1616 3557 Domino,
1644 3496 1733 3546 sed

197 3575 322 3625 etiam
338 3590 495 3627 coram
524 3576 760 3629 omnibus
783 3576 1069 3629 hominibus
1092 3576 1176 3647 (II
1207 3577 1325 3633 Cor.
1350 3596 1459 3645 vni,
1489 3581 1600 3649 21).
1632 3582 1731 3646 Qui

198 3661 297 3714 alibi
315 3662 510 3717 laudem
533 3665 811 3718 hominum
840 3680 939 3733 pro
960 3681 1092 3719 vana
1115 3668 1283 3733 gioria
1314 3668 1632 3724 declinando
1660 3672 1734 3725 di-

196 3750 320 3805 cebat
343 3768 355 3803 :
382 3753 439 3806 Si
482 3754 650 3806 adhuc
702 3754 988 3809 hominibus
1016 3756 1290 3825 placerem,
1321 3756 1513 3813 Christi
1560 3777 1732 3815 servus

195 3856 276 3894 son
310 3858 454 3895 essem
483 3842 625 3913 (Gal.
677 3860 716 3911 ι,
780 3844 889 3914 i0).
930 3846 1273 3901 Beatissimus
1303 3862 1515 3917 quoque
1546 3848 1732 3907 Petrus

194 3928 524 3995 Apostolorum
550 3935 790 3986 omnium
835 3942 996 4001 caput
1039 3945 1091 3987 et
1140 3936 1423 4004 princeps:
1456 3936 1732 3991 Conscien-

190 4019 293 4072 tia
316 4031 362 4073 et
379 4024 828 4086 conversationcm,
858 4024 1046 4091 inquit,
1078 4024 1254 4077 habete
1274 4026 1410 4079 inter
1438 4038 1612 4097 gentes
1642 4029 1730 4083 bo-

188 4119 373 4175 na,“
399 4112 451 4163 in
489 4128 550 4165 eo
594 4114 729 4182 quod
777 4113 1050 4165 detrahunt
1096 4115 1158 4166 de
1187 4116 1324 4169 vobis
1374 4127 1616 4187 tanquam
1670 4121 1733 4172 de

186 4198 585 4267 atdefactoribus,
630 4204 1015 4271 confundantur
1054 4205 1367 4273 infamantes
1412 4217 1630 4261 uestram
1676 4212 1730 4263 in

185 4284 359 4359 Christo
393 4290 578 4343 bonum
613 4293 1054 4346 conversationem
1082 4292 1170 4360 (II
1195 4293 1333 4348 Petr.
1369 4312 1425 4361 ll,
1470 4298 1577 4369 l9).
1626 4302 1730 4371 0p-

184 4384 330 4431 ta.
368 4387 569 4441 autem,
600 4388 655 4431 et
702 4381 800 4434 hoc
841 4395 907 4433 ex
954 4389 1067 4436 toto
1115 4384 1354 4452 cupimus
1389 4387 1603 4454 affectu,
1654 4392 1727 4443 mi

184 4462 335 4531 Palu,
354 4466 493 4534 quod
522 4476 579 4520 et
609 4476 662 4520 tu
694 4469 791 4532 vis,
816 4478 870 4522 et
898 4480 1115 4537 paratus
1140 4487 1281 4539 sum,
1314 4483 1371 4529 ut
1392 4476 1585 4541 dicam,
1614 4495 1728 4533 ma-

1834 1972 1989 2027 nobis
2016 1974 2441 2028 monasterialem
2470 1974 2704 2041 regulam
2747 1989 2844 2029 nec
2875 1988 3034 2028 nosse
3054 1976 3286 2044 penitus,
3316 1988 3413 2028 nec

1832 2062 2128 2130 intelligere
2159 2102 2173 2127 ,
2216 2071 2271 2117 et
2318 2078 2414 2132 per
2445 2064 2547 2118 hoc
2568 2074 2789 2134 apparet
2816 2080 2934 2117 elllll
2978 2080 3084 2118 non
3132 2065 3284 2119 nobis
3314 2064 3409 2117 de-

1833 2155 2061 2217 trahere,
2096 2152 2187 2207 sed
2207 2169 2356 2207 suam
2385 2154 2705 2222 imperitiam
2737 2154 3026 2223 publicare.
3051 2154 3200 2208 Dicat
3230 2164 3410 2206 autem

1832 2244 1929 2299 sibi
1948 2244 2169 2313 quisque
2194 2244 2283 2298 ille
2307 2243 2453 2312 quod
2475 2245 2608 2309 vult,
2643 2259 2741 2298 nos
2769 2254 2946 2298 autem
2960 2244 3100 2312 quod
3122 2245 3413 2311 accipimus

1832 2344 1887 2388 et
1916 2334 2194 2389 didicimus
2222 2342 2483 2398 tenemus,
2516 2340 2570 2387 et
2596 2347 2783 2387 omnes
2810 2334 2975 2386 sancti
3015 2334 3103 2402 qui
3136 2332 3410 2387 nobiscum

1833 2432 1956 2477 sunt
1986 2424 2195 2486 fratres,
2230 2423 2279 2476 in
2303 2437 2529 2490 quorum
2579 2422 2743 2476 corde
2782 2422 2993 2477 divinus
3021 2436 3171 2475 amor
3199 2430 3251 2476 et
3278 2422 3409 2477 cha-

1835 2509 2006 2562 ritatis
2035 2509 2251 2561 dilectio
2281 2518 2491 2575 regnat,
2524 2517 2634 2561 tota
2683 2509 2877 2561 mentis
2904 2508 3199 2561 intentione
3226 2518 3406 2562 custoo

1834 2600 2004 2661 diunt,
2037 2608 2093 2655 et
2130 2599 2183 2652 in
2210 2599 2313 2653 hoc
2359 2612 2699 2665 perseverare
2732 2598 2955 2651 Domino
2993 2612 3051 2651 se
3098 2606 3412 2666 protegente

1833 2698 1888 2744 ct
1914 2688 2201 2757 adjuvante
2229 2686 2519 2742 confidunt.
2554 2685 2757 2741 Nullius
2778 2687 2917 2740 enim
2944 2703 3059 2750 nos,
3092 2688 3142 2741 in
3172 2688 3260 2740 tali
3283 2702 3410 2757 prte-

1833 2778 2015 2832 sertim
2043 2777 2135 2830 Dei
2185 2791 2369 2841 causa,
2395 2791 2495 2830 nec
2521 2775 2842 2843 vituperatio
2889 2773 3101 2842 frangit,
3133 2790 3231 2829 nec
3274 2775 3409 2838 laus,

1834 2867 2041 2921 etiamsi
2056 2865 2187 2920 falso
2200 2864 2431 2928 dicatur,
2452 2864 2647 2917 elevat.
2666 2862 2898 2916 Dicimus
2916 2863 3054 2916 enim
3074 2864 3138 2916 ab
3154 2862 3409 2929 Apostolo

1834 2957 2033 3010 dictum
2061 2974 2072 3007 :
2099 2955 2201 3009 Per
2231 2955 2448 3025 gloriam
2470 2963 2519 3007 et
2544 2953 2931 3022 ignobilitatem,
2957 2970 3048 3020 per
3075 2953 3344 3022 infamiam
3362 2960 3408 3006 et

1836 3044 2021 3098 bonam
2070 3046 2281 3115 famam,
2312 3054 2417 3098 etc.
2474 3042 2557 3109 (11
2590 3043 2708 3096 Cor.
2745 3059 2814 3105 vi,
2862 3042 2938 3111 8).
2971 3041 3155 3095 Solum
3200 3050 3281 3097 est
3331 3050 3409 3110 ut,

1835 3134 2123 3187 auxiliante
2154 3133 2379 3186 Domino
2406 3134 2560 3185 nobis
2590 3148 2686 3200 pro
2716 3132 2817 3185 tuis
2833 3131 3030 3185 sanctis
3052 3131 3406 3197 orationibus,

1835 3225 1938 3277 hoc
1983 3239 2080 3292 pro
2110 3237 2383 3277 servorum
2430 3222 2524 3275 Dei
2571 3222 2743 3275 salute
2770 3230 2827 3275 et
2853 3230 3071 3291 propter
3101 3221 3264 3275 Deum
3287 3236 3409 3288 aga-

1838 3331 1973 3377 mus,
2004 3315 2148 3383 quod
2176 3314 2328 3368 nobis
2360 3328 2464 3367 non
2492 3311 3010 3378 arkdanmationem,
3041 3312 3133 3365 sed
3174 3312 3237 3364 ad
3268 3326 3409 3364 mero

1834 3405 2018 3458 cedem
2049 3404 2099 3457 in
2124 3402 2467 3472 judiciojusti
2488 3401 2699 3469 iudicis,
2728 3401 2845 3467 ipso
2874 3401 3189 3469 opitulante,
3213 3415 3407 3469 prove-

1833 3496 1964 3547 n'at.
1989 3492 2119 3545 Nam
2165 3492 2208 3545 si
2257 3493 2616 3545 detractiones
2648 3490 2929 3551 hominum
2964 3490 3150 3544 timere
3180 3490 3411 3543 volueri-

1833 3597 1967 3645 mus,
2000 3593 2117 3647 qua:
2166 3580 2275 3634 Deo
2323 3589 2447 3633 sunt
2473 3579 2665 3647 placita
2713 3579 2927 3631 minime
2970 3578 3244 3631 faciemus.
3271 3575 3405 3642 Quia

1832 3672 1968 3723 sicut
2023 3679 2122 3723 tua:
2168 3669 2438 3723 sanctitati
2486 3668 2623 3722 bene
2650 3675 2731 3721 est
2762 3667 3053 3733 cognitum,
3098 3665 3287 3734 siquis
3327 3666 3408 3719 iu-

1833 3767 2017 3827 crepet
2063 3767 2355 3827 arguatqne
2400 3766 2733 3828 peccantem,
2778 3757 2957 3809 statim
2988 3755 3111 3809 odio
3162 3755 3404 3819 habetur,

1831 3851 2011 3903 statim
2034 3849 2082 3903 ei
2109 3848 2425 3913 detrahitur,
2456 3848 2634 3901 statim
2665 3846 2863 3914 patitur
2892 3844 3125 3901 insidias.
3151 3844 3253 3901 Sed
3274 3860 3401 3901 con-

1832 3941 2036 3991 solatur
2074 3953 2172 3992 nos
2202 3939 2475 4001 Dominus,
2506 3936 2688 3991 dicens
2714 3956 2724 3989 :
2777 3937 2919 3989 Beati
2959 3938 3079 3990 estis
3106 3953 3217 3990 cum
3245 3938 3406 3991 male-

1832 4028 2057 4080 dizerint
2082 4042 2167 4081 vos
2189 4028 2414 4081 homines
2446 4036 2651 4097 propter
2673 4043 2751 4079 me
2765 4045 2782 4091 ;
2816 4028 3030 4096 gaudete
3052 4036 3100 4081 et
3122 4030 3374 4083 exsultate
3389 4071 3405 4093 ,

1831 4117 2071 4183 quoniam
2103 4132 2291 4169 merces
2321 4124 2487 4169 uestra
2516 4117 2723 4183 copiosa
2746 4126 2820 4169 est
2847 4116 2899 4167 in
2938 4116 3077 4169 cozlis
3102 4116 3316 4185 (Matth.
3349 4134 3399 4177 ν,

1834 4201 1942 4271 il).
1977 4201 2089 4257 lloc
2115 4210 2319 4257 tantum
2343 4218 2439 4257 nos
2460 4203 2739 4258 elaborare
2768 4203 3037 4268 convenit,
3070 4214 3125 4258 ut
3147 4222 3242 4274 pro
3264 4207 3404 4260 nulla

1832 4292 1933 4345 alia
1966 4309 2045 4359 re,
2076 4294 2175 4347 nisi
2204 4308 2300 4361 pro
2324 4292 2537 4347 Christo
2558 4335 2572 4358 ,
2604 4293 2961 4349 sustineamus
2989 4296 3401 4363 contumeliam,

1829 4392 1883 4437 et
1910 4382 2255 4437 detractionis
2283 4399 2442 4437 causa
2468 4385 2536 4437 sit
2563 4382 2804 4437 Christus
2828 4424 2841 4447 ,
2874 4395 2928 4439 et
2967 4386 3245 4440 maledicta
3278 4401 3399 4454 per-

1831 4472 1968 4539 pessi
2015 4487 2112 4541 pro
2142 4476 2367 4527 veritate
2412 4489 2517 4529 non
2561 4473 2804 4528 malrdici
2847 4477 3111 4542 sciamus,
3159 4477 3250 4543 qui
3279 4492 3397 4529 eam

182 4550 315 4608 ιδ.
334 4552 383 4607 in
405 4554 570 4609 domn
599 4555 689 4610 Dei
714 4559 990 4633 venientes
1014 4561 1305 4632 suscipere,
1351 4575 1405 4620 et
1457 4576 1641 4623 nostro
1672 4571 1723 4626 in
1757 4601 1803 4662 ο
1830 4580 1925 4634 pro
1952 4566 2245 4620 salvatione
2272 4581 2456 4620 eorum
2484 4567 2573 4633 qui
2604 4566 2755 4620 nobis
2784 4581 2811 4619 a
2844 4565 2953 4619 Deo
2981 4566 3250 4622 commissi
3276 4577 3399 4621 sunt

180 4644 283 4701 sinu
300 4657 504 4716 portam:
533 4659 589 4703 et
616 4648 814 4718 fovere,
837 4653 1123 4708 dummodo
1144 4656 1277 4711 tales
1298 4659 1403 4712 sint
1418 4662 1508 4728 qui
1531 4669 1584 4715 et
1617 4663 1726 4718 Deo

182 4730 416 4802 placeant.
447 4746 502 4791 et
529 4736 914 4806 professionem
960 4758 1109 4796 suam
1140 4744 1437 4815 intelligant
1462 4758 1517 4802 et
1546 4760 1727 4805 custo-

182 4820 326 4878 ω
353 4824 483 4891 Quia
514 4842 624 4881 non
646 4826 1011 4885 desideramus
1030 4841 1259 4900 quantos
1284 4836 1378 4889 sed
1408 4838 1593 4905 quales
1630 4840 1727 4893 ba-

185 4910 394 4979 δοκι,
420 4924 473 4970 et
493 4933 616 4972 cum
632 4919 823 4988 quibus
841 4931 987 4974 caste
1007 4931 1062 4975 et
1083 4936 1265 4978 sancte
1292 4925 1549 4993 vivamus,
1576 4929 1647 4983 ita
1669 4939 1729 4984 ut

190 5001 235 5059 ll
264 5005 578 5075 missione
618 5009 974 5080 perfectorum
1004 5013 1229 5069 Domino
1258 5018 1581 5086 placeamus.
1609 5020 1724 5077 Non

191 5095 305 5150 sail
322 5096 371 5152 iu
395 5098 656 5156 dissoluto
685 5100 972 5171 tepidoque
1000 5104 1257 5159 vocabulo
1283 5114 1337 5159 et
1364 5122 1609 5175 numero,
1632 5110 1726 5164 sed

194 5182 508 5244 iasaactitate
538 5190 896 5260 perfectorutn
950 5190 1201 5245 Dominus
1245 5193 1561 5252 delectatur.
1600 5197 1726 5253 ideo

192 5277 567 5344 ﬂ-ltirocati,
611 5283 766 5351 pauci
789 5298 906 5334 vero
937 5282 1080 5335 electi
1109 5283 1315 5352 (Matth.
1348 5302 1476 5350 uti,
1503 5288 1613 5357 Η).
1663 5289 1728 5343 Et

197 5362 375 5431 lilii.
390 5377 471 5422 est
495 5381 626 5436 grex
646 5368 742 5425 Cui
769 5371 1078 5440 contplacuit
1110 5372 1250 5425 Patri
1287 5384 1451 5431 vestro
1490 5378 1617 5432 dare
1646 5396 1727 5433 re-

198 5453 469 5527 mane.
499 5473 596 5524 an,
624 5459 739 5530 32).
773 5460 1025 5529 Satisque
1067 5463 1254 5517 melius
1274 5471 1355 5517 est
1382 5480 1501 5520 cum
1539 5473 1722 5537 paucis

200 5547 415 5602 annuis
435 5547 485 5602 in
508 5548 674 5602 vitam
704 5551 938 5616 ingredi,
964 5564 1253 5617 quamcum
1282 5552 1519 5621 plurimis
1547 5561 1724 5628 tepide

199 5639 240 5685 et
256 5632 493 5694 iniuriose
531 5637 841 5691 viventibus
864 5652 894 5690 ι
922 5647 1226 5691 sanctorum
1246 5642 1514 5696 consortio
1540 5659 1725 5714 segre-

198 5723 291 5793 αἱ.
317 5724 376 5783 Et
417 5742 514 5799 per
559 5736 779 5782 arctam
831 5734 887 5781 ct
939 5735 1214 5795 angustam
1243 5728 1380 5783 viam
1427 5733 1581 5799 pauci
1612 5750 1725 5790 am-

193 5814 347 5889 ittiut,
365 5827 416 5877 ct
440 5819 496 5877 in
522 5829 759 5875 aeterna:
772 5815 896 5871 vita:
917 5814 1085 5885 patria
1110 5825 1355 5884 regnant;
1376 5831 1472 5888 per
1491 5822 1721 5891 amplam

1828 4658 1975 4717 omni
2004 4673 2124 4713 cuin
2157 4655 2344 4711 ﬁducia
2374 4660 2721 4727 prmtlicamus
2745 4698 2762 4723 ,
2809 4674 2908 4713 nec
2936 4658 3088 4714 fac'ie
3114 4660 3195 4713 his
3218 4660 3397 4729 placa-

1829 4747 1988 4801 bilem
2020 4746 2352 4816 prazbeamus
2380 4745 2582 4798 aditum
2613 4747 2951 4810 monasterii,
2982 4748 3072 4814 qui
3094 4749 3251 4801 etiam
3281 4764 3397 4800 om-

1828 4851 1949 4889 nem
1980 4836 2226 4890 Ecclesia:
2254 4842 2575 4889 conventum
2607 4850 2804 4889 vesano
2835 4850 2929 4888 ore
2959 4835 3233 4888 dilaniant.
3264 4834 3397 4901 Quia

1828 4932 1887 4977 ut
1930 4932 2113 4978 sancta
2142 4924 2416 4993 Scriptura
2459 4923 2735 4991 loquitur:
2787 4924 2899 4979 Non
2944 4932 3146 4976 tantum
3193 4924 3281 4978 ille
3308 4926 3400 4994 qui

1828 5016 2081 5077 detrahit,
2114 5014 2209 5069 sed
2236 5014 2394 5068 etiam
2422 5014 2513 5081 qui
2538 5014 2901 5068 detrahentem
2933 5013 3161 5067 libenter
3189 5014 3397 5068 auscnlv

1827 5112 1924 5166 tat,
1958 5104 2113 5158 unius
2156 5111 2333 5158 reatus
2361 5110 2414 5156 et
2443 5104 2610 5172 culpa:
2638 5118 2753 5158 esse
2798 5112 3066 5158 censetur.
3110 5102 3234 5158 Haec
3272 5104 3397 5166 tibi,

1829 5194 2135 5247 beatissime
2167 5193 2344 5256 Pater,
2379 5202 2662 5263 propterea
2706 5192 3019 5257 scribimus,
3054 5201 3110 5247 ut
3135 5192 3271 5247 scias
3299 5206 3398 5245 nos

1828 5286 1957 5339 nihil
1988 5286 2187 5352 absque
2217 5286 2424 5339 ratione
2453 5301 2669 5354 gerere,
2714 5285 2809 5340 sed
2844 5286 3132 5341 secundum
3162 5298 3393 5339 consue-

1828 5374 2064 5428 tudinem
2094 5373 2400 5426 monasterii
2432 5373 2585 5440 hujus
2614 5387 2731 5440 qua:
2763 5380 2817 5426 et
2844 5381 3027 5427 sancte
3050 5380 3106 5426 et
3133 5371 3395 5439 regulari-

1829 5474 1907 5517 ter
1938 5462 2177 5516 instituta
2207 5472 2331 5516 sunt.
2359 5463 2551 5516 facere.
2588 5462 2746 5517 Certe
2768 5463 2811 5519 si
2832 5463 3021 5530 aliquis
3050 5462 3397 5516 consuetudi-

1827 5566 1949 5605 nem
1974 5551 2170 5617 regula:
2211 5558 2404 5605 nostttc
2442 5550 2583 5606 ferre
2621 5568 2726 5607 non
2751 5554 2971 5606 sustinet
2999 5593 3014 5615 ,
3056 5567 3162 5605 non
3207 5561 3400 5606 nostrm

1828 5642 2162 5706 districtioni,
2186 5641 2281 5696 sed
2306 5658 2414 5695 suae
2436 5642 2661 5712 imputet
2691 5644 2877 5712 tvpidaa
2902 5642 3187 5698 voluntati.
3216 5642 3400 5712 Neque

1828 5733 2033 5789 enimsi
2056 5733 2175 5802 quis
2203 5733 2500 5789 claritatem
2535 5736 2663 5789 solis
2694 5735 2847 5804 lippis
2876 5736 3048 5793 oculis
3076 5736 3313 5807 aspicere
3344 5740 3399 5787 ct

1829 5824 2011 5880 videre
2059 5838 2163 5879 non
2197 5831 2409 5893 potest,
2460 5826 2579 5881 ideo
2608 5826 2762 5897 culpa
2789 5826 2948 5897 solis,
2995 5838 3048 5883 et
3077 5843 3181 5883 non
3221 5824 3395 5895 potius
