3874 6224
465 388 528 443 ιο
1732 385 1959 440 TABIlA
2001 388 2073 441 Μ(

2145 385 2382 442 ACHUS.
3631 382 3716 440 ευ

463 501 649 553 vitium
677 495 1005 567 lippitudinis
1047 502 1103 550 et
1144 493 1399 551 ctecitatis
1445 507 1563 550 esse
1607 493 1893 550 dicendqu
1920 504 2022 549 est.
2056 504 2100 560 Α
2128 498 2401 550 moriemur
2428 493 2580 565 (Isai.
2618 509 2747 561 χχιι,
2778 495 2887 567 t3).
2920 497 2972 552 iu
3003 497 3180 567 aliquo
3210 498 3506 567 transgredi
3539 506 3712 568 poti--

465 587 596 651 Quia
629 586 767 656 quod
796 584 934 638 Deus
959 583 1118 651 bene,
1143 595 1326 641 sancte
1344 592 1398 640 et
1423 583 1654 654 perfecte
1679 599 1711 639 a
1742 585 1942 642 salictis
1968 595 2024 640 et
2122 586 2212 651 rit,
2238 595 2329 639 aut
2354 585 2654 650 immutari,
2693 593 2785 637 aut
2811 586 3024 642 dimitti.
3056 588 3190 655 Quia
3211 629 3228 655 ,
3281 598 3338 644 ut
3372 596 3596 644 sanctus
3631 588 3717 640 ait

464 675 712 744 perfectis
737 674 864 728 viris
891 674 944 728 in
972 673 1076 729 hac
1103 676 1237 731 cella
1261 690 1353 729 sua
1383 673 1648 740 instituit,
1687 683 1744 728 et
1767 691 1909 730 nunc
1935 692 2024 732 us-
2125 674 2443 743 Apostolus:
2468 673 2701 728 Firmum
2725 674 2817 727 Dei
2844 676 3229 745 fundamentum
3248 690 3351 734 stat
3368 678 3453 752 (ιι
3471 676 3613 734 Tim.
3650 691 3726 734 ιι.

465 780 570 833 que
593 766 760 820 teneri
789 766 959 821 voluit
979 807 994 830 ,
1026 767 1171 822 nullo
1212 765 1370 820 modo
1413 781 1556 823 nunc
1583 775 1799 837 prOpter
1829 782 2028 835 paucos
2129 764 2242 834 l9),
2271 765 2479 819 etiamsi
2508 767 2597 829 ίιὶι,
2632 766 2722 835 qui
2751 765 2801 819 in
2830 764 2920 819 illo
2948 767 3102 820 malm
3127 769 3414 824 voluntatis
3433 785 3544 823 sum
3567 766 3721 819 villo

466 863 521 910 et
547 854 773 925 tepidos,
804 866 896 912 aut
919 871 1080 925 vagos
1105 865 1160 910 et
1187 855 1701 924 pseudomonachos,
1727 855 1816 926 qui
1845 857 2026 910 diver-
2127 854 2362 910 offendat
2389 866 2443 909 et
2469 856 2659 922 cadat,
2704 873 2804 912 nec
2845 859 2896 911 in
2947 857 3126 926 aliquo
3170 861 3382 914 vacillet
3409 869 3504 915 aut
3549 864 3722 912 nutet

465 956 650 998 serum
678 944 914 1012 quotidie
949 946 1280 999 circumeunt
1308 944 1528 1007 domos.
1569 955 1625 999 et
1651 959 1770 1000 cum
1797 943 2030 1015 Epicuro
2129 944 2275 1014 quod
2302 943 2442 997 Deus
2466 944 2805 1014 omnipotens
2830 961 2927 1002 sua
2961 948 3180 1004 dextera
3208 950 3443 1018 protr-git
3481 957 3540 1002 et
3567 962 3718 1003 con-

464 1030 708 1089 btanter
728 1034 907 1089 dicunt
936 1051 950 1087 :
992 1033 1358 1089 Handucemus
1385 1043 1435 1088 et
1467 1034 1724 1100 bibamus,
1749 1051 1866 1088 cras
1894 1035 2033 1088 enim
2133 1035 2314 1090 fortat.
2356 1036 2546 1089 Amen.

510 1196 3709 1221 Ἦ

1792 1305 1958 1347 ANNO
2001 1305 2227 1348 DOMINI
2271 1305 2369 1347 DC.

918 1443 1748 1610 TARRA
1807 1448 3249 1719 WACHUS.

1111 1800 1601 1885 NOTITIA
1653 1798 2280 1886 HISTOBICA
2338 1801 2461 1882 IN
2517 1800 3048 1883 TARBAM.

1462 1975 1680 2038 (Antonii
1701 1974 1828 2028 aut.
1854 1974 1997 2039 Hisp.
2022 1973 2136 2026 Yet.
2162 1982 2199 2025 ι.
2226 1973 2264 2035 ι,
2291 1986 2336 2036 ρ.
2364 1977 2396 2025 5
2426 1974 2475 2032 ε,
2501 1986 2548 2022 n.
2579 1973 2710 2035 ns.)

542 2153 684 2210 Vixit
707 2166 920 2224 quoque
938 2153 1038 2209 sub
1065 2154 1370 2209 Reccaredo
1395 2167 1522 2223 rege
1548 2154 1713 2210 'l‘arra
1743 2156 2041 2212 monachus

2145 2177 2253 2232 tota
2293 2190 2454 2246 penes
2481 2191 2578 2232 nos
2605 2184 2687 2232 est
2714 2191 2781 2232 ex
2802 2176 2988 2234 codice
3010 2177 3269 2235 To'etano
3300 2179 3594 2250 descripta,
3624 2179 3734 2235 sed

470 2245 709 2316 quidam,
737 2244 886 2316 cujus
916 2244 984 2302 ad
1009 2244 1253 2302 eumdem
1283 2259 1460 2316 regem
1482 2247 1738 2304 directam
1760 2249 2039 2319 epistolam

2146 2270 2303 2333 adeo,
2327 2276 2420 2322 aut
2445 2267 2833 2336 exscriptorum
2864 2268 3087 2336 incuria,
3127 2278 3219 2322 aut
3241 2270 3554 2324 saeculorum
3587 2273 3732 2324 vitio

470 2351 531 2392 se
559 2336 842 2406 reperiisse
891 2337 940 2389 in
985 2335 1190 2390 duobus
1229 2337 1460 2405 antiquis
1485 2337 1756 2392 codicibus
1808 2339 2039 2392 Ambro-

2145 2357 2464 2424 deformata,
2492 2373 2557 2412 ac
2584 2335 2857 2412 erroribus
2899 2335 3129 2420 scatens,
3177 2369 3235 2412 ut
3279 2359 3366 2413 vix
3393 2360 3571 2428 aliqua
3600 2359 3732 2428 ejus

469 2425 581 2481 sius
619 2424 845 2480 blorales
872 2426 961 2480 lib.
996 2439 1090 2487 xu.
1129 2440 1249 2496 cap.
1279 2425 1368 2484 9.2.
1398 2427 1692 2483 admonuit.
1746 2426 1869 2483 Hmc
1899 2429 2043 2498 epis-

2143 2446 2407 2502 sententia
2436 2445 2552 2500 elici
2576 2448 2760 2515 possit.
2791 2445 3062 2502 ΟΔιιοιΜι.
3088 2463 3152 2501 ne
3182 2463 3391 2503 sucina.
3419 2424 3498 2518 (al

547 2556 624 2634 (α)
653 2553 1092 2634 Exstatquoque
1118 2558 1172 2634 in
1199 2557 1344 2625 regia
1381 2556 2040 2634 bililiotbecallatriteusi

473 2624 630 2695 liujus
677 2624 912 2695 epistolte
947 2624 1329 2695 eri—emplum}:
1381 2624 1640 2695 Toletana
1685 2625 1767 2680 Cl.
1817 2625 2040 2684 Joannis

478 2691 628 2764 Ba'pt.
680 2691 879 2749 Perezii
910 2691 1374 2764 monumentorum
1410 2693 1755 2764 collectione,
1788 2710 1893 2749 nou
1923 2711 2037 2751 me-

474 2761 576 2817 lius
597 2763 852 2824 habitum.
887 2775 940 2818 ut
968 2763 1156 2818 frustra
1187 2761 1374 2818 fuerim
1405 2762 1458 2817 in
1498 2771 1880 2832 egutcumque
1923 2779 2034 2818 res-

476 2833 735 2887 tituendo.
772 2832 1003 2898 Purgare
1039 2842 1216 2886 autem
1242 2832 1450 2887 videtur
1476 2847 1532 2886 se
1552 2830 1717 2886 Tarra
1740 2830 2034 2889 monachus

474 2901 841 2980 apudniegein
873 2899 1241 2980 Reccaacduin
1273 2902 1340 2956 de
1363 2901 1607 2980 crimine
1636 2903 1868 2980 pessimo
1898 2904 2038 2980 quod

473 2968 525 3024 ei
554 2985 583 3024 a
610 2968 970 3026 Caulianensis
1009 2988 1173 3040 prope
1204 2969 1488 3025 Emeritam
1519 2968 1760 3026 ϐωιιυιιίἰ
1791 2968 2039 3027 fratribus

2143 2573 2408 2641 obiectum
2437 2571 2642 2626 fuerat:
2690 2584 2930 2627 meminit
2969 2587 3027 2626 se
3053 2573 3144 2628 diu
3184 2571 3426 2626 Emerita
3469 2582 3635 2641 atque
3665 2575 3727 2626 in

2143 2640 2415 2696 Lusitania
2463 2652 2519 2696 et
2547 2643 2738 2696 laicum
2768 2651 2824 2698 et
2862 2650 3162 2706 uxoratum,
3192 2657 3402 2711 semper
3429 2640 3605 2695 tamen
3639 2643 3715 2694 iu-

2142 2711 2386 2775 noxium,
2414 2725 2813 2780 commorasse;
2844 2726 3119 2780 u_soreque
3166 2712 3411 2764 defuncta
3453 2711 3713 2764 monasti-

2138 2791 2257 2832 cam
2295 2779 2555 2833 cucullam
2586 2781 2835 2834 induisse.
2870 2778 3112 2848 Vulga'vit
3141 2795 3257 2834 eam
3285 2780 3713 2848 epistrilam_pri-

2139 2861 2260 2901 mus
2285 2848 2430 2918 (ιιι-,ιιι
2475 2848 2638 2904 sciam
2668 2848 2751 2903 CI.
2791 2846 3064 2904 Floreaius
3110 2850 3245 2918 hisp.
3295 2846 3446 2902 Sacr.
3477 2848 3541 2902 T.
3574 2846 3716 2902 χιιι.

2141 2931 2264 2987 pug.
2286 2915 2412 2970 414.

484 3135 886 3150 ’.σαι-..-

2829 3139 3172 3153 w-

1309 3263 1994 3374 TARBE
2069 3259 2910 3374 MONAGHI

557 3462 1400 3593 EPISTULA
1461 3465 1712 3593 AD
1766 3464 2882 3593 RECAREDUM
2947 3462 3623 3589 REGEM.

541 3708 938 3780 Sugge-rendum
976 3709 1204 3776 gloriose
1233 3709 1581 3779 triumphanti
1624 3718 1678 3764 et
1707 3711 1902 3765 invicta
1934 3710 2037 3765 fide
2062 3718 2106 3776 (ζ
2142 3712 2367 3764 fideliter
2395 3710 2782 3776 moneojussus
2806 3709 3052 3762 obscenis
3077 3710 3372 3777 proverbiis
3395 3712 3524 3766 olim
3555 3715 3712 3770 audi-

476 3803 718 3871 rcgnanti
748 3800 985 3869 piissimo
1002 3799 1370 3854 Domino-meo
1389 3798 1693 3855 Beccarcdo
1719 3799 1829 3868 regi
1851 3813 2037 3856 servus
2139 3802 2206 3854 tis
2231 3817 2244 3853 :
2279 3809 2335 3854 ut
2375 3799 2535 3855 cessit
2565 3801 2828 3866 incautus,
2851 3814 2919 3852 ne
2946 3799 3169 3853 excedat
3191 3801 3556 3868 mulctandus;
3589 3819 3718 3857 nam

477 3902 594 3946 tuus
622 3889 784 3945 Tan-ra
812 3889 1083 3957 indiguus.
2135 3893 2278 3948 dictu
2310 3894 2580 3962 prophetae
2609 3894 2710 3946 rite
2753 3891 2993 3948 dicturus
3018 3910 3029 3945 :
3064 3891 3188 3949 Non
3216 3895 3389 3950 celabo
3419 3898 3725 3953 misericor-

545 3981 965 4037 Clementissime
994 3978 1216 4035 Domine
1243 3987 1298 4035 ct
1338 3979 1534 4052 inclyte
1575 3981 1823 4053 princeps
1849 4022 1863 4047 ,
1896 3995 2035 4050 pnn-

472 4070 658 4139 cepisti
680 4084 889 4124 servum
930 4072 1064 4124 bene
1087 4069 1352 4139 sepultqu
1380 4072 1627 4141 sepulcro
1652 4076 1829 4140 evulgi
1860 4083 1915 4126 et
1938 4086 2039 4127 sae-

473 4162 593 4216 culo
623 4161 817 4230 pandi:
850 4168 905 4214 et
947 4161 1071 4214 licet
1098 4159 1213 4214 lucc
1258 4160 1540 4216 clementia
1571 4163 1639 4216 sit
1685 4163 1895 4230 regalis,
1943 4160 2040 4218 sed

472 4251 710 4305 serviens
737 4251 847 4319 regi
885 4251 1082 4305 sentiet
1128 4250 1369 4318 lugubre,
1415 4253 1538 4306 dum
1569 4253 1714 4308 vadit
1761 4269 1870 4322 quo
1895 4253 2030 4308 nolit

467 4341 617 4410 jussu
649 4341 934 4410 praecepti:
984 4356 1105 4394 nam
1150 4341 1373 4395 dilectus
1405 4343 1492 4396 ille
1533 4345 1728 4397 clamat
1766 4344 2034 4396 Joannes:

469 4431 622 4486 Jesns
650 4435 700 4484 in
727 4429 963 4484 ludorum
989 4431 1063 4484 ire
1086 4430 1310 4496 nolebat,
1339 4433 1456 4502 quia
1471 4430 1641 4486 Judaei
1667 4450 1781 4486 eum
1811 4433 2040 4487 occidere

471 4522 738 4575 colebant:
765 4521 860 4576 sed
891 4521 1014 4575 licet
1058 4520 1323 4592 mysteriis
1350 4520 1540 4576 ellccta
1572 4530 1881 4582 noscantur,
1911 4520 2036 4589 quia

473 4611 698 4666 necdum
726 4617 946 4664 venerat
988 4609 1122 4664 hora
1159 4609 1318 4677 ejus;
1362 4619 1537 4666 tamen
1562 4611 1608 4666 si
1663 4611 1768 4663 vita
1808 4619 2037 4665 mortem

471 4699 694 4759 devitat.
743 4697 1061 4766 mortigerus
1107 4697 1319 4768 quidem
1367 4713 1452 4753 me
1499 4699 1670 4753 dicam
1708 4698 1797 4767 qui
1848 4698 2039 4766 linguis

470 4790 730 4852 conlisus.
756 4789 847 4858 qui
872 4803 1084 4857 semper
1101 4797 1403 4858 suspectus,
1431 4791 1519 4860 qui
1545 4805 1643 4846 nec
1670 4793 2038 4847 immemorem

470 4894 589 4932 esse
639 4889 884 4948 putamus
925 4878 1201 4934 inlustrem
1230 4881 1538 4936 memoriam
1578 4881 1823 4937 culminis
1851 4881 2038 4947 vestri,

473 4982 540 5022 eo
569 4969 710 5036 quod
735 4983 765 5022 a
787 4967 1037 5036 pontiﬁce
1085 4968 1267 5036 templi
1306 4968 1502 5022 dudum
1529 4984 1815 5038 oppressus
1845 4970 2037 5024 tende-

2137 3983 2276 4035 ds'am
2297 3992 2436 4034 tuam
2460 3997 2738 4052 synagoga
2765 3981 2960 4036 multa.

2213 4073 2327 4139 Ipso
2355 4070 2514 4138 igitur
2530 4071 2618 4139 pio
2638 4071 2860 4126 custode
2876 4085 2984 4140 quo
2999 4079 3024 4108 ⁸
3053 4078 3108 4125 et
3146 4086 3272 4126 vere
3299 4071 3520 4140 iubente
3544 4072 3715 4141 subji-

2137 4160 2250 4215 ciar
2290 4159 2476 4213 nolens
2519 4168 2578 4212 ut
2604 4160 2744 4229 stylo
2785 4159 2990 4227 digesto
3022 4159 3278 4215 hactenus
3305 4163 3481 4216 clausa
3510 4163 3714 4231 ignaris

2138 4247 2416 4318 pandimus
2444 4246 2652 4302 Domini
2679 4247 2818 4302 dona
2844 4263 2855 4298 :
2889 4245 3139 4315 ideoque,
3169 4247 3412 4314 Domine,
3440 4265 3536 4304 nec
3567 4251 3709 4306 infa-

2137 4343 2242 4393 mia
2274 4351 2507 4407 pressus,
2540 4351 2638 4391 nec
2668 4335 2824 4390 laude
2861 4343 3095 4403 erectus,
3126 4351 3227 4391 nec
3252 4351 3352 4406 ego
3377 4338 3465 4406 qui
3493 4337 3709 4408 loquor,

2136 4428 2230 4481 sed
2251 4426 2469 4497 spiritus
2496 4423 2670 4479 Patris
2698 4425 2788 4492 qui
2819 4423 3054 4492 loquitur
3092 4423 3145 4476 in
3179 4423 3349 4487 nobis,
3380 4432 3565 4478 contra
3596 4438 3714 4478 ma-

2135 4516 2332 4572 culosae
2372 4513 2714 4584 turpitudinis
2753 4512 2951 4566 coitum
2989 4525 3098 4579 quo
3127 4510 3178 4564 in
3205 4521 3344 4567 metu
3372 4510 3715 4566 Cauliuiansc

2138 4602 2285 4677 μεθ.
2332 4601 2688 4657 Caulianense
2732 4616 2821 4654 seu
2849 4598 3276 4670 Cauliuianense]
3323 4599 3711 4654 monachorum

2135 4695 2573 4765 coinquinatione
2621 4691 2822 4763 polluta
2869 4705 2987 4744 sum
3042 4689 3351 4756 infamatus,
3381 4699 3437 4743 et
3483 4691 3714 4747 crimine

2136 4783 2370 4851 pessimo
2415 4780 2779 4834 fraudulenter
2823 4776 3066 4846 obiectus
3089 4817 3106 4844 ,
3137 4785 3197 4832 ut
3241 4777 3412 4832 vulbze
3448 4777 3708 4836 aborsum

2137 4871 2476 4942 proiecerunt
2528 4869 2912 4934 indemnatum,
2941 4875 2998 4921 et
3049 4868 3182 4921 luxit
3211 4881 3365 4936 super
3409 4881 3491 4920 me
3539 4873 3712 4923 omnis

2136 4970 2276 5014 terra
2295 4975 2314 5014 :
2345 4974 2446 5012 non
2461 4967 2536 5013 est
2558 4958 2788 5012 inuentus
2813 4957 2898 5025 qui
2926 4970 3005 5010 me
3029 4961 3324 5024 agnosceret
3344 4950 3370 4990 δ
3397 4951 3471 5025 [et
3495 4954 3710 5023 famul

473 5055 593 5108 bam
621 5069 727 5123 quo
755 5057 938 5112 nolens
959 5056 1130 5127 patria
1161 5055 1344 5126 pulsus
1366 5055 1500 5112 facta
1529 5057 1883 5114 inlandalibus
1911 5074 2035 5129 pro—
2063 5062 2073 5124 ]

2142 5048 2282 5102 bene.
2336 5047 2441 5102 Sed
2495 5045 2819 5116 amplissima
2863 5043 3074 5100 noverit
3124 5040 3479 5112 tranquillitas
3530 5053 3708 5098 vestra

467 5145 658 5213 jcctus.
689 5145 796 5200 Sed
844 5149 960 5216 pius
1000 5157 1278 5217 susceptor
1308 5147 1560 5203 Dominus
1589 5163 1739 5205 meus
1766 5149 2033 5205 abscondit

470 5253 551 5292 nte
576 5240 631 5292 in
660 5235 987 5292 tabernaculo
1010 5255 1141 5302 suo;
1169 5240 1225 5292 in
1265 5240 1348 5293 die
1372 5240 1629 5294 malorum
1674 5241 1895 5308 protexit
1931 5257 2034 5306 me,

472 5326 678 5380 dicens:
720 5324 787 5381 In
828 5324 1032 5379 silentio
1054 5336 1102 5378 et
1127 5342 1216 5395 spe
1261 5329 1357 5381 erit
1387 5327 1632 5396 fortitudo
1662 5337 1765 5380 tua.
1797 5325 1864 5381 Et
1889 5342 2039 5392 ecce.

2137 5134 2430 5191 lalsidicam
2465 5150 2648 5191 vocem
2676 5149 2899 5189 eorum:
2943 5147 3065 5188 nam
3110 5140 3350 5200 tempore
3377 5129 3521 5186 omni
3559 5131 3711 5187 uulso

2142 5231 2243 5285 sub
2284 5229 2421 5283 cmlo
2449 5225 2688 5296 quolibet
2729 5225 2896 5294 gradu
2940 5226 3174 5279 virorum
3218 5221 3385 5278 laicus
3411 5235 3474 5277 ac
3508 5235 3710 5278 mona-

2147 5319 2299 5381 chus,
2345 5316 2465 5370 ullis
2507 5315 2732 5371 sceleris
2753 5314 2909 5369 dictis
2935 5311 3113 5367 nullus
3138 5323 3225 5364 me
3250 5319 3563 5379 operantem
3589 5324 3712 5366 sua.

475 5409 715 5477 Domine,
761 5410 984 5480 imperio
1016 5419 1107 5463 tuo
1149 5425 1468 5478 promovent
1507 5410 1694 5464 nolens
1719 5411 1785 5466 de
1826 5411 2040 5466 silentio
2144 5407 2302 5460 tinuit
2330 5404 2545 5469 factum,
2577 5416 2910 5471 nequaquam
2939 5412 3040 5466 ego
3069 5399 3182 5467 ipse
3210 5413 3242 5452 a
3271 5413 3357 5454 me
3384 5398 3585 5468 portari
3628 5399 3710 5452 in-

474 5499 539 5556 ad
566 5501 843 5570 clamores,
869 5503 994 5574 quin
1017 5502 1177 5556 etiam
1203 5500 1268 5555 de
1298 5502 1480 5569 requie
1501 5501 1566 5556 ad
1586 5501 1813 5556 labores.
1837 5500 2040 5556 Tamen
2141 5496 2307 5552 latum
2335 5496 2389 5549 in
2415 5493 2648 5548 Emerita
2681 5493 2809 5547 urbe
2835 5498 2893 5546 et
2919 5488 3189 5544 Lusitania
3215 5505 3374 5544 omne
3399 5486 3524 5543 illud
3554 5501 3706 5542 scor-

543 5652 1025 5726 éCodicesRegizc
1073 5653 1418 5712 Bibliotheca
1462 5655 1660 5710 Mati-it.
1691 5663 1745 5710 ct
1788 5651 2037 5708 Ecclesia:

471 5723 674 5789 Tolet.,
705 5725 858 5791 quod.

2211 5653 2235 5690 θ’
2270 5655 2430 5710 Deest
2453 5655 2503 5709 in
2533 5648 2926 5722 exemplaribus
2949 5655 2999 5702 et
3024 5648 3230 5714 faceret.
