  <div class='ocr_page' id='page_1' title='image "/cluster/home/n/w/nwhite01/storage/ocr_20150623/80/uva.x000827068/018.png"; bbox 0 0 3874 6224; ppageno 0'>
   <div class='ocr_carea' id='block_1_1' title="bbox 222 408 3447 469">
    <p class='ocr_par' dir='ltr' id='par_1_1' title="bbox 222 408 3447 469">
     <span class='ocr_line' id='line_1_1' title="bbox 222 408 3447 469; baseline 0 -4"><span class='ocrx_word' id='word_1_1' title='bbox 222 410 271 460; x_wconf 71' lang='grc'><strong>21</strong></span> <span class='ocrx_word' id='word_1_2' title='bbox 1486 412 1825 469; x_wconf 73' lang='lat' dir='ltr'><strong>DINOTIIUS</strong></span> <span class='ocrx_word' id='word_1_3' title='bbox 1877 411 2118 467; x_wconf 72' lang='lat' dir='ltr'><strong>ABBAS.</strong></span> <span class='ocrx_word' id='word_1_4' title='bbox 3379 408 3447 456; x_wconf 69' lang='lat'><strong>&quot;-‘3</strong></span> 
     </span>
    </p>
   </div>
   <div class='ocr_carea' id='block_1_2' title="bbox 222 513 3447 584">
    <p class='ocr_par' dir='ltr' id='par_1_2' title="bbox 222 513 3447 584">
     <span class='ocr_line' id='line_1_2' title="bbox 222 513 3447 584; baseline 0 -16"><span class='ocrx_word' id='word_1_5' title='bbox 222 529 313 568; x_wconf 88' lang='lat' dir='ltr'><strong>tum</strong></span> <span class='ocrx_word' id='word_1_6' title='bbox 335 528 609 583; x_wconf 64' lang='lat' dir='ltr'><strong>tinnuluam</strong></span> <span class='ocrx_word' id='word_1_7' title='bbox 645 517 812 569; x_wconf 84' lang='lat' dir='ltr'><strong>didici</strong></span> <span class='ocrx_word' id='word_1_8' title='bbox 841 535 856 581; x_wconf 78' lang='lat'><strong>;</strong></span> <span class='ocrx_word' id='word_1_9' title='bbox 887 516 976 569; x_wconf 81' lang='lat' dir='ltr'><strong>sed</strong></span> <span class='ocrx_word' id='word_1_10' title='bbox 1006 515 1288 569; x_wconf 72' lang='lat' dir='ltr'><strong>Lusitania:</strong></span> <span class='ocrx_word' id='word_1_11' title='bbox 1318 531 1482 583; x_wconf 79' lang='lat' dir='ltr'><strong>prima</strong></span> <span class='ocrx_word' id='word_1_12' title='bbox 1512 524 1566 566; x_wconf 76' lang='lat' dir='ltr'><strong>et</strong></span> <span class='ocrx_word' id='word_1_13' title='bbox 1595 513 1773 566; x_wconf 85' lang='lat' dir='ltr'><strong>novis-</strong></span> <span class='ocrx_word' id='word_1_14' title='bbox 1800 514 2084 577; x_wconf 71' lang='lat' dir='ltr'><strong>Aattnlln,</strong></span> <span class='ocrx_word' id='word_1_15' title='bbox 2119 527 2217 568; x_wconf 89' lang='lat' dir='ltr'><strong>nec</strong></span> <span class='ocrx_word' id='word_1_16' title='bbox 2247 515 2488 581; x_wconf 81' lang='lat' dir='ltr'><strong>meritus,</strong></span> <span class='ocrx_word' id='word_1_17' title='bbox 2523 515 2628 568; x_wconf 85' lang='lat' dir='ltr'><strong>Deo</strong></span> <span class='ocrx_word' id='word_1_18' title='bbox 2661 516 2796 568; x_wconf 82' lang='lat' dir='ltr'><strong>bona</strong></span> <span class='ocrx_word' id='word_1_19' title='bbox 2845 515 3085 581; x_wconf 86' lang='lat' dir='ltr'><strong>donanti,</strong></span> <span class='ocrx_word' id='word_1_20' title='bbox 3117 516 3208 582; x_wconf 83' lang='lat' dir='ltr'><strong>qui</strong></span> <span class='ocrx_word' id='word_1_21' title='bbox 3253 517 3447 584; x_wconf 79' lang='lat' dir='ltr'><strong>impro-</strong></span> 
     </span>
    </p>
   </div>
   <div class='ocr_carea' id='block_1_3' title="bbox 221 602 1771 673">
    <p class='ocr_par' dir='ltr' id='par_1_3' title="bbox 221 602 1771 673">
     <span class='ocr_line' id='line_1_3' title="bbox 221 602 1771 673; baseline -0.003 -15"><span class='ocrx_word' id='word_1_22' title='bbox 221 608 328 658; x_wconf 75' lang='lat' dir='ltr'><strong>sisia</strong></span> <span class='ocrx_word' id='word_1_23' title='bbox 373 606 607 673; x_wconf 85' lang='lat' dir='ltr'><strong>mihique</strong></span> <span class='ocrx_word' id='word_1_24' title='bbox 664 607 968 673; x_wconf 89' lang='lat' dir='ltr'><strong>permansit</strong></span> <span class='ocrx_word' id='word_1_25' title='bbox 1020 606 1215 673; x_wconf 73' lang='lat' dir='ltr'><strong>coniux</strong></span> <span class='ocrx_word' id='word_1_26' title='bbox 1268 620 1368 658; x_wconf 89' lang='lat' dir='ltr'><strong>una</strong></span> <span class='ocrx_word' id='word_1_27' title='bbox 1429 602 1574 656; x_wconf 86' lang='lat' dir='ltr'><strong>fatali</strong></span> <span class='ocrx_word' id='word_1_28' title='bbox 1625 610 1771 656; x_wconf 83' lang='lat' dir='ltr'><strong>sorte</strong></span> 
     </span>
    </p>
   </div>
   <div class='ocr_carea' id='block_1_4' title="bbox 220 695 1771 764">
    <p class='ocr_par' dir='ltr' id='par_1_4' title="bbox 220 695 1771 764">
     <span class='ocr_line' id='line_1_4' title="bbox 220 695 1771 764; baseline -0.003 -16"><span class='ocrx_word' id='word_1_29' title='bbox 220 703 365 748; x_wconf 84' lang='lat' dir='ltr'><strong>morte</strong></span> <span class='ocrx_word' id='word_1_30' title='bbox 389 695 707 748; x_wconf 77' lang='lat' dir='ltr'><strong>transmissa</strong></span> <span class='ocrx_word' id='word_1_31' title='bbox 737 713 751 758; x_wconf 89' lang='lat'><strong>;</strong></span> <span class='ocrx_word' id='word_1_32' title='bbox 782 710 954 764; x_wconf 88' lang='lat' dir='ltr'><strong>neque</strong></span> <span class='ocrx_word' id='word_1_33' title='bbox 980 695 1135 759; x_wconf 81' lang='lat' dir='ltr'><strong>decet</strong></span> <span class='ocrx_word' id='word_1_34' title='bbox 1165 707 1187 731; x_wconf 79' lang='lat'><em>&quot;</em></span> <span class='ocrx_word' id='word_1_35' title='bbox 1234 695 1546 760; x_wconf 76' lang='lat' dir='ltr'><strong>cujusquam</strong></span> <span class='ocrx_word' id='word_1_36' title='bbox 1575 701 1631 744; x_wconf 78' lang='lat' dir='ltr'><strong>et</strong></span> <span class='ocrx_word' id='word_1_37' title='bbox 1661 707 1771 744; x_wconf 90' lang='lat' dir='ltr'><strong>mo-</strong></span> 
     </span>
    </p>
   </div>
   <div class='ocr_carea' id='block_1_5' title="bbox 220 781 1775 847">
    <p class='ocr_par' dir='ltr' id='par_1_5' title="bbox 220 781 1775 847">
     <span class='ocr_line' id='line_1_5' title="bbox 220 781 1775 847; baseline -0.002 -10"><span class='ocrx_word' id='word_1_38' title='bbox 220 785 394 839; x_wconf 78' lang='lat' dir='ltr'><strong>nachus</strong></span> <span class='ocrx_word' id='word_1_39' title='bbox 419 782 632 838; x_wconf 83' lang='lat' dir='ltr'><strong>iabieus</strong></span> <span class='ocrx_word' id='word_1_40' title='bbox 661 785 848 840; x_wconf 87' lang='lat' dir='ltr'><strong>denuo</strong></span> <span class='ocrx_word' id='word_1_41' title='bbox 889 787 1078 840; x_wconf 82' lang='lat' dir='ltr'><strong>mulier</strong></span> <span class='ocrx_word' id='word_1_42' title='bbox 1107 799 1205 838; x_wconf 88' lang='lat' dir='ltr'><strong>nec</strong></span> <span class='ocrx_word' id='word_1_43' title='bbox 1255 783 1390 835; x_wconf 80' lang='lat' dir='ltr'><strong>labia</strong></span> <span class='ocrx_word' id='word_1_44' title='bbox 1435 796 1552 834; x_wconf 79' lang='lat' dir='ltr'><strong>mea</strong></span> <span class='ocrx_word' id='word_1_45' title='bbox 1601 781 1775 847; x_wconf 77' lang='lat' dir='ltr'><strong>tetigit</strong></span> 
     </span>
    </p>
   </div>
   <div class='ocr_carea' id='block_1_6' title="bbox 216 870 1774 938">
    <p class='ocr_par' dir='ltr' id='par_1_6' title="bbox 216 870 1774 938">
     <span class='ocr_line' id='line_1_6' title="bbox 216 870 1774 938; baseline 0.001 -16"><span class='ocrx_word' id='word_1_46' title='bbox 216 872 388 926; x_wconf 57' lang='lat' dir='ltr'><strong>iaculo.</strong></span> <span class='ocrx_word' id='word_1_47' title='bbox 417 870 484 925; x_wconf 78' lang='lat' dir='ltr'><strong>Et</strong></span> <span class='ocrx_word' id='word_1_48' title='bbox 514 882 575 926; x_wconf 91' lang='lat' dir='ltr'><strong>ut</strong></span> <span class='ocrx_word' id='word_1_49' title='bbox 599 873 833 930; x_wconf 79' lang='lat' dir='ltr'><strong>solidius</strong></span> <span class='ocrx_word' id='word_1_50' title='bbox 878 875 1024 930; x_wconf 79' lang='lat' dir='ltr'><strong>dictu</strong></span> <span class='ocrx_word' id='word_1_51' title='bbox 1052 872 1338 928; x_wconf 77' lang='lat' dir='ltr'><strong>credantur</strong></span> <span class='ocrx_word' id='word_1_52' title='bbox 1365 870 1565 933; x_wconf 89' lang='lat' dir='ltr'><strong>audita,</strong></span> <span class='ocrx_word' id='word_1_53' title='bbox 1597 872 1774 938; x_wconf 78' lang='lat' dir='ltr'><strong>profe-</strong></span> 
     </span>
    </p>
   </div>
   <div class='ocr_carea' id='block_1_7' title="bbox 217 960 1770 1035">
    <p class='ocr_par' dir='ltr' id='par_1_7' title="bbox 217 960 1770 1035">
     <span class='ocr_line' id='line_1_7' title="bbox 217 960 1770 1035; baseline -0.002 -20"><span class='ocrx_word' id='word_1_54' title='bbox 217 967 466 1016; x_wconf 85' lang='lat' dir='ltr'><strong>rotestem</strong></span> <span class='ocrx_word' id='word_1_55' title='bbox 518 961 742 1018; x_wconf 76' lang='lat' dir='ltr'><strong>ﬁdelem</strong></span> <span class='ocrx_word' id='word_1_56' title='bbox 798 970 1112 1035; x_wconf 67' lang='lat' dir='ltr'><strong>praesentem</strong></span> <span class='ocrx_word' id='word_1_57' title='bbox 1161 975 1268 1028; x_wconf 91' lang='lat' dir='ltr'><strong>quo</strong></span> <span class='ocrx_word' id='word_1_58' title='bbox 1319 975 1532 1026; x_wconf 83' lang='lat' dir='ltr'><strong>semper</strong></span> <span class='ocrx_word' id='word_1_59' title='bbox 1583 960 1770 1012; x_wconf 82' lang='lat' dir='ltr'><strong>laboro</strong></span> 
     </span>
    </p>
   </div>
   <div class='ocr_carea' id='block_1_8' title="bbox 214 1049 1760 1120">
    <p class='ocr_par' dir='ltr' id='par_1_8' title="bbox 214 1049 1760 1120">
     <span class='ocr_line' id='line_1_8' title="bbox 214 1049 1760 1120; baseline -0.004 -14"><span class='ocrx_word' id='word_1_60' title='bbox 214 1061 418 1106; x_wconf 75' lang='lat' dir='ltr'><strong>stantem</strong></span> <span class='ocrx_word' id='word_1_61' title='bbox 439 1067 532 1120; x_wconf 85' lang='lat' dir='ltr'><strong>per</strong></span> <span class='ocrx_word' id='word_1_62' title='bbox 558 1052 785 1110; x_wconf 79' lang='lat' dir='ltr'><strong>Patrem</strong></span> <span class='ocrx_word' id='word_1_63' title='bbox 811 1062 868 1110; x_wconf 87' lang='lat' dir='ltr'><strong>et</strong></span> <span class='ocrx_word' id='word_1_64' title='bbox 913 1055 1104 1108; x_wconf 78' lang='lat' dir='ltr'><strong>Natum</strong></span> <span class='ocrx_word' id='word_1_65' title='bbox 1133 1060 1187 1104; x_wconf 89' lang='lat' dir='ltr'><strong>et</strong></span> <span class='ocrx_word' id='word_1_66' title='bbox 1215 1049 1471 1118; x_wconf 77' lang='lat' dir='ltr'><strong>Spiritum</strong></span> <span class='ocrx_word' id='word_1_67' title='bbox 1499 1057 1760 1114; x_wconf 86' lang='lat' dir='ltr'><strong>sanctum,</strong></span> 
     </span>
    </p>
   </div>
   <div class='ocr_carea' id='block_1_9' title="bbox 215 1139 1768 1213">
    <p class='ocr_par' dir='ltr' id='par_1_9' title="bbox 215 1139 1768 1213">
     <span class='ocr_line' id='line_1_9' title="bbox 215 1139 1768 1213; baseline -0.001 -18"><span class='ocrx_word' id='word_1_68' title='bbox 215 1153 291 1207; x_wconf 74' lang='lat' dir='ltr'><strong>rer</strong></span> <span class='ocrx_word' id='word_1_69' title='bbox 312 1139 582 1197; x_wconf 73' lang='lat' dir='ltr'><strong>dexteram</strong></span> <span class='ocrx_word' id='word_1_70' title='bbox 613 1161 775 1200; x_wconf 85' lang='lat' dir='ltr'><strong>suam</strong></span> <span class='ocrx_word' id='word_1_71' title='bbox 801 1160 904 1213; x_wconf 90' lang='lat' dir='ltr'><strong>qua</strong></span> <span class='ocrx_word' id='word_1_72' title='bbox 926 1150 1141 1197; x_wconf 79' lang='lat' dir='ltr'><strong>sanctos</strong></span> <span class='ocrx_word' id='word_1_73' title='bbox 1168 1150 1411 1206; x_wconf 91' lang='lat' dir='ltr'><strong>coronat,</strong></span> <span class='ocrx_word' id='word_1_74' title='bbox 1439 1150 1494 1194; x_wconf 90' lang='lat' dir='ltr'><strong>et</strong></span> <span class='ocrx_word' id='word_1_75' title='bbox 1523 1139 1768 1193; x_wconf 82' lang='lat' dir='ltr'><strong>cardines</strong></span> 
     </span>
    </p>
   </div>
   <div class='ocr_carea' id='block_1_10' title="bbox 214 1228 1769 1303">
    <p class='ocr_par' dir='ltr' id='par_1_10' title="bbox 214 1228 1769 1303">
     <span class='ocr_line' id='line_1_10' title="bbox 214 1228 1769 1303; baseline 0.001 -21"><span class='ocrx_word' id='word_1_76' title='bbox 214 1228 311 1283; x_wconf 72' lang='lat' dir='ltr'><strong>ccli</strong></span> <span class='ocrx_word' id='word_1_77' title='bbox 334 1238 383 1284; x_wconf 92' lang='lat' dir='ltr'><strong>et</strong></span> <span class='ocrx_word' id='word_1_78' title='bbox 410 1229 675 1288; x_wconf 78' lang='lat' dir='ltr'><strong>fabricam</strong></span> <span class='ocrx_word' id='word_1_79' title='bbox 704 1233 910 1298; x_wconf 87' lang='lat' dir='ltr'><strong>mundi,</strong></span> <span class='ocrx_word' id='word_1_80' title='bbox 936 1232 1080 1303; x_wconf 91' lang='lat' dir='ltr'><strong>quod</strong></span> <span class='ocrx_word' id='word_1_81' title='bbox 1110 1232 1221 1301; x_wconf 84' lang='lat' dir='ltr'><strong>ipse</strong></span> <span class='ocrx_word' id='word_1_82' title='bbox 1247 1231 1444 1284; x_wconf 77' lang='lat' dir='ltr'><strong>virtute</strong></span> <span class='ocrx_word' id='word_1_83' title='bbox 1497 1230 1769 1298; x_wconf 88' lang='lat' dir='ltr'><strong>verboque</strong></span> 
     </span>
    </p>
   </div>
   <div class='ocr_carea' id='block_1_11' title="bbox 215 1321 1767 1394">
    <p class='ocr_par' dir='ltr' id='par_1_11' title="bbox 215 1321 1767 1394">
     <span class='ocr_line' id='line_1_11' title="bbox 215 1321 1767 1394; baseline 0.005 -23"><span class='ocrx_word' id='word_1_84' title='bbox 215 1321 438 1387; x_wconf 63' lang='lat' dir='ltr'><strong>fundavit,</strong></span> <span class='ocrx_word' id='word_1_85' title='bbox 490 1325 642 1392; x_wconf 86' lang='lat' dir='ltr'><strong>quod</strong></span> <span class='ocrx_word' id='word_1_86' title='bbox 695 1326 889 1394; x_wconf 75' lang='lat' dir='ltr'><strong>pagina</strong></span> <span class='ocrx_word' id='word_1_87' title='bbox 939 1339 1192 1393; x_wconf 66' lang='lat' dir='ltr'><strong>prtesens,</strong></span> <span class='ocrx_word' id='word_1_88' title='bbox 1239 1337 1506 1393; x_wconf 85' lang='lat' dir='ltr'><strong>omneque</strong></span> <span class='ocrx_word' id='word_1_89' title='bbox 1555 1331 1767 1378; x_wconf 81' lang='lat' dir='ltr'><strong>tasatus</strong></span> 
     </span>
    </p>
   </div>
   <div class='ocr_carea' id='block_1_12' title="bbox 214 1407 1767 1485">
    <p class='ocr_par' dir='ltr' id='par_1_12' title="bbox 214 1407 1767 1485">
     <span class='ocr_line' id='line_1_12' title="bbox 214 1407 1767 1485; baseline 0.005 -25"><span class='ocrx_word' id='word_1_90' title='bbox 214 1407 384 1478; x_wconf 52' lang='lat' dir='ltr'><strong>(Forte,</strong></span> <span class='ocrx_word' id='word_1_91' title='bbox 431 1413 750 1485; x_wconf 79' lang='lat' dir='ltr'><strong>tantum],</strong></span> <span class='ocrx_word' id='word_1_92' title='bbox 781 1431 879 1471; x_wconf 91' lang='lat' dir='ltr'><strong>nec</strong></span> <span class='ocrx_word' id='word_1_93' title='bbox 923 1414 1109 1470; x_wconf 79' lang='lat' dir='ltr'><strong>fraude</strong></span> <span class='ocrx_word' id='word_1_94' title='bbox 1153 1414 1484 1480; x_wconf 84' lang='lat' dir='ltr'><strong>frustratum,</strong></span> <span class='ocrx_word' id='word_1_95' title='bbox 1514 1422 1767 1470; x_wconf 78' lang='lat' dir='ltr'><strong>testatum</strong></span> 
     </span>
    </p>
   </div>
   <div class='ocr_carea' id='block_1_13' title="bbox 214 1498 1769 1566">
    <p class='ocr_par' dir='ltr' id='par_1_13' title="bbox 214 1498 1769 1566">
     <span class='ocr_line' id='line_1_13' title="bbox 214 1498 1769 1566; baseline 0.001 -10"><span class='ocrx_word' id='word_1_96' title='bbox 214 1513 288 1566; x_wconf 73' lang='lat' dir='ltr'><strong>per</strong></span> <span class='ocrx_word' id='word_1_97' title='bbox 312 1498 573 1557; x_wconf 83' lang='lat' dir='ltr'><strong>Christum</strong></span> <span class='ocrx_word' id='word_1_98' title='bbox 613 1502 805 1561; x_wconf 79' lang='lat' dir='ltr'><strong>Jcsum</strong></span> <span class='ocrx_word' id='word_1_99' title='bbox 837 1505 1119 1561; x_wconf 88' lang='lat' dir='ltr'><strong>Dominum</strong></span> <span class='ocrx_word' id='word_1_100' title='bbox 1148 1513 1388 1559; x_wconf 89' lang='lat' dir='ltr'><strong>nostrum</strong></span> <span class='ocrx_word' id='word_1_101' title='bbox 1415 1523 1428 1557; x_wconf 89' lang='lat'><strong>:</strong></span> <span class='ocrx_word' id='word_1_102' title='bbox 1455 1505 1550 1559; x_wconf 87' lang='lat' dir='ltr'><strong>sed</strong></span> <span class='ocrx_word' id='word_1_103' title='bbox 1578 1503 1769 1559; x_wconf 85' lang='lat' dir='ltr'><strong>laudes</strong></span> 
     </span>
    </p>
   </div>
   <div class='ocr_carea' id='block_1_14' title="bbox 263 1629 1450 1704">
    <p class='ocr_par' dir='ltr' id='par_1_14' title="bbox 263 1629 1450 1704">
     <span class='ocr_line' id='line_1_14' title="bbox 263 1629 1450 1704; baseline 0.002 -20"><span class='ocrx_word' id='word_1_104' title='bbox 263 1637 284 1663; x_wconf 82' lang='grc'><strong>⁸</strong></span> <span class='ocrx_word' id='word_1_105' title='bbox 311 1629 364 1686; x_wconf 78' lang='lat' dir='ltr'><strong>lu</strong></span> <span class='ocrx_word' id='word_1_106' title='bbox 391 1633 580 1694; x_wconf 77' lang='lat' dir='ltr'><strong>codice</strong></span> <span class='ocrx_word' id='word_1_107' title='bbox 611 1635 752 1704; x_wconf 73' lang='lat' dir='ltr'><strong>Reg.</strong></span> <span class='ocrx_word' id='word_1_108' title='bbox 784 1636 921 1690; x_wconf 84' lang='lat' dir='ltr'><strong>Bibl.</strong></span> <span class='ocrx_word' id='word_1_109' title='bbox 950 1635 1148 1688; x_wconf 71' lang='lat' dir='ltr'><strong>Matrit.</strong></span> <span class='ocrx_word' id='word_1_110' title='bbox 1175 1652 1268 1688; x_wconf 85' lang='lat' dir='ltr'><strong>nec</strong></span> <span class='ocrx_word' id='word_1_111' title='bbox 1297 1629 1450 1689; x_wconf 73' lang='lat' dir='ltr'><strong>desii.</strong></span> 
     </span>
    </p>
   </div>
   <div class='ocr_carea' id='block_1_15' title="bbox 1879 605 3449 677">
    <p class='ocr_par' dir='ltr' id='par_1_15' title="bbox 1879 605 3449 677">
     <span class='ocr_line' id='line_1_15' title="bbox 1879 605 3449 677; baseline 0.001 -20"><span class='ocrx_word' id='word_1_112' title='bbox 1879 615 2033 674; x_wconf 80' lang='lat' dir='ltr'><strong>perat</strong></span> <span class='ocrx_word' id='word_1_113' title='bbox 2069 606 2218 672; x_wconf 88' lang='lat' dir='ltr'><strong>nulli,</strong></span> <span class='ocrx_word' id='word_1_114' title='bbox 2251 617 2305 663; x_wconf 91' lang='lat' dir='ltr'><strong>et</strong></span> <span class='ocrx_word' id='word_1_115' title='bbox 2333 609 2448 677; x_wconf 85' lang='lat' dir='ltr'><strong>ipse</strong></span> <span class='ocrx_word' id='word_1_116' title='bbox 2494 609 2736 676; x_wconf 85' lang='lat' dir='ltr'><strong>pulsetur</strong></span> <span class='ocrx_word' id='word_1_117' title='bbox 2765 616 2821 661; x_wconf 95' lang='lat' dir='ltr'><strong>ut</strong></span> <span class='ocrx_word' id='word_1_118' title='bbox 2849 609 3057 664; x_wconf 87' lang='lat' dir='ltr'><strong>vinctos</strong></span> <span class='ocrx_word' id='word_1_119' title='bbox 3083 605 3345 668; x_wconf 84' lang='lat' dir='ltr'><strong>absolvat,</strong></span> <span class='ocrx_word' id='word_1_120' title='bbox 3393 619 3449 660; x_wconf 85' lang='lat' dir='ltr'><strong>et</strong></span> 
     </span>
    </p>
   </div>
   <div class='ocr_carea' id='block_1_16' title="bbox 1878 696 3455 766">
    <p class='ocr_par' dir='ltr' id='par_1_16' title="bbox 1878 696 3455 766">
     <span class='ocr_line' id='line_1_16' title="bbox 1878 696 3455 766; baseline -0.001 -18"><span class='ocrx_word' id='word_1_121' title='bbox 1878 711 2014 764; x_wconf 87' lang='lat' dir='ltr'><strong>quos</strong></span> <span class='ocrx_word' id='word_1_122' title='bbox 2048 696 2302 750; x_wconf 77' lang='lat' dir='ltr'><strong>hactenus</strong></span> <span class='ocrx_word' id='word_1_123' title='bbox 2329 707 2507 752; x_wconf 84' lang='lat' dir='ltr'><strong>servat</strong></span> <span class='ocrx_word' id='word_1_124' title='bbox 2532 698 2744 752; x_wconf 72' lang='lat' dir='ltr'><strong>inlzesos</strong></span> <span class='ocrx_word' id='word_1_125' title='bbox 2783 697 3036 766; x_wconf 84' lang='lat' dir='ltr'><strong>perducat</strong></span> <span class='ocrx_word' id='word_1_126' title='bbox 3086 698 3152 753; x_wconf 89' lang='lat' dir='ltr'><strong>ad</strong></span> <span class='ocrx_word' id='word_1_127' title='bbox 3184 697 3328 752; x_wconf 90' lang='lat' dir='ltr'><strong>illam</strong></span> <span class='ocrx_word' id='word_1_128' title='bbox 3355 713 3455 762; x_wconf 80' lang='lat' dir='ltr'><strong>pa-</strong></span> 
     </span>
    </p>
   </div>
   <div class='ocr_carea' id='block_1_17' title="bbox 1879 785 3452 859">
    <p class='ocr_par' dir='ltr' id='par_1_17' title="bbox 1879 785 3452 859">
     <span class='ocr_line' id='line_1_17' title="bbox 1879 785 3452 859; baseline 0.001 -22"><span class='ocrx_word' id='word_1_129' title='bbox 1879 787 2033 839; x_wconf 85' lang='lat' dir='ltr'><strong>triam</strong></span> <span class='ocrx_word' id='word_1_130' title='bbox 2064 802 2253 841; x_wconf 85' lang='lat' dir='ltr'><strong>novam</strong></span> <span class='ocrx_word' id='word_1_131' title='bbox 2279 805 2291 840; x_wconf 88' lang='lat'><strong>:</strong></span> <span class='ocrx_word' id='word_1_132' title='bbox 2325 789 2439 842; x_wconf 68' lang='lat' dir='ltr'><strong>limc</strong></span> <span class='ocrx_word' id='word_1_133' title='bbox 2466 788 2670 859; x_wconf 68' lang='lat' dir='ltr'><strong>lForte,</strong></span> <span class='ocrx_word' id='word_1_134' title='bbox 2703 785 2785 857; x_wconf 84' lang='lat' dir='ltr'><strong>ac]</strong></span> <span class='ocrx_word' id='word_1_135' title='bbox 2827 788 3153 855; x_wconf 86' lang='lat' dir='ltr'><strong>temporibus</strong></span> <span class='ocrx_word' id='word_1_136' title='bbox 3183 787 3307 850; x_wconf 88' lang='lat' dir='ltr'><strong>tuis,</strong></span> <span class='ocrx_word' id='word_1_137' title='bbox 3335 788 3452 853; x_wconf 80' lang='lat' dir='ltr'><strong>glo-</strong></span> 
     </span>
    </p>
   </div>
   <div class='ocr_carea' id='block_1_18' title="bbox 1879 876 3452 946">
    <p class='ocr_par' dir='ltr' id='par_1_18' title="bbox 1879 876 3452 946">
     <span class='ocr_line' id='line_1_18' title="bbox 1879 876 3452 946; baseline 0.001 -18"><span class='ocrx_word' id='word_1_138' title='bbox 1879 876 2170 931; x_wconf 71' lang='lat' dir='ltr'><strong>riosissime</strong></span> <span class='ocrx_word' id='word_1_139' title='bbox 2200 878 2469 946; x_wconf 83' lang='lat' dir='ltr'><strong>princeps,</strong></span> <span class='ocrx_word' id='word_1_140' title='bbox 2499 877 2742 932; x_wconf 69' lang='lat' dir='ltr'><strong>laetentur</strong></span> <span class='ocrx_word' id='word_1_141' title='bbox 2769 877 2984 940; x_wconf 85' lang='lat' dir='ltr'><strong>emersi,</strong></span> <span class='ocrx_word' id='word_1_142' title='bbox 3009 876 3279 930; x_wconf 83' lang='lat' dir='ltr'><strong>fraudibus</strong></span> <span class='ocrx_word' id='word_1_143' title='bbox 3300 891 3452 944; x_wconf 88' lang='lat' dir='ltr'><strong>pres-</strong></span> 
     </span>
    </p>
   </div>
   <div class='ocr_carea' id='block_1_19' title="bbox 1876 968 3452 1039">
    <p class='ocr_par' dir='ltr' id='par_1_19' title="bbox 1876 968 3452 1039">
     <span class='ocr_line' id='line_1_19' title="bbox 1876 968 3452 1039; baseline 0.001 -19"><span class='ocrx_word' id='word_1_144' title='bbox 1876 969 1942 1030; x_wconf 96' lang='lat' dir='ltr'><strong>si,</strong></span> <span class='ocrx_word' id='word_1_145' title='bbox 2001 968 2292 1037; x_wconf 88' lang='lat' dir='ltr'><strong>fraudequc</strong></span> <span class='ocrx_word' id='word_1_146' title='bbox 2338 970 2503 1022; x_wconf 85' lang='lat' dir='ltr'><strong>erecti</strong></span> <span class='ocrx_word' id='word_1_147' title='bbox 2549 968 2836 1024; x_wconf 70' lang='lat' dir='ltr'><strong>irmnentur</strong></span> <span class='ocrx_word' id='word_1_148' title='bbox 2865 969 3118 1039; x_wconf 78' lang='lat' dir='ltr'><strong>repressi,</strong></span> <span class='ocrx_word' id='word_1_149' title='bbox 3150 978 3210 1023; x_wconf 92' lang='lat' dir='ltr'><strong>ut</strong></span> <span class='ocrx_word' id='word_1_150' title='bbox 3247 969 3452 1036; x_wconf 76' lang='lat' dir='ltr'><strong>legibus</strong></span> 
     </span>
    </p>
   </div>
   <div class='ocr_carea' id='block_1_20' title="bbox 1875 1057 3452 1130">
    <p class='ocr_par' dir='ltr' id='par_1_20' title="bbox 1875 1057 3452 1130">
     <span class='ocr_line' id='line_1_20' title="bbox 1875 1057 3452 1130; baseline -0.002 -18"><span class='ocrx_word' id='word_1_151' title='bbox 1875 1057 2070 1114; x_wconf 62' lang='lat' dir='ltr'><strong>Christi</strong></span> <span class='ocrx_word' id='word_1_152' title='bbox 2103 1060 2314 1130; x_wconf 82' lang='lat' dir='ltr'><strong>utrique</strong></span> <span class='ocrx_word' id='word_1_153' title='bbox 2354 1058 2545 1127; x_wconf 85' lang='lat' dir='ltr'><strong>juvati,</strong></span> <span class='ocrx_word' id='word_1_154' title='bbox 2598 1061 2779 1116; x_wconf 86' lang='lat' dir='ltr'><strong>abbati</strong></span> <span class='ocrx_word' id='word_1_155' title='bbox 2807 1068 3095 1116; x_wconf 86' lang='lat' dir='ltr'><strong>occurrant</strong></span> <span class='ocrx_word' id='word_1_156' title='bbox 3133 1059 3197 1112; x_wconf 88' lang='lat' dir='ltr'><strong>ad</strong></span> <span class='ocrx_word' id='word_1_157' title='bbox 3239 1066 3452 1126; x_wconf 68' lang='lat' dir='ltr'><strong>nupt.as</strong></span> 
     </span>
    </p>
   </div>
   <div class='ocr_carea' id='block_1_21' title="bbox 1875 1146 3450 1216">
    <p class='ocr_par' dir='ltr' id='par_1_21' title="bbox 1875 1146 3450 1216">
     <span class='ocr_line' id='line_1_21' title="bbox 1875 1146 3450 1216; baseline -0.002 -16"><span class='ocrx_word' id='word_1_158' title='bbox 1875 1148 2017 1214; x_wconf 74' lang='lat' dir='ltr'><strong>agni,</strong></span> <span class='ocrx_word' id='word_1_159' title='bbox 2047 1162 2166 1216; x_wconf 70' lang='lat' dir='ltr'><strong>qua:</strong></span> <span class='ocrx_word' id='word_1_160' title='bbox 2210 1146 2505 1215; x_wconf 74' lang='lat' dir='ltr'><strong>troplimum</strong></span> <span class='ocrx_word' id='word_1_161' title='bbox 2538 1162 2757 1200; x_wconf 87' lang='lat' dir='ltr'><strong>aureum</strong></span> <span class='ocrx_word' id='word_1_162' title='bbox 2791 1157 2971 1214; x_wconf 83' lang='lat' dir='ltr'><strong>parcat</strong></span> <span class='ocrx_word' id='word_1_163' title='bbox 3015 1155 3278 1209; x_wconf 84' lang='lat' dir='ltr'><strong>vestrum,</strong></span> <span class='ocrx_word' id='word_1_164' title='bbox 3331 1155 3450 1214; x_wconf 73' lang='lat' dir='ltr'><strong>po.~t</strong></span> 
     </span>
    </p>
   </div>
   <div class='ocr_carea' id='block_1_22' title="bbox 1877 1235 3453 1309">
    <p class='ocr_par' dir='ltr' id='par_1_22' title="bbox 1877 1235 3453 1309">
     <span class='ocr_line' id='line_1_22' title="bbox 1877 1235 3453 1309; baseline -0.003 -17"><span class='ocrx_word' id='word_1_165' title='bbox 1877 1247 2060 1294; x_wconf 89' lang='lat' dir='ltr'><strong>vestro</strong></span> <span class='ocrx_word' id='word_1_166' title='bbox 2093 1239 2278 1308; x_wconf 89' lang='lat' dir='ltr'><strong>procul</strong></span> <span class='ocrx_word' id='word_1_167' title='bbox 2308 1253 2339 1292; x_wconf 90' lang='lat' dir='ltr'><strong>a</strong></span> <span class='ocrx_word' id='word_1_168' title='bbox 2370 1237 2523 1306; x_wconf 63' lang='lat' dir='ltr'><strong>libs.</strong></span> <span class='ocrx_word' id='word_1_169' title='bbox 2556 1238 2645 1309; x_wconf 85' lang='lat' dir='ltr'><strong>ad]</strong></span> <span class='ocrx_word' id='word_1_170' title='bbox 2677 1251 2866 1305; x_wconf 77' lang='lat' dir='ltr'><strong>regno,</strong></span> <span class='ocrx_word' id='word_1_171' title='bbox 2889 1238 3111 1292; x_wconf 90' lang='lat' dir='ltr'><strong>Domino</strong></span> <span class='ocrx_word' id='word_1_172' title='bbox 3159 1245 3344 1292; x_wconf 89' lang='lat' dir='ltr'><strong>nostro</strong></span> <span class='ocrx_word' id='word_1_173' title='bbox 3376 1235 3453 1288; x_wconf 87' lang='lat' dir='ltr'><strong>fa-</strong></span> 
     </span>
    </p>
   </div>
   <div class='ocr_carea' id='block_1_23' title="bbox 1877 1325 3447 1384">
    <p class='ocr_par' dir='ltr' id='par_1_23' title="bbox 1877 1325 3447 1384">
     <span class='ocr_line' id='line_1_23' title="bbox 1877 1325 3447 1384; baseline -0.003 -1"><span class='ocrx_word' id='word_1_174' title='bbox 1877 1329 2142 1384; x_wconf 89' lang='lat' dir='ltr'><strong>mulemur</strong></span> <span class='ocrx_word' id='word_1_175' title='bbox 2193 1327 2386 1384; x_wconf 75' lang='lat' dir='ltr'><strong>ciiectu</strong></span> <span class='ocrx_word' id='word_1_176' title='bbox 2439 1329 2491 1382; x_wconf 82' lang='lat' dir='ltr'><strong>in</strong></span> <span class='ocrx_word' id='word_1_177' title='bbox 2547 1326 2763 1384; x_wconf 88' lang='lat' dir='ltr'><strong>Christo</strong></span> <span class='ocrx_word' id='word_1_178' title='bbox 2817 1325 2941 1381; x_wconf 85' lang='lat' dir='ltr'><strong>Jcsu</strong></span> <span class='ocrx_word' id='word_1_179' title='bbox 2989 1326 3214 1382; x_wconf 84' lang='lat' dir='ltr'><strong>Domino</strong></span> <span class='ocrx_word' id='word_1_180' title='bbox 3242 1333 3447 1381; x_wconf 85' lang='lat' dir='ltr'><strong>nostro.</strong></span> 
     </span>
    </p>
   </div>
   <div class='ocr_carea' id='block_1_24' title="bbox 1878 1419 2068 1474">
    <p class='ocr_par' dir='ltr' id='par_1_24' title="bbox 1878 1419 2068 1474">
     <span class='ocr_line' id='line_1_24' title="bbox 1878 1419 2068 1474; baseline -0.005 -1"><span class='ocrx_word' id='word_1_181' title='bbox 1878 1419 2068 1474; x_wconf 83' lang='lat' dir='ltr'><strong>Amen.</strong></span> 
     </span>
    </p>
   </div>
   <div class='ocr_carea' id='block_1_25' title="bbox 251 1712 3449 1766">
    <p class='ocr_par' dir='ltr' id='par_1_25' title="bbox 251 1712 3449 1766">
     <span class='ocr_line' id='line_1_25' title="bbox 251 1712 3449 1766; baseline -0.001 -6"><span class='ocrx_word' id='word_1_182' title='bbox 251 1712 3449 1766; x_wconf 46' lang='grc' dir='ltr'><strong>,ΞΜ</strong></span> 
     </span>
    </p>
   </div>
   <div class='ocr_carea' id='block_1_26' title="bbox 1527 1820 2115 1875">
    <p class='ocr_par' dir='ltr' id='par_1_26' title="bbox 1527 1820 2115 1875">
     <span class='ocr_line' id='line_1_26' title="bbox 1527 1820 2115 1875; baseline 0 -8"><span class='ocrx_word' id='word_1_183' title='bbox 1527 1822 1696 1868; x_wconf 67' lang='lat' dir='ltr'><strong>ANNO</strong></span> <span class='ocrx_word' id='word_1_184' title='bbox 1740 1820 1970 1870; x_wconf 70' lang='lat' dir='ltr'><strong>DOMINI</strong></span> <span class='ocrx_word' id='word_1_185' title='bbox 2012 1825 2115 1875; x_wconf 79' lang='lat' dir='ltr'><strong>DC.</strong></span> 
     </span>
    </p>
   </div>
   <div class='ocr_carea' id='block_1_27' title="bbox 665 1909 2912 2079">
    <p class='ocr_par' dir='ltr' id='par_1_27' title="bbox 665 1909 2912 2079">
     <span class='ocr_line' id='line_1_27' title="bbox 665 1909 2912 2079; baseline -0.002 -4"><span class='ocrx_word' id='word_1_186' title='bbox 665 1918 1892 2079; x_wconf 80' lang='lat' dir='ltr'><strong>DINOTHUS</strong></span> <span class='ocrx_word' id='word_1_187' title='bbox 2102 1909 2912 2072; x_wconf 82' lang='lat' dir='ltr'><strong>ABBAS.</strong></span> 
     </span>
    </p>
   </div>
   <div class='ocr_carea' id='block_1_28' title="bbox 471 2260 3105 2351">
    <p class='ocr_par' dir='ltr' id='par_1_28' title="bbox 471 2260 3105 2351">
     <span class='ocr_line' id='line_1_28' title="bbox 471 2260 3105 2351; baseline 0.003 -11"><span class='ocrx_word' id='word_1_188' title='bbox 471 2260 955 2342; x_wconf 82' lang='lat' dir='ltr'><strong>NOTITIA</strong></span> <span class='ocrx_word' id='word_1_189' title='bbox 994 2262 1621 2348; x_wconf 80' lang='lat' dir='ltr'><strong>HISTORICA</strong></span> <span class='ocrx_word' id='word_1_190' title='bbox 1669 2265 1795 2348; x_wconf 87' lang='lat' dir='ltr'><strong>IN</strong></span> <span class='ocrx_word' id='word_1_191' title='bbox 1827 2267 2481 2351; x_wconf 86' lang='lat' dir='ltr'><strong>DINOTHUM</strong></span> <span class='ocrx_word' id='word_1_192' title='bbox 2529 2267 3105 2350; x_wconf 82' lang='lat' dir='ltr'><strong>ABBATEM.</strong></span> 
     </span>
    </p>
   </div>
   <div class='ocr_carea' id='block_1_29' title="bbox 1260 2440 2340 2504">
    <p class='ocr_par' dir='ltr' id='par_1_29' title="bbox 1260 2440 2340 2504">
     <span class='ocr_line' id='line_1_29' title="bbox 1260 2440 2340 2504; baseline 0.005 -15"><span class='ocrx_word' id='word_1_193' title='bbox 1260 2440 1472 2502; x_wconf 83' lang='lat' dir='ltr'><strong>(Fabric.</strong></span> <span class='ocrx_word' id='word_1_194' title='bbox 1510 2441 1739 2492; x_wconf 78' lang='lat' dir='ltr'><strong>llibliotli.</strong></span> <span class='ocrx_word' id='word_1_195' title='bbox 1776 2445 1902 2492; x_wconf 74' lang='lat' dir='ltr'><strong>med.</strong></span> <span class='ocrx_word' id='word_1_196' title='bbox 1941 2453 1991 2492; x_wconf 90' lang='lat' dir='ltr'><strong>et</strong></span> <span class='ocrx_word' id='word_1_197' title='bbox 2026 2444 2104 2493; x_wconf 85' lang='lat' dir='ltr'><strong>inf.</strong></span> <span class='ocrx_word' id='word_1_198' title='bbox 2142 2444 2340 2504; x_wconf 62' lang='lat' dir='ltr'><strong>etatis.)</strong></span> 
     </span>
    </p>
   </div>
   <div class='ocr_carea' id='block_1_30' title="bbox 255 2581 3430 2656">
    <p class='ocr_par' dir='ltr' id='par_1_30' title="bbox 255 2581 3430 2656">
     <span class='ocr_line' id='line_1_30' title="bbox 255 2581 3430 2656; baseline 0.003 -24"><span class='ocrx_word' id='word_1_199' title='bbox 255 2581 506 2647; x_wconf 80' lang='lat' dir='ltr'><strong>Dinotlius,</strong></span> <span class='ocrx_word' id='word_1_200' title='bbox 553 2581 726 2636; x_wconf 81' lang='lat' dir='ltr'><strong>abbas</strong></span> <span class='ocrx_word' id='word_1_201' title='bbox 762 2581 1248 2646; x_wconf 71' lang='lat' dir='ltr'><strong>Banuocltorensis,</strong></span> <span class='ocrx_word' id='word_1_202' title='bbox 1292 2583 1534 2639; x_wconf 85' lang='lat' dir='ltr'><strong>laudatus</strong></span> <span class='ocrx_word' id='word_1_203' title='bbox 1578 2583 1734 2637; x_wconf 68' lang='lat' dir='ltr'><strong>Beda:</strong></span> <span class='ocrx_word' id='word_1_204' title='bbox 1763 2585 1812 2644; x_wconf 80' lang='grc' dir='ltr'><strong><em>Β</em></strong></span> <span class='ocrx_word' id='word_1_205' title='bbox 1841 2586 2263 2640; x_wconf 67' lang='grc' dir='ltr'><strong>νυτιπιγιιηιιιειδο</strong></span> <span class='ocrx_word' id='word_1_206' title='bbox 2291 2595 2410 2640; x_wconf 71' lang='lat' dir='ltr'><strong>est:</strong></span> <span class='ocrx_word' id='word_1_207' title='bbox 2441 2585 2637 2640; x_wconf 75' lang='lat' dir='ltr'><strong>Notum</strong></span> <span class='ocrx_word' id='word_1_208' title='bbox 2665 2588 2755 2650; x_wconf 72' lang='lat' dir='ltr'><strong>sit,</strong></span> <span class='ocrx_word' id='word_1_209' title='bbox 2795 2597 2846 2639; x_wconf 83' lang='lat' dir='ltr'><strong>ct</strong></span> <span class='ocrx_word' id='word_1_210' title='bbox 2875 2586 3063 2656; x_wconf 87' lang='lat' dir='ltr'><strong>absque</strong></span> <span class='ocrx_word' id='word_1_211' title='bbox 3091 2586 3430 2652; x_wconf 80' lang='lat' dir='ltr'><strong>dubitatione,</strong></span> 
     </span>
    </p>
   </div>
   <div class='ocr_carea' id='block_1_31' title="bbox 202 2672 1740 2746">
    <p class='ocr_par' dir='ltr' id='par_1_31' title="bbox 202 2672 1740 2746">
     <span class='ocr_line' id='line_1_31' title="bbox 202 2672 1740 2746; baseline 0.004 -24"><span class='ocrx_word' id='word_1_212' title='bbox 202 2673 309 2726; x_wconf 75' lang='lat' dir='ltr'><strong>llist.</strong></span> <span class='ocrx_word' id='word_1_213' title='bbox 337 2673 460 2739; x_wconf 75' lang='lat' dir='ltr'><strong>Aug.</strong></span> <span class='ocrx_word' id='word_1_214' title='bbox 494 2672 588 2727; x_wconf 92' lang='lat' dir='ltr'><strong>lib.</strong></span> <span class='ocrx_word' id='word_1_215' title='bbox 645 2689 705 2738; x_wconf 87' lang='lat' dir='ltr'><strong>tt,</strong></span> <span class='ocrx_word' id='word_1_216' title='bbox 735 2690 783 2728; x_wconf 93' lang='lat' dir='ltr'><strong>c.</strong></span> <span class='ocrx_word' id='word_1_217' title='bbox 817 2673 890 2741; x_wconf 67' lang='grc' dir='ltr'><strong>Ως</strong></span> <span class='ocrx_word' id='word_1_218' title='bbox 937 2674 1052 2728; x_wconf 88' lang='lat' dir='ltr'><strong>aliis</strong></span> <span class='ocrx_word' id='word_1_219' title='bbox 1087 2673 1336 2730; x_wconf 85' lang='lat' dir='ltr'><strong>Dionotus</strong></span> <span class='ocrx_word' id='word_1_220' title='bbox 1374 2677 1617 2740; x_wconf 75' lang='lat' dir='ltr'><strong>avonius,</strong></span> <span class='ocrx_word' id='word_1_221' title='bbox 1650 2677 1740 2746; x_wconf 90' lang='lat' dir='ltr'><strong>qui</strong></span> 
     </span>
    </p>
   </div>
   <div class='ocr_carea' id='block_1_32' title="bbox 202 2763 1742 2834">
    <p class='ocr_par' dir='ltr' id='par_1_32' title="bbox 202 2763 1742 2834">
     <span class='ocr_line' id='line_1_32' title="bbox 202 2763 1742 2834; baseline 0.005 -22"><span class='ocrx_word' id='word_1_222' title='bbox 202 2764 242 2812; x_wconf 89' lang='lat' dir='ltr'><strong>in</strong></span> <span class='ocrx_word' id='word_1_223' title='bbox 267 2763 448 2830; x_wconf 81' lang='lat' dir='ltr'><strong>synodo</strong></span> <span class='ocrx_word' id='word_1_224' title='bbox 484 2763 780 2818; x_wconf 75' lang='lat' dir='ltr'><strong>Claudiana</strong></span> <span class='ocrx_word' id='word_1_225' title='bbox 814 2765 1137 2832; x_wconf 77' lang='lat' dir='ltr'><strong>Vertiorum,</strong></span> <span class='ocrx_word' id='word_1_226' title='bbox 1183 2767 1296 2820; x_wconf 86' lang='lat' dir='ltr'><strong>sive</strong></span> <span class='ocrx_word' id='word_1_227' title='bbox 1324 2767 1742 2834; x_wconf 70' lang='lat' dir='ltr'><strong>Wirgoruiemi,</strong></span> 
     </span>
    </p>
   </div>
   <div class='ocr_carea' id='block_1_33' title="bbox 201 2851 1743 2927">
    <p class='ocr_par' dir='ltr' id='par_1_33' title="bbox 201 2851 1743 2927">
     <span class='ocr_line' id='line_1_33' title="bbox 201 2851 1743 2927; baseline 0.006 -25"><span class='ocrx_word' id='word_1_228' title='bbox 201 2867 312 2903; x_wconf 71' lang='grc' dir='ltr'><strong>ωηο</strong></span> <span class='ocrx_word' id='word_1_229' title='bbox 337 2851 521 2907; x_wconf 82' lang='lat' dir='ltr'><strong>Christi</strong></span> <span class='ocrx_word' id='word_1_230' title='bbox 563 2853 692 2917; x_wconf 69' lang='lat'><strong>60!,</strong></span> <span class='ocrx_word' id='word_1_231' title='bbox 747 2858 992 2920; x_wconf 89' lang='lat' dir='ltr'><strong>traditur,</strong></span> <span class='ocrx_word' id='word_1_232' title='bbox 1041 2865 1098 2910; x_wconf 93' lang='lat' dir='ltr'><strong>ut</strong></span> <span class='ocrx_word' id='word_1_233' title='bbox 1150 2865 1235 2911; x_wconf 78' lang='lat' dir='ltr'><strong>est</strong></span> <span class='ocrx_word' id='word_1_234' title='bbox 1282 2859 1421 2927; x_wconf 79' lang='lat' dir='ltr'><strong>apud</strong></span> <span class='ocrx_word' id='word_1_235' title='bbox 1453 2857 1743 2913; x_wconf 86' lang='lat' dir='ltr'><strong>Lelandum</strong></span> 
     </span>
    </p>
   </div>
   <div class='ocr_carea' id='block_1_34' title="bbox 200 2943 1744 3016">
    <p class='ocr_par' dir='ltr' id='par_1_34' title="bbox 200 2943 1744 3016">
     <span class='ocr_line' id='line_1_34' title="bbox 200 2943 1744 3016; baseline 0.005 -22"><span class='ocrx_word' id='word_1_236' title='bbox 200 2963 236 2994; x_wconf 68' lang='grc' dir='ltr'><strong>υ.</strong></span> <span class='ocrx_word' id='word_1_237' title='bbox 264 2943 338 3006; x_wconf 64' lang='lat' dir='ltr'><strong>ti,</strong></span> <span class='ocrx_word' id='word_1_238' title='bbox 381 2949 599 3010; x_wconf 82' lang='lat' dir='ltr'><strong>copiose,</strong></span> <span class='ocrx_word' id='word_1_239' title='bbox 649 2948 894 3016; x_wconf 74' lang='lat' dir='ltr'><strong>gnaviter,</strong></span> <span class='ocrx_word' id='word_1_240' title='bbox 936 2946 1103 3012; x_wconf 87' lang='lat' dir='ltr'><strong>docte,</strong></span> <span class='ocrx_word' id='word_1_241' title='bbox 1153 2949 1218 3001; x_wconf 89' lang='lat' dir='ltr'><strong>de</strong></span> <span class='ocrx_word' id='word_1_242' title='bbox 1270 2964 1373 3001; x_wconf 88' lang='lat' dir='ltr'><strong>non</strong></span> <span class='ocrx_word' id='word_1_243' title='bbox 1419 2949 1744 3002; x_wconf 84' lang='lat' dir='ltr'><strong>admittenda</strong></span> 
     </span>
    </p>
   </div>
   <div class='ocr_carea' id='block_1_35' title="bbox 201 3030 1741 3108">
    <p class='ocr_par' dir='ltr' id='par_1_35' title="bbox 201 3030 1741 3108">
     <span class='ocr_line' id='line_1_35' title="bbox 201 3030 1741 3108; baseline 0.005 -26"><span class='ocrx_word' id='word_1_244' title='bbox 201 3030 398 3100; x_wconf 71' lang='lat' dir='ltr'><strong>Gregorii</strong></span> <span class='ocrx_word' id='word_1_245' title='bbox 446 3051 616 3103; x_wconf 73' lang='lat' dir='ltr'><strong>papa,</strong></span> <span class='ocrx_word' id='word_1_246' title='bbox 648 3046 736 3088; x_wconf 84' lang='lat' dir='ltr'><strong>aut</strong></span> <span class='ocrx_word' id='word_1_247' title='bbox 784 3037 926 3090; x_wconf 80' lang='lat' dir='ltr'><strong>missi</strong></span> <span class='ocrx_word' id='word_1_248' title='bbox 972 3036 1037 3090; x_wconf 88' lang='lat' dir='ltr'><strong>ab</strong></span> <span class='ocrx_word' id='word_1_249' title='bbox 1074 3054 1132 3092; x_wconf 87' lang='lat' dir='ltr'><strong>eo</strong></span> <span class='ocrx_word' id='word_1_250' title='bbox 1162 3038 1435 3108; x_wconf 76' lang='lat' dir='ltr'><strong>Augustini</strong></span> <span class='ocrx_word' id='word_1_251' title='bbox 1484 3038 1741 3103; x_wconf 83' lang='lat' dir='ltr'><strong>monachi,</strong></span> 
     </span>
    </p>
   </div>
   <div class='ocr_carea' id='block_1_36' title="bbox 204 3126 1745 3201">
    <p class='ocr_par' dir='ltr' id='par_1_36' title="bbox 204 3126 1745 3201">
     <span class='ocr_line' id='line_1_36' title="bbox 204 3126 1745 3201; baseline 0.008 -29"><span class='ocrx_word' id='word_1_252' title='bbox 204 3126 461 3177; x_wconf 74' lang='lat' dir='ltr'><strong>auctoritate</strong></span> <span class='ocrx_word' id='word_1_253' title='bbox 487 3126 816 3193; x_wconf 88' lang='lat' dir='ltr'><strong>disputasse;</strong></span> <span class='ocrx_word' id='word_1_254' title='bbox 861 3138 1112 3199; x_wconf 74' lang='lat' dir='ltr'><strong>prd-terea</strong></span> <span class='ocrx_word' id='word_1_255' title='bbox 1142 3130 1434 3201; x_wconf 73' lang='lat' dir='ltr'><strong>defendisse</strong></span> <span class='ocrx_word' id='word_1_256' title='bbox 1463 3131 1745 3199; x_wconf 84' lang='lat' dir='ltr'><strong>archiepis-</strong></span> 
     </span>
    </p>
   </div>
   <div class='ocr_carea' id='block_1_37' title="bbox 203 3210 1746 3285">
    <p class='ocr_par' dir='ltr' id='par_1_37' title="bbox 203 3210 1746 3285">
     <span class='ocr_line' id='line_1_37' title="bbox 203 3210 1746 3285; baseline 0.006 -25"><span class='ocrx_word' id='word_1_257' title='bbox 203 3212 292 3274; x_wconf 74' lang='lat' dir='ltr'><strong>copi</strong></span> <span class='ocrx_word' id='word_1_258' title='bbox 315 3210 620 3267; x_wconf 73' lang='lat' dir='ltr'><strong>lenevensis</strong></span> <span class='ocrx_word' id='word_1_259' title='bbox 650 3216 704 3267; x_wconf 87' lang='lat' dir='ltr'><strong>in</strong></span> <span class='ocrx_word' id='word_1_260' title='bbox 734 3214 882 3268; x_wconf 85' lang='lat' dir='ltr'><strong>rebus</strong></span> <span class='ocrx_word' id='word_1_261' title='bbox 908 3217 1270 3271; x_wconf 78' lang='lat' dir='ltr'><strong>ecclesiasticis</strong></span> <span class='ocrx_word' id='word_1_262' title='bbox 1311 3229 1610 3285; x_wconf 65' lang='lat' dir='ltr'><strong>potestatem</strong></span> <span class='ocrx_word' id='word_1_263' title='bbox 1635 3234 1653 3280; x_wconf 88' lang='lat'><strong><em>;</em></strong></span> <span class='ocrx_word' id='word_1_264' title='bbox 1691 3220 1746 3270; x_wconf 78' lang='lat' dir='ltr'><strong>in</strong></span> 
     </span>
    </p>
   </div>
   <div class='ocr_carea' id='block_1_38' title="bbox 204 3304 1743 3374">
    <p class='ocr_par' dir='ltr' id='par_1_38' title="bbox 204 3304 1743 3374">
     <span class='ocr_line' id='line_1_38' title="bbox 204 3304 1743 3374; baseline 0.005 -26"><span class='ocrx_word' id='word_1_265' title='bbox 204 3304 702 3363; x_wconf 74' lang='lat' dir='ltr'><strong>wnm,conctusisse</strong></span> <span class='ocrx_word' id='word_1_266' title='bbox 723 3320 826 3357; x_wconf 86' lang='lat' dir='ltr'><strong>non</strong></span> <span class='ocrx_word' id='word_1_267' title='bbox 847 3321 957 3358; x_wconf 83' lang='lat' dir='ltr'><strong>esse</strong></span> <span class='ocrx_word' id='word_1_268' title='bbox 972 3323 1000 3358; x_wconf 88' lang='lat' dir='ltr'><strong>e</strong></span> <span class='ocrx_word' id='word_1_269' title='bbox 1016 3323 1072 3358; x_wconf 89' lang='lat' dir='ltr'><strong>re</strong></span> <span class='ocrx_word' id='word_1_270' title='bbox 1082 3307 1283 3374; x_wconf 83' lang='lat' dir='ltr'><strong>publica</strong></span> <span class='ocrx_word' id='word_1_271' title='bbox 1303 3306 1670 3359; x_wconf 83' lang='lat' dir='ltr'><strong>Britannorum</strong></span> <span class='ocrx_word' id='word_1_272' title='bbox 1690 3313 1743 3357; x_wconf 88' lang='lat' dir='ltr'><strong>ut</strong></span> 
     </span>
    </p>
   </div>
   <div class='ocr_carea' id='block_1_39' title="bbox 209 3386 1740 3464">
    <p class='ocr_par' dir='ltr' id='par_1_39' title="bbox 209 3386 1740 3464">
     <span class='ocr_line' id='line_1_39' title="bbox 209 3386 1740 3464; baseline 0.007 -27"><span class='ocrx_word' id='word_1_273' title='bbox 209 3386 506 3442; x_wconf 76' lang='lat' dir='ltr'><strong>Romanorum</strong></span> <span class='ocrx_word' id='word_1_274' title='bbox 530 3395 726 3460; x_wconf 77' lang='lat' dir='ltr'><strong>fastum</strong></span> <span class='ocrx_word' id='word_1_275' title='bbox 749 3395 826 3447; x_wconf 79' lang='lat' dir='ltr'><strong>rel</strong></span> <span class='ocrx_word' id='word_1_276' title='bbox 852 3396 1121 3449; x_wconf 72' lang='lat' dir='ltr'><strong>Saxonum</strong></span> <span class='ocrx_word' id='word_1_277' title='bbox 1150 3397 1477 3464; x_wconf 80' lang='lat' dir='ltr'><strong>tyrannidem</strong></span> <span class='ocrx_word' id='word_1_278' title='bbox 1517 3397 1568 3448; x_wconf 85' lang='lat' dir='ltr'><strong>in</strong></span> <span class='ocrx_word' id='word_1_279' title='bbox 1596 3411 1740 3448; x_wconf 87' lang='lat' dir='ltr'><strong>com-</strong></span> 
     </span>
    </p>
   </div>
   <div class='ocr_carea' id='block_1_40' title="bbox 205 3476 1741 3550">
    <p class='ocr_par' dir='ltr' id='par_1_40' title="bbox 205 3476 1741 3550">
     <span class='ocr_line' id='line_1_40' title="bbox 205 3476 1741 3550; baseline 0.009 -26"><span class='ocrx_word' id='word_1_280' title='bbox 205 3476 449 3530; x_wconf 67' lang='lat' dir='ltr'><strong>munionem</strong></span> <span class='ocrx_word' id='word_1_281' title='bbox 476 3480 831 3536; x_wconf 80' lang='lat' dir='ltr'><strong>admitterent.</strong></span> <span class='ocrx_word' id='word_1_282' title='bbox 852 3482 1048 3550; x_wconf 58' lang='lat' dir='ltr'><strong>Atque,</strong></span> <span class='ocrx_word' id='word_1_283' title='bbox 1073 3482 1262 3537; x_wconf 88' lang='lat' dir='ltr'><strong>eodem</strong></span> <span class='ocrx_word' id='word_1_284' title='bbox 1287 3482 1520 3537; x_wconf 87' lang='lat' dir='ltr'><strong>Lelaudo</strong></span> <span class='ocrx_word' id='word_1_285' title='bbox 1541 3482 1741 3549; x_wconf 87' lang='lat' dir='ltr'><strong>judice,</strong></span> 
     </span>
    </p>
   </div>
   <div class='ocr_carea' id='block_1_41' title="bbox 207 3567 1746 3637">
    <p class='ocr_par' dir='ltr' id='par_1_41' title="bbox 207 3567 1746 3637">
     <span class='ocr_line' id='line_1_41' title="bbox 207 3567 1746 3637; baseline 0.006 -20"><span class='ocrx_word' id='word_1_286' title='bbox 207 3582 294 3630; x_wconf 74' lang='lat' dir='ltr'><strong>quis</strong></span> <span class='ocrx_word' id='word_1_287' title='bbox 319 3579 418 3619; x_wconf 84' lang='lat' dir='ltr'><strong>erat</strong></span> <span class='ocrx_word' id='word_1_288' title='bbox 445 3567 659 3624; x_wconf 87' lang='lat' dir='ltr'><strong>Dionoti</strong></span> <span class='ocrx_word' id='word_1_289' title='bbox 712 3574 956 3636; x_wconf 82' lang='lat' dir='ltr'><strong>eruditio,</strong></span> <span class='ocrx_word' id='word_1_290' title='bbox 998 3582 1134 3627; x_wconf 90' lang='lat' dir='ltr'><strong>recte</strong></span> <span class='ocrx_word' id='word_1_291' title='bbox 1172 3572 1441 3637; x_wconf 83' lang='lat' dir='ltr'><strong>sentiebat,</strong></span> <span class='ocrx_word' id='word_1_292' title='bbox 1491 3590 1592 3627; x_wconf 86' lang='lat' dir='ltr'><strong>non</strong></span> <span class='ocrx_word' id='word_1_293' title='bbox 1633 3590 1746 3627; x_wconf 71' lang='lat' dir='ltr'><strong>esse</strong></span> 
     </span>
    </p>
   </div>
   <div class='ocr_carea' id='block_1_42' title="bbox 207 3657 1746 3731">
    <p class='ocr_par' dir='ltr' id='par_1_42' title="bbox 207 3657 1746 3731">
     <span class='ocr_line' id='line_1_42' title="bbox 207 3657 1746 3731; baseline 0.006 -24"><span class='ocrx_word' id='word_1_294' title='bbox 207 3671 325 3718; x_wconf 77' lang='lat' dir='ltr'><strong>penes</strong></span> <span class='ocrx_word' id='word_1_295' title='bbox 349 3657 643 3722; x_wconf 75' lang='lat' dir='ltr'><strong>Romanum,</strong></span> <span class='ocrx_word' id='word_1_296' title='bbox 689 3670 743 3713; x_wconf 91' lang='lat' dir='ltr'><strong>ut</strong></span> <span class='ocrx_word' id='word_1_297' title='bbox 781 3671 980 3730; x_wconf 85' lang='lat' dir='ltr'><strong>gentem</strong></span> <span class='ocrx_word' id='word_1_298' title='bbox 1012 3663 1259 3716; x_wconf 82' lang='lat' dir='ltr'><strong>advenam</strong></span> <span class='ocrx_word' id='word_1_299' title='bbox 1291 3662 1596 3730; x_wconf 78' lang='lat' dir='ltr'><strong>(Saxones),</strong></span> <span class='ocrx_word' id='word_1_300' title='bbox 1621 3663 1746 3731; x_wconf 78' lang='lat' dir='ltr'><strong>ﬁdei</strong></span> 
     </span>
    </p>
   </div>
   <div class='ocr_carea' id='block_1_43' title="bbox 207 3751 1739 3821">
    <p class='ocr_par' dir='ltr' id='par_1_43' title="bbox 207 3751 1739 3821">
     <span class='ocr_line' id='line_1_43' title="bbox 207 3751 1739 3821; baseline 0.007 -25"><span class='ocrx_word' id='word_1_301' title='bbox 207 3757 434 3810; x_wconf 64' lang='lat' dir='ltr'><strong>pretesm,</strong></span> <span class='ocrx_word' id='word_1_302' title='bbox 464 3752 518 3802; x_wconf 86' lang='lat' dir='ltr'><strong>in</strong></span> <span class='ocrx_word' id='word_1_303' title='bbox 557 3752 727 3805; x_wconf 73' lang='lat' dir='ltr'><strong>alieno</strong></span> <span class='ocrx_word' id='word_1_304' title='bbox 772 3751 1126 3818; x_wconf 81' lang='lat' dir='ltr'><strong>(Britannico)</strong></span> <span class='ocrx_word' id='word_1_305' title='bbox 1154 3753 1483 3820; x_wconf 78' lang='lat' dir='ltr'><strong>conﬁrmaret</strong></span> <span class='ocrx_word' id='word_1_306' title='bbox 1510 3754 1739 3821; x_wconf 86' lang='lat' dir='ltr'><strong>imperio.</strong></span> 
     </span>
    </p>
   </div>
   <div class='ocr_carea' id='block_1_44' title="bbox 209 3832 1742 3913">
    <p class='ocr_par' dir='ltr' id='par_1_44' title="bbox 209 3832 1742 3913">
     <span class='ocr_line' id='line_1_44' title="bbox 209 3832 1742 3913; baseline 0.007 -27"><span class='ocrx_word' id='word_1_307' title='bbox 209 3832 320 3888; x_wconf 71' lang='lat' dir='ltr'><strong>ﬂant</strong></span> <span class='ocrx_word' id='word_1_308' title='bbox 341 3841 377 3888; x_wconf 87' lang='lat' dir='ltr'><strong>si</strong></span> <span class='ocrx_word' id='word_1_309' title='bbox 397 3841 446 3891; x_wconf 87' lang='lat' dir='ltr'><strong>id</strong></span> <span class='ocrx_word' id='word_1_310' title='bbox 465 3841 822 3905; x_wconf 75' lang='lat' dir='ltr'><strong>admitterent,</strong></span> <span class='ocrx_word' id='word_1_311' title='bbox 854 3859 957 3897; x_wconf 82' lang='lat' dir='ltr'><strong>non</strong></span> <span class='ocrx_word' id='word_1_312' title='bbox 985 3843 1177 3897; x_wconf 83' lang='lat' dir='ltr'><strong>deesset</strong></span> <span class='ocrx_word' id='word_1_313' title='bbox 1205 3845 1349 3912; x_wconf 64' lang='lat' dir='ltr'><strong>{usus</strong></span> <span class='ocrx_word' id='word_1_314' title='bbox 1372 3843 1440 3896; x_wconf 88' lang='lat' dir='ltr'><strong>ad</strong></span> <span class='ocrx_word' id='word_1_315' title='bbox 1459 3843 1742 3913; x_wconf 47' lang='lat' dir='ltr'><strong>explosion-</strong></span> 
     </span>
    </p>
   </div>
   <div class='ocr_carea' id='block_1_45' title="bbox 1845 2670 3425 2747">
    <p class='ocr_par' dir='ltr' id='par_1_45' title="bbox 1845 2670 3425 2747">
     <span class='ocr_line' id='line_1_45' title="bbox 1845 2670 3425 2747; baseline 0.001 -19"><span class='ocrx_word' id='word_1_316' title='bbox 1845 2677 2003 2736; x_wconf 76' lang='lat' dir='ltr'><strong>vobis,</strong></span> <span class='ocrx_word' id='word_1_317' title='bbox 2036 2676 2171 2745; x_wconf 88' lang='lat' dir='ltr'><strong>quod</strong></span> <span class='ocrx_word' id='word_1_318' title='bbox 2199 2692 2292 2728; x_wconf 90' lang='lat' dir='ltr'><strong>nos</strong></span> <span class='ocrx_word' id='word_1_319' title='bbox 2321 2693 2495 2728; x_wconf 84' lang='lat' dir='ltr'><strong>omnes</strong></span> <span class='ocrx_word' id='word_1_320' title='bbox 2523 2694 2698 2730; x_wconf 84' lang='lat' dir='ltr'><strong>sumus</strong></span> <span class='ocrx_word' id='word_1_321' title='bbox 2725 2687 2776 2730; x_wconf 84' lang='lat' dir='ltr'><strong>et</strong></span> <span class='ocrx_word' id='word_1_322' title='bbox 2803 2670 3010 2747; x_wconf 84' lang='lat' dir='ltr'><strong>quilibet</strong></span> <span class='ocrx_word' id='word_1_323' title='bbox 3049 2692 3144 2730; x_wconf 91' lang='lat' dir='ltr'><strong>nos</strong></span> <span class='ocrx_word' id='word_1_324' title='bbox 3169 2693 3281 2729; x_wconf 87' lang='lat' dir='ltr'><strong>rum</strong></span> <span class='ocrx_word' id='word_1_325' title='bbox 3311 2677 3425 2730; x_wconf 55' lang='lat' dir='ltr'><strong>bbe.</strong></span> 
     </span>
    </p>
   </div>
   <div class='ocr_carea' id='block_1_46' title="bbox 1846 2761 3425 2832">
    <p class='ocr_par' dir='ltr' id='par_1_46' title="bbox 1846 2761 3425 2832">
     <span class='ocr_line' id='line_1_46' title="bbox 1846 2761 3425 2832; baseline 0.002 -18"><span class='ocrx_word' id='word_1_326' title='bbox 1846 2764 2040 2816; x_wconf 74' lang='lat' dir='ltr'><strong>dientes</strong></span> <span class='ocrx_word' id='word_1_327' title='bbox 2070 2773 2119 2815; x_wconf 85' lang='lat' dir='ltr'><strong>et</strong></span> <span class='ocrx_word' id='word_1_328' title='bbox 2141 2763 2330 2817; x_wconf 84' lang='lat' dir='ltr'><strong>subditi</strong></span> <span class='ocrx_word' id='word_1_329' title='bbox 2365 2763 2608 2818; x_wconf 73' lang='lat' dir='ltr'><strong>Ecclesia:</strong></span> <span class='ocrx_word' id='word_1_330' title='bbox 2639 2763 2733 2817; x_wconf 82' lang='lat' dir='ltr'><strong>Dei</strong></span> <span class='ocrx_word' id='word_1_331' title='bbox 2756 2774 2804 2816; x_wconf 84' lang='lat' dir='ltr'><strong>et</strong></span> <span class='ocrx_word' id='word_1_332' title='bbox 2835 2778 2983 2832; x_wconf 68' lang='lat' dir='ltr'><strong>papa!</strong></span> <span class='ocrx_word' id='word_1_333' title='bbox 3012 2761 3204 2826; x_wconf 74' lang='lat' dir='ltr'><strong>liomw,</strong></span> <span class='ocrx_word' id='word_1_334' title='bbox 3233 2774 3282 2815; x_wconf 89' lang='lat' dir='ltr'><strong>et</strong></span> <span class='ocrx_word' id='word_1_335' title='bbox 3311 2765 3425 2817; x_wconf 80' lang='lat' dir='ltr'><strong>uni-</strong></span> 
     </span>
    </p>
   </div>
   <div class='ocr_carea' id='block_1_47' title="bbox 1846 2851 3428 2922">
    <p class='ocr_par' dir='ltr' id='par_1_47' title="bbox 1846 2851 3428 2922">
     <span class='ocr_line' id='line_1_47' title="bbox 1846 2851 3428 2922; baseline 0 -16"><span class='ocrx_word' id='word_1_336' title='bbox 1846 2854 2024 2922; x_wconf 78' lang='lat' dir='ltr'><strong>cuique</strong></span> <span class='ocrx_word' id='word_1_337' title='bbox 2049 2870 2167 2906; x_wconf 74' lang='lat' dir='ltr'><strong>vero</strong></span> <span class='ocrx_word' id='word_1_338' title='bbox 2188 2864 2235 2906; x_wconf 78' lang='lat' dir='ltr'><strong>et</strong></span> <span class='ocrx_word' id='word_1_339' title='bbox 2262 2855 2345 2921; x_wconf 85' lang='lat' dir='ltr'><strong>pio</strong></span> <span class='ocrx_word' id='word_1_340' title='bbox 2377 2851 2668 2908; x_wconf 77' lang='lat' dir='ltr'><strong>Christiano</strong></span> <span class='ocrx_word' id='word_1_341' title='bbox 2699 2855 2767 2906; x_wconf 89' lang='lat' dir='ltr'><strong>ad</strong></span> <span class='ocrx_word' id='word_1_342' title='bbox 2797 2855 3077 2906; x_wconf 84' lang='lat' dir='ltr'><strong>amandum</strong></span> <span class='ocrx_word' id='word_1_343' title='bbox 3101 2871 3428 2922; x_wconf 75' lang='lat' dir='ltr'><strong>unumquem-</strong></span> 
     </span>
    </p>
   </div>
   <div class='ocr_carea' id='block_1_48' title="bbox 1845 2942 3404 3011">
    <p class='ocr_par' dir='ltr' id='par_1_48' title="bbox 1845 2942 3404 3011">
     <span class='ocr_line' id='line_1_48' title="bbox 1845 2942 3404 3011; baseline 0.001 -18"><span class='ocrx_word' id='word_1_344' title='bbox 1845 2959 1940 3010; x_wconf 85' lang='lat' dir='ltr'><strong>que</strong></span> <span class='ocrx_word' id='word_1_345' title='bbox 1976 2942 2029 2994; x_wconf 86' lang='lat' dir='ltr'><strong>iu</strong></span> <span class='ocrx_word' id='word_1_346' title='bbox 2060 2959 2152 2996; x_wconf 87' lang='lat' dir='ltr'><strong>suo</strong></span> <span class='ocrx_word' id='word_1_347' title='bbox 2183 2944 2346 3010; x_wconf 80' lang='lat' dir='ltr'><strong>gradu</strong></span> <span class='ocrx_word' id='word_1_348' title='bbox 2376 2942 2428 2994; x_wconf 88' lang='lat' dir='ltr'><strong>in</strong></span> <span class='ocrx_word' id='word_1_349' title='bbox 2460 2947 2686 3011; x_wconf 66' lang='lat' dir='ltr'><strong>perfecta</strong></span> <span class='ocrx_word' id='word_1_350' title='bbox 2714 2945 2982 3005; x_wconf 80' lang='lat' dir='ltr'><strong>cltaritate,</strong></span> <span class='ocrx_word' id='word_1_351' title='bbox 3015 2953 3064 2995; x_wconf 87' lang='lat' dir='ltr'><strong>et</strong></span> <span class='ocrx_word' id='word_1_352' title='bbox 3089 2942 3155 2993; x_wconf 86' lang='lat' dir='ltr'><strong>ad</strong></span> <span class='ocrx_word' id='word_1_353' title='bbox 3181 2942 3404 3010; x_wconf 67' lang='lat' dir='ltr'><strong>adjuvari</strong></span> 
     </span>
    </p>
   </div>
   <div class='ocr_carea' id='block_1_49' title="bbox 1846 3032 3429 3101">
    <p class='ocr_par' dir='ltr' id='par_1_49' title="bbox 1846 3032 3429 3101">
     <span class='ocr_line' id='line_1_49' title="bbox 1846 3032 3429 3101; baseline 0.001 -17"><span class='ocrx_word' id='word_1_354' title='bbox 1846 3032 2418 3100; x_wconf 62' lang='lat' dir='ltr'><strong>dumumumquemque</strong></span> <span class='ocrx_word' id='word_1_355' title='bbox 2465 3049 2640 3086; x_wconf 79' lang='lat' dir='ltr'><strong>eorum</strong></span> <span class='ocrx_word' id='word_1_356' title='bbox 2686 3034 2836 3086; x_wconf 81' lang='lat' dir='ltr'><strong>verbo</strong></span> <span class='ocrx_word' id='word_1_357' title='bbox 2873 3042 2922 3085; x_wconf 89' lang='lat' dir='ltr'><strong>et</strong></span> <span class='ocrx_word' id='word_1_358' title='bbox 2964 3035 3102 3101; x_wconf 80' lang='lat' dir='ltr'><strong>{arto</strong></span> <span class='ocrx_word' id='word_1_359' title='bbox 3141 3034 3253 3101; x_wconf 77' lang='lat' dir='ltr'><strong>[ore</strong></span> <span class='ocrx_word' id='word_1_360' title='bbox 3294 3033 3429 3101; x_wconf 74' lang='lat' dir='ltr'><strong>filios</strong></span> 
     </span>
    </p>
   </div>
   <div class='ocr_carea' id='block_1_50' title="bbox 1847 3119 3430 3192">
    <p class='ocr_par' dir='ltr' id='par_1_50' title="bbox 1847 3119 3430 3192">
     <span class='ocr_line' id='line_1_50' title="bbox 1847 3119 3430 3192; baseline 0.001 -19"><span class='ocrx_word' id='word_1_361' title='bbox 1847 3119 1941 3175; x_wconf 85' lang='lat' dir='ltr'><strong>Dei</strong></span> <span class='ocrx_word' id='word_1_362' title='bbox 1974 3138 1990 3174; x_wconf 91' lang='lat'><strong><em>:</em></strong></span> <span class='ocrx_word' id='word_1_363' title='bbox 2021 3133 2069 3174; x_wconf 83' lang='lat' dir='ltr'><strong>et</strong></span> <span class='ocrx_word' id='word_1_364' title='bbox 2100 3123 2257 3174; x_wconf 78' lang='lat' dir='ltr'><strong>aliam</strong></span> <span class='ocrx_word' id='word_1_365' title='bbox 2299 3122 2636 3175; x_wconf 81' lang='lat' dir='ltr'><strong>obedientiam</strong></span> <span class='ocrx_word' id='word_1_366' title='bbox 2668 3140 2819 3192; x_wconf 87' lang='lat' dir='ltr'><strong>quant</strong></span> <span class='ocrx_word' id='word_1_367' title='bbox 2865 3126 3017 3177; x_wconf 85' lang='lat' dir='ltr'><strong>istaut</strong></span> <span class='ocrx_word' id='word_1_368' title='bbox 3058 3141 3160 3178; x_wconf 87' lang='lat' dir='ltr'><strong>non</strong></span> <span class='ocrx_word' id='word_1_369' title='bbox 3201 3128 3310 3178; x_wconf 83' lang='lat' dir='ltr'><strong>scio</strong></span> <span class='ocrx_word' id='word_1_370' title='bbox 3341 3128 3430 3177; x_wconf 59' lang='lat' dir='ltr'><strong>di:-</strong></span> 
     </span>
    </p>
   </div>
   <div class='ocr_carea' id='block_1_51' title="bbox 1845 3209 3425 3282">
    <p class='ocr_par' dir='ltr' id='par_1_51' title="bbox 1845 3209 3425 3282">
     <span class='ocr_line' id='line_1_51' title="bbox 1845 3209 3425 3282; baseline 0.004 -21"><span class='ocrx_word' id='word_1_371' title='bbox 1845 3209 2002 3261; x_wconf 86' lang='lat' dir='ltr'><strong>bitam</strong></span> <span class='ocrx_word' id='word_1_372' title='bbox 2031 3212 2076 3261; x_wconf 80' lang='lat' dir='ltr'><strong>ei</strong></span> <span class='ocrx_word' id='word_1_373' title='bbox 2107 3225 2252 3279; x_wconf 85' lang='lat' dir='ltr'><strong>quem</strong></span> <span class='ocrx_word' id='word_1_374' title='bbox 2273 3226 2360 3263; x_wconf 81' lang='lat' dir='ltr'><strong>vos</strong></span> <span class='ocrx_word' id='word_1_375' title='bbox 2397 3211 2675 3264; x_wconf 83' lang='lat' dir='ltr'><strong>nominatis</strong></span> <span class='ocrx_word' id='word_1_376' title='bbox 2718 3228 2929 3282; x_wconf 80' lang='lat' dir='ltr'><strong>papam,</strong></span> <span class='ocrx_word' id='word_1_377' title='bbox 2960 3230 3052 3264; x_wconf 62' lang='lat' dir='ltr'><strong>nec</strong></span> <span class='ocrx_word' id='word_1_378' title='bbox 3079 3231 3188 3266; x_wconf 83' lang='lat' dir='ltr'><strong>esse</strong></span> <span class='ocrx_word' id='word_1_379' title='bbox 3221 3215 3425 3267; x_wconf 66' lang='lat' dir='ltr'><strong>Patrem</strong></span> 
     </span>
    </p>
   </div>
   <div class='ocr_carea' id='block_1_52' title="bbox 1849 3295 3429 3361">
    <p class='ocr_par' dir='ltr' id='par_1_52' title="bbox 1849 3295 3429 3361">
     <span class='ocr_line' id='line_1_52' title="bbox 1849 3295 3429 3361; baseline 0.005 -14"><span class='ocrx_word' id='word_1_380' title='bbox 1849 3295 2070 3349; x_wconf 85' lang='lat' dir='ltr'><strong>Patrum</strong></span> <span class='ocrx_word' id='word_1_381' title='bbox 2113 3298 2363 3351; x_wconf 84' lang='lat' dir='ltr'><strong>vindicari</strong></span> <span class='ocrx_word' id='word_1_382' title='bbox 2387 3307 2438 3350; x_wconf 88' lang='lat' dir='ltr'><strong>et</strong></span> <span class='ocrx_word' id='word_1_383' title='bbox 2488 3299 2777 3361; x_wconf 71' lang='lat' dir='ltr'><strong>postulari;</strong></span> <span class='ocrx_word' id='word_1_384' title='bbox 2823 3312 2871 3352; x_wconf 89' lang='lat' dir='ltr'><strong>et</strong></span> <span class='ocrx_word' id='word_1_385' title='bbox 2908 3302 3058 3354; x_wconf 81' lang='lat' dir='ltr'><strong>istum</strong></span> <span class='ocrx_word' id='word_1_386' title='bbox 3088 3300 3429 3355; x_wconf 63' lang='lat' dir='ltr'><strong>obedientium</strong></span> 
     </span>
    </p>
   </div>
   <div class='ocr_carea' id='block_1_53' title="bbox 1847 3389 3432 3458">
    <p class='ocr_par' dir='ltr' id='par_1_53' title="bbox 1847 3389 3432 3458">
     <span class='ocr_line' id='line_1_53' title="bbox 1847 3389 3432 3458; baseline 0.004 -20"><span class='ocrx_word' id='word_1_387' title='bbox 1847 3403 1940 3438; x_wconf 89' lang='lat' dir='ltr'><strong>nos</strong></span> <span class='ocrx_word' id='word_1_388' title='bbox 1972 3403 2146 3438; x_wconf 86' lang='lat' dir='ltr'><strong>sumus</strong></span> <span class='ocrx_word' id='word_1_389' title='bbox 2192 3389 2364 3456; x_wconf 81' lang='lat' dir='ltr'><strong>parati</strong></span> <span class='ocrx_word' id='word_1_390' title='bbox 2414 3391 2539 3441; x_wconf 87' lang='lat' dir='ltr'><strong>dare</strong></span> <span class='ocrx_word' id='word_1_391' title='bbox 2584 3397 2631 3440; x_wconf 88' lang='lat' dir='ltr'><strong>ct</strong></span> <span class='ocrx_word' id='word_1_392' title='bbox 2684 3390 2876 3442; x_wconf 77' lang='lat' dir='ltr'><strong>solvere</strong></span> <span class='ocrx_word' id='word_1_393' title='bbox 2905 3391 2952 3443; x_wconf 85' lang='lat' dir='ltr'><strong>ei</strong></span> <span class='ocrx_word' id='word_1_394' title='bbox 2990 3400 3041 3442; x_wconf 91' lang='lat' dir='ltr'><strong>et</strong></span> <span class='ocrx_word' id='word_1_395' title='bbox 3084 3393 3259 3458; x_wconf 86' lang='lat' dir='ltr'><strong>cuique</strong></span> <span class='ocrx_word' id='word_1_396' title='bbox 3281 3391 3432 3445; x_wconf 82' lang='lat' dir='ltr'><strong>Chri-</strong></span> 
     </span>
    </p>
   </div>
   <div class='ocr_carea' id='block_1_54' title="bbox 1843 3477 3430 3548">
    <p class='ocr_par' dir='ltr' id='par_1_54' title="bbox 1843 3477 3430 3548">
     <span class='ocr_line' id='line_1_54' title="bbox 1843 3477 3430 3548; baseline 0.003 -21"><span class='ocrx_word' id='word_1_397' title='bbox 1843 3477 2014 3528; x_wconf 79' lang='lat' dir='ltr'><strong>stiano</strong></span> <span class='ocrx_word' id='word_1_398' title='bbox 2036 3478 2297 3528; x_wconf 81' lang='lat' dir='ltr'><strong>continuo.</strong></span> <span class='ocrx_word' id='word_1_399' title='bbox 2333 3477 2587 3528; x_wconf 79' lang='lat' dir='ltr'><strong>I&#39;rwtoren</strong></span> <span class='ocrx_word' id='word_1_400' title='bbox 2618 3493 2712 3528; x_wconf 81' lang='lat' dir='ltr'><strong>nos</strong></span> <span class='ocrx_word' id='word_1_401' title='bbox 2751 3495 2924 3530; x_wconf 78' lang='lat' dir='ltr'><strong>smnus</strong></span> <span class='ocrx_word' id='word_1_402' title='bbox 2951 3479 3043 3531; x_wconf 76' lang='lat' dir='ltr'><strong>sub</strong></span> <span class='ocrx_word' id='word_1_403' title='bbox 3067 3478 3334 3548; x_wconf 82' lang='lat' dir='ltr'><strong>gubernnti</strong></span> <span class='ocrx_word' id='word_1_404' title='bbox 3370 3497 3430 3533; x_wconf 84' lang='lat' dir='ltr'><strong>ne</strong></span> 
     </span>
    </p>
   </div>
   <div class='ocr_carea' id='block_1_55' title="bbox 1844 3563 3424 3636">
    <p class='ocr_par' dir='ltr' id='par_1_55' title="bbox 1844 3563 3424 3636">
     <span class='ocr_line' id='line_1_55' title="bbox 1844 3563 3424 3636; baseline 0.001 -17"><span class='ocrx_word' id='word_1_405' title='bbox 1844 3566 2067 3635; x_wconf 72' lang='lat' dir='ltr'><strong>episcopi</strong></span> <span class='ocrx_word' id='word_1_406' title='bbox 2100 3563 2444 3633; x_wconf 85' lang='lat' dir='ltr'><strong>Caerlegionis</strong></span> <span class='ocrx_word' id='word_1_407' title='bbox 2480 3582 2632 3631; x_wconf 83' lang='lat' dir='ltr'><strong>super</strong></span> <span class='ocrx_word' id='word_1_408' title='bbox 2662 3565 2817 3626; x_wconf 79' lang='lat' dir='ltr'><strong>Osca,</strong></span> <span class='ocrx_word' id='word_1_409' title='bbox 2852 3567 2937 3635; x_wconf 85' lang='lat' dir='ltr'><strong>qui</strong></span> <span class='ocrx_word' id='word_1_410' title='bbox 2982 3578 3057 3617; x_wconf 79' lang='lat' dir='ltr'><strong>cst</strong></span> <span class='ocrx_word' id='word_1_411' title='bbox 3103 3567 3171 3617; x_wconf 86' lang='lat' dir='ltr'><strong>ad</strong></span> <span class='ocrx_word' id='word_1_412' title='bbox 3199 3570 3424 3636; x_wconf 47' lang='lat' dir='ltr'><strong>sttpt‘t‘t‘t&quot;</strong></span> 
     </span>
    </p>
   </div>
   <div class='ocr_carea' id='block_1_56' title="bbox 1845 3654 3425 3724">
    <p class='ocr_par' dir='ltr' id='par_1_56' title="bbox 1845 3654 3425 3724">
     <span class='ocr_line' id='line_1_56' title="bbox 1845 3654 3425 3724; baseline 0.001 -15"><span class='ocrx_word' id='word_1_413' title='bbox 1845 3658 2068 3710; x_wconf 77' lang='lat' dir='ltr'><strong>demtum</strong></span> <span class='ocrx_word' id='word_1_414' title='bbox 2109 3658 2201 3709; x_wconf 86' lang='lat' dir='ltr'><strong>sub</strong></span> <span class='ocrx_word' id='word_1_415' title='bbox 2235 3655 2337 3708; x_wconf 87' lang='lat' dir='ltr'><strong>Deo</strong></span> <span class='ocrx_word' id='word_1_416' title='bbox 2366 3672 2519 3723; x_wconf 82' lang='lat' dir='ltr'><strong>super</strong></span> <span class='ocrx_word' id='word_1_417' title='bbox 2553 3654 2716 3718; x_wconf 85' lang='lat' dir='ltr'><strong>nobis,</strong></span> <span class='ocrx_word' id='word_1_418' title='bbox 2767 3657 2835 3708; x_wconf 80' lang='lat' dir='ltr'><strong>ad</strong></span> <span class='ocrx_word' id='word_1_419' title='bbox 2864 3657 3155 3724; x_wconf 74' lang='lat' dir='ltr'><strong>faciendum</strong></span> <span class='ocrx_word' id='word_1_420' title='bbox 3198 3673 3290 3710; x_wconf 87' lang='lat' dir='ltr'><strong>nos</strong></span> <span class='ocrx_word' id='word_1_421' title='bbox 3315 3675 3425 3710; x_wconf 75' lang='lat' dir='ltr'><strong>ser-</strong></span> 
     </span>
    </p>
   </div>
   <div class='ocr_carea' id='block_1_57' title="bbox 1844 3744 3425 3814">
    <p class='ocr_par' dir='ltr' id='par_1_57' title="bbox 1844 3744 3425 3814">
     <span class='ocr_line' id='line_1_57' title="bbox 1844 3744 3425 3814; baseline -0.001 -15"><span class='ocrx_word' id='word_1_422' title='bbox 1844 3762 1963 3800; x_wconf 83' lang='lat' dir='ltr'><strong>vare</strong></span> <span class='ocrx_word' id='word_1_423' title='bbox 1993 3745 2124 3799; x_wconf 79' lang='lat' dir='ltr'><strong>viam</strong></span> <span class='ocrx_word' id='word_1_424' title='bbox 2159 3744 2497 3814; x_wconf 83' lang='lat' dir='ltr'><strong>spiritualcm.</strong></span> <span class='ocrx_word' id='word_1_425' title='bbox 2538 3745 2668 3809; x_wconf 64' lang='lat' dir='ltr'><strong>Quae</strong></span> <span class='ocrx_word' id='word_1_426' title='bbox 2697 3759 2792 3812; x_wconf 56' lang='lat' dir='ltr'><strong>pra</strong></span> <span class='ocrx_word' id='word_1_427' title='bbox 2811 3754 2955 3798; x_wconf 90' lang='lat' dir='ltr'><strong>terea</strong></span> <span class='ocrx_word' id='word_1_428' title='bbox 2989 3760 3018 3797; x_wconf 88' lang='lat' dir='ltr'><strong>a</strong></span> <span class='ocrx_word' id='word_1_429' title='bbox 3055 3745 3234 3807; x_wconf 80' lang='lat' dir='ltr'><strong>Baleo,</strong></span> <span class='ocrx_word' id='word_1_430' title='bbox 3266 3744 3308 3808; x_wconf 92' lang='lat' dir='ltr'><strong>l,</strong></span> <span class='ocrx_word' id='word_1_431' title='bbox 3338 3746 3425 3809; x_wconf 85' lang='lat'><strong>70,</strong></span> 
     </span>
    </p>
   </div>
   <div class='ocr_carea' id='block_1_58' title="bbox 1844 3833 3418 3904">
    <p class='ocr_par' dir='ltr' id='par_1_58' title="bbox 1844 3833 3418 3904">
     <span class='ocr_line' id='line_1_58' title="bbox 1844 3833 3418 3904; baseline -0.001 -15"><span class='ocrx_word' id='word_1_432' title='bbox 1844 3845 1899 3889; x_wconf 89' lang='lat' dir='ltr'><strong>et</strong></span> <span class='ocrx_word' id='word_1_433' title='bbox 1923 3833 2120 3901; x_wconf 84' lang='lat' dir='ltr'><strong>Pitseo,</strong></span> <span class='ocrx_word' id='word_1_434' title='bbox 2146 3851 2196 3904; x_wconf 89' lang='lat' dir='ltr'><strong>p.</strong></span> <span class='ocrx_word' id='word_1_435' title='bbox 2232 3834 2334 3888; x_wconf 69' lang='grc'><strong>104</strong></span> <span class='ocrx_word' id='word_1_436' title='bbox 2363 3849 2471 3902; x_wconf 86' lang='lat' dir='ltr'><strong>seq.</strong></span> <span class='ocrx_word' id='word_1_437' title='bbox 2501 3834 2812 3903; x_wconf 85' lang='lat' dir='ltr'><strong>perhibetur</strong></span> <span class='ocrx_word' id='word_1_438' title='bbox 2840 3835 3117 3902; x_wconf 75' lang='lat' dir='ltr'><strong>scripsisse</strong></span> <span class='ocrx_word' id='word_1_439' title='bbox 3146 3835 3418 3890; x_wconf 66' lang='lat' dir='ltr'><strong>DlllOlhlla.</strong></span> 
     </span>
    </p>
   </div>
   <div class='ocr_carea' id='block_1_59' title="bbox 207 3922 3398 4003">
    <p class='ocr_par' dir='ltr' id='par_1_59' title="bbox 207 3922 3398 4003">
     <span class='ocr_line' id='line_1_59' title="bbox 207 3922 3398 4003; baseline 0.001 -27"><span class='ocrx_word' id='word_1_440' title='bbox 207 3927 281 3979; x_wconf 77' lang='lat' dir='ltr'><strong>dos</strong></span> <span class='ocrx_word' id='word_1_441' title='bbox 303 3944 618 3998; x_wconf 73' lang='lat' dir='ltr'><strong>quoscumque</strong></span> <span class='ocrx_word' id='word_1_442' title='bbox 657 3949 685 3983; x_wconf 85' lang='lat' dir='ltr'><strong>e</strong></span> <span class='ocrx_word' id='word_1_443' title='bbox 735 3934 909 4003; x_wconf 84' lang='lat' dir='ltr'><strong>regnis</strong></span> <span class='ocrx_word' id='word_1_444' title='bbox 946 3933 1054 3987; x_wconf 86' lang='lat' dir='ltr'><strong>suis</strong></span> <span class='ocrx_word' id='word_1_445' title='bbox 1096 3935 1371 4002; x_wconf 75' lang='lat' dir='ltr'><strong>principes.</strong></span> <span class='ocrx_word' id='word_1_446' title='bbox 1403 3931 1577 3986; x_wconf 81' lang='lat' dir='ltr'><strong>Verba</strong></span> <span class='ocrx_word' id='word_1_447' title='bbox 1619 3933 1730 4001; x_wconf 88' lang='lat' dir='ltr'><strong>ipsa</strong></span> <span class='ocrx_word' id='word_1_448' title='bbox 1763 3923 1811 3985; x_wconf 86' lang='lat' dir='ltr'>C</span> <span class='ocrx_word' id='word_1_449' title='bbox 1845 3925 2200 3995; x_wconf 77' lang='lat' dir='ltr'><strong>Defensorium</strong></span> <span class='ocrx_word' id='word_1_450' title='bbox 2224 3925 2604 3993; x_wconf 62' lang='lat' dir='ltr'><strong>jarisdictionis</strong></span> <span class='ocrx_word' id='word_1_451' title='bbox 2641 3925 2777 3977; x_wconf 83' lang='lat' dir='ltr'><strong>sedis</strong></span> <span class='ocrx_word' id='word_1_452' title='bbox 2808 3922 3154 3987; x_wconf 66' lang='lat' dir='ltr'><strong>.ilcnevensis;</strong></span> <span class='ocrx_word' id='word_1_453' title='bbox 3190 3923 3268 3978; x_wconf 88' lang='lat' dir='ltr'><strong>De</strong></span> <span class='ocrx_word' id='word_1_454' title='bbox 3304 3942 3398 3978; x_wconf 85' lang='lat' dir='ltr'><strong>con</strong></span> 
     </span>
    </p>
   </div>
   <div class='ocr_carea' id='block_1_60' title="bbox 207 4019 1740 4090">
    <p class='ocr_par' dir='ltr' id='par_1_60' title="bbox 207 4019 1740 4090">
     <span class='ocr_line' id='line_1_60' title="bbox 207 4019 1740 4090; baseline 0.005 -21"><span class='ocrx_word' id='word_1_455' title='bbox 207 4019 405 4081; x_wconf 70' lang='lat' dir='ltr'><strong>quaedam</strong></span> <span class='ocrx_word' id='word_1_456' title='bbox 453 4019 675 4073; x_wconf 78' lang='lat' dir='ltr'><strong>Dinotlii</strong></span> <span class='ocrx_word' id='word_1_457' title='bbox 729 4037 794 4075; x_wconf 79' lang='lat' dir='ltr'><strong>ex</strong></span> <span class='ocrx_word' id='word_1_458' title='bbox 841 4037 971 4075; x_wconf 84' lang='lat' dir='ltr'><strong>mss.</strong></span> <span class='ocrx_word' id='word_1_459' title='bbox 1021 4023 1219 4076; x_wconf 87' lang='lat' dir='ltr'><strong>Codice</strong></span> <span class='ocrx_word' id='word_1_460' title='bbox 1269 4021 1740 4090; x_wconf 76' lang='lat' dir='ltr'><strong>Anglo-Saxonicc</strong></span> 
     </span>
    </p>
   </div>
   <div class='ocr_carea' id='block_1_61' title="bbox 209 4105 1742 4180">
    <p class='ocr_par' dir='ltr' id='par_1_61' title="bbox 209 4105 1742 4180">
     <span class='ocr_line' id='line_1_61' title="bbox 209 4105 1742 4180; baseline 0.004 -20"><span class='ocrx_word' id='word_1_461' title='bbox 209 4105 428 4177; x_wconf 63' lang='lat' dir='ltr'><strong>discripta</strong></span> <span class='ocrx_word' id='word_1_462' title='bbox 467 4119 524 4163; x_wconf 90' lang='lat' dir='ltr'><strong>et</strong></span> <span class='ocrx_word' id='word_1_463' title='bbox 555 4110 777 4179; x_wconf 67' lang='lat' dir='ltr'><strong>Anglice</strong></span> <span class='ocrx_word' id='word_1_464' title='bbox 807 4125 927 4164; x_wconf 89' lang='lat' dir='ltr'><strong>cum</strong></span> <span class='ocrx_word' id='word_1_465' title='bbox 959 4109 1144 4165; x_wconf 86' lang='lat' dir='ltr'><strong>Latina</strong></span> <span class='ocrx_word' id='word_1_466' title='bbox 1177 4112 1425 4166; x_wconf 82' lang='lat' dir='ltr'><strong>versione</strong></span> <span class='ocrx_word' id='word_1_467' title='bbox 1454 4112 1742 4180; x_wconf 85' lang='lat' dir='ltr'><strong>publicavit</strong></span> 
     </span>
    </p>
   </div>
   <div class='ocr_carea' id='block_1_62' title="bbox 209 4192 1739 4269">
    <p class='ocr_par' dir='ltr' id='par_1_62' title="bbox 209 4192 1739 4269">
     <span class='ocr_line' id='line_1_62' title="bbox 209 4192 1739 4269; baseline 0.008 -23"><span class='ocrx_word' id='word_1_468' title='bbox 209 4192 425 4253; x_wconf 77' lang='lat' dir='ltr'><strong>Henricus</strong></span> <span class='ocrx_word' id='word_1_469' title='bbox 463 4199 858 4268; x_wconf 86' lang='lat' dir='ltr'><strong>Speelmannns</strong></span> <span class='ocrx_word' id='word_1_470' title='bbox 887 4210 1018 4255; x_wconf 91' lang='lat' dir='ltr'><strong>tom.</strong></span> <span class='ocrx_word' id='word_1_471' title='bbox 1059 4202 1080 4256; x_wconf 83' lang='lat' dir='ltr'><strong>l</strong></span> <span class='ocrx_word' id='word_1_472' title='bbox 1127 4201 1491 4256; x_wconf 87' lang='lat' dir='ltr'><strong>Conciliorum</strong></span> <span class='ocrx_word' id='word_1_473' title='bbox 1539 4203 1739 4269; x_wconf 73' lang='lat' dir='ltr'><strong>Anglia:</strong></span> 
     </span>
    </p>
   </div>
   <div class='ocr_carea' id='block_1_63' title="bbox 212 4283 1739 4356">
    <p class='ocr_par' dir='ltr' id='par_1_63' title="bbox 212 4283 1739 4356">
     <span class='ocr_line' id='line_1_63' title="bbox 212 4283 1739 4356; baseline -0.002 -7"><span class='ocrx_word' id='word_1_474' title='bbox 212 4283 390 4353; x_wconf 72' lang='lat' dir='ltr'><strong>P-108;</strong></span> <span class='ocrx_word' id='word_1_475' title='bbox 417 4302 535 4356; x_wconf 81' lang='lat' dir='ltr'><strong>qua:</strong></span> <span class='ocrx_word' id='word_1_476' title='bbox 572 4304 670 4343; x_wconf 90' lang='lat' dir='ltr'><strong>cur</strong></span> <span class='ocrx_word' id='word_1_477' title='bbox 713 4291 940 4346; x_wconf 82' lang='lat' dir='ltr'><strong>conﬁcta</strong></span> <span class='ocrx_word' id='word_1_478' title='bbox 980 4292 1078 4347; x_wconf 87' lang='lat' dir='ltr'><strong>sub</strong></span> <span class='ocrx_word' id='word_1_479' title='bbox 1109 4293 1323 4348; x_wconf 80' lang='lat' dir='ltr'><strong>Dinotlii</strong></span> <span class='ocrx_word' id='word_1_480' title='bbox 1375 4293 1591 4347; x_wconf 89' lang='lat' dir='ltr'><strong>nomine</strong></span> <span class='ocrx_word' id='word_1_481' title='bbox 1630 4292 1739 4346; x_wconf 87' lang='lat' dir='ltr'><strong>visa</strong></span> 
     </span>
    </p>
   </div>
   <div class='ocr_carea' id='block_1_64' title="bbox 210 4372 1742 4450">
    <p class='ocr_par' dir='ltr' id='par_1_64' title="bbox 210 4372 1742 4450">
     <span class='ocr_line' id='line_1_64' title="bbox 210 4372 1742 4450; baseline 0.008 -26"><span class='ocrx_word' id='word_1_482' title='bbox 210 4372 293 4426; x_wconf 77' lang='lat' dir='ltr'><strong>sint</strong></span> <span class='ocrx_word' id='word_1_483' title='bbox 324 4373 716 4434; x_wconf 81' lang='lat' dir='ltr'><strong>Scbelstrateuo</strong></span> <span class='ocrx_word' id='word_1_484' title='bbox 759 4389 784 4415; x_wconf 79' lang='grc'><strong>⁸</strong></span> <span class='ocrx_word' id='word_1_485' title='bbox 835 4390 890 4434; x_wconf 90' lang='lat' dir='ltr'><strong>et</strong></span> <span class='ocrx_word' id='word_1_486' title='bbox 936 4381 1254 4450; x_wconf 82' lang='lat' dir='ltr'><strong>quibusdam</strong></span> <span class='ocrx_word' id='word_1_487' title='bbox 1286 4382 1421 4445; x_wconf 85' lang='lat' dir='ltr'><strong>aliis,</strong></span> <span class='ocrx_word' id='word_1_488' title='bbox 1470 4381 1742 4449; x_wconf 87' lang='lat' dir='ltr'><strong>conjicere</strong></span> 
     </span>
    </p>
   </div>
   <div class='ocr_carea' id='block_1_65' title="bbox 212 4460 1743 4533">
    <p class='ocr_par' dir='ltr' id='par_1_65' title="bbox 212 4460 1743 4533">
     <span class='ocr_line' id='line_1_65' title="bbox 212 4460 1743 4533; baseline 0.005 -14"><span class='ocrx_word' id='word_1_489' title='bbox 212 4460 337 4521; x_wconf 72' lang='lat' dir='ltr'><strong>facile</strong></span> <span class='ocrx_word' id='word_1_490' title='bbox 375 4467 512 4533; x_wconf 89' lang='lat' dir='ltr'><strong>licet,</strong></span> <span class='ocrx_word' id='word_1_491' title='bbox 564 4472 832 4526; x_wconf 87' lang='lat' dir='ltr'><strong>rationem</strong></span> <span class='ocrx_word' id='word_1_492' title='bbox 883 4473 1071 4528; x_wconf 87' lang='lat' dir='ltr'><strong>videre</strong></span> <span class='ocrx_word' id='word_1_493' title='bbox 1119 4489 1226 4529; x_wconf 91' lang='lat' dir='ltr'><strong>non</strong></span> <span class='ocrx_word' id='word_1_494' title='bbox 1281 4474 1424 4530; x_wconf 91' lang='lat' dir='ltr'><strong>licet.</strong></span> <span class='ocrx_word' id='word_1_495' title='bbox 1467 4473 1743 4528; x_wconf 86' lang='lat' dir='ltr'><strong>Sententia</strong></span> 
     </span>
    </p>
   </div>
   <div class='ocr_carea' id='block_1_66' title="bbox 266 4590 1372 4670">
    <p class='ocr_par' dir='ltr' id='par_1_66' title="bbox 266 4590 1372 4670">
     <span class='ocr_line' id='line_1_66' title="bbox 266 4590 1372 4670; baseline 0.005 -22"><span class='ocrx_word' id='word_1_496' title='bbox 266 4599 287 4627; x_wconf 79' lang='grc'><strong><em>³</em></strong></span> <span class='ocrx_word' id='word_1_497' title='bbox 305 4590 440 4649; x_wconf 65' lang='grc' dir='ltr'><strong>κω.</strong></span> <span class='ocrx_word' id='word_1_498' title='bbox 466 4594 538 4650; x_wconf 91' lang='lat' dir='ltr'><strong>de</strong></span> <span class='ocrx_word' id='word_1_499' title='bbox 565 4595 838 4662; x_wconf 74' lang='lat' dir='ltr'><strong>Trévous,</strong></span> <span class='ocrx_word' id='word_1_500' title='bbox 871 4613 961 4652; x_wconf 87' lang='lat' dir='ltr'><strong>an.</strong></span> <span class='ocrx_word' id='word_1_501' title='bbox 987 4599 1143 4662; x_wconf 72' lang='lat'><strong>1709,</strong></span> <span class='ocrx_word' id='word_1_502' title='bbox 1173 4617 1224 4670; x_wconf 76' lang='grc' dir='ltr'><strong>ι).</strong></span> <span class='ocrx_word' id='word_1_503' title='bbox 1250 4599 1372 4653; x_wconf 75' lang='lat'><strong>8°23.</strong></span> 
     </span>
    </p>
   </div>
   <div class='ocr_carea' id='block_1_67' title="bbox 1847 4012 3412 4080">
    <p class='ocr_par' dir='ltr' id='par_1_67' title="bbox 1847 4012 3412 4080">
     <span class='ocr_line' id='line_1_67' title="bbox 1847 4012 3412 4080; baseline 0.001 -13"><span class='ocrx_word' id='word_1_504' title='bbox 1847 4017 2110 4067; x_wconf 82' lang='lat' dir='ltr'><strong>servandis</strong></span> <span class='ocrx_word' id='word_1_505' title='bbox 2163 4013 2528 4066; x_wconf 84' lang='lat' dir='ltr'><strong>Britannorum</strong></span> <span class='ocrx_word' id='word_1_506' title='bbox 2593 4012 2811 4075; x_wconf 87' lang='lat' dir='ltr'><strong>ritibus;</strong></span> <span class='ocrx_word' id='word_1_507' title='bbox 2875 4015 3291 4080; x_wconf 77' lang='lat' dir='ltr'><strong>Ilispututiunum</strong></span> <span class='ocrx_word' id='word_1_508' title='bbox 3358 4018 3412 4070; x_wconf 85' lang='lat' dir='ltr'><strong>li-</strong></span> 
     </span>
    </p>
   </div>
   <div class='ocr_carea' id='block_1_68' title="bbox 1848 4099 3399 4171">
    <p class='ocr_par' dir='ltr' id='par_1_68' title="bbox 1848 4099 3399 4171">
     <span class='ocr_line' id='line_1_68' title="bbox 1848 4099 3399 4171; baseline 0.003 -18"><span class='ocrx_word' id='word_1_509' title='bbox 1848 4102 2011 4164; x_wconf 81' lang='lat' dir='ltr'><strong>brant,</strong></span> <span class='ocrx_word' id='word_1_510' title='bbox 2046 4102 2314 4171; x_wconf 87' lang='lat' dir='ltr'><strong>aliumque</strong></span> <span class='ocrx_word' id='word_1_511' title='bbox 2344 4099 2650 4155; x_wconf 87' lang='lat' dir='ltr'><strong>Orationum</strong></span> <span class='ocrx_word' id='word_1_512' title='bbox 2682 4112 2730 4155; x_wconf 85' lang='lat' dir='ltr'><strong>et</strong></span> <span class='ocrx_word' id='word_1_513' title='bbox 2758 4101 3133 4171; x_wconf 77' lang='lat' dir='ltr'><strong>Epistolarum,</strong></span> <span class='ocrx_word' id='word_1_514' title='bbox 3163 4112 3213 4156; x_wconf 92' lang='lat' dir='ltr'><strong>et</strong></span> <span class='ocrx_word' id='word_1_515' title='bbox 3239 4104 3292 4156; x_wconf 86' lang='lat' dir='ltr'><strong>in</strong></span> <span class='ocrx_word' id='word_1_516' title='bbox 3324 4106 3399 4158; x_wconf 86' lang='lat' dir='ltr'><strong>Sa</strong></span> 
     </span>
    </p>
   </div>
   <div class='ocr_carea' id='block_1_69' title="bbox 1845 4189 3418 4258">
    <p class='ocr_par' dir='ltr' id='par_1_69' title="bbox 1845 4189 3418 4258">
     <span class='ocr_line' id='line_1_69' title="bbox 1845 4189 3418 4258; baseline 0.002 -15"><span class='ocrx_word' id='word_1_517' title='bbox 1845 4207 1987 4244; x_wconf 85' lang='lat' dir='ltr'><strong>cram</strong></span> <span class='ocrx_word' id='word_1_518' title='bbox 2011 4192 2333 4258; x_wconf 71' lang='lat' dir='ltr'><strong>Sciipturam</strong></span> <span class='ocrx_word' id='word_1_519' title='bbox 2354 4191 2779 4254; x_wconf 79' lang='lat' dir='ltr'><strong>Commentarios,</strong></span> <span class='ocrx_word' id='word_1_520' title='bbox 2803 4205 2865 4243; x_wconf 83' lang='lat' dir='ltr'><strong>ea</strong></span> <span class='ocrx_word' id='word_1_521' title='bbox 2892 4189 3089 4243; x_wconf 89' lang='lat' dir='ltr'><strong>nemini</strong></span> <span class='ocrx_word' id='word_1_522' title='bbox 3112 4189 3249 4253; x_wconf 83' lang='lat' dir='ltr'><strong>visa;</strong></span> <span class='ocrx_word' id='word_1_523' title='bbox 3273 4199 3327 4244; x_wconf 91' lang='lat' dir='ltr'><strong>et</strong></span> <span class='ocrx_word' id='word_1_524' title='bbox 3354 4207 3418 4246; x_wconf 79' lang='lat' dir='ltr'><strong>es</strong></span> 
     </span>
    </p>
   </div>
   <div class='ocr_carea' id='block_1_70' title="bbox 1847 4277 3416 4348">
    <p class='ocr_par' dir='ltr' id='par_1_70' title="bbox 1847 4277 3416 4348">
     <span class='ocr_line' id='line_1_70' title="bbox 1847 4277 3416 4348; baseline -0.001 -12"><span class='ocrx_word' id='word_1_525' title='bbox 1847 4282 1964 4336; x_wconf 86' lang='lat' dir='ltr'><strong>sola</strong></span> <span class='ocrx_word' id='word_1_526' title='bbox 2004 4282 2341 4348; x_wconf 85' lang='lat' dir='ltr'><strong>conjectura,</strong></span> <span class='ocrx_word' id='word_1_527' title='bbox 2376 4288 2433 4333; x_wconf 95' lang='lat' dir='ltr'><strong>ut</strong></span> <span class='ocrx_word' id='word_1_528' title='bbox 2463 4281 2515 4333; x_wconf 93' lang='lat' dir='ltr'><strong>in</strong></span> <span class='ocrx_word' id='word_1_529' title='bbox 2545 4280 2663 4334; x_wconf 81' lang='lat' dir='ltr'><strong>aliis</strong></span> <span class='ocrx_word' id='word_1_530' title='bbox 2693 4295 2798 4334; x_wconf 92' lang='lat' dir='ltr'><strong>non</strong></span> <span class='ocrx_word' id='word_1_531' title='bbox 2827 4295 2950 4333; x_wconf 85' lang='lat' dir='ltr'><strong>raro</strong></span> <span class='ocrx_word' id='word_1_532' title='bbox 2977 4277 3046 4333; x_wconf 83' lang='lat' dir='ltr'><strong>ab</strong></span> <span class='ocrx_word' id='word_1_533' title='bbox 3076 4278 3160 4333; x_wconf 87' lang='lat' dir='ltr'><strong>his</strong></span> <span class='ocrx_word' id='word_1_534' title='bbox 3200 4278 3416 4348; x_wconf 73' lang='lat' dir='ltr'><strong>iactum,</strong></span> 
     </span>
    </p>
   </div>
   <div class='ocr_carea' id='block_1_71' title="bbox 1848 4368 2705 4440">
    <p class='ocr_par' dir='ltr' id='par_1_71' title="bbox 1848 4368 2705 4440">
     <span class='ocr_line' id='line_1_71' title="bbox 1848 4368 2705 4440; baseline -0.002 -17"><span class='ocrx_word' id='word_1_535' title='bbox 1848 4370 2050 4424; x_wconf 86' lang='lat' dir='ltr'><strong>tributa</strong></span> <span class='ocrx_word' id='word_1_536' title='bbox 2078 4383 2198 4424; x_wconf 87' lang='lat' dir='ltr'><strong>csse</strong></span> <span class='ocrx_word' id='word_1_537' title='bbox 2226 4368 2356 4422; x_wconf 82' lang='lat' dir='ltr'><strong>mihi</strong></span> <span class='ocrx_word' id='word_1_538' title='bbox 2387 4369 2705 4440; x_wconf 88' lang='lat' dir='ltr'><strong>persuadeo.</strong></span> 
     </span>
    </p>
   </div>
   <div class='ocr_carea' id='block_1_72' title="bbox 2017 4708 3360 4737">
    <p class='ocr_par' dir='ltr' id='par_1_72' title="bbox 2017 4708 3360 4737">
     <span class='ocr_line' id='line_1_72' title="bbox 2017 4708 3360 4737; baseline 0.001 -14"><span class='ocrx_word' id='word_1_539' title='bbox 2017 4708 3360 4737; x_wconf 60' lang='grc' dir='ltr'><em>Μ</em></span> 
     </span>
    </p>
   </div>
   <div class='ocr_carea' id='block_1_73' title="bbox 408 4834 3194 4930">
    <p class='ocr_par' dir='ltr' id='par_1_73' title="bbox 408 4834 3194 4930">
     <span class='ocr_line' id='line_1_73' title="bbox 408 4834 3194 4930; baseline -0.007 -2"><span class='ocrx_word' id='word_1_540' title='bbox 408 4849 850 4930; x_wconf 81' lang='lat' dir='ltr'><strong>DINOTHI</strong></span> <span class='ocrx_word' id='word_1_541' title='bbox 907 4850 940 4890; x_wconf 76' lang='grc'>³</span> <span class='ocrx_word' id='word_1_542' title='bbox 993 4845 1557 4925; x_wconf 80' lang='lat' dir='ltr'><strong>BESPONSIO</strong></span> <span class='ocrx_word' id='word_1_543' title='bbox 1615 4851 1746 4925; x_wconf 81' lang='lat' dir='ltr'><strong>AD</strong></span> <span class='ocrx_word' id='word_1_544' title='bbox 1807 4840 2501 4926; x_wconf 79' lang='lat' dir='ltr'><strong>AUGUSTINUM</strong></span> <span class='ocrx_word' id='word_1_545' title='bbox 2564 4834 3194 4922; x_wconf 84' lang='lat' dir='ltr'><strong>MONACIIUM,</strong></span> 
     </span>
    </p>
   </div>
   <div class='ocr_carea' id='block_1_74' title="bbox 1037 4997 2556 5058">
    <p class='ocr_par' dir='ltr' id='par_1_74' title="bbox 1037 4997 2556 5058">
     <span class='ocr_line' id='line_1_74' title="bbox 1037 4997 2556 5058; baseline -0.005 -4"><span class='ocrx_word' id='word_1_546' title='bbox 1037 5004 1369 5056; x_wconf 71' lang='lat' dir='ltr'><strong>PETENTEH</strong></span> <span class='ocrx_word' id='word_1_547' title='bbox 1403 5004 1873 5057; x_wconf 73' lang='lat' dir='ltr'><strong>SUBJECTIONEI</strong></span> <span class='ocrx_word' id='word_1_548' title='bbox 1909 5001 2227 5058; x_wconf 69' lang='grc' dir='ltr'><strong>ιεοειεειιε</strong></span> <span class='ocrx_word' id='word_1_549' title='bbox 2259 4997 2556 5050; x_wconf 60' lang='lat' dir='ltr'><strong>ROMANIS.</strong></span> 
     </span>
    </p>
   </div>
   <div class='ocr_carea' id='block_1_75' title="bbox 1118 5197 2492 5269">
    <p class='ocr_par' dir='ltr' id='par_1_75' title="bbox 1118 5197 2492 5269">
     <span class='ocr_line' id='line_1_75' title="bbox 1118 5197 2492 5269; baseline -0.007 -12"><span class='ocrx_word' id='word_1_550' title='bbox 1118 5205 1212 5268; x_wconf 74' lang='lat' dir='ltr'><strong>(Ex</strong></span> <span class='ocrx_word' id='word_1_551' title='bbox 1237 5205 1457 5256; x_wconf 73' lang='lat' dir='ltr'><strong>Vilkinsii</strong></span> <span class='ocrx_word' id='word_1_552' title='bbox 1484 5204 1632 5256; x_wconf 82' lang='lat' dir='ltr'><strong>Cone.</strong></span> <span class='ocrx_word' id='word_1_553' title='bbox 1664 5206 1854 5269; x_wconf 64' lang='lat' dir='ltr'><strong>Iasus:</strong></span> <span class='ocrx_word' id='word_1_554' title='bbox 1874 5203 2163 5264; x_wconf 63' lang='lat' dir='ltr'><strong>Britannia,</strong></span> <span class='ocrx_word' id='word_1_555' title='bbox 2190 5205 2228 5251; x_wconf 92' lang='lat' dir='ltr'><strong>t.</strong></span> <span class='ocrx_word' id='word_1_556' title='bbox 2249 5199 2293 5262; x_wconf 85' lang='grc'><strong>1,</strong></span> <span class='ocrx_word' id='word_1_557' title='bbox 2317 5212 2368 5262; x_wconf 85' lang='lat' dir='ltr'><strong>p.</strong></span> <span class='ocrx_word' id='word_1_558' title='bbox 2386 5197 2492 5258; x_wconf 62' lang='lat'><strong>$6.)</strong></span> 
     </span>
    </p>
   </div>
   <div class='ocr_carea' id='block_1_76' title="bbox 276 5398 1748 5472">
    <p class='ocr_par' dir='ltr' id='par_1_76' title="bbox 276 5398 1748 5472">
     <span class='ocr_line' id='line_1_76' title="bbox 276 5398 1748 5472; baseline 0.005 -18"><span class='ocrx_word' id='word_1_559' title='bbox 276 5398 439 5457; x_wconf 73' lang='lat' dir='ltr'><strong>lotum</strong></span> <span class='ocrx_word' id='word_1_560' title='bbox 467 5404 536 5458; x_wconf 87' lang='lat' dir='ltr'><strong>sit</strong></span> <span class='ocrx_word' id='word_1_561' title='bbox 582 5412 639 5459; x_wconf 92' lang='lat' dir='ltr'><strong>et</strong></span> <span class='ocrx_word' id='word_1_562' title='bbox 678 5405 884 5472; x_wconf 83' lang='lat' dir='ltr'><strong>absque</strong></span> <span class='ocrx_word' id='word_1_563' title='bbox 912 5403 1240 5458; x_wconf 85' lang='lat' dir='ltr'><strong>dubitatione</strong></span> <span class='ocrx_word' id='word_1_564' title='bbox 1271 5402 1418 5457; x_wconf 82' lang='lat' dir='ltr'><strong>vobis</strong></span> <span class='ocrx_word' id='word_1_565' title='bbox 1467 5404 1607 5472; x_wconf 88' lang='lat' dir='ltr'><strong>quod</strong></span> <span class='ocrx_word' id='word_1_566' title='bbox 1650 5420 1748 5461; x_wconf 88' lang='lat' dir='ltr'><strong>nos</strong></span> 
     </span>
    </p>
   </div>
   <div class='ocr_carea' id='block_1_77' title="bbox 227 5492 1748 5563">
    <p class='ocr_par' dir='ltr' id='par_1_77' title="bbox 227 5492 1748 5563">
     <span class='ocr_line' id='line_1_77' title="bbox 227 5492 1748 5563; baseline 0.004 -20"><span class='ocrx_word' id='word_1_567' title='bbox 227 5503 372 5548; x_wconf 79' lang='lat' dir='ltr'><strong>omnes</strong></span> <span class='ocrx_word' id='word_1_568' title='bbox 394 5506 574 5548; x_wconf 71' lang='lat' dir='ltr'><strong>minus</strong></span> <span class='ocrx_word' id='word_1_569' title='bbox 594 5502 652 5549; x_wconf 90' lang='lat' dir='ltr'><strong>et</strong></span> <span class='ocrx_word' id='word_1_570' title='bbox 679 5493 909 5563; x_wconf 86' lang='lat' dir='ltr'><strong>quilibet</strong></span> <span class='ocrx_word' id='word_1_571' title='bbox 937 5502 1176 5548; x_wconf 87' lang='lat' dir='ltr'><strong>nostrum</strong></span> <span class='ocrx_word' id='word_1_572' title='bbox 1205 5492 1514 5548; x_wconf 83' lang='lat' dir='ltr'><strong>obedientcs</strong></span> <span class='ocrx_word' id='word_1_573' title='bbox 1539 5502 1595 5550; x_wconf 89' lang='lat' dir='ltr'><strong>et</strong></span> <span class='ocrx_word' id='word_1_574' title='bbox 1621 5494 1748 5549; x_wconf 87' lang='lat' dir='ltr'><strong>sub-</strong></span> 
     </span>
    </p>
   </div>
   <div class='ocr_carea' id='block_1_78' title="bbox 280 5643 1746 5717">
    <p class='ocr_par' dir='ltr' id='par_1_78' title="bbox 280 5643 1746 5717">
     <span class='ocr_line' id='line_1_78' title="bbox 280 5643 1746 5717; baseline -0.001 -15"><span class='ocrx_word' id='word_1_575' title='bbox 280 5651 300 5679; x_wconf 85' lang='grc'>⁶</span> <span class='ocrx_word' id='word_1_576' title='bbox 333 5645 579 5714; x_wconf 81' lang='lat' dir='ltr'><strong>Descripsi</strong></span> <span class='ocrx_word' id='word_1_577' title='bbox 611 5645 1019 5717; x_wconf 80' lang='lat' dir='ltr'><strong>responsionem</strong></span> <span class='ocrx_word' id='word_1_578' title='bbox 1049 5644 1184 5698; x_wconf 81' lang='lat' dir='ltr'><strong>lianc</strong></span> <span class='ocrx_word' id='word_1_579' title='bbox 1212 5645 1421 5717; x_wconf 80' lang='lat' dir='ltr'><strong>abbatis</strong></span> <span class='ocrx_word' id='word_1_580' title='bbox 1445 5643 1653 5717; x_wconf 68' lang='lat' dir='ltr'><strong>Bangor</strong></span> <span class='ocrx_word' id='word_1_581' title='bbox 1682 5662 1746 5701; x_wconf 80' lang='lat' dir='ltr'><strong>ex</strong></span> 
     </span>
    </p>
   </div>
   <div class='ocr_carea' id='block_1_79' title="bbox 228 5708 1751 5784">
    <p class='ocr_par' dir='ltr' id='par_1_79' title="bbox 228 5708 1751 5784">
     <span class='ocr_line' id='line_1_79' title="bbox 228 5708 1751 5784; baseline 0.002 -14"><span class='ocrx_word' id='word_1_582' title='bbox 228 5708 256 5760; x_wconf 62' lang='lat'><strong><em>3</em></strong></span> <span class='ocrx_word' id='word_1_583' title='bbox 273 5726 377 5784; x_wconf 75' lang='lat' dir='ltr'><strong>Illis,</strong></span> <span class='ocrx_word' id='word_1_584' title='bbox 403 5708 576 5782; x_wconf 76' lang='lat' dir='ltr'><strong>Coti.;</strong></span> <span class='ocrx_word' id='word_1_585' title='bbox 603 5708 1012 5770; x_wconf 52' lang='lat' dir='ltr'><strong>sed&#39;aud&#39;iatuus</strong></span> <span class='ocrx_word' id='word_1_586' title='bbox 1041 5717 1165 5784; x_wconf 87' lang='lat' dir='ltr'><strong>quid</strong></span> <span class='ocrx_word' id='word_1_587' title='bbox 1194 5718 1276 5773; x_wconf 80' lang='lat' dir='ltr'><strong>Cl.</strong></span> <span class='ocrx_word' id='word_1_588' title='bbox 1303 5708 1659 5784; x_wconf 70' lang='lat' dir='ltr'><strong>Spclmannus</strong></span> <span class='ocrx_word' id='word_1_589' title='bbox 1684 5718 1751 5773; x_wconf 87' lang='lat' dir='ltr'><strong>de</strong></span> 
     </span>
    </p>
   </div>
   <div class='ocr_carea' id='block_1_80' title="bbox 227 5783 1016 5857">
    <p class='ocr_par' dir='ltr' id='par_1_80' title="bbox 227 5783 1016 5857">
     <span class='ocr_line' id='line_1_80' title="bbox 227 5783 1016 5857; baseline 0.003 -22"><span class='ocrx_word' id='word_1_590' title='bbox 227 5791 301 5835; x_wconf 75' lang='lat' dir='ltr'><strong>tuo</strong></span> <span class='ocrx_word' id='word_1_591' title='bbox 314 5783 422 5841; x_wconf 77' lang='lat' dir='ltr'><strong>oliui</strong></span> <span class='ocrx_word' id='word_1_592' title='bbox 443 5785 736 5857; x_wconf 81' lang='lat' dir='ltr'><strong>esemplaii</strong></span> <span class='ocrx_word' id='word_1_593' title='bbox 765 5784 1016 5841; x_wconf 76' lang='lat' dir='ltr'><strong>disserat.</strong></span> 
     </span>
    </p>
   </div>
   <div class='ocr_carea' id='block_1_81' title="bbox 1854 5397 3429 5470">
    <p class='ocr_par' dir='ltr' id='par_1_81' title="bbox 1854 5397 3429 5470">
     <span class='ocr_line' id='line_1_81' title="bbox 1854 5397 3429 5470; baseline -0.002 -16"><span class='ocrx_word' id='word_1_594' title='bbox 1854 5402 1947 5456; x_wconf 68' lang='lat' dir='ltr'><strong>«liti</strong></span> <span class='ocrx_word' id='word_1_595' title='bbox 1987 5403 2232 5458; x_wconf 75' lang='lat' dir='ltr'><strong>ecclesia:</strong></span> <span class='ocrx_word' id='word_1_596' title='bbox 2261 5403 2382 5469; x_wconf 84' lang='lat' dir='ltr'><strong>Dei,</strong></span> <span class='ocrx_word' id='word_1_597' title='bbox 2410 5411 2464 5456; x_wconf 88' lang='lat' dir='ltr'><strong>et</strong></span> <span class='ocrx_word' id='word_1_598' title='bbox 2492 5416 2637 5470; x_wconf 74' lang='lat' dir='ltr'><strong>papa:</strong></span> <span class='ocrx_word' id='word_1_599' title='bbox 2669 5401 2878 5466; x_wconf 60' lang='lat' dir='ltr'><strong>Romae,</strong></span> <span class='ocrx_word' id='word_1_600' title='bbox 2909 5407 2962 5455; x_wconf 90' lang='lat' dir='ltr'><strong>et</strong></span> <span class='ocrx_word' id='word_1_601' title='bbox 2991 5397 3273 5466; x_wconf 90' lang='lat' dir='ltr'><strong>unicuique</strong></span> <span class='ocrx_word' id='word_1_602' title='bbox 3299 5410 3429 5451; x_wconf 88' lang='lat' dir='ltr'><strong>vero</strong></span> 
     </span>
    </p>
   </div>
   <div class='ocr_carea' id='block_1_82' title="bbox 1854 5492 3432 5566">
    <p class='ocr_par' dir='ltr' id='par_1_82' title="bbox 1854 5492 3432 5566">
     <span class='ocr_line' id='line_1_82' title="bbox 1854 5492 3432 5566; baseline -0.004 -18"><span class='ocrx_word' id='word_1_603' title='bbox 1854 5493 2158 5548; x_wconf 80' lang='lat' dir='ltr'><strong>Christiano</strong></span> <span class='ocrx_word' id='word_1_604' title='bbox 2208 5492 2228 5566; x_wconf 67' lang='grc' dir='ltr'>ί</span> <span class='ocrx_word' id='word_1_605' title='bbox 2253 5492 2347 5565; x_wconf 88' lang='lat' dir='ltr'><strong>et]</strong></span> <span class='ocrx_word' id='word_1_606' title='bbox 2398 5493 2486 5562; x_wconf 85' lang='lat' dir='ltr'><strong>pio</strong></span> <span class='ocrx_word' id='word_1_607' title='bbox 2539 5492 2604 5546; x_wconf 90' lang='lat' dir='ltr'><strong>ad</strong></span> <span class='ocrx_word' id='word_1_608' title='bbox 2655 5493 2940 5548; x_wconf 89' lang='lat' dir='ltr'><strong>amandum</strong></span> <span class='ocrx_word' id='word_1_609' title='bbox 2997 5502 3432 5558; x_wconf 87' lang='lat' dir='ltr'><strong>unumquemque</strong></span> 
     </span>
    </p>
   </div>
   <div class='ocr_carea' id='block_1_83' title="bbox 1924 5641 3424 5700">
    <p class='ocr_par' dir='ltr' id='par_1_83' title="bbox 1924 5641 3424 5700">
     <span class='ocr_line' id='line_1_83' title="bbox 1924 5641 3424 5700; baseline -0.003 -2"><span class='ocrx_word' id='word_1_610' title='bbox 1924 5643 2050 5699; x_wconf 70' lang='lat' dir='ltr'><strong>Haec</strong></span> <span class='ocrx_word' id='word_1_611' title='bbox 2073 5661 2135 5700; x_wconf 79' lang='lat' dir='ltr'><strong>ex</strong></span> <span class='ocrx_word' id='word_1_612' title='bbox 2166 5656 2270 5700; x_wconf 80' lang='lat' dir='ltr'><strong>vet.</strong></span> <span class='ocrx_word' id='word_1_613' title='bbox 2295 5658 2395 5699; x_wconf 89' lang='lat' dir='ltr'><strong>ms.</strong></span> <span class='ocrx_word' id='word_1_614' title='bbox 2419 5645 2541 5698; x_wconf 84' lang='lat' dir='ltr'><strong>cod.</strong></span> <span class='ocrx_word' id='word_1_615' title='bbox 2566 5644 2704 5700; x_wconf 86' lang='lat' dir='ltr'><strong>Petri</strong></span> <span class='ocrx_word' id='word_1_616' title='bbox 2737 5644 2938 5699; x_wconf 73' lang='lat' dir='ltr'><strong>Mosten</strong></span> <span class='ocrx_word' id='word_1_617' title='bbox 2959 5641 3424 5698; x_wconf 78' lang='lat' dir='ltr'><strong>Csmbrobritanul</strong></span> 
     </span>
    </p>
   </div>
   <div class='ocr_carea' id='block_1_84' title="bbox 1852 5711 3430 5786">
    <p class='ocr_par' dir='ltr' id='par_1_84' title="bbox 1852 5711 3430 5786">
     <span class='ocr_line' id='line_1_84' title="bbox 1852 5711 3430 5786; baseline -0.003 -18"><span class='ocrx_word' id='word_1_618' title='bbox 1852 5714 2098 5786; x_wconf 77' lang='lat' dir='ltr'><strong>generosi</strong></span> <span class='ocrx_word' id='word_1_619' title='bbox 2129 5716 2506 5786; x_wconf 82' lang='lat' dir='ltr'><strong>(antiquiorem</strong></span> <span class='ocrx_word' id='word_1_620' title='bbox 2548 5715 2735 5786; x_wconf 88' lang='lat' dir='ltr'><strong>procul</strong></span> <span class='ocrx_word' id='word_1_621' title='bbox 2764 5713 2924 5786; x_wconf 75' lang='lat' dir='ltr'><strong>dubio</strong></span> <span class='ocrx_word' id='word_1_622' title='bbox 2939 5711 3216 5786; x_wconf 86' lang='lat' dir='ltr'><strong>_i_mi_taule)</strong></span> <span class='ocrx_word' id='word_1_623' title='bbox 3248 5711 3430 5786; x_wconf 79' lang='lat' dir='ltr'><strong>multis</strong></span> 
     </span>
    </p>
   </div>
   <div class='ocr_carea' id='block_1_85' title="bbox 1854 5782 3436 5856">
    <p class='ocr_par' dir='ltr' id='par_1_85' title="bbox 1854 5782 3436 5856">
     <span class='ocr_line' id='line_1_85' title="bbox 1854 5782 3436 5856; baseline -0.004 -17"><span class='ocrx_word' id='word_1_624' title='bbox 1854 5783 2050 5841; x_wconf 84' lang='lat' dir='ltr'><strong>abhinc</strong></span> <span class='ocrx_word' id='word_1_625' title='bbox 2100 5782 2256 5842; x_wconf 85' lang='lat' dir='ltr'><strong>annis</strong></span> <span class='ocrx_word' id='word_1_626' title='bbox 2286 5782 2525 5854; x_wconf 75' lang='lat' dir='ltr'><strong>ipsemet</strong></span> <span class='ocrx_word' id='word_1_627' title='bbox 2551 5782 2869 5851; x_wconf 75' lang='lat' dir='ltr'><strong>iranscripsi</strong></span> <span class='ocrx_word' id='word_1_628' title='bbox 2901 5782 3095 5856; x_wconf 81' lang='lat' dir='ltr'><strong>(Verba</strong></span> <span class='ocrx_word' id='word_1_629' title='bbox 3123 5792 3239 5839; x_wconf 82' lang='lat' dir='ltr'><strong>sunt</strong></span> <span class='ocrx_word' id='word_1_630' title='bbox 3284 5783 3436 5851; x_wconf 78' lang='lat' dir='ltr'><strong>Spei-</strong></span> 
     </span>
    </p>
   </div>
  </div>
