3874 6224
214 390 273 435 25

1466 383 1621 439 νιτΑ
1660 381 1784 437 SAN

1857 382 1899 436 ΓΙ
1938 382 2147 437 MAR".
3342 386 3412 442 Ξῧ

216 516 289 554 an.
333 492 425 550 ωο
457 491 789 548 Bobacensis
838 492 953 549 sive
996 492 1336 549 Bodanensis.
1377 491 1531 548 Edita
1585 499 1670 546 est
1714 505 1746 545 a
1776 501 1821 550 Α
1849 490 2156 559 episcopum
2185 504 2270 545 an.
2298 491 2401 546 584
2431 492 2739 562 Rejeusem,
2776 506 2894 561 quae
2922 499 3101 549 exstat
3147 494 3289 564 apud
3313 500 3415 551 Su-

218 583 435 639 Bollando
453 581 516 633 27
541 578 789 634 Januarii
816 590 949 638 tom.
976 582 1043 649 li,
1069 598 1121 653 p.
1154 582 1276 646 774,
1298 592 1354 637 et
1382 597 1412 635 a
1432 580 1741 637 “abillonio
1843 580 1982 634 rium
2004 578 2070 632 27
2090 581 2411 646 novembris,
2436 590 2490 637 et
2514 583 2566 637 in
2592 580 2853 636 \‘incentii
2871 583 3104 640 Barralis
3124 584 3417 643 Chronolo-

218 690 314 730 α.
336 688 352 727 t
372 672 480 725 Act.
510 669 697 724 Sanct.
744 670 1075 729 Benedictiu.
1099 690 1151 742 p.
1183 670 1304 726 105.
1332 670 1534 726 Deinde
1570 670 1742 726 Vitam
1846 671 1930 739 gia
1956 671 2203 725 abbatum
2234 681 2289 727 et
2330 672 2638 728 Honasterii
2666 672 2999 739 Lerinensis,
3032 685 3087 729 et
3122 675 3418 733 illustratur

217 765 264 819 S.
292 760 510 823 lusisti,
539 758 758 816 abbatis
798 764 1030 831 primum
1073 760 1396 828 Lerinensis,
1428 770 1613 828 postea
1651 777 1739 815 an.
1847 777 1878 815 a
1908 761 2122 817 Barthio
2153 780 2261 827 ιιι,
2290 762 2377 829 12,
2406 763 2685 820 Adversar.
2718 764 2793 819 De
2821 764 3009 819 eodem
3032 764 3261 821 Maximo
3284 767 3419 823 Gre-

216 850 294 904 t55
338 847 598 909 Besiensis
644 850 766 907 sive
814 850 1057 921 Rejensis
1096 850 1352 921 episcopi,
1398 851 1465 906 ad
1495 849 1744 906 Urbicutu
1847 855 2026 923 gorius
2054 853 2385 909 Turonensis
2414 856 2465 908 in
2490 870 2652 925 opere
2679 856 2744 909 de
2771 853 2953 909 Gloria
2984 854 3380 912 Confessorum.

942 1096 1761 1213 avaram!
1854 1103 2691 1217 PATRICII

1003 1299 2013 1506 EPISTOIifE
2099 1308 2600 1453 DU/E.

1327 1556 1627 1623 (Duchesue,
1646 1561 1826 1614 Hister.
1851 1562 2034 1615 Frauc-
2050 1565 2259 1629 Script.)

693 1758 1121 1816 EPISTOLA
1170 1758 1211 1815 Ι.

810 1866 881 1904 AD
913 1861 1133 1904 AIICUI.

279 1943 516 2007 Quantum
546 1939 787 1994 mstitero
808 1939 938 1995 solis
964 1940 1152 1992 ardore
1174 1937 1405 2005 defesso,
1425 1937 1511 1993 vel
1540 1938 1751 2080 longin-

279 2030 296 2080 i
336 2028 530 2080 itineris
557 2029 816 2080 vastitate
842 2035 1116 2080 ouassato.
1142 2026 1313 2080 gelida
1351 2026 1603 2080 nvmnha.
1668 2042 1751 2079 um

227 2030 296 2099 qui
336 2028 530 2084 itineris
557 2029 816 2083 vastitate
842 2035 1116 2096 quassato,
1142 2026 1313 2094 gelida
1351 2026 1603 2097 nympha,
1629 2026 1752 2080 dum

226 2118 485 2172 ariditatem
533 2124 825 2185 temperat,
874 2115 1153 2183 restinguit
1195 2114 1453 2168 desideria
1486 2115 1751 2169 sitientis:

227 2209 286 2261 ita
310 2206 422 2259 mihi
461 2214 762 2259 vestrarum
809 2203 1153 2272 epistolarum
1200 2202 1430 2259 elocutio
1456 2218 1579 2257 cum
1609 2204 1759 2258 inco-

226 2296 447 2350 lumitatis
467 2304 657 2349 vestrae
687 2294 881 2347 indicia
909 2292 1109 2355 retulit,
1124 2292 1435 2360 gaudiorum
1458 2294 1755 2347 incremen-

226 2395 268 2437 ta
294 2384 509 2437 nutrivit.
549 2382 687 2447 Quia
716 2382 966 2450 quotiens
994 2381 1180 2436 crebra
1231 2382 1606 2437 recordatione
1638 2381 1756 2435 dul-

224 2474 290 2527 cia
333 2470 617 2525 aﬁectionis
665 2479 857 2523 vestrze
897 2477 1022 2523 vota
1065 2483 1445 2533 commemoro,
1496 2469 1756 2524 desidvria

224 2562 428 2631 pectoris
471 2560 743 2630 publicare
802 2558 1047 2627 suspiriis
1112 2574 1217 2613 non
1260 2558 1480 2613 desisto.
1534 2558 1637 2613 Pro
1691 2574 1757 2613 eo

222 2651 343 2719 quod
385 2648 467 2702 ille
495 2647 767 2716 corporali
811 2646 1086 2701 fraudetur
1126 2647 1338 2711 intuitu,
1379 2648 1471 2715 qui
1498 2646 1565 2703 de
1584 2648 1758 2703 cordis

224 2753 312 2792 non
358 2738 660 2791 absentatur
705 2750 921 2789 arcano.
967 2734 1171 2790 idcirco
1210 2736 1443 2790 ofﬁcium
1488 2738 1759 2807 sospitatis

222 2829 501 2899 pleois~imo
540 2827 818 2881 cbaritatis
840 2827 961 2895 jure
990 2827 1320 2895 persolvens,
1352 2843 1511 2897 spero
1532 2836 1591 2881 ut
1620 2843 1757 2897 quo-

224 2919 303 2973 tier
338 2916 530 2971 aditum
553 2923 856 2985 temporum
880 2913 1164 2971 difficultas
1191 2915 1399 2972 diversa
1430 2916 1752 2987 praestiterit,

224 3023 403 3077 semper
428 3008 772 3075 exiguitatem
802 3023 972 3061 meam
998 3017 1293 3061 vestrorum
1326 3010 1534 3078 apicum
1572 3010 1753 3064 elocu-

226 3098 284 3149 tio
301 3096 581 3149 desiderata
611 3092 902 3156 confortet,
932 3108 1210 3161 quousque
1246 3110 1367 3149 cum
1396 3095 1574 3150 divino
1600 3097 1753 3150 auxi-

226 3184 301 3249 lio,
327 3184 613 3238 animorum
644 3184 930 3239 devotione
951 3185 1215 3252 suppleta,
1256 3186 1454 3239 mutuis
1481 3188 1619 3239 inter
1658 3202 1755 3240 nos

226 3276 433 3329 [πείθωσι-
454 3274 759 3343 aspectibus
785 3275 877 3343 qui
904 3290 1171 3344 nunquam
1202 3275 1437 3330 indivisis
1462 3274 1754 3332 aﬂectioni-

227 3366 306 3420 bus
328 3374 736 3435 sequestramur.

759 3452 1086 3509 EPISTOLA
1124 3454 1187 3510 II.

310 3542 498 3600 Doirmo
533 3560 739 3599 sensa
779 3562 1055 3601 pecuum
1091 3562 1187 3602 suo
1220 3549 1429 3602 muco
1485 3564 1651 3605 μω.

282 3631 457 3688 Vereor
489 3634 712 3703 quidem
735 3676 750 3701 ,
794 3653 893 3706 pro
935 3638 1091 3704 hujus
1121 3639 1369 3695 tarditate
1408 3640 1601 3706 libelli,
1638 3657 1762 3697 reus

228 3725 356 3778 vestri
382 3724 603 3780 cristam
635 3727 863 3795 imperii.
894 3726 999 3781 Sed
1025 3729 1069 3781 si
1099 3729 1260 3783 solito
1300 3729 1512 3797 pietatis
1540 3731 1761 3788 arbitrio

228 3828 423 3869 mrum
468 3808 884 3871 amaritudinum
913 3817 1125 3886 pondus
1152 3820 1425 3888 inspicitis,
1459 3822 1759 3876 necessitati

228 3904 425 3969 protinus
466 3904 775 3975 indulgetis.
804 3904 890 3979 [Ut
933 3908 1108 3971 valui,
1154 3916 1329 3962 tamen
1376 3908 1597 3978 implere
1642 3926 1761 3980 qua:

230 3992 509 4059 pracepistis
557 3992 785 4048 intendi.
830 3994 1090 4060 Quoniam
1137 4013 1241 4050 non
1289 3996 1518 4063 dubitas,
1562 3998 1759 4056 beatis-

228 4076 333 4130 sime
368 4080 619 4146 pontifex,
661 4084 803 4149 quod
836 4083 948 4151 jam
990 4072 1081 4139 me.
1116 4086 1207 4139 tibi
1246 4086 1471 4141 reddidit
1501 4099 1756 4158 perpetua

230 4165 464 4220 sedulitate
491 4167 793 4235 subjectum
824 4170 991 4225 unicis
1018 4172 1291 4228 charitatis
1324 4173 1620 4243 imperium.
1652 4176 1756 4232 Sed

232 4252 383 4307 mirum
422 4256 522 4311 hoc
566 4270 689 4310 esse
736 4272 842 4311 non
890 4275 1108 4328 censeo,
1156 4263 1280 4317 dum
1330 4273 1381 4318 te
1426 4266 1475 4318 in
1522 4267 1756 4322 omnium

232 4344 487 4406 pectoribus
516 4346 593 4400 sic
622 4346 927 4402 devinctum
953 4365 1073 4407 esse
1100 4340 1329 4409 conﬁdo.
1360 4354 1491 4409 Nam
1536 4366 1758 4414 eatenus

231 4443 305 4483 vos
334 4438 753 4491 remuneratione
791 4440 1037 4508 superba,
1083 4442 1294 4500 diversa
1322 4444 1565 4502 beneﬁcii
1593 4448 1758 4518 largi-

233 4528 318 4575 tate
355 4531 696 4595 praerogativa
742 4533 1000 4599 generalis
1046 4538 1355 4606 ampliﬁcat,
1404 4548 1461 4594 ut
1505 4539 1558 4594 in
1605 4542 1757 4595 vobis

234 4627 322 4665 esse
345 4617 583 4683 probetur
610 4622 925 4691 ingenitum,
953 4626 1205 4697 quidquid
1236 4629 1325 4685 ubi
1355 4632 1527 4687 radiat
1554 4633 1756 4702 pretio-

1791 2063 1828 2118 Β

1783 3412 1829 3474 C

1854 1775 1995 1818 sum.
2026 1760 2089 1817 Et
2115 1764 2241 1819 dum
2271 1778 2531 1833 generosa
2561 1770 2814 1825 natalium
2844 1772 3103 1842 dignitate
3130 1776 3195 1831 de
3231 1787 3434 1847 oratur,

1856 1850 2155 1908 humilitate
2201 1855 2318 1924 plus
2365 1858 2595 1912 nobilem
2646 1869 2813 1914 totum
2865 1872 2915 1915 te
2961 1863 3146 1917 tribuit
3186 1866 3431 1924 libertati.

1856 1940 1973 2005 Quo
2016 1941 2074 1996 lit
2104 1952 2159 1997 ut
2202 1946 2475 2003 charitatis
2504 1949 2775 2017 splendor,
2806 1952 2894 2019 qui
2927 1953 3064 2007 intra
3107 1959 3265 2010 vestri
3307 1973 3433 2028 pec-

1856 2032 1989 2085 toris
2016 2048 2211 2089 arcana
2243 2037 2483 2092 immensi
2522 2039 2737 2096 luminis
2765 2043 3005 2098 claritate
3034 2048 3334 2114 praeradiat,
3382 2057 3437 2102 et

1855 2120 1965 2186 jam
2008 2124 2251 2191 corporis
2278 2128 2622 2182 serenitatem
2668 2132 2934 2199 ostendat,
2976 2142 3032 2187 et
3063 2138 3132 2188 ita
3165 2137 3234 2189 sit
3261 2136 3438 2190 cordis

1857 2211 2152 2279 speculum,
2200 2216 2367 2282 gratia
2394 2231 2513 2284 qua:
2544 2219 2736 2275 renitet
2785 2221 2838 2274 in
2880 2222 3050 2277 vultu.
3086 2223 3189 2278 Pro
3227 2240 3330 2294 qua
3378 2242 3438 2281 re

1859 2303 2172 2359 universitas
2216 2320 2275 2360 se
2321 2310 2567 2363 certatim
2611 2320 2790 2366 vestro
2820 2314 3092 2368 conciliari
3124 2317 3316 2370 aliectu
3346 2317 3437 2371 de-

1856 2395 2073 2464 siderat,
2120 2396 2245 2451 dum
2294 2416 2480 2456 omnes
2521 2404 2765 2461 conscius
2807 2422 2958 2461 amor
3004 2409 3212 2463 invitat.
3264 2410 3435 2476 Quam

1858 2482 2025 2549 magis
2054 2496 2152 2549 ego
2182 2485 2406 2541 invicem
2439 2490 2539 2543 mei
2571 2488 2854 2550 famulatus
2902 2495 3184 2549 verborum
3230 2498 3437 2564 gaudeo

1854 2569 1971 2639 jura
2004 2574 2342 2639 prtemittere,
2390 2577 2563 2633 donec
2602 2589 2656 2634 et
2685 2586 3009 2650 recuperatis
3038 2585 3234 2639 viribus
3273 2590 3436 2641 rebus

1858 2677 2067 2717 merear
2092 2666 2439 2734 respondere.
2470 2668 2673 2725 Idcirco
2700 2670 2873 2726 {mnus
2920 2672 3212 2727 humillime
3260 2680 3433 2745 sospi-

1858 2751 1980 2805 tatis
2018 2752 2347 2821 impendens,
2396 2757 2658 2823 deprecor
2696 2772 2755 2815 ut
2797 2760 2995 2828 jugiter
3036 2777 3119 2816 me
3158 2764 3209 2817 iu
3246 2764 3438 2819 divinis

1858 2843 2088 2898 oraculis
2116 2858 2273 2912 quem
2300 2856 2573 2917 receptum
2605 2848 2839 2919 dignatio
2869 2852 3085 2919 retinet,
3127 2855 3437 2909 intercessio

1856 2943 2032 2991 vestra
2074 2938 2430 3005 commendet,
2477 2947 2532 2994 et
2575 2940 2821 2998 omnibus
2849 2943 3044 3010 quibus
3074 2945 3436 3000 necessarium

1856 3026 2147 3096 inspicitis,
2196 3042 2291 3097 per
2335 3045 2473 3098 quos
2517 3033 2677 3086 etiam
2725 3037 2861 3103 regis
2901 3035 3119 3090 auribus
3149 3034 3439 3101 deferatur,

1857 3132 2029 3171 meam
2078 3121 2449 3176 necessitatem
2496 3125 2747 3189 asserite,
2803 3125 2884 3178 vel
2931 3126 3158 3181 celerem
3207 3126 3437 3181 reditum

1856 3206 2138 3263 obtinete:
2184 3219 2241 3263 ut
2286 3211 2492 3265 indulto
2540 3212 2836 3283 suﬂragetis
2888 3217 3225 3283 patrocinio,
3276 3232 3437 3283 quem

1856 3296 2096 3367 impenso
2147 3298 2335 3355 fovetis
2384 3303 2594 3355 aliectu.
2639 3302 2713 3356 De
2753 3306 3082 3358 transmissis
3125 3307 3315 3361 vestris
3347 3323 3438 3361 xe-

1858 3387 1960 3441 niis
1990 3389 2207 3456 ancipiti
2248 3390 2589 3445 meditatione
2632 3394 2945 3461 snspendor,
2997 3403 3175 3447 utrum
3222 3410 3307 3448 me
3353 3410 3439 3449 re-

1860 3475 1998 3529 ferre
2044 3485 2221 3544 grates
2261 3488 2540 3548 oporteat,
2579 3497 2645 3535 an
2684 3483 3152 3551 silerezquoniam
3195 3486 3284 3553 qui
3332 3501 3438 3540 non

1858 3566 1997 3619 valet
2042 3567 2264 3636 implere
2307 3570 2649 3637 praeconium,
2680 3572 2837 3639 digne
2863 3574 2995 3626 vitat
3022 3572 3291 3628 aﬂ‘ectum.
3320 3573 3437 3628 Non

1860 3661 2038 3709 tamen
2068 3657 2237 3711 credit
2265 3674 2475 3712 corona:
2502 3658 2592 3729 [Id
2611 3671 2703 3723 est,
2734 3662 3044 3727 sacerdotii,
3075 3662 3435 3732 episcopatus]

1860 3755 2054 3798 vestrae
2084 3747 2393 3815 magnitudo
2422 3749 2693 3813 suflicere,
2741 3750 2881 3818 quod
2912 3749 2962 3803 in
2995 3750 3126 3804 urbe
3169 3750 3252 3804 cui
3300 3764 3437 3817 pra:-

1858 3833 1985 3888 estis
2028 3850 2133 3889 non
2179 3836 2373 3890 desiuit
2416 3839 2675 3892 universis
2722 3839 2977 3892 immensa
3025 3838 3243 3906 largitas
3280 3839 3439 3891 mini-

1857 3932 2047 3989 strare,
2092 3925 2189 3979 nisi
2231 3934 2289 3979 ut
2327 3926 2448 3980 illos
2476 3927 2757 3996 stipendiis
2802 3929 3012 3982 donetis
3051 3929 3302 3998 propriis,
3342 3928 3435 3997 qui

1857 4019 2119 4074 moenibus
2146 4019 2444 4073 inhabitant
2470 4019 2678 4072 alienis.
2707 4017 2858 4074 Sicut
2887 4034 2972 4073 me
2996 4057 3019 4083 ν
3057 4035 3214 4088 quem
3244 4020 3435 4072 huma-

1858 4108 1996 4162 nitas
2026 4118 2200 4163 vestra
2232 4117 2410 4178 optata
2442 4107 2780 4163 infestatione
2817 4112 3196 4178 persequitur;
3248 4122 3433 4176 quam,

1855 4200 1980 4254 dum
2029 4215 2135 4254 non
2184 4201 2322 4254 valui
2374 4209 2594 4255 coactus
2642 4198 2913 4269 effugere,
2976 4202 3199 4253 devotus
3250 4200 3435 4253 videor

1856 4291 2149 4359 excepisse.
2183 4288 2337 4344 Unde
2358 4298 2564 4353 tamen,
2597 4290 2722 4344 licet
2746 4292 2965 4345 ariditas
3008 4292 3261 4345 subsistat
3288 4290 3436 4355 inge-

1857 4379 1951 4448 nii,
1982 4388 2158 4434 tamen
2204 4388 2411 4450 poterat
2456 4377 2691 4447 suﬂragii
2720 4396 2957 4449 propago
3006 4385 3282 4451 put-tendi,
3332 4383 3432 4436 nisi

1857 4470 1999 4540 quod
2044 4470 2170 4525 mihi
2220 4468 2443 4539 epistola
2474 4472 2759 4525 terminum
2788 4470 2991 4535 habuit,
3020 4472 3166 4541 quod
3201 4473 3433 4542 spatium

1858 4561 2042 4616 charta
2068 4561 2295 4630 negavit.

240 4760 3417 4808 —_.__________________________________

938 4875 1757 4994 DYNAMII
1830 4810 2673 5005 mansion

814 5069 1265 5221 VITA
1340 5078 1784 5309 SAM

1857 5087 2046 5229 TI
2114 5088 2761 5235 MARII.

1330 5379 1423 5439 (Ex
1452 5380 1662 5432 Bolland.
1682 5384 1779 5445 μυ.
1806 5391 1843 5433 t.
1875 5385 1939 5447 ll,
1966 5390 2025 5437 ad
2049 5392 2179 5440 diem
2203 5390 2304 5451 27.)

826 5535 1041 5592 CAPUT
1080 5535 1123 5592 Ι.

538 5625 733 5681 Sancti
765 5624 921 5681 Marii
949 5629 1122 5691 obitus,
1147 5632 1406 5685 vaticinia.

295 5712 483 5772 i.~Cu:n
514 5720 782 5774 Daumius
823 5728 997 5774 noster
1022 5719 1165 5777 Jesus
1194 5723 1431 5779 Christus
1462 5726 1512 5779 in
1545 5728 1767 5797 pl'tlthP

1774 5483 1831 5499 ~

1855 5531 1942 5587 dio
1973 5546 2169 5591 nostrae
2198 5537 2511 5603 vocationis,
2543 5538 2788 5594 humanis
2816 5536 3118 5607 pectoribus
3148 5536 3265 5593 ﬁdei
3309 5538 3423 5593 fun-

1858 5627 2106 5683 damenta
2139 5629 2373 5698 jecisset,
2402 5629 2639 5698 ejusdem
2672 5629 2790 5682 iidci
2816 5643 2969 5696 seges
2996 5629 3169 5686 sancti
3197 5629 3423 5699 Spiritus

1862 5723 2186 5779 iunnissione
2232 5737 2327 5793 per
2370 5724 2672 5781 universum
2718 5722 2972 5778 mundum
3018 5726 3171 5796 longe
3214 5724 3420 5791 lateque
