3874 6224
434 357 502 406 si
967 336 973 340 ’
1757 369 1988 426 DYNAM

2096 373 2391 432 .‘ATRlCll.
3629 398 3703 452 ‘23

433 466 782 533 excrevisset;
831 470 1244 527 christianorum
1290 476 1471 543 religio
1513 487 1818 532 sanctorum
1847 489 1998 534 actus
2025 486 2075 542 Α
2109 482 2419 538 visitandum
2451 487 2660 542 assidue
2691 494 2968 549 veniebat:

435 555 802 608 memorabiles
850 555 1056 611 duabus
1083 576 1150 614 ex
1180 563 1352 616 causis
1396 563 1597 630 scripto
1627 568 2004 622 commendare

433 645 729 710 consuevit,
761 655 817 698 ut
847 648 1096 704 videlicet
1122 652 1315 706 chorus
1344 653 1576 706 ﬁdelium
1608 657 1824 710 eosdem
1857 668 2007 712 actus

433 732 484 782 in
516 729 660 785 festis
690 735 968 790 annalibus
997 739 1216 791 audiens
1246 741 1478 803 recitari,
1509 742 1751 811 gaudeat,
1778 745 2003 816 lzetetur,

429 824 485 870 et
529 831 782 887 crescat;
836 833 889 876 ct
940 825 1114 877 minus
1163 828 1384 891 perlecti
1431 834 1740 884 eorumdem
1788 840 2001 887 actuum

427 909 685 974 exemplis
729 911 1060 978 inﬂammati,
1108 914 1359 971 ad'bene
1406 921 1729 990 operandam
1758 924 2005 981 studeant

427 995 697 1052 insudare.

495 1081 547 1136 2.
589 1082 816 1141 Sanctus
856 1088 1038 1160 itaque
1082 1093 1298 1159 Marius,
1343 1096 1494 1164 cujus
1524 1097 1658 1154 facta
1706 1099 1876 1156 ﬁdelia
1908 1120 2004 1173 pro

427 1173 648 1230 modulo
705 1187 900 1232 nostra:
960 1183 1272 1250 capacitatis
1329 1188 1589 1241 narranda
1637 1191 2001 1259 ingredimur,

428 1262 682 1318 mediocri
731 1270 1000 1334 parentela
1034 1273 1261 1338 genitus,
1302 1275 1429 1330 civis
1457 1276 1852 1332 Aurelianensis
1882 1281 1996 1334 fuit.

427 1349 525 1405 Hic
567 1353 618 1405 in
662 1358 1004 1421 monasterio,
1053 1360 1193 1427 quod
1233 1361 1427 1414 ibidem
1473 1372 1575 1428 est,
1608 1363 1782 1421 factus
1811 1383 1999 1422 mona-

424 1438 574 1502 chus,
616 1440 683 1491 ab
724 1440 936 1495 ineunte
975 1453 1131 1497 actate
1160 1448 1561 1504 monaclialibus
1591 1451 1850 1509 doctrinis
1875 1471 1999 1510 eru-

422 1527 564 1581 ditus
609 1544 763 1597 puer,
813 1541 865 1584 et
915 1530 1086 1588 factus
1131 1539 1344 1604 juvenis
1390 1539 1526 1594 bene
1570 1545 1844 1611 operando
1892 1546 2001 1602 Deo

423 1616 626 1671 studuit
668 1620 914 1676 militare.
948 1622 1079 1678 Cum
1109 1637 1286 1681 autem
1317 1629 1368 1682 in
1397 1631 1618 1699 pmfato
1648 1636 1998 1700 monasterio,

422 1707 563 1760 sicut
592 1707 754 1762 lilium
799 1711 936 1764 inter
964 1712 1102 1781 ligna
1133 1715 1412 1782 silvarum,
1444 1720 1582 1773 inter
1610 1720 1801 1776 fratres
1830 1725 1998 1778 mori-

423 1794 542 1859 bus,
591 1796 697 1850 vita
743 1798 1093 1868 claresceret;
1128 1813 1152 1840 ἰ
1190 1804 1524 1861 Gundobaldi
1571 1808 1994 1877 Burgundiorum

425 1881 678 1951 principis
716 1899 1002 1948 consensu,
1036 1904 1064 1941 a
1095 1889 1344 1945 fratribus
1377 1892 1699 1950 Dodonensis
1738 1898 1992 1964 cmnobii,

420 1969 562 2036 quod
593 1981 674 2024 est
702 1971 861 2025 situm
893 1974 944 2027 in
973 1974 1306 2033 Sistaricensi
1335 1980 1664 2051 epi:copatu,
1705 1985 1755 2038 in
1789 1995 1993 2053 patrem

419 2057 841 2127 eligiturzcujus
889 2063 1075 2118 electio
1123 2066 1147 2103 δ
1185 2064 1422 2134 Joannis,
1471 2071 1562 2140 qui
1608 2080 1734 2126 tunc
1775 2071 1994 2128 Sistar-

422 2147 567 2200 censi
611 2146 861 2204 Ecclesia:
906 2165 1153 2220 praeerat,
1200 2160 1517 2215 auctoritate
1554 2161 1871 2229 roboratur;
1913 2166 1998 2218 di~

424 2233 542 2286 vina
581 2235 682 2290 hoc
721 2239 1035 2304 providente
1087 2254 1139 2296 et
1189 2245 1398 2300 l'aventc
1444 2250 1752 2312 clementia,
1803 2261 1859 2304 ut
1903 2255 1993 2321 qui

420 2323 554 2377 bene
597 2339 657 2379 se
702 2339 936 2395 rexerat,
977 2331 1094 2385 aliis
1127 2349 1200 2401 qu
1224 2335 1320 2389 bus
1361 2338 1596 2404 regimen
1636 2343 1992 2398 necessarium

419 2420 534 2464 erat
577 2413 955 2480 praeﬁceretur.
1002 2419 1136 2485 Quid
1181 2424 1368 2490 plura?
1408 2426 1472 2478 ad
1499 2427 1607 2494 jam
1635 2429 1833 2484 dictum
1875 2447 1994 2507 mo-

419 2501 706 2555 nasterium
751 2505 1062 2559 adducitur:
1090 2516 1140 2560 rt
1170 2524 1199 2560 a
1228 2524 1327 2564 suo
1366 2513 1616 2578 pontiﬁce
1655 2516 1707 2569 in
1749 2501 1996 2572 abbatem

417 2591 688 2643 Communi
720 2590 939 2645 fratrum
969 2598 1242 2651 voEuntate
1261 2611 1625 2655 consecratur.

483 2676 536 2730 3.
575 2674 926 2735 Consecratus
966 2691 1142 2736 autem
1188 2682 1258 2736 ita
1298 2700 1408 2740 sum
1450 2689 1721 2757 dignitatis
1761 2691 1995 2748 ofﬁcium

413 2765 746 2833 amplexatus
790 2777 909 2830 est,
951 2779 1008 2822 ut
1047 2771 1285 2840 quotidie
1321 2771 1458 2829 ﬁlios
1503 2778 1828 2847 spirituales,
1875 2783 1995 2836 vita:

413 2855 731 2909 venerabilis
761 2860 1026 2927 exemplo,
1071 2874 1366 2929 generaret,
1397 2876 1451 2920 et
1480 2869 1694 2924 eosdem
1739 2871 1996 2929 doctrinis

414 2942 719 2999 cmlestibus
765 2946 1001 3001 eruditos
1042 2951 1355 3007 mirabiliter
1390 2954 1659 3012 educaret.
1695 2957 1823 3014 Erat
1849 2962 1994 3016 enim

416 3029 682 3085 hominem
713 3035 1036 3088 exteriorem
1077 3037 1295 3105 jejuniis
1321 3050 1376 3095 et
1402 3045 1595 3112 vigiliis
1623 3047 1880 3116 amigens,
1913 3051 1996 3105 iii-

413 3119 664 3172 tcriorem
705 3123 1036 3179 orationibus
1077 3128 1301 3182 assiduis
1338 3131 1610 3200 reﬁciens;
1663 3137 1715 3190 in
1768 3148 1995 3209 utroque

415 3215 722 3260 mansuetus
751 3218 804 3262 et
834 3210 1061 3274 humilis,
1111 3214 1163 3267 in
1212 3226 1438 3286 utroque
1482 3220 1760 3280 laudabilis
1788 3237 1842 3281 et
1869 3245 1992 3299 per-

411 3294 600 3350 fectus.
632 3297 726 3353 llic
753 3299 876 3353 dum
904 3304 1131 3370 quodam
1163 3315 1401 3377 tempore
1430 3326 1525 3379 pro
1554 3316 1799 3380 gerendis
1828 3294 1992 3387 nego-

413 3384 499 3438 tiis
527 3387 607 3441 sui
637 3394 942 3445 monasteni
970 3392 1036 3445 ad
1068 3395 1197 3450 alias
1227 3407 1405 3466 partes
1433 3403 1726 3468 secederet,
1769 3409 1992 3475 contigit

413 3482 471 3526 ut
518 3475 567 3527 in
614 3490 742 3543 agro
792 3490 814 3516 ε
866 3481 1232 3548 Alegarnensi,
1283 3501 1312 3539 a
1361 3489 1590 3556 quodam
1639 3493 1752 3546 viro
1801 3496 1990 3551 illustri

413 3563 643 3630 agricola
673 3567 904 3636 hospitio
925 3573 1284 3640 susciperetur
1309 3593 1322 3628 :
1347 3580 1497 3645 cujus
1521 3579 1682 3633 tiliam
1703 3583 1988 3652 Sisagriam

411 3653 659 3719 nomine,
708 3671 824 3724 quae
868 3658 981 3713 fere
1027 3671 1236 3716 mortua
1281 3675 1426 3732 erat,
1477 3668 1715 3736 ejusdem
1766 3673 1990 3742 hospitis

412 3743 654 3809 precibus
688 3747 996 3816 baptizavit,
1038 3757 1090 3803 et
1120 3752 1441 3821 baptizatam
1484 3758 1596 3811 suis
1637 3760 1986 3828 orationibus,

407 3831 528 3885 vita:
555 3843 607 3887 et
635 3837 867 3903 pristina:
912 3839 1125 3894 sanitati
1158 3844 1409 3899 restituit.
1442 3845 1572 3899 Cum
1603 3863 1730 3903 vero
1759 3853 1989 3918 peractis

406 3924 653 3990 negotiis,
679 3941 774 3994 pro
801 3929 988 3995 quibus
1017 3943 1346 3999 perrexerat,
1378 3935 1442 3989 ad
1471 3941 1855 3994 monasterium
1901 3957 1988 3996 re-

405 4010 560 4075 diret,
590 4013 825 4080 quaedam
857 4025 1098 4071 matrona
1131 4018 1344 4087 nobilis,
1374 4037 1493 4090 qua
1520 4024 1719 4080 Licinia
1749 4029 1984 4082 vocaba-

407 4107 514 4160 tur,
544 4101 752 4170 excepit
781 4103 925 4158 illnm
959 4105 1013 4158 in
1043 4107 1259 4163 domum
1287 4126 1440 4166 snam
1469 4116 1656 4184 :cujus
1683 4115 1822 4172 ﬁlius
1852 4119 1987 4173 adeo

406 4186 788 4256 inlirniabatur,
821 4202 876 4247 ut
919 4208 1212 4252 memorata
1239 4202 1431 4257 mulier
1453 4214 1509 4259 et
1536 4207 1692 4262 amici
1720 4207 1788 4264 de
1816 4212 1987 4267 salute

404 4276 518 4345 ejus
559 4279 926 4350 desperarent.
971 4284 1208 4358 Rogatus
1246 4307 1274 4345 a
1307 4303 1478 4349 matre
1516 4311 1679 4353 senex
1718 4300 1984 4356 inﬁrmum

405 4367 602 4434 visitat,
655 4386 818 4441 super
843 4389 963 4428 eum
994 4389 1133 4445 orat,
1171 4381 1291 4437 oleo
1328 4395 1516 4441 sancto
1553 4405 1674 4443 eum
1715 4395 1982 4460 perungit.

407 4455 610 4513 Oiuira
665 4463 874 4519 virtutis
929 4465 1022 4522 Dei
1079 4485 1200 4524 cum
1246 4473 1554 4531 confessore
1597 4488 1787 4535 orante
1840 4484 1980 4538 cele-

403 4550 560 4602 ritas!
594 4549 724 4605 Dum
778 4555 917 4610 enim
947 4557 1187 4616 inﬁrmus
1241 4566 1572 4634 perungitur,
1621 4578 1800 4637 optata
1833 4573 1980 4626 sani-

402 4646 482 4691 tas
526 4652 591 4692 ex
639 4639 911 4712 insperato
940 4651 1240 4718 revertitur,
1272 4666 1327 4709 et
1354 4655 1633 4713 inlirmitas
1656 4660 1863 4728 abjecta
1893 4660 1978 4716 fu—

402 4737 572 4794 gatur.
604 4730 797 4803 Sicque
829 4734 1024 4792 factum
1069 4749 1151 4793 est
1177 4750 1238 4796 ut
1263 4743 1553 4814 hospitem,
1582 4763 1738 4815 quam
1770 4751 1974 4807 tristem

402 4815 695 4887 invenerat,
741 4821 912 4879 lanam
957 4841 1082 4883 cum
1111 4827 1217 4886 ﬁlio
1243 4831 1309 4887 ad
1335 4838 1717 4893 monasterium
1761 4842 1978 4899 rediens

399 4908 742 4979 relinqueret.
1281 4903 1287 4911 ’

470 4995 523 5050 4.
564 4997 696 5094 Cum
731 5011 925 5094 autem,
959 5017 1016 5061 ut
1041 5023 1158 5066 mos
1187 5020 1270 5068 est
1297 5013 1689 5088 religiosorum,
1739 5023 1792 5078 in
1838 5039 1972 5094 qua-

399 5083 691 5181 dragesima
727 5089 881 5181 idem,
904 5094 983 5148 vir
1022 5095 1116 5153 Dei
1151 5099 1206 5155 in
1249 5102 1382 5158 cella
1405 5083 1703 5176 iretrusus’,
1756 5083 1970 5181 parcius

400 5173 556 5228 solito
585 5176 815 5246 viveret;
865 5180 1138 5243 Lucretius
1173 5189 1382 5248 Diensis
1408 5173 1696 5266 episcopus
1732 5173 1798 5256 ad
1843 5217 1966 5258 eum

637 5327 977 5412 gentici-atde
1023 5345 1200 5412 actum
1236 5341 1296 5395 21
1332 5344 1452 5399 .lan.
1498 5350 1561 5402 ad
1600 5356 1767 5406 vitam
1793 5357 1963 5412 sancti

395 5388 1026 5522 ξξξζξιΐιξεξξιξϋξεθιυηιυο
1048 5388 1315 5466 att—Vitam
1333 5388 1963 5480 )Zi'cié'ciéisiiiiii'

889 5549 983 5629 est.
1004 5543 1277 5629 catalogus
1301 5546 1728 5629 Sistaricensium
1757 5562 1964 5629 episco-

394 5603 748 5691 poruﬂt‘apud
777 5606 857 5661 Cl.
889 5603 1315 5691 [lubet-tumlubi
1343 5603 1964 5691 primus

393 5681 624 5736 gramm,
650 5679 738 5740 qui
760 5679 984 5734 concilio
1015 5681 1293 5745 Valentino
1321 5679 1378 5755 ii,
1407 5705 1472 5744 an
1498 5679 1602 5747 58"
1631 5679 1960 5769 subscripsit,

2957 518 2970 562 ;
3020 512 3128 554 tum
3159 506 3279 573 quia
3311 508 3554 576 ejusdem
3592 511 3699 563 viri

2109 570 2197 624 Dei
2226 573 2520 628 monachus
2547 584 2601 630 ct
2631 580 2880 636 nutritius
2911 587 3100 652 fuerat,
3126 570 3355 662 eumqui:
3373 598 3540 664 patris
3565 597 3702 650 loco

2107 662 2460 741 venerabatur
2489 674 2539 718 et
2569 667 2804 735 colebat;
2843 679 2952 725 tum
2981 679 3103 745 quia
3136 681 3248 748 i‘jtls
3275 662 3521 740 (illlt'ihtls
3548 687 3703 740 allo-

2104 751 2242 817 quiis
2283 767 2495 821 semper
2537 756 2679 812 reﬁci
2731 763 3033 830 appetebat.
3088 767 3198 824 Una
3246 775 3424 846 itaque
3473 778 3700 834 dierum

2104 854 2223 893 cum
2262 843 2326 894 ad
2371 844 2564 898 ostium
2594 849 2740 903 cella:
2777 852 2892 921 ejus
2940 857 3172 924 pulsaret
3200 843 3443 936 antistes,
3478 871 3704 926 audivit

2105 931 2170 982 ab
2199 945 2264 984 eo
2293 943 2350 986 ut
2380 950 2502 990 rece
2525 938 2677 1003 lerct,
2721 954 2841 1009 post
2868 945 3008 1000 diem
3041 952 3250 1005 tertium
3296 931 3561 1016 rediturus
3592 979 3612 1018 :
3642 969 3703 1015 et

2105 1018 2155 1073 in
2195 1022 2285 1075 illo
2320 1028 2492 1092 spatio
2532 1030 2708 1085 nullus
2747 1035 2796 1088 ei
2842 1038 3054 1105 victum,
3098 1044 3375 1114 nullusque
3403 1065 3699 1109 accessum

2103 1114 2383 1181 mberet.
2419 1118 2656 1175 Recessit
2707 1131 2944 1192 pontifex
2970 1150 2985 1195 ;
3009 1143 3061 1187 et
3091 1148 3208 1203 post
3237 1141 3463 1195 triduum
3496 1159 3696 1200 rever-

2104 1210 2241 1265 tens,
2273 1206 2337 1257 ad
2368 1211 2534 1260 virum
2567 1210 2657 1263 Dei
2687 1222 2768 1267 est
2810 1217 3097 1285 ingressus.
3147 1226 3242 1281 Cui
3290 1230 3369 1284 vir
3413 1231 3505 1288 Dei
3532 1251 3548 1288 :
3577 1234 3700 1288 Du--

2100 1298 2218 1344 ctus
2245 1289 2317 1345 fui
2344 1294 2395 1347 iu
2424 1297 2632 1364 spiritu,
2662 1301 2875 1370 vidique
2904 1311 3068 1363 cados
3096 1328 3311 1380 apertos
3339 1328 3394 1373 et
3424 1321 3698 1390 majesta-

2101 1387 2207 1432 tem
2245 1379 2368 1445 Dei;
2411 1383 2563 1451 cujus
2605 1388 2865 1445 claritatis
2893 1379 3228 1462 Splendorem
3276 1406 3378 1458 mei
3425 1379 3698 1464 mortales

2101 1469 2241 1522 oeuli
2291 1470 2376 1524 vix
2426 1483 2674 1541 poterant
2701 1482 2993 1549 sustinuere;
3022 1487 3233 1558 vidique
3259 1491 3466 1547 beatam
3495 1505 3552 1549 ct
3586 1500 3702 1550 vir-

2101 1559 2276 1627 ginem
2304 1572 2359 1617 et
2385 1564 2478 1619 Dei
2505 1569 2815 1633 genitricem
2847 1573 3064 1629 Mariam
3094 1594 3212 1633 cum
3241 1584 3442 1650 angelis
3469 1587 3536 1637 ad
3566 1586 3700 1654 ejus

2100 1665 2166 1703 ve
2197 1651 2318 1719 tigia
2349 1662 2690 1720 prostratam,
2733 1674 2831 1727 pro
2859 1660 2883 1699 ά
2917 1678 3046 1731 pace
3075 1664 3238 1722 Italia:
3271 1651 3693 1740 supplicantem.

2100 1738 2203 1792 Sed
2229 1740 2406 1795 divina
2456 1744 2623 1810 pictas
2653 1746 2726 1799 ita
2775 1754 3090 1818 temperavit
3131 1738 3462 1825 responsum,
3498 1770 3556 1813 ut
3589 1777 3699 1818 nec

2028 1831 2072 1890 Β
2099 1833 2318 1879 matrem
2366 1838 2633 1896 petentem
2681 1831 2994 1900 oﬁ'enderet,
3043 1841 3183 1906 quod
3213 1851 3391 1898 autem
3436 1844 3593 1900 Italia
3636 1859 3699 1902 ct

2097 1916 2276 1968 multa:
2297 1916 2411 1970 alim
2437 1920 2724 1986 provincia:
2752 1922 3179 1982 indcrlinabilcm
3206 1929 3474 1987 interitum
3509 1950 3696 1988 merc-

2103 2015 2318 2072 rentur,
2366 2009 2659 2078 respondit.
2705 2012 2830 2069 llrcc
2873 2017 3000 2071 mihi
3045 2033 3075 2071 a
3124 2019 3234 2074 Deo
3279 2023 3536 2090 revelata,
3589 2026 3694 2079 tihi

2096 2096 2268 2148 studui
2317 2098 2576 2166 revelare,
2626 2109 2678 2154 te
2723 2102 2971 2171 adjurans
3017 2122 3085 2161 ex
3126 2119 3274 2177 parte
3318 2109 3412 2166 Dei
3453 2124 3509 2165 et
3539 2128 3689 2176 mea,

2094 2193 2354 2250 quato-nus
2385 2187 2482 2241 ista
2508 2204 2624 2256 qua:
2655 2192 2847 2245 audisti
2895 2208 2977 2245 nte
3019 2200 3227 2250 vivente
3265 2199 3394 2252 nulli
3434 2201 3692 2255 revelare

2095 2288 2402 2341 prxesumas.
2439 2277 2725 2346 l’o.~tquam
2757 2290 2933 2335 autem
2961 2283 3199 2350 ejusdem
3230 2286 3328 2340 viri
3358 2287 3451 2340 Dei
3479 2303 3690 2356 corpus

2097 2363 2276 2430 pontii?
2300 2379 2333 2416 x
2365 2377 2688 2422 memoratus
2717 2371 2989 2439 sepelivit;
3031 2382 3083 2426 et
3112 2389 3211 2428 nos
3240 2375 3478 2445 ejusdem
3508 2378 3686 2432 visio-

2097 2454 2177 2506 nis
2222 2455 2290 2507 etl
2324 2465 2466 2510 ctum
2515 2459 2757 2514 novimus
2785 2501 2802 2528 ,
2857 2463 2948 2529 qui
3003 2462 3313 2522 Bodaucnse
3367 2468 3682 2525 rmuobium

2095 2541 2402 2599 subversum
2427 2545 2589 2602 fuisse
2616 2548 2828 2601 minime
2856 2550 3180 2607 dubitamus.

2709 2676 2886 2731 (lAl’U
2905 2679 2952 2731 Γ.
2979 2677 3041 2733 ΙΙ.

2527 2782 2685 2836 ναι-ιτα
2727 2785 2994 2838 miracula.
3027 2786 3227 2843 Obitus.

2164 2891 2218 2945 5.
2259 2891 2378 2946 Alio
2405 2908 2618 2963 quoque
2641 2902 2883 2963 tempore
2911 2898 3024 2953 viro
3054 2898 3145 2953 Dei
3171 2903 3390 2972 placuit,
3420 2913 3480 2959 ut
3495 2922 3663 2962 causa

2093 2980 2352 3034 orationis
2381 2983 2553 3036 sancti
2583 2982 2792 3036 Martini
2832 2985 3154 3042 Turonensis
3197 2991 3377 3046 limina
3407 2994 3670 3052 visitaret.

2092 3064 2335 3135 Cumque
2383 3068 2495 3136 ipsa
2527 3077 2682 3125 nocte
2729 3071 3023 3138 vigiliarum
3072 3075 3124 3127 in
3146 3077 3359 3133 civitate
3406 3080 3672 3139 Turonica

2020 3171 2063 3231 (ς
2095 3154 2375 3218 dormiret,
2407 3157 2690 3223 caballum,
2721 3160 2808 3227 qui
2843 3161 2909 3216 de
2935 3162 3061 3214 sella
3090 3164 3206 3232 ejus
3227 3177 3361 3234 erat,
3393 3169 3528 3224 latro
3549 3187 3672 3240 qut-

2095 3243 2215 3297 dam
2241 3243 2381 3298 lurta
2409 3246 2690 3314 subripuit.
2723 3247 2828 3300 Sed
2872 3251 3041 3303 virtus
3067 3252 3240 3307 divina
3279 3254 3359 3309 sic
3407 3257 3671 3314 latronem

2093 3332 2297 3386 meritis
2321 3334 2430 3398 jam
2460 3335 2583 3387 dicti
2610 3335 2706 3388 viri
2737 3336 2824 3388 Dei
2854 3339 3064 3392 obsedit
3102 3349 3158 3394 ut
3199 3357 3292 3409 per
3323 3352 3486 3398 totam
3533 3364 3669 3402 noc-

2091 3427 2196 3472 tem
2228 3421 2428 3487 plateas
2474 3422 2703 3476 civitatis
2751 3424 2992 3480 rimando
3047 3439 3350 3497 quacreret,
3383 3435 3669 3502 nullusque

2095 3513 2143 3566 ei
2181 3513 2248 3566 de
2296 3514 2511 3567 civitate
2537 3524 2746 3583 pateret
2792 3531 3067 3586 egressus:
3108 3522 3247 3576 t'acto
3271 3537 3427 3578 mane
3457 3525 3536 3578 vir
3567 3525 3665 3582 Dci

2091 3601 2351 3656 latronem
2377 3606 2654 3671 praevenit,
2683 3615 2738 3660 et
2761 3608 3024 3664 caballum
3065 3615 3415 3680 recuperavit.
3450 3614 3515 3670 Et
3539 3616 3664 3671 licet

2089 3690 2226 3744 latro
2251 3703 2544 3758 prazventus
2576 3710 2787 3762 pceuam
2807 3701 3139 3767 corporalem
3161 3704 3458 3769 meruisset,
3485 3720 3550 3760 ex
3578 3706 3663 3760 ici-

2088 3777 2182 3831 sita
2216 3781 2620 3835 mansue‘tttd‘ne
2644 3783 2869 3839 liberum
2901 3787 3051 3841 abire
3077 3791 3338 3857 permisit.
3361 3792 3529 3848 Sitnili
3558 3797 3661 3849 mi-

2087 3868 2269 3923 raculo
2297 3908 2311 3932 ,
2369 3871 2418 3923 in
2453 3872 2583 3927 urbe
2615 3870 2956 3941 Lugdunensi
2999 3891 3125 3932 suas
3175 3881 3503 3948 cquitaturas
3542 3884 3662 3939 vice

2087 3956 2189 4010 alia
2217 3960 2573 4028 recuperavit.

2155 4047 2207 4100 ti.
2246 4047 2377 4102 Illud
2422 4049 2581 4104 etiam
2626 4066 2733 4106 non
2773 4061 2856 4107 est
2905 4057 3412 4122 prmtermittendum
3439 4100 3454 4126 ,
3503 4062 3653 4129 quod

2085 4137 2313 4204 quodam
2362 4147 2603 4208 tempore
2624 4142 2839 4209 quidam
2869 4142 3215 4212 Nemphidius
3249 4163 3369 4202 cum
3403 4159 3657 4207 senatore

2086 4230 2329 4297 Agricola
2355 4241 2599 4287 sanctum
2631 4231 2852 4287 Marium
2880 4236 3230 4302 comitantes,
3260 4254 3418 4293 causa
3449 4241 3654 4297 oratio-

2086 4317 2167 4372 nis
2196 4316 2423 4372 Parisios
2449 4318 2635 4383 ibant,
2680 4329 2737 4372 ut
2758 4321 2927 4375 sancti
2957 4321 3190 4392 Dionysii
3240 4324 3418 4379 limina
3467 4325 3652 4384 visita-

2087 4413 2220 4458 rcnt.
2247 4405 2303 4459 ιιι
2331 4423 2436 4472 quo
2466 4407 2653 4462 itinere
2681 4407 3022 4478 Nempbidius
3046 4411 3144 4465 viri
3186 4414 3523 4469 sanctitatem
3550 4431 3646 4471 co-

2012 4522 2062 4582 Ι)
2085 4505 2364 4561 gnoscens,
2418 4505 2473 4551 et
2517 4496 2583 4551 de
2610 4513 2671 4551 ea
2701 4507 2882 4554 mente
2936 4499 3138 4569 integra
3183 4501 3455 4558 conlidens
3477 4543 3493 4570 ,
3525 4519 3651 4559 cum

2084 4585 2304 4651 rogavit,
2327 4593 2387 4640 ut
2432 4587 2547 4655 ejus
2583 4588 2829 4657 precibus
2881 4589 3043 4644 lilium
3090 4590 3286 4647 habere
3329 4605 3646 4650 mereretur.

2079 4671 2244 4742 Negat
2270 4684 2506 4740 sanctus,
2536 4691 2781 4732 asserens
2806 4678 3079 4732 humiliter
3101 4694 3158 4735 se
3189 4682 3319 4735 tanti
3343 4683 3518 4739 meriti
3541 4701 3646 4740 non

2075 4777 2216 4830 esse,
2259 4772 2314 4817 ut
2342 4779 2435 4834 per
2461 4779 2585 4819 eum
2622 4765 2764 4835 quod
2809 4767 3024 4836 petebat
3068 4767 3414 4836 Nemphidius
3465 4782 3647 4840 posset

2075 4851 2334 4905 obtinere.

2149 4937 2294 4992 Licet
2320 4945 2517 5004 autem,
2551 4949 2608 4993 ut
2629 4939 2898 5009 justorum
2920 4956 3036 4997 mos
3077 4951 3181 5009 est,
3214 4951 3373 4997 tantm
3395 4945 3641 5013 petitioni

2071 5043 2132 5084 se
2168 5027 2344 5084 trivere
2369 5045 2703 5099 nequaquam
2728 5047 2885 5101 posse
2906 5032 3218 5104 simpliciter
3258 5031 3635 5096 atllrmaverit,

2072 5126 2192 5188 post
2239 5119 2468 5175 triduum
2527 5131 2700 5176 tamen
2772 5131 3066 5176 memorato
3114 5121 3428 5187 Nemphidio
3472 5123 3638 5177 litium

2069 5217 2218 5264 certo
2259 5220 2496 5280 tempore
2565 5211 2889 5266 nasciturum
2946 5212 3209 5281 praedixit.
3249 5211 3402 5277 Quod
3454 5223 3634 5270 autem

2064 5368 2118 5429 et
2167 5357 2536 5429 Matisconensi
2582 5363 2657 5425 ti,
2709 5375 2796 5414 an.
2843 5357 2964 5414 585.
3010 5358 3176 5415 Multo
3220 5361 3492 5429 antiquior
3546 5361 3632 5418 hic

2063 5427 2293 5483 Joannes
2326 5427 2441 5480 fuit.

2135 5506 2159 5565 ξ
2197 5496 2276 5565 An
2305 5497 2440 5551 l'ortc
2466 5501 2766 5553 Arvemensi
2795 5499 3044 5565 scriptum
3073 5499 3204 5554 fuit?

2131 5562 2160 5602 ἀ
2191 5563 2357 5636 Multa
2387 5568 2500 5634 ejus
2531 5575 2768 5636 tempore
2793 5567 2861 5622 ab
2887 5562 3117 5636 Herulis,
3147 5567 3350 5633 Gothis,
3385 5565 3624 5630 Burgun-

2060 5634 2303 5706 dionibus
2330 5649 2487 5706 passa
2504 5642 2589 5706 est
2611 5635 2790 5701 Italia;
2821 5648 2941 5706 post
2968 5634 3126 5692 etiam
3155 5653 3184 5690 a
3217 5636 3450 5701 Francis,
3484 5636 3627 5691 tine-

2061 5704 2153 5770 cis,
2189 5701 2562 5772 Longobardis.
