3874 6224
220 401 277 456 ες)
1487 390 1636 444 VITA
1680 384 1922 442 saxcn
1963 383 2174 437 Manli.
3387 383 3455 433 30

219 518 421 569 Sanctus
447 514 497 568 in
521 514 634 567 lioc
673 525 836 565 verus
887 507 1147 576 prejilicta
1182 505 1353 569 fuerit,
1384 503 1616 558 Evodius
1659 516 1782 567 pro-
1817 503 1858 556 Λ
1891 497 1983 558 vit,
2013 505 2063 549 et
2088 497 2355 563 cognitum
2404 495 2649 547 fratr-ilius
2679 509 2798 546 cum
2847 493 3095 563 lacrytuis
3145 491 3452 561 publicnit.

220 607 307 660 mis
332 620 362 658 ο
381 615 628 670 tempore
665 598 982 666 Nemphidio
1003 605 1157 650 natus
1183 595 1434 650 ostendit.

281 697 326 748 7.
364 692 496 747 Illud
561 689 740 743 etiam
792 689 1010 756 dignum
1064 685 1312 741 duximus
1375 675 1787 739 annectendum,

219 784 345 853 quod
371 789 671 848 antequam
699 779 768 832 de
797 779 1014 834 civitate
1043 778 1128 830 illa
1158 771 1522 841 egrederetur,
1543 783 1646 821 non
1676 766 1790 818 sine

220 887 422 931 suorum
451 871 722 924 utmstitia
767 870 990 923 multum
1031 863 1256 934 cmperit
1301 859 1572 914 infirmari.
1622 857 1792 910 Nocte

219 967 362 1030 igitur
385 961 697 1030 insequenti
733 960 972 1015 membra
1021 957 1278 1024 languore
1331 953 1444 1006 fere
1470 960 1788 1021 prmmortua

219 1059 344 1109 ltcto
368 1053 686 1108 collocavit.
720 1051 826 1105 Sed
856 1051 911 1104 in
938 1049 1052 1116 ipso
1076 1044 1247 1100 unctis
1278 1043 1451 1110 spatio
1469 1082 1483 1105 ,
1509 1041 1588 1094 sic
1611 1039 1789 1092 divina

220 1144 262 1199 ei
287 1141 533 1197 subvenit
570 1140 876 1197 clementia
896 1180 910 1202 ,
936 1147 991 1190 ut
1013 1150 1221 1191 summo
1251 1147 1406 1188 mane
1427 1132 1581 1186 laetus
1611 1138 1667 1184 et
1709 1131 1790 1183 in-

220 1234 427 1288 columis
452 1241 734 1300 surgeret,
765 1239 822 1284 et
848 1228 1026 1284 socios
1055 1227 1120 1280 ad
1147 1223 1520 1292 iteragendum
1543 1222 1788 1275 hortare-

223 1333 310 1377 Inr.
339 1322 472 1376 Cum
500 1331 695 1376 autem
729 1334 916 1375 omnes
935 1319 1025 1386 qui
1066 1318 1291 1371 aderant
1337 1315 1404 1368 de
1452 1314 1568 1381 ejus
1614 1312 1786 1366 subita

223 1410 510 1466 valetudine
539 1411 903 1471 mirarentur,
931 1409 1040 1461 ait:
1065 1409 1290 1461 Sanctus
1317 1405 1598 1472 Dionysius
1626 1403 1676 1455 in
1701 1401 1789 1454 illa

223 1508 362 1554 nocte
382 1500 446 1552 ad
477 1514 568 1552 me
590 1499 766 1561 venit,
807 1513 895 1551 me
943 1496 1151 1564 tetigit,
1197 1502 1252 1548 et
1295 1493 1375 1547 sui
1397 1489 1679 1562 praesentia
1704 1502 1791 1541 me

225 1588 436 1658 pristim:
453 1589 681 1642 sanitati
709 1586 963 1641 restituit.

280 1674 331 1729 8.
359 1673 490 1728 Cum
519 1674 732 1741 itaque,
752 1682 811 1726 ut
831 1673 1084 1737 iniimus,
1107 1671 1274 1723 factus
1297 1667 1574 1723 incolumis
1595 1667 1660 1720 ad
1677 1680 1791 1720 meo

225 1761 493 1817 insterium
522 1762 754 1820 rediret,
785 1761 1002 1829 quidam
1057 1757 1434 1828 paterfamilias
1457 1770 1581 1811 eum
1606 1770 1789 1810 susce-

226 1853 288 1918 pit
313 1850 562 1917 hospitio.
585 1849 857 1918 Tempore
884 1857 1192 1918 opportuno
1222 1847 1302 1900 vir
1335 1845 1429 1899 Dei
1455 1845 1522 1898 ad
1550 1859 1788 1898 mensam

227 1938 449 2002 accessit,
481 1937 652 2003 sedit,
680 1939 1011 2005 allatnmque
1039 1951 1232 2006 panem
1261 1950 1411 1989 more
1449 1933 1608 1989 solito
1630 1933 1793 1988 bene-

227 2028 363 2080 dixit.
383 2026 516 2079 Cum
549 2036 741 2080 autem
770 2024 988 2094 quidam
1009 2024 1355 2079 assidentium
1377 2023 1447 2078 de
1469 2037 1605 2092 pane
1630 2023 1793 2076 bene-

227 2115 372 2180 dicto,
399 2116 542 2180 cani,
573 2130 744 2184 quem
771 2116 1005 2179 amabat,
1033 2117 1316 2184 jactassct,
1355 2114 1536 2168 statim
1565 2120 1626 2166 ut
1648 2111 1796 2165 canis

229 2221 400 2275 panem
428 2222 592 2276 quem
618 2219 912 2278 acceperat
940 2209 1083 2264 visus
1109 2219 1192 2263 est
1230 2209 1282 2262 in
1305 2222 1498 2276 corpus
1527 2205 1794 2274 trajicere,

230 2294 372 2348 vitam
401 2295 602 2348 amisit.
638 2295 920 2363 Indignum
949 2297 1146 2366 quippe
1202 2304 1339 2361 erat,
1371 2304 1428 2349 ut
1480 2297 1628 2349 canis
1658 2308 1795 2362 pane

233 2384 309 2438 illo
320 2394 624 2439 vesceretur
636 2401 801 2454 quem
824 2385 1015 2441 dextra
1032 2387 1326 2441 sacerdotis
1343 2385 1791 2442 sanctificaverat.

290 2494 340 2548 9.
376 2496 492 2550 Alio
517 2511 743 2566 quoque
769 2508 1011 2566 tempore
1062 2497 1186 2551 dum
1233 2497 1303 2549 ad
1329 2496 1588 2564 quosdam
1625 2495 1798 2549 eccle-

233 2585 314 2639 size
341 2586 470 2640 Illius
518 2586 821 2640 visitandos
856 2586 1161 2654 accederet,
1190 2585 1359 2650 canis,
1414 2600 1532 2653 quas
1587 2583 1797 2638 catulos

232 2675 482 2740 habebat,
541 2677 731 2731 subito
784 2677 1049 2743 exiliens,
1103 2676 1389 2746 capsellam
1446 2675 1563 2743 ejus
1617 2675 1791 2729 scidit.

235 2765 352 2819 Dum
386 2779 511 2820 vero
539 2764 639 2820 Dei
661 2765 893 2820 famulus
915 2783 1012 2835 pro
1039 2767 1139 2821 hac
1181 2782 1237 2819 re
1275 2767 1478 2821 vultum
1514 2780 1796 2835 parumper

234 2852 542 2920 inclinasset,
580 2855 691 2908 duo
720 2855 829 2923 lupi
860 2854 978 2923 ejus
1006 2854 1211 2923 injuria:
1240 2855 1438 2909 ultores
1493 2871 1678 2909 canem
1719 2856 1798 2924 ip-

236 2954 331 2993 sam
358 2951 672 3010 rapuerunt,
703 2952 757 2993 et
773 2950 979 3010 raptam
999 2945 1110 2997 suis
1130 2943 1367 3013 paslibus
1391 2943 1716 2998 destinantes
1732 2943 1798 2997 ad

236 3029 400 3083 silvam
423 3038 566 3085 teste
597 3032 797 3100 pepulo
821 3032 1204 3099 perduxerunt.
1231 3032 1287 3088 Si
1312 3035 1430 3102 quis
1479 3045 1658 3088 autem
1689 3049 1794 3088 non

239 3119 387 3174 credit
404 3120 549 3187 quod
582 3121 870 3189 aliquando
891 3123 1160 3177 silvestres
1189 3124 1373 3178 bestiae
1400 3123 1676 3178 ferocitate
1705 3123 1797 3178 de-

240 3213 390 3279 posita
412 3181 688 3278 justoruni
715 3212 1032 3266 utilitatibus
1076 3223 1338 3268 noverunt
1379 3212 1641 3276 famulari,
1701 3228 1797 3267 au-
1823 3181 1868 3240 Ο

240 3301 334 3356 dist
353 3311 376 3339 ι
402 3303 571 3357 l‘aulo
596 3303 771 3372 primo
788 3304 1023 3358 eremita:
1042 3302 1223 3359 leones
1236 3303 1562 3374 sepulturam
1589 3303 1794 3368 fecisse,

243 3401 288 3444 et
317 3402 505 3448 sancte
531 3391 561 3429 δ
595 3393 777 3448 Harite
805 3393 1134 3465 Egyptian:
1155 3412 1170 3461 ;
1193 3397 1397 3464 audiat,
1429 3405 1484 3450 et
1530 3398 1584 3451 in
1624 3397 1798 3452 omni-

245 3484 329 3536 bus
349 3482 522 3538 laudet
551 3481 861 3549 Dominum,
889 3486 1112 3539 miretur
1142 3496 1195 3540 et
1216 3487 1417 3540 credat.

305 3575 380 3630 10.
408 3575 569 3631 Aliud
597 3578 761 3632 etiam
781 3580 1101 3647 supradictis
1133 3581 1216 3648 adj
1241 3582 1485 3636 ciendum
1513 3597 1629 3637 esse
1665 3597 1794 3638 cen-

246 3664 459 3718 suimus:
489 3667 643 3736 quod
670 3669 921 3736 quotiens
946 3683 1133 3725 servus
1156 3670 1246 3725 Dei
1271 3673 1319 3725 in
1343 3687 1469 3725 aura
1499 3671 1678 3737 dubia,
1708 3682 1798 3727 aut

247 3763 459 3821 segetum
477 3756 663 3825 spicas
685 3757 1011 3813 triturandas
1038 3761 1246 3826 stravit,
1269 3770 1362 3814 aut
1394 3761 1446 3816 in
1464 3763 1698 3832 quolibet
1713 3763 1798 3817 iti-

247 3852 358 3893 nere
404 3843 467 3895 ad
492 3857 741 3898 mensam
785 3845 888 3899 sub
936 3856 1122 3915 aperto
1145 3862 1269 3903 ao-re
1315 3849 1474 3915 sedit,
1524 3865 1797 3919 nunquam

248 3923 373 3981 illum
424 3929 728 3999 pluviarum
786 3932 1065 3989 inundatio
1131 3937 1436 3992 moiestavit
1463 3979 1479 4005 ,
1529 3954 1796 4008 nunquam

247 4013 515 4084 impedivit.
540 4019 635 4076 Sic
663 4035 894 4091 namque
915 4023 1055 4079 Deus
1077 4025 1377 4082 nimborum
1417 4028 1650 4099 impetus
1689 4030 1801 4085 ubi-

247 4115 448 4174 cunque
471 4115 700 4163 ruentes
722 4111 930 4165 meritis
950 4121 1004 4166 et
1035 4113 1228 4170 virtute
1267 4116 1441 4170 sancti
1479 4116 1799 4174 confessoris

248 4195 549 4265 retrenavit;
573 4207 632 4253 ut
649 4214 773 4254 cum
793 4200 926 4256 alios
955 4212 1146 4258 euntes
1167 4214 1216 4258 et
1245 4206 1530 4263 redeuntes
1547 4249 1563 4272 ,
1593 4224 1802 4264 eorum-

249 4285 338 4349 (ιω
354 4283 565 4341 labores
583 4287 695 4343 suis
714 4289 1150 4348 inundationibus
1192 4294 1552 4351 indifferenter
1582 4297 1802 4354 humec-

252 4376 420 4435 tarent,
453 4374 631 4428 virum
660 4374 754 4431 Dei
778 4376 1000 4445 ejusque
1025 4380 1203 4435 socios
1233 4381 1442 4448 illaesos,
1472 4394 1525 4438 et
1555 4385 1795 4452 ejusdem

252 4460 636 4516 sreasintaetas
656 4469 1058 4531 pertransirent.
1089 4467 1198 4524 Nec
1241 4470 1431 4524 mirum
1480 4473 1527 4527 si
1580 4475 1795 4528 nubium

1891 585 2114 649 Quidam
2145 597 2320 637 autem
2350 601 2411 637 ex
2463 586 2543 637 liis
2573 583 2660 650 qui
2698 581 2948 644 aderant,
2999 582 3232 650 probare
3277 581 3460 633 volens

1892 684 2063 728 utrmu
2098 677 2192 728 viri
2226 676 2314 729 Dei
2345 677 2477 728 visio
2506 675 2728 728 veritate
2757 673 3032 738 niteretur,
3089 673 3230 726 misit
3276 672 3342 725 ad
3380 673 3458 725 lo-

1889 779 2032 830 cum,
2063 767 2112 817 in
2143 781 2249 832 quo
2275 765 2383 832 jam
2412 766 2584 819 dictus
2614 764 2852 818 Donatus
2880 761 2987 816 Deo
3027 765 3375 828 militaverat;
3407 773 3462 816 ct

1891 852 2047 919 legati
2077 853 2480 915 assertionibus,
2514 862 2568 905 ut
2589 854 2666 906 vir
2696 853 2785 905 Dei
2816 850 3130 920 prmdixerat
3155 890 3170 913 ,
3223 850 3294 903 ita
3342 864 3462 904 esse

1891 941 2109 994 invenit.
2146 941 2267 994 llaec
2297 954 2418 1008 quae
2456 941 2695 1001 audistis,
2719 939 2907 993 fratres
2938 937 3250 1002 charissimi,
3278 951 3344 990 ex
3365 937 3463 990 liii-

1888 1028 2084 1082 raculis
2112 1043 2254 1094 saepe
2288 1027 2544 1081 nominati
2575 1026 2895 1082 confessoris
2915 1026 3278 1093 excerpsimus
3301 1063 3318 1088 ,
3348 1027 3464 1094 pln-

1889 1118 2022 1170 rima
2038 1116 2522 1185 pnntcrmittentes,
2543 1132 2608 1170 ne
2623 1131 2926 1169 sermonum
2951 1114 3226 1186 prolixitas
3247 1114 3464 1168 audien-

1889 1207 2031 1260 tibus
2061 1205 2328 1259 fastidium
2357 1214 2659 1272 generaret.
2687 1204 2975 1258 Tantarum
3004 1205 3183 1271 itaque
3209 1203 3464 1257 virtutum

1889 1295 2055 1361 gloria
2089 1294 2378 1358 redimitus,
2395 1302 2663 1348 tantorum
2691 1293 3060 1347 miraculorem
3085 1293 3465 1360 longe-lateque

1888 1401 2208 1449 coruscans,
2238 1402 2285 1438 vi
2339 1385 2606 1440 Kalendas
2657 1383 2964 1447 Februarii,
2995 1385 3096 1437 hoc
3140 1393 3249 1446 est,
3279 1383 3465 1445 hodie.

1891 1474 2177 1541 praedictus
2205 1475 2480 1528 confessor
2513 1474 2718 1528 Domini
2745 1473 2942 1528 Marius
2969 1473 3120 1528 Felix
3149 1473 3214 1527 de
3241 1487 3470 1541 corpore

1892 1564 2137 1631 migravit
2160 1563 2224 1617 ad
2252 1563 2540 1625 Christum,
2564 1565 2647 1619 cui
2676 1581 2794 1618 cum
2810 1565 2965 1618 Patre
2994 1565 3257 1632 etSpiritu
3280 1573 3468 1618 sancto

1892 1665 2114 1720 regnum
2136 1661 2191 1706 et
2221 1654 2496 1721 imperium
2525 1655 2574 1705 in
2597 1653 2786 1706 smcula
2816 1653 3148 1707 saeculorum.
3182 1652 3368 1706 Amen.

2500 1758 2721 1813 CAPUT
2771 1759 2855 1813 Ill.

2354 1868 2611 1922 Miracula
2637 1879 2750 1937 post
2782 1879 3011 1924 mortem.

1965 1979 2149 2034 Lectio
2173 1978 2344 2033 sancti
2373 1977 2643 2046 Evangelii
2673 1979 2965 2034 secundum
2997 1979 3322 2034 Matthmum.

1967 2068 2050 2121 l2.
2091 2067 2148 2122 In
2172 2067 2262 2122 illo
2289 2068 2672 2136 temporcdixit
2693 2066 2847 2123 Jcsus
2874 2069 3147 2136 disipulis
3171 2071 3284 2123 suis
3309 2085 3344 2141 p
3362 2085 3468 2123 ira-

1895 2149 2073 2204 bolam
2102 2154 2265 2207 hanc:
2293 2154 2464 2210 Homo
2493 2157 2707 2222 quidam
2742 2171 2962 2224 peregre
2993 2155 3356 2224 proficiscens,
3377 2173 3470 2209 vi:-

1897 2240 2238 2296 cavitservos
2261 2259 2406 2308 suos,
2438 2253 2493 2298 et
2515 2243 2728 2298 tradidit
2759 2244 2860 2298 illis
2891 2247 3025 2298 bona
3059 2260 3190 2311 sua;
3239 2253 3294 2298 et
3340 2247 3468 2300 rcli-

1895 2345 2020 2397 qua.
2071 2328 2300 2384 llomilia
2327 2335 2494 2386 ranc-i
2528 2334 2767 2402 Gregorii
2796 2349 2971 2402 papa):
2999 2334 3169 2388 llomo
3199 2336 3326 2401 iste,
3361 2336 3468 2390 [ποδι-

1898 2428 2007 2473 tres
2036 2419 2358 2488 charissimi,
2383 2423 2476 2490 qui
2499 2438 2719 2492 peregre
2748 2425 3117 2494 proﬁciscitur,
3146 2423 3472 2493 Redemptor

1897 2518 2080 2564 noster
2108 2520 2210 2573 est,
2239 2512 2329 2579 qui
2360 2513 2426 2566 de
2455 2513 2654 2568 mundo
2681 2515 2744 2567 ad
2768 2513 2978 2567 Patrem
3009 2514 3272 2568 transiens
3307 2514 3472 2568 fidei.-

1897 2599 1996 2654 bus
2021 2601 2190 2654 servis
2219 2603 2456 2670 quinque
2505 2603 2722 2668 talenta,
2767 2603 2816 2657 id
2845 2612 2924 2658 est
2949 2645 2962 2667 ,
2996 2603 3134 2658 bona
3177 2604 3471 2674 spiritualia

1898 2686 2135 2741 trad.dit.
2166 2687 2301 2753 Quia
2325 2705 2448 2744 vero
2478 2702 2693 2744 sanctus
2721 2689 2918 2744 Marius
2949 2691 3119 2745 fidelis
3158 2706 3345 2746 servus
3372 2707 3470 2745 ex-

1897 2777 2054 2844 stitit,
2078 2793 2199 2831 cum
2234 2777 2266 2828 ll
2289 2779 2472 2833 lelibus
2502 2779 2567 2832 ab
2600 2779 2713 2847 ipso
2746 2778 3103 2848 Redemptorc
3121 2788 3471 2834 memoratum

1899 2869 2111 2939 pondus
2156 2870 2392 2924 creditur
2420 2871 2713 2940 accepisse.
2771 2869 2895 2924 Inde
2924 2879 3032 2934 est,
3091 2871 3231 2939 quod
3259 2869 3325 2924 de
3352 2885 3475 2924 cor-

1900 2971 2033 3027 pore
2059 2957 2292 3025 migrans
2319 2958 2383 3010 ad
2414 2957 2574 3027 pedes
2599 2957 2839 3026 ejusdem
2882 2958 3259 3028 Redemptoris
3309 2958 3471 3028 spiri-

1901 3049 2069 3102 tuales
2099 3064 2288 3104 usuras
2336 3049 2597 3116 exigentis
2625 3050 2886 3114 accessit,
2927 3051 3187 3103 rationein
3231 3051 3298 3104 de
3327 3063 3474 3102 com-

1901 3139 2073 3193 missis
2102 3147 2156 3192 et
2183 3139 2294 3209 ipse
2319 3139 2644 3202 redditurus,
2687 3148 2740 3193 et
2769 3141 3015 3208 quoniam
3055 3157 3214 3209 super
3238 3141 3474 3209 quinque

1904 3226 2100 3279 talenta
2129 3226 2364 3283 lucratus
2389 3227 2490 3282 fuit
2537 3227 2639 3282 alia
2680 3229 2913 3297 quinque
2941 3269 2956 3293 ,
3010 3230 3194 3282 audire
3249 3229 3473 3283 meruit:

1900 3311 2064 3383 Euge,
2095 3311 2235 3369 bone
2257 3331 2411 3371 serve
2435 3324 2486 3370 ct
2516 3315 2704 3383 fidelis,
2722 3318 2845 3386 quia
2869 3334 3029 3386 super
3047 3335 3213 3388 pauca
3238 3318 3381 3373 fuisti
3415 3317 3473 3368 tl-

1900 3407 2068 3470 delis,
2101 3407 2235 3459 intra
2277 3407 2327 3460 in
2357 3407 2606 3475 gaudium
2640 3407 2850 3463 Domini
2877 3410 2968 3462 tui.

1970 3495 2058 3549 l3.
2100 3494 2226 3551 Post
2255 3497 2401 3564 cujus
2433 3495 2639 3552 felicem
2673 3499 2984 3564 transitum,
3042 3514 3160 3552 cum
3209 3513 3472 3551 annorum

1899 3588 2064 3641 lustra
2095 3588 2321 3656 plurima
2373 3586 2686 3658 ﬂuxissent,
2732 3601 2784 3644 et
2817 3590 3168 3658 quarumdam
3216 3605 3474 3643 saevarum

1901 3680 2140 3745 gentium
2188 3678 2524 3746 crudelitate,
2572 3688 2682 3733 tota
2726 3679 2896 3734 Gallia
2945 3681 3053 3734 suis
3092 3678 3476 3732 habitatoribus

1899 3767 2009 3822 fere
2029 3768 2277 3822 destituta
2306 3769 2614 3837 haberetur,
2647 3781 2701 3826 et
2725 3769 2922 3824 Christi
2953 3771 3274 3824 monasteria
3320 3771 3462 3824 luctu

1900 3867 2162 3928 perpetuo
2192 3859 2364 3914 flenda
2395 3861 2445 3915 in
2473 3876 2711 3916 eremum
2744 3878 2892 3916 versa
2917 3862 3161 3926 fuissent,
3193 3876 3222 3913 a
3251 3861 3470 3929 quibus-

1901 3946 2025 4000 dam
2056 3946 2200 4012 viris,
2225 3963 2419 4017 corpus
2446 3951 2650 4018 pnefati
2686 3953 2781 4004 viri
2831 3951 2920 4004 Dei
2950 3953 3016 4004 ab
3039 3952 3265 4006 ecclesia
3297 3951 3471 4006 Beda-

1900 4037 2051 4092 nensi
2097 4037 2386 4106 sublatum,
2439 4039 2505 4094 ad
2535 4041 2638 4095 hoc
2684 4041 2936 4110 Oppidum
2969 4039 2991 4076 δ
3023 4039 3473 4105 Forralcariensc,

1902 4125 2012 4180 Deo
2041 4127 2376 4197 disponente,
2404 4128 2640 4183 delatum
2671 4138 2774 4184 est.

1971 4214 2286 4285 Requiescit
2312 4225 2491 4271 autem
2522 4218 2572 4271 in
2597 4218 2820 4272 ecclesia
2861 4216 2960 4272 sibi
3007 4215 3379 4271 famulantihus
3408 4229 3474 4268 ex

1901 4304 2088 4357 eadem
2117 4315 2428 4374 perpetuam
2461 4309 2700 4374 requiem
2728 4308 3040 4376 largiturus:
3077 4308 3125 4360 in
3171 4320 3272 4373 qua
3299 4303 3468 4357 eccle-

1898 4393 1975 4445 sia
2004 4393 2153 4446 multi
2175 4395 2338 4447 multa
2364 4396 2619 4449 miracula
2669 4411 2763 4464 per
2789 4411 2911 4450 eum
2961 4396 3236 4449 Dominmu
3283 4392 3475 4448 fecisse

1898 4489 2225 4535 asseverant.
2258 4480 2332 4536 Ex
2359 4484 2548 4550 quibus
2575 4484 2638 4537 ad
2664 4485 2792 4537 tanti
2814 4482 3134 4540 confessoris
3161 4483 3472 4536 memoriam

577 4550 762 4642 laxare
790 4555 997 4642 Domit.
1055 4544 1144 4624 ίιίιί
1176 4558 1422 4612 Vitiorum
1459 4561 1797 4617 tenebrosam
1829 4539 1878 4598 Ῑ)
1901 4570 2381 4624 commendandam
2425 4586 2588 4640 pauca
2645 4574 3036 4642 excerpsimus.
3087 4589 3205 4640 qua:
3243 4571 3481 4627 veridita

255 4632 503 4702 caliginem
563 4651 594 4690 a
635 4639 810 4707 primo
864 4641 994 4698 flore
1033 4645 1328 4712 juvenlutis
1369 4650 1421 4704 in
1468 4665 1527 4705 se
1597 4653 1798 4708 studuit

253 4733 502 4779 enervare.
531 4723 715 4780 Tanta:
737 4729 998 4797 siquidem
1027 4733 1232 4790 virtutis
1257 4746 1314 4792 et
1333 4738 1631 4798 sanctitatis
1661 4750 1793 4806 erat,

255 4818 304 4864 ut
343 4827 432 4881 per
457 4828 584 4869 eum
613 4815 871 4874 Dominus
899 4823 1056 4877 (secis
1084 4825 1256 4881 visum
1304 4828 1581 4896 redderet,
1624 4834 1798 4888 surdis

256 4901 459 4956 auditum
490 4912 832 4972 restauraret,
864 4910 1101 4967 infirmos
1123 4916 1358 4984 pristinte
1392 4922 1606 4977 sanitati
1629 4924 1797 4979 refor-

258 5004 418 5050 mant.
447 4994 746 5063 Quamdam
773 4999 933 5054 etiam
962 5006 1177 5075 maligni
1211 5009 1429 5077 spiritus
1459 5012 1798 5070 infestatione

259 5086 513 5151 captivam,
546 5102 643 5157 per
664 5101 786 5142 eum
813 5099 1056 5146 amntem
1087 5093 1346 5154 Dominus
1373 5101 1638 5159 liberavit.

313 5171 387 5226 Η.
435 5175 574 5232 Illud
625 5187 806 5233 autem
874 5183 1222 5240 memorabile
1265 5190 1532 5256 praedictis
1576 5203 1661 5249 est
1709 5195 1792 5249 in-

259 5256 539 5331 ferendum,
604 5268 761 5335 quod'
817 5268 1094 5340 cujusdam
1147 5285 1170 5313 ε
1226 5273 1416 5332 Donati
1489 5283 1630 5337 servi
1688 5259 1790 5341 Dei

260 5351 536 5422 transitum,
582 5358 778 5415 absens
815 5375 1071 5434 corpore,
1100 5379 1334 5435 presens
1356 5369 1564 5441 spiritu,
1593 5390 1790 5446 cogno-

319 5488 340 5556 ξ
365 5480 542 5556 §ancti
572 5481 722 5556 Pauli
754 5487 937 5544 Vitam
964 5492 1204 5552 dedimus
1231 5496 1302 5551 10
1321 5497 1542 5556 Januar.

265 5548 568 5687 Δρἰςιηαω
618 5552 802 5612 Marias
854 5548 1201 5632 Egyptiac};
1232 5548 1701 5631 Vitam-dabimus
1759 5577 1795 5632 2

323 5689 569 5774 ﬁculitur
607 5703 836 5749 sanctus
875 5699 1108 5758 Donatus
1150 5703 1216 5757 l9
1242 5707 1373 5774 Aug.
1421 5709 1508 5764 ubi
1541 5712 1657 5763 Ado
1688 5714 1794 5771 hoc

266 5759 396 5822 paulo
415 5759 567 5817 aliter
588 5775 806 5819 narrat:
839 5784 1066 5834 cun-.quc
1092 5774 1202 5829 dies
1230 5759 1521 5836 vat-indit;
1541 5759 1664 5838 Elii;

1904 4657 2117 4711 testium
2146 4659 2442 4714 assertione
2471 4660 2773 4715 didicimus.

1972 4744 2058 4800 14.
2098 4746 2339 4812 Quodam
2368 4761 2548 4804 autem
2574 4763 2815 4821 tempore
2838 4752 3052 4820 quidam
3098 4752 3348 4823 puerulus
3371 4751 3485 4806 las»

1899 4832 2065 4886 civius
2086 4835 2225 4890 ultra
2249 4839 2466 4893 modum
2513 4842 2612 4894 sub
2648 4841 2981 4910 sarcophago
3021 4857 3124 4908 pne
3164 4839 3254 4892 icti
3307 4842 3482 4908 patris.

1900 4923 2038 4977 ludis
2090 4925 2328 4993 profanis
2370 4945 2435 4985 ac
2486 4930 2707 4986 saltibus
2760 4932 3054 4986 insistebat.
3111 4930 3243 4984 Cum
3294 4941 3481 4987 autem-

1898 5012 2072 5066 fronte
2099 5014 2460 5074 inverecunda
2507 5021 2777 5089 pmdicts
2823 5021 2876 5073 in
2909 5021 3135 5085 isteret,
3168 5023 3344 5075 divina
3397 5024 3473 5076 ul-

1900 5103 2045 5157 tione
2072 5118 2355 5172 percussus
2381 5111 2604 5165 cecidit:
2635 5111 2812 5163 statim
2834 5111 2997 5178 coepit
3021 5112 3273 5166 membris
3294 5111 3476 5172 deﬁci,

1898 5194 2034 5246 etin
2085 5195 2320 5264 quinque
2373 5201 2620 5254 sensibus
2664 5199 2907 5267 corporis
2949 5200 3251 5255 debilitari:
3300 5203 3471 5253 (γυνη

1895 5299 2073 5354 pmna,
2102 5288 2270 5341 crevit
2295 5297 2350 5344 et
2373 5293 2724 5360 supplicium:
2746 5302 2801 5346 et
2829 5302 2886 5347 ut
2906 5294 2973 5347 ab
3000 5296 3114 5364 ipso
3143 5293 3262 5347 loco
3288 5293 3478 5348 niani-

1895 5374 1995 5429 bus
2023 5375 2245 5431 aliorum
2294 5389 2623 5438 sustentatus
2650 5385 2891 5452 recessit,
2919 5399 3037 5439 cum
3068 5395 3222 5451 poma
3252 5390 3307 5436 ct
3333 5397 3473 5452 sup-

1903 5525 2060 5578 taret,
2084 5517 2398 5572 adveniente
2426 5528 2612 5574 sancto
2629 5521 2820 5576 abbate
2849 5521 3032 5584 Mario,
3063 5522 3148 5575 cui
3199 5522 3270 5576 ita
3295 5524 3473 5576 fuerat

1899 5587 2214 5648 revelatum,
2250 5589 2384 5642 inter
2414 5590 2573 5642 verba
2602 5592 2860 5644 orationis
2891 5592 3134 5657 migravit
3187 5592 3255 5646 ad
3295 5591 3471 5646 Chris-

1900 5660 2405 5728 tumLsepultusque
2437 5671 2519 5712 est
2549 5660 2616 5712 ab
2660 5661 2845 5712 eodem
2875 5670 3024 5728 ratrc
3055 5661 3105 5714 in
3135 5661 3252 5717 lnco
3281 5678 3396 5714 suo.

1969 5728 1993 5761 α
2025 5725 2197 5848 ῗίιιιξω
2223 5725 2701 5798 cst‘lt'olcanrqnicr
2753 5725 2891 5782 inter
2937 5730 3248 5786 Sisturicum
3289 5742 3342 5785 ct
3369 5732 3471 5795 Ap-

1969 5812 2005 5848 rt
2062 5812 2090 5847 ει
2117 5812 2241 5848 tam.

1903 5804 2005 5850 tam
2025 5804 2241 5848 leuarit.
