3874 6224
376 367 437 414 ει
892 398 903 408 .
1665 370 1951 433 mxumi
1994 368 2303 429 numen.
3561 348 3649 404 52

380 478 538 549 plicio
563 474 801 544 spiritum
831 472 1119 527 exhalavit.
1148 470 1204 525 In
1232 484 1339 540 quo
1367 468 1521 523 datur
1556 465 1777 535 intelligi
1805 482 1938 537 qno-
1971 472 2011 527 Α
2040 466 2313 521 debilitata
2334 508 2349 533 ,
2409 468 2588 537 puella
2630 472 2843 526 cecidit.
2895 472 3030 540 Quid
3062 471 3251 541 plural
3277 469 3408 536 Qum
3455 466 3646 539 paulo

383 569 526 620 uiam
558 565 699 619 Deus
724 562 981 615 ultionum
1010 561 1149 621 Deus
1174 566 1288 615 est:
1311 565 1367 613 et
1394 556 1518 611 licet
1555 554 1799 609 videatur
1825 570 1944 610 esse

384 664 638 717 remotus,
668 666 904 721 praesens
933 660 1108 706 tamen
1131 655 1436 706 sanctorum
1486 644 1705 713 injurias
1733 644 1947 701 assidue

382 743 611 800 creditur
626 742 888 810 judicare.

454 830 540 886 I5.
578 829 710 885 ltlud
756 831 1157 901 praetermittere
1210 820 1371 881 Etiam
1416 837 1745 893 nequaquam
1784 822 1947 877 debe-

383 937 521 988 mus,
551 922 692 990 quod
721 922 946 988 quadam
990 921 1101 973 vice
1127 918 1344 987 quidam
1373 918 1457 972 vir
1483 915 1761 985 religiosus
1805 912 1946 981 ejus-

383 1010 506 1064 dem
553 1010 650 1064 viri
692 1010 783 1065 Dei
833 1009 1067 1063 basilicae
1113 1016 1328 1073 custos,
1367 1022 1488 1063 cum
1529 1006 1670 1061 circa
1710 1002 1946 1058 medium

384 1099 557 1153 noctis
583 1099 648 1152 ad
664 1099 944 1154 ecclesiam
968 1099 1205 1163 veniret,
1232 1106 1295 1153 ut
1318 1098 1496 1153 lumen
1526 1096 1752 1165 lampadi
1774 1096 1945 1158 daret,

383 1188 678 1250 extinctum
731 1190 965 1244 invenit:
998 1188 1041 1243 0
1066 1190 1295 1260 ,inquit,
1325 1198 1478 1258 pater
1517 1191 1620 1253 mi,
1670 1188 1735 1242 da
1774 1188 1949 1242 consi-

387 1277 513 1329 lium
555 1292 711 1333 servo
752 1287 872 1332 tuo:
929 1295 1034 1332 nox
1073 1287 1187 1331 atra
1233 1278 1409 1337 omnia
1439 1276 1706 1346 possidet:
1761 1289 1948 1329 omnes

382 1363 651 1417 dormiunt
686 1381 698 1415 :
734 1364 821 1417 ubi
853 1366 988 1432 ignis
1014 1366 1343 1432 reperiatur,
1375 1365 1584 1419 nescio:
1635 1364 1733 1417 vize
1782 1362 1943 1417 semi-

386 1460 492 1504 tam
547 1467 641 1521 pcs
690 1453 915 1519 ignorat.
957 1452 1090 1518 Quid
1141 1467 1270 1522 ergo
1320 1453 1555 1507 faciam?
1601 1451 1735 1506 Cum
1790 1451 1949 1520 igitur

384 1542 557 1596 anima
588 1553 891 1597 anxtaretur
917 1544 968 1597 in
1009 1544 1098 1598 illo
1125 1552 1180 1598 et
1208 1544 1271 1597 ad
1301 1559 1458 1613 quam
1491 1552 1695 1612 partem
1747 1558 1805 1597 se
1824 1558 1949 1597 ver-

386 1639 541 1696 teret,
574 1633 873 1702 ignoraret;
903 1635 1079 1688 subito
1111 1650 1217 1687 non
1241 1634 1356 1688 sine
1383 1635 1500 1701 ejus
1536 1632 1791 1687 ineffabili
1819 1647 1951 1701 gau-

387 1717 474 1789 dio
530 1721 747 1775 candela
811 1738 970 1792 quam
1021 1724 1234 1777 tenebat
1297 1723 1348 1777 in
1415 1724 1657 1777 manibus
1722 1736 1947 1776 accensa

386 1814 657 1881 apparuit.

460 1901 549 1955 16,
586 1902 703 1954 Alio
729 1917 943 1971 quoque
974 1912 1213 1972 tempore
1234 1902 1446 1971 quidam
1479 1902 1746 1967 rusticus,
1777 1915 1949 1954 mem-

389 1991 498 2045 bris
528 1992 774 2046 omnibus
802 2001 1129 2059 coxitractus,
1160 1993 1229 2045 ita
1278 2002 1394 2047 erat
1420 1999 1533 2045 toto
1566 2006 1794 2059 corpore
1841 1989 1950 2043 dis-

385 2080 608 2147 solutus,
650 2082 777 2136 etin
803 2098 963 2136 unum
991 2082 1320 2137 similitudini
1355 2082 1585 2137 hominis
1624 2081 1949 2134 contrarium

386 2175 730 2242 conglobatus
752 2186 807 2229 ut
845 2191 949 2228 non
1005 2177 1202 2243 homo,
1250 2174 1341 2228 sed
1391 2184 1688 2227 monstrum
1738 2172 1951 2241 aliquod

387 2274 681 2332 putaretur.
715 2264 809 2319 Hic
835 2267 898 2317 ad
928 2266 1092 2318 multa
1121 2273 1429 2319 sanctorum
1460 2263 1639 2316 limina
1692 2261 1952 2315 adductus

389 2352 595 2406 fuerat:
623 2354 716 2407 sed
744 2356 995 2421 quoniam
1025 2362 1080 2407 ut
1105 2353 1374 2407 credimus
1420 2361 1607 2408 sancto
1654 2350 1949 2407 confessori

387 2452 572 2498 nostro
602 2444 992 2506 rescrvabatur,
1026 2444 1169 2497 nulla
1219 2444 1303 2497 sui
1332 2443 1575 2511 corporis
1624 2440 1863 2509 prmsidia
1894 2456 1953 2495 se

390 2533 693 2602 percepisse
724 2532 1012 2588 fatebatur.
1048 2532 1126 2586 Ad
1174 2534 1416 2586 ultimum
1475 2532 1647 2583 divina
1698 2531 1745 2583 ei
1778 2529 1953 2597 Opitu-

391 2621 532 2676 lante
561 2622 839 2676 clementia
867 2637 970 2675 non
1002 2623 1116 2675 sine
1145 2624 1312 2676 multo
1340 2621 1523 2674 labore
1559 2621 1623 2672 ad
1659 2627 1951 2687 praeoptata

388 2710 567 2763 limina
596 2712 762 2766 sancti
788 2713 1110 2767 confessoris
1137 2712 1407 2777 defertur,
1436 2719 1488 2765 et
1517 2710 1569 2764 in
1598 2709 1833 2777 ejusdem
1863 2725 1953 2766 ec-

387 2800 547 2854 clesia
578 2801 783 2857 delatus
810 2801 1112 2869 deponitur.
1146 2802 1401 2856 Precatur
1430 2802 1588 2856 miser
1630 2816 1747 2856 cum
1779 2801 1953 2872 lacry-

391 2888 493 2942 niis
523 2889 805 2944 miserandi
837 2892 1075 2958 corporis
1098 2893 1443 2955 erectionem,
1486 2900 1540 2945 et
1592 2890 1683 2958 qui
1730 2892 1955 2946 aderant

390 2979 441 3031 ei
470 2980 852 3047 compatientes
884 2982 1071 3034 eadem
1128 2982 1501 3049 deprecantur.
1552 2980 1596 3033 υ
1646 2981 1736 3035 Dei
1784 2981 1952 3049 pietas

388 3071 532 3123 omni
558 3072 837 3125 devotione
868 3073 1115 3126 colenda!
1150 3072 1193 3125 Ο
1217 3082 1521 3127 sanctorum
1539 3072 1725 3133 merita
1752 3081 1953 3125 morta-

2046 566 2171 611 ante
2211 557 2491 612 lasciviens
2516 569 2758 626 venerat,
2790 561 2913 617 fmta
2945 562 3157 617 flebitur
3189 571 3245 617 et
3285 559 3493 616 infelix.
3545 556 3644 613 At!

2046 647 2367 702 confessoris
2395 646 2542 701 Marii
2568 648 2748 701 limina
2766 652 3019 706 excubias
3044 652 3268 707 fideliter
3282 660 3470 706 actura
3494 664 3644 720 per-

2044 734 2275 799 ducitur,
2304 736 2461 792 offert
2489 739 2739 806 seipsam,
2779 738 2937 792 offert
2983 756 3170 808 preces
3196 751 3254 796 et
3305 743 3589 814 lacrytnas
3619 755 3639 788 :

2046 824 2270 892 spondet
2296 834 2482 880 sancto
2508 826 2711 895 vigilias
2735 826 2988 895 annales,
3010 828 3053 882 si
3082 829 3221 883 facta
3244 830 3529 887 incolumis
3559 826 3644 882 ad

2047 916 2259 985 propria
2308 926 2626 973 revertatur.
2660 918 2705 974 0
2741 919 2931 973 mirum
2963 920 3158 973 divinae
3204 922 3417 990 pietatis
3457 921 3642 976 auxi-

2047 1004 2202 1057 lium!
2238 1005 2368 1059 Dum
2398 1007 2575 1076 plorat
2595 1008 2807 1072 mulier,
2829 1008 2954 1063 dum
2976 1023 3035 1063 se
3067 1018 3231 1063 totam
3262 1010 3314 1063 in
3343 1026 3436 1064 ara
3467 1024 3642 1064 men-

2050 1096 2143 1160 tis,
2192 1097 2402 1153 devotis
2446 1099 2719 1169 precibus,
2763 1101 3037 1167 immolat;
3088 1100 3389 1164 exauditur,
3420 1109 3480 1156 et
3508 1108 3643 1155 tota

2046 1187 2282 1255 pristina:
2329 1189 2681 1243 incolumitati
2728 1200 3075 1263 restauratur.
3120 1190 3391 1260 Sospitate
3435 1190 3646 1259 itaque

2047 1284 2264 1343 recepta
2288 1275 2497 1329 cuidam
2524 1276 2776 1345 conjugio
2804 1281 3115 1347 cbpulatur;
3147 1282 3241 1336 sed
3263 1296 3385 1336 cum
3413 1289 3643 1349 tempo-

2046 1379 2107 1419 ra
2136 1365 2462 1436 temporibus
2506 1366 2839 1421 venientibus
2869 1371 3186 1435 transirent,
3236 1381 3293 1427 et
3318 1377 3640 1427 memorata

2050 1455 2632 1523 mnlierconjugalibus
2674 1455 2877 1511 deliciis
2923 1458 3080 1512 nimis
3130 1461 3406 1529 sapienter
3431 1461 3639 1516 adhae-

2048 1559 2199 1610 rens,
2228 1554 2351 1599 vota
2377 1560 2495 1614 qua:
2524 1554 2709 1601 sancto
2748 1547 3065 1615 promiserat
3111 1549 3417 1617 persolvere
3444 1551 3643 1605 distu-

2050 1638 2230 1701 lisset;
2263 1637 2378 1705 ejus
2407 1638 2605 1691 oblivio
2629 1638 2935 1693 infirmitate
2981 1640 3202 1708 pristina
3249 1640 3583 1710 prmvenitur
3620 1658 3641 1695 :

2058 1739 2343 1778 nervorum
2370 1726 2580 1777 auxiliis
2607 1725 2799 1779 iterum
2823 1736 3148 1791 altenuatur,
3173 1736 3227 1782 et
3255 1728 3641 1784 membrorum

1981 1816 2028 1875 B
2054 1813 2356 1866 valetudine
2376 1813 2595 1866 omnino
2617 1814 2875 1881 privatur.
2902 1813 3097 1867 lterum
3119 1814 3184 1867 ad
3205 1815 3422 1883 praefata
3442 1818 3638 1872 sancti

2050 1898 2372 1953 confessoris
2413 1900 2610 1964 limina,
2653 1902 2829 1954 mariti
2857 1917 3002 1965 cura,
3036 1903 3348 1970 perducitur
3376 1921 3391 1959 :
3427 1905 3641 1959 iterum

2049 1992 2252 2044 meritis
2284 1991 2521 2059 ejusdem
2552 2001 2847 2061 peroptata:
2876 1994 3091 2047 sanitati
3134 1996 3445 2051 redonatur.
3480 1999 3640 2052 Lana

2051 2079 2243 2132 mulier
2273 2092 2338 2132 ex
2367 2080 2635 2148 insperata
2662 2081 2760 2134 sibi
2786 2082 2988 2135 reddita
3017 2084 3264 2148 sanitate,
3304 2094 3640 2155 perpetuum

2051 2180 2237 2223 sancto
2266 2178 2421 2223 vovet
2450 2170 2796 2238 obsequium,
2826 2172 2890 2224 ad
2936 2176 3146 2241 pr0pria
3179 2189 3447 2243 nunquam
3478 2176 3639 2230 redi-

2053 2267 2171 2311 tura
2195 2260 2441 2327 amplius.
2473 2260 2577 2314 Sed
2619 2276 2739 2315 cum
2780 2277 3005 2329 sponsus
3048 2263 3301 2317 adversus
3338 2268 3639 2333 coniugem

2051 2346 2117 2400 de
2145 2346 2235 2399 tali
2262 2356 2387 2401 voto
2417 2348 2573 2401 nimis
2601 2348 2979 2415 incanduisset,
3007 2352 3190 2405 territa
3214 2352 3407 2407 mulier
3426 2353 3632 2424 conju-

2052 2434 2255 2503 galibus
2284 2436 2464 2502 minis,
2488 2446 2541 2491 et
2562 2436 2833 2492 blanditiis
2859 2440 3118 2502 emollita,
3144 2456 3264 2493 cum
3296 2455 3363 2495 eo
3397 2442 3465 2494 ad
3492 2456 3633 2512 pro-

2055 2526 2168 2594 pria
2210 2527 2515 2581 revertitur.
2568 2528 2799 2583 Reversa
2846 2530 3025 2583 statim
3063 2530 3364 2583 miseranda
3406 2530 3636 2595 mulier,

2054 2629 2204 2688 peste
2240 2620 2349 2689 jam
2391 2619 2529 2674 dicta
2559 2620 2749 2674 iterum
2780 2622 3071 2689 premitur;
3118 2621 3311 2674 iterum
3343 2620 3409 2673 ad
3440 2620 3637 2677 limina

2053 2704 2226 2763 sancti
2255 2708 2597 2776 perducitur;
2625 2710 2814 2762 iterum
2838 2709 2993 2763 saluti
3022 2717 3331 2778 praeoptatae
3359 2716 3638 2764 restaura—

2054 2805 2160 2851 tur.
2184 2797 2227 2859 Ο
2250 2797 2433 2851 infelix
2455 2807 2649 2851 nostra:
2678 2797 3025 2851 humanitatis
3050 2796 3319 2852 conditio!
3350 2812 3383 2853 ο
3400 2798 3636 2853 nefanda

2056 2887 2108 2941 in
2139 2887 2501 2956 persolvendis
2529 2888 2668 2942 votis
2690 2887 2917 2941 oblivio!
2968 2902 3151 2941 rursus
3190 2901 3385 2956 nempe
3411 2895 3640 2943 sanctus

2054 2978 2384 3033 obliviscitur
2411 2994 2423 3029 :
2452 2992 2634 3032 rursus
2675 2977 2941 3045 impudica
2972 2978 3163 3031 mulier
3201 2975 3512 3031 infirmitate
3540 2992 3637 3032 so-

2053 3070 2146 3123 lita
2176 3079 2460 3124 enervatur
2486 3088 2501 3135 ;
2528 3085 2710 3124 rursus
2740 3069 2805 3122 ad
2833 3084 2974 3137 smpe
3002 3069 3142 3123 dicta
3174 3069 3355 3123 limina
3384 3068 3635 3123 confluit.

392 3159 530 3212 libus
553 3161 769 3213 omnino
792 3161 1115 3215 venerandal
1143 3161 1282 3216 Inter
1314 3162 1575 3233 lacrymas
1618 3176 1847 3230 namque
1874 3161 1952 3214 in-
1984 3167 2028 3225 ρ
2062 3161 2254 3215 lterato
2298 3169 2427 3216 voto
2466 3169 2682 3217 sanctus
2722 3161 2915 3215 iterum
2966 3161 3285 3228 honoratur,
3336 3169 3391 3215 et
3435 3162 3640 3217 mulier

391 3247 553 3302 felicis
593 3249 839 3309 hominis.
868 3260 921 3303 et
948 3253 1103 3304 verba
1144 3253 1431 3305 multorum
1463 3251 1760 3315 orantium,
1792 3251 1953 3304 miser

393 3337 643 3404 erigitur:
678 3338 853 3407 fragor
881 3343 1077 3393 ossium
1104 3351 1157 3393 et
1180 3355 1460 3395 nervorum
1491 3340 1733 3395 extensio
1765 3357 1795 3393 a
1817 3340 1950 3393 mul-

394 3424 458 3478 tis
482 3427 726 3493 anditur:
756 3431 988 3483 occurrit
1019 3444 1143 3483 mox
1172 3432 1423 3485 comitum
1448 3432 1614 3493 curia,
1646 3432 1947 3484 mirantium

394 3517 621 3570 tumultu
644 3518 802 3571 citata
826 3536 839 3571 :
864 3530 1153 3573 occurrunt
1183 3537 1465 3590 proceres:
1491 3523 1723 3576 occurrit
1754 3524 1949 3577 utrius-

391 3619 495 3671 que
523 3606 659 3675 vulgi
680 3623 862 3661 sexus:
889 3610 1117 3664 clamant
1159 3628 1365 3676 omnes,
1398 3612 1484 3665 alii
1527 3612 1659 3666 alios
1707 3612 1952 3665 clamori-

391 3694 487 3748 bus
518 3699 918 3765 praeveniet‘ites,
948 3716 1050 3755 non
1077 3704 1245 3767 nobis,
1281 3705 1545 3772 inquiunt,
1576 3703 1814 3764 Domine.
1848 3719 1951 3757 non

392 3783 563 3848 nobis,
586 3786 676 3839 sed
708 3789 909 3841 nomini
945 3798 1035 3843 tuo
1054 3791 1118 3845 da
1144 3792 1390 3859 gloriam.
1438 3791 1527 3846 Sic
1556 3792 1718 3845 miser
1743 3794 1829 3861 qui
1858 3807 1950 3846 ve-

393 3882 543 3927 nerat
570 3916 585 3939 ,
620 3878 819 3931 meritis
841 3880 948 3945 jam
982 3880 1107 3933 dicti
1151 3880 1247 3934 viri
1292 3881 1384 3936 Dei
1430 3881 1601 3936 factus
1631 3881 1909 3937 incolumis
1932 3920 1947 3947 ,

394 3960 527 4014 la‘tis
556 3965 817 4029 gressibus
845 3968 907 4018 ad
942 3970 1151 4037 propria
1182 3972 1428 4025 recessit.

468 4051 549 4103 l7.
578 4051 849 4109 Praedictis
874 4056 1033 4109 etiam
1063 4057 1257 4113 addere
1277 4060 1628 4124 decrevimus,
1655 4061 1794 4127 quod
1815 4076 1949 4129 qua-

393 4139 509 4192 dam
528 4141 610 4195 die
626 4145 861 4211 quaedam
881 4146 1095 4215 innupta
1114 4149 1309 4217 puella,
1329 4151 1522 4204 mentis
1542 4150 1758 4204 levitate
1772 4150 1948 4215 ducta,

396 4231 620 4298 lapidem
652 4234 882 4301 dirigens
911 4252 1057 4290 aram
1089 4240 1255 4293 sancti
1288 4239 1609 4294 confessoris
1650 4240 1908 4309 percussit
1936 4257 1947 4291 :

396 4322 618 4375 necdum
649 4323 880 4380 directus
927 4327 1059 4395 lapis
1089 4329 1138 4382 in
1174 4331 1478 4399 pavimento
1511 4331 1796 4392 ceciderat,
1828 4344 1949 4384 cum

397 4426 675 4467 nervorum
705 4416 903 4470 viribus
934 4420 1232 4484 exhaustis,
1275 4432 1328 4475 et
1370 4425 1726 4475 membrorum
1755 4422 1953 4476 virtute

2062 3250 2298 3317 qumsitre
2361 3249 2579 3305 sanitati
2644 3248 2838 3302 iterum
2890 3258 3225 3303 restauratur
3268 3267 3282 3305 :
3330 3258 3636 3303 restaurata

2062 3340 2295 3408 gaudens
2333 3348 2388 3392 et
2417 3340 2717 3405 incolumis,
2750 3321 3005 3408 repatriat
3046 3341 3250 3395 meritis
3275 3342 3449 3395 sancti
3494 3355 3637 3395 con-

2062 3428 2279 3484 fessoris
2308 3430 2482 3483 causis
2510 3430 2769 3484 similibus
2796 3445 2899 3483 non
2928 3430 3157 3499 amplius
3186 3444 3488 3484 reversura.
3516 3434 3635 3485 Au-

2060 3521 2207 3574 diant
2233 3521 2304 3574 illi
2330 3521 2417 3588 qui
2448 3520 2500 3574 in
2522 3521 2621 3574 bac
2641 3520 2865 3574 ecclesia
2889 3519 2998 3574 Deo
3028 3530 3081 3574 et
3104 3528 3290 3575 sancto
3311 3518 3479 3575 Mario
3508 3536 3635 3575 nio-

2061 3628 2177 3666 rum
2204 3611 2489 3666 stabilitate
2518 3610 2905 3678 promiserunt,
2955 3608 3171 3662 audiant
3199 3615 3253 3662 et
3295 3607 3630 3662 mentis......

2050 3702 2285 3769 diligenti
2316 3715 2441 3754 cura
2467 3706 2829 3763 revereantur,
2863 3698 2905 3751 si
2938 3692 3119 3751 omnia
3148 3707 3296 3751 recta
3324 3706 3451 3751 sunt
3492 3712 3625 3766 erga

2053 3799 2269 3855 votum;
2296 3791 2339 3843 si
2362 3794 2509 3843 recta
2530 3789 2706 3844 omnia
2732 3789 2866 3843 bene
2889 3786 2987 3841 sibi
3015 3786 3321 3854 contigisse,
3346 3784 3629 3851 laetentur;

2051 3882 2093 3935 si
2119 3890 2294 3937 autem
2329 3882 2485 3935 aliter
2510 3890 2610 3945 est,
2640 3880 2814 3935 sciant
2838 3881 3089 3949 quoniam
3120 3881 3222 3935 hoc
3244 3879 3296 3933 in
3325 3881 3503 3934 anima
3533 3896 3633 3950 pa—

2051 3971 2276 4034 tiuntur,
2290 3974 2433 4039 quod
2457 3968 2674 4038 praifata
2697 3969 2888 4023 mulier
2914 3969 2965 4022 in
2995 3984 3223 4038 corpore
3250 3969 3443 4037 legitur
3462 3983 3626 4039 passa

2058 4061 2237 4115 fuisse.
2275 4060 2422 4113 Votis
2466 4060 2645 4129 itaque
2676 4060 2856 4115 fractis
2887 4075 2981 4129 per
3008 4062 3378 4129 paenitentiam
3424 4076 3626 4117 consu-

2059 4150 2191 4215 lant,
2214 4148 2278 4202 ad
2306 4150 2494 4217 pedem
2521 4149 2691 4204 sancti
2720 4149 3040 4204 confessoris
3068 4150 3343 4215 accedant,
3366 4150 3632 4220 lacrymas

2060 4248 2113 4293 et
2143 4254 2327 4309 preces
2356 4238 2449 4293 off:
2462 4248 2603 4305 rant,
2632 4249 2688 4292 ut
2716 4239 2963 4305 salutem,
2990 4254 3147 4308 quam
3176 4240 3476 4296 exercendo
3501 4255 3628 4310 per-

2059 4330 2319 4396 diderant,
2348 4344 2555 4383 morum
2592 4328 2878 4381 stabilitate
2910 4330 3292 4397 redintegrata,
3322 4346 3504 4386 rursus
3534 4346 3632 4401 per

2060 4422 2154 4475 Dei
2183 4420 2599 4474 misericordiam
2624 4419 2821 4472 habere
2846 4427 3172 4473 mercantur.
3206 4419 3391 4473 Amen.

1226 4643 1888 4758 SANCTI
1953 4630 2776 4753 DYNAMII

1541 4812 1672 4862 VIBI
1715 4809 2039 4861 lLLUSTlllS
2081 4811 2158 4861 ET
2208 4810 2479 4861 PATlllClI

802 5108 805 5113 p
922 4913 1382 5055 VlTA

1608 5088 1814 5147 (Surius,
1844 5091 1947 5135 Act.
1974 5086 2159 5145 Sanct.,
2185 5093 2294 5135 tom.
2324 5085 2410 5147 ll.)

1256 5248 1845 5417 @pistoia
1924 5242 2721 5382 behicatoria.

469 5457 685 5513 Domine
716 5460 1022 5515 beatissimo
1066 5458 1231 5527 Patri,
1260 5460 1454 5515 Urbica
1484 5476 1655 5531 papae,
1690 5459 1962 5513 Dinamius

397 5548 656 5604 I’atrit-ius
684 5553 925 5606 salutem.

464 5639 597 5694 Cum
624 5643 924 5706 apostolica:
956 5642 1113 5697 Pater
1136 5640 1254 5695 fidei
1282 5642 1473 5697 ardore
1500 5654 1812 5703 succensus,
1838 5639 1957 5692 uni-

399 5745 548 5783 νςιινο
576 5731 639 5785 dc
666 5733 941 5787 vittu:ibus
962 5733 1131 5788 sancti
1161 5730 1395 5796 Maximi,
1421 5746 1535 5800 qum
1568 5727 1737 5783 fidelis
1767 5726 1956 5781 telatiu

2062 5467 2334 5526 gestorum
2361 5458 2682 5522 manifestat,
2714 5454 2942 5513 sollicita
2971 5454 3310 5524 indagatione
3337 5453 3626 5525 perquiris,

2063 5550 2379 5619 imperitiam
2400 5559 2573 5607 meam
2597 5548 2809 5618 pulsare
2829 5545 3181 5611 non‘desinis;
3211 5544 3448 5616 paternis
3462 5546 3625 5601 etiam

2061 5638 2277 5693 monitis
2302 5635 2621 5707 pmdicandi
2638 5633 2959 5689 auctoritate
2976 5636 3317 5695 conﬁrmans.
3344 5633 3488 5705 quod
3514 5649 3623 5689 non

2060 5743 2244 5799 parum
2275 5728 2443 5799 ipsius
2464 5725 2642 5784 delicti
2670 5740 2807 5781 noxa
2839 5738 2960 5781 rcus
2983 5723 3209 5796 cflit-iar,
3232 5724 3333 5781 nisi
3360 5726 3537 5780 omnia
3571 5726 3622 5779 in
