  <div class='ocr_page' id='page_1' title='image "/cluster/home/n/w/nwhite01/storage/ocr_20150623/80/uva.x000827068/024.png"; bbox 0 0 1937 3112; ppageno 0'>
   <div class='ocr_carea' id='block_1_1' title="bbox 111 198 144 226">
    <p class='ocr_par' dir='ltr' id='par_1_1' title="bbox 111 198 144 226">
     <span class='ocr_line' id='line_1_1' title="bbox 111 198 144 226; baseline 0 0"><span class='ocrx_word' id='word_1_1' title='bbox 111 198 144 226; x_wconf 76' lang='lat'><strong>53</strong></span> 
     </span>
    </p>
   </div>
   <div class='ocr_carea' id='block_1_2' title="bbox 735 193 1109 225">
    <p class='ocr_par' dir='ltr' id='par_1_2' title="bbox 735 193 1109 225">
     <span class='ocr_line' id='line_1_2' title="bbox 735 193 1109 225; baseline -0.003 -3"><span class='ocrx_word' id='word_1_2' title='bbox 735 193 811 224; x_wconf 70' lang='lat' dir='ltr'><strong>VI&#39;I&#39;A</strong></span> <span class='ocrx_word' id='word_1_3' title='bbox 832 195 953 225; x_wconf 75' lang='lat' dir='ltr'><strong>SANC‘I‘I</strong></span> <span class='ocrx_word' id='word_1_4' title='bbox 974 194 1109 224; x_wconf 71' lang='lat' dir='ltr'><strong>IAXIMI.</strong></span> 
     </span>
    </p>
   </div>
   <div class='ocr_carea' id='block_1_3' title="bbox 1705 195 1738 224">
    <p class='ocr_par' dir='ltr' id='par_1_3' title="bbox 1705 195 1738 224">
     <span class='ocr_line' id='line_1_3' title="bbox 1705 195 1738 224; baseline 0.061 -2"><span class='ocrx_word' id='word_1_5' title='bbox 1705 195 1738 224; x_wconf 67' lang='grc'><strong>56</strong></span> 
     </span>
    </p>
   </div>
   <div class='ocr_carea' id='block_1_4' title="bbox 110 243 1742 292">
    <p class='ocr_par' dir='ltr' id='par_1_4' title="bbox 110 243 1742 292">
     <span class='ocr_line' id='line_1_4' title="bbox 110 243 1742 292; baseline -0.001 -8"><span class='ocrx_word' id='word_1_6' title='bbox 110 257 165 285; x_wconf 70' lang='lat' dir='ltr'><strong>Tuta</strong></span> <span class='ocrx_word' id='word_1_7' title='bbox 175 256 245 291; x_wconf 66' lang='lat' dir='ltr'><strong>eius,</strong></span> <span class='ocrx_word' id='word_1_8' title='bbox 259 263 339 292; x_wconf 81' lang='lat' dir='ltr'><strong>quam</strong></span> <span class='ocrx_word' id='word_1_9' title='bbox 350 264 397 285; x_wconf 87' lang='lat' dir='ltr'><strong>me</strong></span> <span class='ocrx_word' id='word_1_10' title='bbox 404 260 470 285; x_wconf 87' lang='lat' dir='ltr'><strong>ante</strong></span> <span class='ocrx_word' id='word_1_11' title='bbox 477 254 580 290; x_wconf 84' lang='lat' dir='ltr'><strong>aliquot</strong></span> <span class='ocrx_word' id='word_1_12' title='bbox 589 261 674 282; x_wconf 86' lang='lat' dir='ltr'><strong>annos</strong></span> <span class='ocrx_word' id='word_1_13' title='bbox 687 254 768 282; x_wconf 83' lang='lat' dir='ltr'><strong>rurali</strong></span> <span class='ocrx_word' id='word_1_14' title='bbox 779 261 904 283; x_wconf 85' lang='lat' dir='ltr'><strong>semione</strong></span> <span class='ocrx_word' id='word_1_15' title='bbox 919 254 941 283; x_wconf 80' lang='grc' dir='ltr'><strong>Α</strong></span> <span class='ocrx_word' id='word_1_16' title='bbox 956 253 1130 288; x_wconf 77' lang='lat' dir='ltr'><strong>propaginem</strong></span> <span class='ocrx_word' id='word_1_17' title='bbox 1160 251 1240 280; x_wconf 87' lang='lat' dir='ltr'><strong>lectio</strong></span> <span class='ocrx_word' id='word_1_18' title='bbox 1264 249 1438 285; x_wconf 82' lang='lat' dir='ltr'><strong>multiplicata</strong></span> <span class='ocrx_word' id='word_1_19' title='bbox 1466 243 1644 287; x_wconf 62' lang='lat' dir='ltr'><strong>subsequittﬁn</strong></span> <span class='ocrx_word' id='word_1_20' title='bbox 1675 253 1742 289; x_wconf 65' lang='lat' dir='ltr'><strong>Qum</strong></span> 
     </span>
    </p>
   </div>
   <div class='ocr_carea' id='block_1_5' title="bbox 110 298 903 336">
    <p class='ocr_par' dir='ltr' id='par_1_5' title="bbox 110 298 903 336">
     <span class='ocr_line' id='line_1_5' title="bbox 110 298 903 336; baseline -0.005 -5"><span class='ocrx_word' id='word_1_21' title='bbox 110 300 305 336; x_wconf 69' lang='lat' dir='ltr'><strong>cessa&#39;ipsisse</strong></span> <span class='ocrx_word' id='word_1_22' title='bbox 316 302 461 332; x_wconf 81' lang='lat' dir='ltr'><strong>constitit.</strong></span> <span class='ocrx_word' id='word_1_23' title='bbox 484 299 606 327; x_wconf 84' lang='lat' dir='ltr'><strong>studeam</strong></span> <span class='ocrx_word' id='word_1_24' title='bbox 620 298 718 327; x_wconf 91' lang='lat' dir='ltr'><strong>addere</strong></span> <span class='ocrx_word' id='word_1_25' title='bbox 737 306 903 334; x_wconf 63' lang='lat' dir='ltr'><strong>quacunque</strong></span> 
     </span>
    </p>
   </div>
   <div class='ocr_carea' id='block_1_6' title="bbox 109 344 903 380">
    <p class='ocr_par' dir='ltr' id='par_1_6' title="bbox 109 344 903 380">
     <span class='ocr_line' id='line_1_6' title="bbox 109 344 903 380; baseline -0.004 -6"><span class='ocrx_word' id='word_1_26' title='bbox 109 354 154 375; x_wconf 87' lang='lat' dir='ltr'><strong>vos</strong></span> <span class='ocrx_word' id='word_1_27' title='bbox 166 346 203 374; x_wconf 80' lang='lat' dir='ltr'><strong>de</strong></span> <span class='ocrx_word' id='word_1_28' title='bbox 216 345 289 374; x_wconf 83' lang='lat' dir='ltr'><strong>illius</strong></span> <span class='ocrx_word' id='word_1_29' title='bbox 301 346 472 374; x_wconf 76' lang='lat' dir='ltr'><strong>mirabilibus</strong></span> <span class='ocrx_word' id='word_1_30' title='bbox 485 344 606 380; x_wconf 86' lang='lat' dir='ltr'><strong>protinus</strong></span> <span class='ocrx_word' id='word_1_31' title='bbox 618 344 791 376; x_wconf 78' lang='lat' dir='ltr'><strong>manifestum</strong></span> <span class='ocrx_word' id='word_1_32' title='bbox 806 348 848 372; x_wconf 86' lang='lat' dir='ltr'><strong>est</strong></span> <span class='ocrx_word' id='word_1_33' title='bbox 862 344 903 370; x_wconf 84' lang='lat' dir='ltr'><strong>in-</strong></span> 
     </span>
    </p>
   </div>
   <div class='ocr_carea' id='block_1_7' title="bbox 108 387 904 424">
    <p class='ocr_par' dir='ltr' id='par_1_7' title="bbox 108 387 904 424">
     <span class='ocr_line' id='line_1_7' title="bbox 108 387 904 424; baseline -0.005 -5"><span class='ocrx_word' id='word_1_34' title='bbox 108 389 229 424; x_wconf 74' lang='lat' dir='ltr'><strong>venisse,</strong></span> <span class='ocrx_word' id='word_1_35' title='bbox 243 392 314 418; x_wconf 85' lang='lat' dir='ltr'><strong>unde</strong></span> <span class='ocrx_word' id='word_1_36' title='bbox 327 397 380 424; x_wconf 84' lang='lat' dir='ltr'><strong>ego</strong></span> <span class='ocrx_word' id='word_1_37' title='bbox 389 389 499 424; x_wconf 79' lang='lat' dir='ltr'><strong>gemino</strong></span> <span class='ocrx_word' id='word_1_38' title='bbox 513 388 616 424; x_wconf 86' lang='lat' dir='ltr'><strong>pudore</strong></span> <span class='ocrx_word' id='word_1_39' title='bbox 625 387 783 420; x_wconf 77' lang='lat' dir='ltr'><strong>confundor,</strong></span> <span class='ocrx_word' id='word_1_40' title='bbox 795 388 838 416; x_wconf 90' lang='lat' dir='ltr'><strong>cui</strong></span> <span class='ocrx_word' id='word_1_41' title='bbox 853 394 904 415; x_wconf 88' lang='lat' dir='ltr'><strong>nec</strong></span> 
     </span>
    </p>
   </div>
   <div class='ocr_carea' id='block_1_8' title="bbox 109 433 904 468">
    <p class='ocr_par' dir='ltr' id='par_1_8' title="bbox 109 433 904 468">
     <span class='ocr_line' id='line_1_8' title="bbox 109 433 904 468; baseline -0.004 -6"><span class='ocrx_word' id='word_1_42' title='bbox 109 434 238 468; x_wconf 73' lang='lat' dir='ltr'><strong>loquendi</strong></span> <span class='ocrx_word' id='word_1_43' title='bbox 262 435 378 463; x_wconf 81' lang='lat' dir='ltr'><strong>facultas</strong></span> <span class='ocrx_word' id='word_1_44' title='bbox 402 433 571 466; x_wconf 70' lang='lat' dir='ltr'><strong>conceditur,</strong></span> <span class='ocrx_word' id='word_1_45' title='bbox 587 440 636 461; x_wconf 89' lang='lat' dir='ltr'><strong>nee</strong></span> <span class='ocrx_word' id='word_1_46' title='bbox 658 433 752 460; x_wconf 86' lang='lat' dir='ltr'><strong>silendi</strong></span> <span class='ocrx_word' id='word_1_47' title='bbox 771 433 904 460; x_wconf 74' lang='lat' dir='ltr'><strong>securitas</strong></span> 
     </span>
    </p>
   </div>
   <div class='ocr_carea' id='block_1_9' title="bbox 109 477 904 514">
    <p class='ocr_par' dir='ltr' id='par_1_9' title="bbox 109 477 904 514">
     <span class='ocr_line' id='line_1_9' title="bbox 109 477 904 514; baseline -0.004 -8"><span class='ocrx_word' id='word_1_48' title='bbox 109 478 273 514; x_wconf 71' lang='lat' dir='ltr'><strong>Indulgetnr.</strong></span> <span class='ocrx_word' id='word_1_49' title='bbox 283 479 313 506; x_wconf 88' lang='lat' dir='ltr'><strong>Si</strong></span> <span class='ocrx_word' id='word_1_50' title='bbox 322 479 429 514; x_wconf 80' lang='lat' dir='ltr'><strong>loquar,</strong></span> <span class='ocrx_word' id='word_1_51' title='bbox 440 485 548 506; x_wconf 83' lang='lat' dir='ltr'><strong>sensum</strong></span> <span class='ocrx_word' id='word_1_52' title='bbox 556 482 687 505; x_wconf 89' lang='lat' dir='ltr'><strong>monstrat</strong></span> <span class='ocrx_word' id='word_1_53' title='bbox 701 477 807 504; x_wconf 88' lang='lat' dir='ltr'><strong>detecta</strong></span> <span class='ocrx_word' id='word_1_54' title='bbox 822 477 904 504; x_wconf 84' lang='lat' dir='ltr'><strong>rusti-</strong></span> 
     </span>
    </p>
   </div>
   <div class='ocr_carea' id='block_1_10' title="bbox 108 522 904 559">
    <p class='ocr_par' dir='ltr' id='par_1_10' title="bbox 108 522 904 559">
     <span class='ocr_line' id='line_1_10' title="bbox 108 522 904 559; baseline -0.004 -7"><span class='ocrx_word' id='word_1_55' title='bbox 108 523 175 552; x_wconf 79' lang='lat' dir='ltr'><strong>citas</strong></span> <span class='ocrx_word' id='word_1_56' title='bbox 197 524 368 559; x_wconf 84' lang='lat' dir='ltr'><strong>itnperitmn.</strong></span> <span class='ocrx_word' id='word_1_57' title='bbox 383 523 450 551; x_wconf 76' lang='lat' dir='ltr'><strong>Nam</strong></span> <span class='ocrx_word' id='word_1_58' title='bbox 465 524 487 551; x_wconf 88' lang='lat' dir='ltr'><strong>si</strong></span> <span class='ocrx_word' id='word_1_59' title='bbox 505 524 640 554; x_wconf 70' lang='lat' dir='ltr'><strong>licuisset,</strong></span> <span class='ocrx_word' id='word_1_60' title='bbox 664 523 704 549; x_wconf 86' lang='lat' dir='ltr'><strong>vel</strong></span> <span class='ocrx_word' id='word_1_61' title='bbox 723 522 757 549; x_wconf 89' lang='lat' dir='ltr'><strong>de</strong></span> <span class='ocrx_word' id='word_1_62' title='bbox 770 522 904 550; x_wconf 89' lang='lat' dir='ltr'><strong>succincta</strong></span> 
     </span>
    </p>
   </div>
   <div class='ocr_carea' id='block_1_11' title="bbox 111 566 904 604">
    <p class='ocr_par' dir='ltr' id='par_1_11' title="bbox 111 566 904 604">
     <span class='ocr_line' id='line_1_11' title="bbox 111 566 904 604; baseline -0.001 -8"><span class='ocrx_word' id='word_1_63' title='bbox 111 575 236 603; x_wconf 70' lang='lat' dir='ltr'><strong>poscam</strong></span> <span class='ocrx_word' id='word_1_64' title='bbox 252 567 371 596; x_wconf 74' lang='lat' dir='ltr'><strong>dictione</strong></span> <span class='ocrx_word' id='word_1_65' title='bbox 384 568 502 604; x_wconf 81' lang='lat' dir='ltr'><strong>placere,</strong></span> <span class='ocrx_word' id='word_1_66' title='bbox 518 568 560 595; x_wconf 90' lang='lat' dir='ltr'><strong>cui</strong></span> <span class='ocrx_word' id='word_1_67' title='bbox 576 575 629 594; x_wconf 92' lang='lat' dir='ltr'><strong>non</strong></span> <span class='ocrx_word' id='word_1_68' title='bbox 648 570 760 602; x_wconf 91' lang='lat' dir='ltr'><strong>possunt</strong></span> <span class='ocrx_word' id='word_1_69' title='bbox 773 566 904 602; x_wconf 72' lang='lat' dir='ltr'><strong>dogmatis</strong></span> 
     </span>
    </p>
   </div>
   <div class='ocr_carea' id='block_1_12' title="bbox 110 611 905 648">
    <p class='ocr_par' dir='ltr' id='par_1_12' title="bbox 110 611 905 648">
     <span class='ocr_line' id='line_1_12' title="bbox 110 611 905 648; baseline 0 -8"><span class='ocrx_word' id='word_1_70' title='bbox 110 617 257 648; x_wconf 54' lang='lat' dir='ltr'><strong>agmenta</strong></span> <span class='ocrx_word' id='word_1_71' title='bbox 268 620 436 641; x_wconf 85' lang='lat' dir='ltr'><strong>succurrere.</strong></span> <span class='ocrx_word' id='word_1_72' title='bbox 444 613 517 640; x_wconf 81' lang='lat' dir='ltr'><strong>Inter</strong></span> <span class='ocrx_word' id='word_1_73' title='bbox 525 615 663 646; x_wconf 87' lang='lat' dir='ltr'><strong>utramque</strong></span> <span class='ocrx_word' id='word_1_74' title='bbox 670 618 735 646; x_wconf 87' lang='lat' dir='ltr'><strong>ergo</strong></span> <span class='ocrx_word' id='word_1_75' title='bbox 745 611 905 640; x_wconf 83' lang='lat' dir='ltr'><strong>constitutus</strong></span> 
     </span>
    </p>
   </div>
   <div class='ocr_carea' id='block_1_13' title="bbox 110 656 905 694">
    <p class='ocr_par' dir='ltr' id='par_1_13' title="bbox 110 656 905 694">
     <span class='ocr_line' id='line_1_13' title="bbox 110 656 905 694; baseline 0.004 -11"><span class='ocrx_word' id='word_1_76' title='bbox 110 658 263 692; x_wconf 72' lang='lat' dir='ltr'><strong>angustiam</strong></span> <span class='ocrx_word' id='word_1_77' title='bbox 274 679 282 691; x_wconf 90' lang='lat'><strong>,</strong></span> <span class='ocrx_word' id='word_1_78' title='bbox 296 658 438 694; x_wconf 60' lang='lat' dir='ltr'><strong>[inceptis</strong></span> <span class='ocrx_word' id='word_1_79' title='bbox 451 656 549 685; x_wconf 71' lang='lat' dir='ltr'><strong>vestris</strong></span> <span class='ocrx_word' id='word_1_80' title='bbox 561 663 656 692; x_wconf 86' lang='lat' dir='ltr'><strong>parere</strong></span> <span class='ocrx_word' id='word_1_81' title='bbox 669 656 800 692; x_wconf 74' lang='lat' dir='ltr'><strong>disposui,</strong></span> <span class='ocrx_word' id='word_1_82' title='bbox 820 658 905 693; x_wconf 88' lang='lat' dir='ltr'><strong>placi-</strong></span> 
     </span>
    </p>
   </div>
   <div class='ocr_carea' id='block_1_14' title="bbox 111 701 906 737">
    <p class='ocr_par' dir='ltr' id='par_1_14' title="bbox 111 701 906 737">
     <span class='ocr_line' id='line_1_14' title="bbox 111 701 906 737; baseline 0 -8"><span class='ocrx_word' id='word_1_83' title='bbox 111 707 186 730; x_wconf 76' lang='lat' dir='ltr'><strong>turus</strong></span> <span class='ocrx_word' id='word_1_84' title='bbox 208 702 381 735; x_wconf 82' lang='lat' dir='ltr'><strong>obedientia,</strong></span> <span class='ocrx_word' id='word_1_85' title='bbox 402 710 456 730; x_wconf 90' lang='lat' dir='ltr'><strong>non</strong></span> <span class='ocrx_word' id='word_1_86' title='bbox 479 702 611 729; x_wconf 75' lang='lat' dir='ltr'><strong>doctrina.</strong></span> <span class='ocrx_word' id='word_1_87' title='bbox 632 701 728 730; x_wconf 78' lang='lat' dir='ltr'><strong>Vetera</strong></span> <span class='ocrx_word' id='word_1_88' title='bbox 751 711 798 731; x_wconf 86' lang='lat' dir='ltr'><strong>vos</strong></span> <span class='ocrx_word' id='word_1_89' title='bbox 826 702 906 737; x_wconf 88' lang='lat' dir='ltr'><strong>igitur</strong></span> 
     </span>
    </p>
   </div>
   <div class='ocr_carea' id='block_1_15' title="bbox 111 747 905 783">
    <p class='ocr_par' dir='ltr' id='par_1_15' title="bbox 111 747 905 783">
     <span class='ocr_line' id='line_1_15' title="bbox 111 747 905 783; baseline 0.003 -10"><span class='ocrx_word' id='word_1_90' title='bbox 111 747 267 775; x_wconf 71' lang='lat' dir='ltr'><strong>chartarum</strong></span> <span class='ocrx_word' id='word_1_91' title='bbox 278 748 401 776; x_wconf 74' lang='lat' dir='ltr'><strong>indicasti</strong></span> <span class='ocrx_word' id='word_1_92' title='bbox 415 747 563 775; x_wconf 67' lang='lat' dir='ltr'><strong>revolvisse</strong></span> <span class='ocrx_word' id='word_1_93' title='bbox 576 747 720 780; x_wconf 84' lang='lat' dir='ltr'><strong>volumina,</strong></span> <span class='ocrx_word' id='word_1_94' title='bbox 732 748 759 775; x_wconf 89' lang='lat' dir='ltr'><strong>in</strong></span> <span class='ocrx_word' id='word_1_95' title='bbox 770 755 831 783; x_wconf 70' lang='lat' dir='ltr'><strong>qua:</strong></span> <span class='ocrx_word' id='word_1_96' title='bbox 841 747 905 783; x_wconf 85' lang='lat' dir='ltr'><strong>quid</strong></span> 
     </span>
    </p>
   </div>
   <div class='ocr_carea' id='block_1_16' title="bbox 109 791 906 827">
    <p class='ocr_par' dir='ltr' id='par_1_16' title="bbox 109 791 906 827">
     <span class='ocr_line' id='line_1_16' title="bbox 109 791 906 827; baseline 0.001 -8"><span class='ocrx_word' id='word_1_97' title='bbox 109 798 143 819; x_wconf 77' lang='lat' dir='ltr'><strong>ex</strong></span> <span class='ocrx_word' id='word_1_98' title='bbox 154 791 216 826; x_wconf 91' lang='lat' dir='ltr'><strong>ej</strong></span> <span class='ocrx_word' id='word_1_99' title='bbox 238 792 370 827; x_wconf 73' lang='lat' dir='ltr'><strong>operibus</strong></span> <span class='ocrx_word' id='word_1_100' title='bbox 390 791 537 820; x_wconf 83' lang='lat' dir='ltr'><strong>beatissimi</strong></span> <span class='ocrx_word' id='word_1_101' title='bbox 558 791 646 820; x_wconf 77' lang='lat' dir='ltr'><strong>Fausti</strong></span> <span class='ocrx_word' id='word_1_102' title='bbox 662 792 790 820; x_wconf 85' lang='lat' dir='ltr'><strong>antistitis</strong></span> <span class='ocrx_word' id='word_1_103' title='bbox 804 793 906 827; x_wconf 67' lang='lat' dir='ltr'><strong>praede-</strong></span> 
     </span>
    </p>
   </div>
   <div class='ocr_carea' id='block_1_17' title="bbox 112 837 905 874">
    <p class='ocr_par' dir='ltr' id='par_1_17' title="bbox 112 837 905 874">
     <span class='ocr_line' id='line_1_17' title="bbox 112 837 905 874; baseline 0.001 -10"><span class='ocrx_word' id='word_1_104' title='bbox 112 837 228 865; x_wconf 74' lang='lat' dir='ltr'><strong>cessori:</strong></span> <span class='ocrx_word' id='word_1_105' title='bbox 242 841 335 865; x_wconf 88' lang='lat' dir='ltr'><strong>vestra</strong></span> <span class='ocrx_word' id='word_1_106' title='bbox 344 838 453 865; x_wconf 86' lang='lat' dir='ltr'><strong>solertia</strong></span> <span class='ocrx_word' id='word_1_107' title='bbox 464 838 561 866; x_wconf 87' lang='lat' dir='ltr'><strong>devota</strong></span> <span class='ocrx_word' id='word_1_108' title='bbox 572 838 726 873; x_wconf 74' lang='lat' dir='ltr'><strong>collegerat,</strong></span> <span class='ocrx_word' id='word_1_109' title='bbox 737 838 809 866; x_wconf 87' lang='lat' dir='ltr'><strong>unde</strong></span> <span class='ocrx_word' id='word_1_110' title='bbox 819 845 905 874; x_wconf 87' lang='lat' dir='ltr'><strong>pauca</strong></span> 
     </span>
    </p>
   </div>
   <div class='ocr_carea' id='block_1_18' title="bbox 111 882 903 918">
    <p class='ocr_par' dir='ltr' id='par_1_18' title="bbox 111 882 903 918">
     <span class='ocr_line' id='line_1_18' title="bbox 111 882 903 918; baseline 0.001 -9"><span class='ocrx_word' id='word_1_111' title='bbox 111 888 190 909; x_wconf 74' lang='lat' dir='ltr'><strong>sensu</strong></span> <span class='ocrx_word' id='word_1_112' title='bbox 205 882 311 917; x_wconf 85' lang='lat' dir='ltr'><strong>potius,</strong></span> <span class='ocrx_word' id='word_1_113' title='bbox 326 889 406 917; x_wconf 87' lang='lat' dir='ltr'><strong>quam</strong></span> <span class='ocrx_word' id='word_1_114' title='bbox 425 882 530 915; x_wconf 89' lang='lat' dir='ltr'><strong>obtutu,</strong></span> <span class='ocrx_word' id='word_1_115' title='bbox 547 883 754 911; x_wconf 66' lang='lat' dir='ltr'><strong>vix-discernere</strong></span> <span class='ocrx_word' id='word_1_116' title='bbox 769 883 903 918; x_wconf 81' lang='lat' dir='ltr'><strong>potuistis.</strong></span> 
     </span>
    </p>
   </div>
   <div class='ocr_carea' id='block_1_19' title="bbox 953 295 1743 334">
    <p class='ocr_par' dir='ltr' id='par_1_19' title="bbox 953 295 1743 334">
     <span class='ocr_line' id='line_1_19' title="bbox 953 295 1743 334; baseline 0.006 -11"><span class='ocrx_word' id='word_1_117' title='bbox 953 297 1059 331; x_wconf 89' lang='lat' dir='ltr'><strong>quoties</strong></span> <span class='ocrx_word' id='word_1_118' title='bbox 1081 297 1250 325; x_wconf 82' lang='lat' dir='ltr'><strong>audientibus</strong></span> <span class='ocrx_word' id='word_1_119' title='bbox 1268 295 1362 323; x_wconf 85' lang='lat' dir='ltr'><strong>fecerit</strong></span> <span class='ocrx_word' id='word_1_120' title='bbox 1383 297 1482 324; x_wconf 88' lang='lat' dir='ltr'><strong>dudum</strong></span> <span class='ocrx_word' id='word_1_121' title='bbox 1506 297 1575 326; x_wconf 89' lang='lat' dir='ltr'><strong>lecta</strong></span> <span class='ocrx_word' id='word_1_122' title='bbox 1591 299 1743 334; x_wconf 80' lang='lat' dir='ltr'><strong>fastidium,</strong></span> 
     </span>
    </p>
   </div>
   <div class='ocr_carea' id='block_1_20' title="bbox 955 342 1744 378">
    <p class='ocr_par' dir='ltr' id='par_1_20' title="bbox 955 342 1744 378">
     <span class='ocr_line' id='line_1_20' title="bbox 955 342 1744 378; baseline 0.005 -9"><span class='ocrx_word' id='word_1_123' title='bbox 955 342 988 369; x_wconf 92' lang='lat' dir='ltr'><strong>ad</strong></span> <span class='ocrx_word' id='word_1_124' title='bbox 1002 348 1121 371; x_wconf 88' lang='lat' dir='ltr'><strong>vestrum</strong></span> <span class='ocrx_word' id='word_1_125' title='bbox 1136 343 1236 378; x_wconf 89' lang='lat' dir='ltr'><strong>poterit</strong></span> <span class='ocrx_word' id='word_1_126' title='bbox 1257 342 1393 377; x_wconf 85' lang='lat' dir='ltr'><strong>pertinere</strong></span> <span class='ocrx_word' id='word_1_127' title='bbox 1411 343 1590 371; x_wconf 87' lang='lat' dir='ltr'><strong>delictum:si</strong></span> <span class='ocrx_word' id='word_1_128' title='bbox 1612 346 1744 373; x_wconf 83' lang='lat' dir='ltr'><strong>mercedis</strong></span> 
     </span>
    </p>
   </div>
   <div class='ocr_carea' id='block_1_21' title="bbox 956 386 1746 422">
    <p class='ocr_par' dir='ltr' id='par_1_21' title="bbox 956 386 1746 422">
     <span class='ocr_line' id='line_1_21' title="bbox 956 386 1746 422; baseline 0.004 -8"><span class='ocrx_word' id='word_1_129' title='bbox 956 388 1092 422; x_wconf 64' lang='lat' dir='ltr'><strong>premium</strong></span> <span class='ocrx_word' id='word_1_130' title='bbox 1115 387 1276 420; x_wconf 83' lang='lat' dir='ltr'><strong>contulerit,</strong></span> <span class='ocrx_word' id='word_1_131' title='bbox 1295 386 1361 414; x_wconf 88' lang='lat' dir='ltr'><strong>nihil</strong></span> <span class='ocrx_word' id='word_1_132' title='bbox 1381 387 1480 415; x_wconf 79' lang='lat' dir='ltr'><strong>exinde</strong></span> <span class='ocrx_word' id='word_1_133' title='bbox 1502 388 1535 415; x_wconf 90' lang='lat' dir='ltr'><strong>ad</strong></span> <span class='ocrx_word' id='word_1_134' title='bbox 1558 396 1602 416; x_wconf 88' lang='lat' dir='ltr'><strong>me</strong></span> <span class='ocrx_word' id='word_1_135' title='bbox 1621 389 1746 417; x_wconf 82' lang='lat' dir='ltr'><strong>similiter</strong></span> 
     </span>
    </p>
   </div>
   <div class='ocr_carea' id='block_1_22' title="bbox 955 431 1745 469">
    <p class='ocr_par' dir='ltr' id='par_1_22' title="bbox 955 431 1745 469">
     <span class='ocr_line' id='line_1_22' title="bbox 955 431 1745 469; baseline 0.004 -10"><span class='ocrx_word' id='word_1_136' title='bbox 955 432 1111 467; x_wconf 78' lang='lat' dir='ltr'><strong>pertinebit,</strong></span> <span class='ocrx_word' id='word_1_137' title='bbox 1124 433 1169 467; x_wconf 89' lang='lat' dir='ltr'><strong>qui</strong></span> <span class='ocrx_word' id='word_1_138' title='bbox 1181 431 1335 466; x_wconf 84' lang='lat' dir='ltr'><strong>compulsus</strong></span> <span class='ocrx_word' id='word_1_139' title='bbox 1349 432 1443 459; x_wconf 85' lang='lat' dir='ltr'><strong>vestris</strong></span> <span class='ocrx_word' id='word_1_140' title='bbox 1457 432 1585 468; x_wconf 81' lang='lat' dir='ltr'><strong>imperiis,</strong></span> <span class='ocrx_word' id='word_1_141' title='bbox 1600 434 1745 469; x_wconf 80' lang='lat' dir='ltr'><strong>prolixiora</strong></span> 
     </span>
    </p>
   </div>
   <div class='ocr_carea' id='block_1_23' title="bbox 955 477 1744 516">
    <p class='ocr_par' dir='ltr' id='par_1_23' title="bbox 955 477 1744 516">
     <span class='ocr_line' id='line_1_23' title="bbox 955 477 1744 516; baseline 0.004 -10"><span class='ocrx_word' id='word_1_142' title='bbox 955 479 1112 514; x_wconf 86' lang='lat' dir='ltr'><strong>conscripsi,</strong></span> <span class='ocrx_word' id='word_1_143' title='bbox 1128 486 1209 513; x_wconf 87' lang='lat' dir='ltr'><strong>quam</strong></span> <span class='ocrx_word' id='word_1_144' title='bbox 1223 477 1304 516; x_wconf 84' lang='lat' dir='ltr'><strong>volui.</strong></span> <span class='ocrx_word' id='word_1_145' title='bbox 1318 483 1345 505; x_wconf 87' lang='lat' dir='ltr'><strong>et</strong></span> <span class='ocrx_word' id='word_1_146' title='bbox 1355 478 1485 513; x_wconf 81' lang='lat' dir='ltr'><strong>refugium</strong></span> <span class='ocrx_word' id='word_1_147' title='bbox 1500 479 1640 508; x_wconf 84' lang='lat' dir='ltr'><strong>brevitatis</strong></span> <span class='ocrx_word' id='word_1_148' title='bbox 1655 481 1744 509; x_wconf 82' lang='lat' dir='ltr'><strong>omisi.</strong></span> 
     </span>
    </p>
   </div>
   <div class='ocr_carea' id='block_1_24' title="bbox 955 523 1746 563">
    <p class='ocr_par' dir='ltr' id='par_1_24' title="bbox 955 523 1746 563">
     <span class='ocr_line' id='line_1_24' title="bbox 955 523 1746 563; baseline 0.005 -12"><span class='ocrx_word' id='word_1_149' title='bbox 955 524 997 552; x_wconf 80' lang='lat' dir='ltr'><strong>Me</strong></span> <span class='ocrx_word' id='word_1_150' title='bbox 1011 531 1091 559; x_wconf 85' lang='lat' dir='ltr'><strong>ergo,</strong></span> <span class='ocrx_word' id='word_1_151' title='bbox 1108 532 1187 560; x_wconf 87' lang='lat' dir='ltr'><strong>quem</strong></span> <span class='ocrx_word' id='word_1_152' title='bbox 1210 523 1306 552; x_wconf 87' lang='lat' dir='ltr'><strong>silente</strong></span> <span class='ocrx_word' id='word_1_153' title='bbox 1325 524 1405 560; x_wconf 84' lang='lat' dir='ltr'><strong>peplo</strong></span> <span class='ocrx_word' id='word_1_154' title='bbox 1428 525 1632 560; x_wconf 85' lang='lat' dir='ltr'><strong>prudentissime</strong></span> <span class='ocrx_word' id='word_1_155' title='bbox 1654 531 1746 563; x_wconf 84' lang='lat' dir='ltr'><strong>pastor</strong></span> 
     </span>
    </p>
   </div>
   <div class='ocr_carea' id='block_1_25' title="bbox 954 568 1746 607">
    <p class='ocr_par' dir='ltr' id='par_1_25' title="bbox 954 568 1746 607">
     <span class='ocr_line' id='line_1_25' title="bbox 954 568 1746 607; baseline 0.001 -10"><span class='ocrx_word' id='word_1_156' title='bbox 954 569 1098 604; x_wconf 85' lang='lat' dir='ltr'><strong>exspolias,</strong></span> <span class='ocrx_word' id='word_1_157' title='bbox 1115 574 1142 595; x_wconf 92' lang='lat' dir='ltr'><strong>et</strong></span> <span class='ocrx_word' id='word_1_158' title='bbox 1155 568 1274 602; x_wconf 87' lang='lat' dir='ltr'><strong>tegmine</strong></span> <span class='ocrx_word' id='word_1_159' title='bbox 1288 569 1476 598; x_wconf 85' lang='lat' dir='ltr'><strong>taciturnitatis</strong></span> <span class='ocrx_word' id='word_1_160' title='bbox 1491 571 1603 604; x_wconf 81' lang='lat' dir='ltr'><strong>enudas,</strong></span> <span class='ocrx_word' id='word_1_161' title='bbox 1623 572 1746 607; x_wconf 85' lang='lat' dir='ltr'><strong>supplico</strong></span> 
     </span>
    </p>
   </div>
   <div class='ocr_carea' id='block_1_26' title="bbox 954 613 1742 648">
    <p class='ocr_par' dir='ltr' id='par_1_26' title="bbox 954 613 1742 648">
     <span class='ocr_line' id='line_1_26' title="bbox 954 613 1742 648; baseline 0.006 -9"><span class='ocrx_word' id='word_1_162' title='bbox 954 617 983 639; x_wconf 91' lang='lat' dir='ltr'><strong>ut</strong></span> <span class='ocrx_word' id='word_1_163' title='bbox 997 620 1057 640; x_wconf 89' lang='lat' dir='ltr'><strong>eum</strong></span> <span class='ocrx_word' id='word_1_164' title='bbox 1077 613 1202 639; x_wconf 73' lang='lat' dir='ltr'><strong>universo</strong></span> <span class='ocrx_word' id='word_1_165' title='bbox 1223 613 1320 648; x_wconf 90' lang='lat' dir='ltr'><strong>populo</strong></span> <span class='ocrx_word' id='word_1_166' title='bbox 1336 614 1431 642; x_wconf 86' lang='lat' dir='ltr'><strong>dill&#39;uso</strong></span> <span class='ocrx_word' id='word_1_167' title='bbox 1446 616 1552 643; x_wconf 89' lang='lat' dir='ltr'><strong>Inunias</strong></span> <span class='ocrx_word' id='word_1_168' title='bbox 1568 616 1742 644; x_wconf 82' lang='lat' dir='ltr'><strong>intercessio-</strong></span> 
     </span>
    </p>
   </div>
   <div class='ocr_carea' id='block_1_27' title="bbox 956 657 1746 695">
    <p class='ocr_par' dir='ltr' id='par_1_27' title="bbox 956 657 1746 695">
     <span class='ocr_line' id='line_1_27' title="bbox 956 657 1746 695; baseline 0.009 -11"><span class='ocrx_word' id='word_1_169' title='bbox 956 657 997 685; x_wconf 86' lang='lat' dir='ltr'><strong>nis</strong></span> <span class='ocrx_word' id='word_1_170' title='bbox 1011 657 1147 692; x_wconf 69' lang='lat' dir='ltr'><strong>prmsidio.</strong></span> <span class='ocrx_word' id='word_1_171' title='bbox 1170 657 1282 691; x_wconf 84' lang='lat' dir='ltr'><strong>Quoties</strong></span> <span class='ocrx_word' id='word_1_172' title='bbox 1304 658 1427 686; x_wconf 81' lang='lat' dir='ltr'><strong>lectionis</strong></span> <span class='ocrx_word' id='word_1_173' title='bbox 1450 661 1579 694; x_wconf 82' lang='lat' dir='ltr'><strong>redigitur</strong></span> <span class='ocrx_word' id='word_1_174' title='bbox 1599 661 1746 695; x_wconf 70' lang='lat' dir='ltr'><strong>longitudo.</strong></span> 
     </span>
    </p>
   </div>
   <div class='ocr_carea' id='block_1_28' title="bbox 956 702 1746 738">
    <p class='ocr_par' dir='ltr' id='par_1_28' title="bbox 956 702 1746 738">
     <span class='ocr_line' id='line_1_28' title="bbox 956 702 1746 738; baseline 0.009 -9"><span class='ocrx_word' id='word_1_175' title='bbox 956 709 1007 729; x_wconf 86' lang='lat' dir='ltr'><strong>nec</strong></span> <span class='ocrx_word' id='word_1_176' title='bbox 1020 702 1103 730; x_wconf 91' lang='lat' dir='ltr'><strong>dictio</strong></span> <span class='ocrx_word' id='word_1_177' title='bbox 1117 702 1238 737; x_wconf 75' lang='lat' dir='ltr'><strong>impolita</strong></span> <span class='ocrx_word' id='word_1_178' title='bbox 1252 702 1407 737; x_wconf 81' lang='lat' dir='ltr'><strong>displiceat,</strong></span> <span class='ocrx_word' id='word_1_179' title='bbox 1425 709 1504 738; x_wconf 85' lang='lat' dir='ltr'><strong>quam</strong></span> <span class='ocrx_word' id='word_1_180' title='bbox 1520 709 1596 733; x_wconf 89' lang='lat' dir='ltr'><strong>tenor</strong></span> <span class='ocrx_word' id='word_1_181' title='bbox 1608 706 1746 736; x_wconf 82' lang='lat' dir='ltr'><strong>relationis</strong></span> 
     </span>
    </p>
   </div>
   <div class='ocr_carea' id='block_1_29' title="bbox 956 747 1745 787">
    <p class='ocr_par' dir='ltr' id='par_1_29' title="bbox 956 747 1745 787">
     <span class='ocr_line' id='line_1_29' title="bbox 956 747 1745 787; baseline 0.008 -13"><span class='ocrx_word' id='word_1_182' title='bbox 956 751 1058 774; x_wconf 67' lang='lat' dir='ltr'><strong>sancta:</strong></span> <span class='ocrx_word' id='word_1_183' title='bbox 1085 747 1266 774; x_wconf 82' lang='lat' dir='ltr'><strong>commendat.</strong></span> <span class='ocrx_word' id='word_1_184' title='bbox 1292 747 1358 774; x_wconf 86' lang='lat' dir='ltr'><strong>Nam</strong></span> <span class='ocrx_word' id='word_1_185' title='bbox 1384 747 1494 778; x_wconf 86' lang='lat' dir='ltr'><strong>dubium</strong></span> <span class='ocrx_word' id='word_1_186' title='bbox 1522 757 1574 777; x_wconf 89' lang='lat' dir='ltr'><strong>non</strong></span> <span class='ocrx_word' id='word_1_187' title='bbox 1594 754 1651 782; x_wconf 87' lang='lat' dir='ltr'><strong>est,</strong></span> <span class='ocrx_word' id='word_1_188' title='bbox 1672 753 1745 787; x_wconf 87' lang='lat' dir='ltr'><strong>quod</strong></span> 
     </span>
    </p>
   </div>
   <div class='ocr_carea' id='block_1_30' title="bbox 956 791 1743 828">
    <p class='ocr_par' dir='ltr' id='par_1_30' title="bbox 956 791 1743 828">
     <span class='ocr_line' id='line_1_30' title="bbox 956 791 1743 828; baseline 0.009 -11"><span class='ocrx_word' id='word_1_189' title='bbox 956 795 1084 825; x_wconf 91' lang='lat' dir='ltr'><strong>quantum</strong></span> <span class='ocrx_word' id='word_1_190' title='bbox 1099 791 1201 826; x_wconf 76' lang='lat' dir='ltr'><strong>integra</strong></span> <span class='ocrx_word' id='word_1_191' title='bbox 1216 791 1360 819; x_wconf 84' lang='lat' dir='ltr'><strong>devotione</strong></span> <span class='ocrx_word' id='word_1_192' title='bbox 1378 792 1480 826; x_wconf 89' lang='lat' dir='ltr'><strong>cordis,</strong></span> <span class='ocrx_word' id='word_1_193' title='bbox 1497 793 1577 828; x_wconf 80' lang='lat' dir='ltr'><strong>ipsius</strong></span> <span class='ocrx_word' id='word_1_194' title='bbox 1591 796 1676 823; x_wconf 83' lang='lat' dir='ltr'><strong>sancti</strong></span> <span class='ocrx_word' id='word_1_195' title='bbox 1691 803 1743 824; x_wconf 82' lang='lat' dir='ltr'><strong>an-</strong></span> 
     </span>
    </p>
   </div>
   <div class='ocr_carea' id='block_1_31' title="bbox 957 835 1746 875">
    <p class='ocr_par' dir='ltr' id='par_1_31' title="bbox 957 835 1746 875">
     <span class='ocr_line' id='line_1_31' title="bbox 957 835 1746 875; baseline 0.009 -12"><span class='ocrx_word' id='word_1_196' title='bbox 957 837 1048 864; x_wconf 87' lang='lat' dir='ltr'><strong>tistitis</strong></span> <span class='ocrx_word' id='word_1_197' title='bbox 1072 840 1148 871; x_wconf 88' lang='lat' dir='ltr'><strong>gesta</strong></span> <span class='ocrx_word' id='word_1_198' title='bbox 1169 835 1289 871; x_wconf 69' lang='lat' dir='ltr'><strong>przefers,</strong></span> <span class='ocrx_word' id='word_1_199' title='bbox 1316 841 1416 865; x_wconf 90' lang='lat' dir='ltr'><strong>tantum</strong></span> <span class='ocrx_word' id='word_1_200' title='bbox 1443 846 1524 873; x_wconf 88' lang='lat' dir='ltr'><strong>opera</strong></span> <span class='ocrx_word' id='word_1_201' title='bbox 1546 840 1699 875; x_wconf 78' lang='lat' dir='ltr'><strong>mediteris,</strong></span> <span class='ocrx_word' id='word_1_202' title='bbox 1716 846 1746 869; x_wconf 85' lang='lat' dir='ltr'><strong>ut</strong></span> 
     </span>
    </p>
   </div>
   <div class='ocr_carea' id='block_1_32' title="bbox 956 880 1744 920">
    <p class='ocr_par' dir='ltr' id='par_1_32' title="bbox 956 880 1744 920">
     <span class='ocr_line' id='line_1_32' title="bbox 956 880 1744 920; baseline 0.006 -13"><span class='ocrx_word' id='word_1_203' title='bbox 956 881 1014 914; x_wconf 87' lang='lat' dir='ltr'><strong>ejus</strong></span> <span class='ocrx_word' id='word_1_204' title='bbox 1028 881 1128 914; x_wconf 84' lang='lat' dir='ltr'><strong>integra</strong></span> <span class='ocrx_word' id='word_1_205' title='bbox 1144 880 1271 908; x_wconf 79' lang='lat' dir='ltr'><strong>aviditate</strong></span> <span class='ocrx_word' id='word_1_206' title='bbox 1289 882 1387 909; x_wconf 82' lang='lat' dir='ltr'><strong>mentis</strong></span> <span class='ocrx_word' id='word_1_207' title='bbox 1400 882 1505 910; x_wconf 83' lang='lat' dir='ltr'><strong>coneris</strong></span> <span class='ocrx_word' id='word_1_208' title='bbox 1528 884 1602 919; x_wconf 72' lang='lat' dir='ltr'><strong>ecqui</strong></span> <span class='ocrx_word' id='word_1_209' title='bbox 1622 885 1744 920; x_wconf 82' lang='lat' dir='ltr'><strong>vestigia,</strong></span> 
     </span>
    </p>
   </div>
   <div class='ocr_carea' id='block_1_33' title="bbox 112 924 1747 962">
    <p class='ocr_par' dir='ltr' id='par_1_33' title="bbox 112 924 1747 962">
     <span class='ocr_line' id='line_1_33' title="bbox 112 924 1747 962; baseline 0.002 -9"><span class='ocrx_word' id='word_1_210' title='bbox 112 924 176 954; x_wconf 75' lang='lat' dir='ltr'><strong>Nam</strong></span> <span class='ocrx_word' id='word_1_211' title='bbox 195 927 314 962; x_wconf 85' lang='lat' dir='ltr'><strong>plurima</strong></span> <span class='ocrx_word' id='word_1_212' title='bbox 333 928 436 955; x_wconf 62' lang='lat' dir='ltr'><strong>anule</strong></span> <span class='ocrx_word' id='word_1_213' title='bbox 458 928 600 955; x_wconf 84' lang='lat' dir='ltr'><strong>vetustatis</strong></span> <span class='ocrx_word' id='word_1_214' title='bbox 622 928 740 954; x_wconf 86' lang='lat' dir='ltr'><strong>edacitas</strong></span> <span class='ocrx_word' id='word_1_215' title='bbox 763 934 906 961; x_wconf 78' lang='lat' dir='ltr'><strong>consump-</strong></span> <span class='ocrx_word' id='word_1_216' title='bbox 922 931 944 961; x_wconf 73' lang='grc' dir='ltr'><strong><em>Β</em></strong></span> <span class='ocrx_word' id='word_1_217' title='bbox 957 924 1034 958; x_wconf 75' lang='lat' dir='ltr'><strong>Cujus</strong></span> <span class='ocrx_word' id='word_1_218' title='bbox 1048 925 1184 952; x_wconf 86' lang='lat' dir='ltr'><strong>actionum</strong></span> <span class='ocrx_word' id='word_1_219' title='bbox 1198 925 1284 959; x_wconf 83' lang='lat' dir='ltr'><strong>diligis</strong></span> <span class='ocrx_word' id='word_1_220' title='bbox 1299 932 1455 953; x_wconf 79' lang='lat' dir='ltr'><strong>ornamenta</strong></span> <span class='ocrx_word' id='word_1_221' title='bbox 1472 935 1480 954; x_wconf 91' lang='lat'>:</span> <span class='ocrx_word' id='word_1_222' title='bbox 1496 926 1640 956; x_wconf 86' lang='lat' dir='ltr'><strong>dummodo</strong></span> <span class='ocrx_word' id='word_1_223' title='bbox 1654 929 1747 957; x_wconf 90' lang='lat' dir='ltr'><strong>divino</strong></span> 
     </span>
    </p>
   </div>
   <div class='ocr_carea' id='block_1_34' title="bbox 113 972 904 1007">
    <p class='ocr_par' dir='ltr' id='par_1_34' title="bbox 113 972 904 1007">
     <span class='ocr_line' id='line_1_34' title="bbox 113 972 904 1007; baseline 0 -8"><span class='ocrx_word' id='word_1_224' title='bbox 113 975 191 1003; x_wconf 79' lang='lat' dir='ltr'><strong>terat,</strong></span> <span class='ocrx_word' id='word_1_225' title='bbox 207 980 269 1007; x_wconf 75' lang='lat' dir='ltr'><strong>quae</strong></span> <span class='ocrx_word' id='word_1_226' title='bbox 286 972 415 999; x_wconf 85' lang='lat' dir='ltr'><strong>latebant.</strong></span> <span class='ocrx_word' id='word_1_227' title='bbox 429 972 506 1004; x_wconf 86' lang='lat' dir='ltr'><strong>Quod</strong></span> <span class='ocrx_word' id='word_1_228' title='bbox 526 973 575 998; x_wconf 85' lang='lat' dir='ltr'><strong>nisi</strong></span> <span class='ocrx_word' id='word_1_229' title='bbox 600 972 759 1006; x_wconf 84' lang='lat' dir='ltr'><strong>scriptorum</strong></span> <span class='ocrx_word' id='word_1_230' title='bbox 783 980 904 999; x_wconf 88' lang='lat' dir='ltr'><strong>meorum</strong></span> 
     </span>
    </p>
   </div>
   <div class='ocr_carea' id='block_1_35' title="bbox 114 1017 901 1052">
    <p class='ocr_par' dir='ltr' id='par_1_35' title="bbox 114 1017 901 1052">
     <span class='ocr_line' id='line_1_35' title="bbox 114 1017 901 1052; baseline 0.001 -9"><span class='ocrx_word' id='word_1_231' title='bbox 114 1017 298 1043; x_wconf 69' lang='lat' dir='ltr'><strong>sericaternze</strong></span> <span class='ocrx_word' id='word_1_232' title='bbox 311 1017 446 1044; x_wconf 70' lang='lat' dir='ltr'><strong>memoria:</strong></span> <span class='ocrx_word' id='word_1_233' title='bbox 459 1017 626 1044; x_wconf 72' lang='lat' dir='ltr'><strong>traderentur</strong></span> <span class='ocrx_word' id='word_1_234' title='bbox 633 1025 717 1051; x_wconf 80' lang='lat' dir='ltr'><strong>pauca</strong></span> <span class='ocrx_word' id='word_1_235' title='bbox 730 1017 761 1044; x_wconf 86' lang='lat' dir='ltr'><strong>de</strong></span> <span class='ocrx_word' id='word_1_236' title='bbox 774 1018 901 1052; x_wconf 86' lang='lat' dir='ltr'><strong>pluribus,</strong></span> 
     </span>
    </p>
   </div>
   <div class='ocr_carea' id='block_1_36' title="bbox 113 1060 902 1096">
    <p class='ocr_par' dir='ltr' id='par_1_36' title="bbox 113 1060 902 1096">
     <span class='ocr_line' id='line_1_36' title="bbox 113 1060 902 1096; baseline 0.003 -9"><span class='ocrx_word' id='word_1_237' title='bbox 113 1060 174 1087; x_wconf 67' lang='lat' dir='ltr'><strong>sati</strong></span> <span class='ocrx_word' id='word_1_238' title='bbox 187 1067 249 1087; x_wconf 85' lang='lat' dir='ltr'><strong>esse</strong></span> <span class='ocrx_word' id='word_1_239' title='bbox 263 1061 376 1095; x_wconf 88' lang='lat' dir='ltr'><strong>impium</strong></span> <span class='ocrx_word' id='word_1_240' title='bbox 390 1061 541 1088; x_wconf 84' lang='lat' dir='ltr'><strong>censuistis.</strong></span> <span class='ocrx_word' id='word_1_241' title='bbox 558 1061 631 1088; x_wconf 92' lang='lat' dir='ltr'><strong>Unde</strong></span> <span class='ocrx_word' id='word_1_242' title='bbox 644 1069 686 1087; x_wconf 82' lang='lat' dir='ltr'><strong>me</strong></span> <span class='ocrx_word' id='word_1_243' title='bbox 700 1069 732 1088; x_wconf 85' lang='lat' dir='ltr'><strong>ex</strong></span> <span class='ocrx_word' id='word_1_244' title='bbox 745 1068 819 1096; x_wconf 82' lang='lat' dir='ltr'><strong>parte</strong></span> <span class='ocrx_word' id='word_1_245' title='bbox 831 1063 902 1090; x_wconf 83' lang='lat' dir='ltr'><strong>votis</strong></span> 
     </span>
    </p>
   </div>
   <div class='ocr_carea' id='block_1_37' title="bbox 115 1106 902 1142">
    <p class='ocr_par' dir='ltr' id='par_1_37' title="bbox 115 1106 902 1142">
     <span class='ocr_line' id='line_1_37' title="bbox 115 1106 902 1142; baseline 0.001 -9"><span class='ocrx_word' id='word_1_246' title='bbox 115 1106 207 1133; x_wconf 80' lang='lat' dir='ltr'><strong>vestris</strong></span> <span class='ocrx_word' id='word_1_247' title='bbox 227 1106 394 1134; x_wconf 82' lang='lat' dir='ltr'><strong>satisfecisse</strong></span> <span class='ocrx_word' id='word_1_248' title='bbox 414 1114 530 1139; x_wconf 84' lang='lat' dir='ltr'><strong>censeo,</strong></span> <span class='ocrx_word' id='word_1_249' title='bbox 555 1108 626 1142; x_wconf 90' lang='lat' dir='ltr'><strong>quod</strong></span> <span class='ocrx_word' id='word_1_250' title='bbox 647 1106 674 1133; x_wconf 89' lang='lat' dir='ltr'><strong>in</strong></span> <span class='ocrx_word' id='word_1_251' title='bbox 698 1107 803 1141; x_wconf 77' lang='lat' dir='ltr'><strong>longam</strong></span> <span class='ocrx_word' id='word_1_252' title='bbox 824 1108 902 1135; x_wconf 88' lang='lat' dir='ltr'><strong>ducta</strong></span> 
     </span>
    </p>
   </div>
   <div class='ocr_carea' id='block_1_38' title="bbox 958 970 1747 1010">
    <p class='ocr_par' dir='ltr' id='par_1_38' title="bbox 958 970 1747 1010">
     <span class='ocr_line' id='line_1_38' title="bbox 958 970 1747 1010; baseline 0.004 -11"><span class='ocrx_word' id='word_1_253' title='bbox 958 970 1100 1002; x_wconf 80' lang='lat' dir='ltr'><strong>beneﬂcio.</strong></span> <span class='ocrx_word' id='word_1_254' title='bbox 1111 976 1140 999; x_wconf 92' lang='lat' dir='ltr'><strong>et</strong></span> <span class='ocrx_word' id='word_1_255' title='bbox 1151 971 1235 1006; x_wconf 86' lang='lat' dir='ltr'><strong>ipsius</strong></span> <span class='ocrx_word' id='word_1_256' title='bbox 1247 971 1399 1007; x_wconf 88' lang='lat' dir='ltr'><strong>patrocinio</strong></span> <span class='ocrx_word' id='word_1_257' title='bbox 1407 972 1453 998; x_wconf 88' lang='lat' dir='ltr'><strong>tibi</strong></span> <span class='ocrx_word' id='word_1_258' title='bbox 1467 973 1629 1001; x_wconf 77' lang='lat' dir='ltr'><strong>concedatur</strong></span> <span class='ocrx_word' id='word_1_259' title='bbox 1642 979 1747 1010; x_wconf 79' lang='lat' dir='ltr'><strong>tempo-</strong></span> 
     </span>
    </p>
   </div>
   <div class='ocr_carea' id='block_1_39' title="bbox 957 1015 1746 1053">
    <p class='ocr_par' dir='ltr' id='par_1_39' title="bbox 957 1015 1746 1053">
     <span class='ocr_line' id='line_1_39' title="bbox 957 1015 1746 1053; baseline 0.006 -10"><span class='ocrx_word' id='word_1_260' title='bbox 957 1016 1022 1053; x_wconf 64' lang='lat' dir='ltr'><strong>ralis</strong></span> <span class='ocrx_word' id='word_1_261' title='bbox 1035 1016 1098 1043; x_wconf 64' lang='lat' dir='ltr'><strong>vita</strong></span> <span class='ocrx_word' id='word_1_262' title='bbox 1113 1016 1217 1051; x_wconf 81' lang='lat' dir='ltr'><strong>prolixa</strong></span> <span class='ocrx_word' id='word_1_263' title='bbox 1237 1015 1426 1050; x_wconf 72' lang='lat' dir='ltr'><strong>tranquillitas,</strong></span> <span class='ocrx_word' id='word_1_264' title='bbox 1442 1020 1469 1044; x_wconf 92' lang='lat' dir='ltr'><strong>et</strong></span> <span class='ocrx_word' id='word_1_265' title='bbox 1487 1018 1571 1045; x_wconf 83' lang='lat' dir='ltr'><strong>sancti</strong></span> <span class='ocrx_word' id='word_1_266' title='bbox 1585 1019 1675 1053; x_wconf 87' lang='lat' dir='ltr'><strong>operis</strong></span> <span class='ocrx_word' id='word_1_267' title='bbox 1697 1027 1746 1048; x_wconf 78' lang='lat' dir='ltr'><strong>es-</strong></span> 
     </span>
    </p>
   </div>
   <div class='ocr_carea' id='block_1_40' title="bbox 955 1047 1747 1096">
    <p class='ocr_par' dir='ltr' id='par_1_40' title="bbox 955 1047 1747 1096">
     <span class='ocr_line' id='line_1_40' title="bbox 955 1047 1747 1096; baseline 0.006 -8"><span class='ocrx_word' id='word_1_268' title='bbox 955 1047 1039 1096; x_wconf 60' lang='lat' dir='ltr'><strong>petiu</strong></span> <span class='ocrx_word' id='word_1_269' title='bbox 1064 1047 1123 1089; x_wconf 70' lang='lat' dir='ltr'><strong>facti</strong></span> <span class='ocrx_word' id='word_1_270' title='bbox 1136 1064 1186 1093; x_wconf 87' lang='lat' dir='ltr'><strong>tas,</strong></span> <span class='ocrx_word' id='word_1_271' title='bbox 1210 1047 1319 1089; x_wconf 79' lang='lat' dir='ltr'><strong>domine</strong></span> <span class='ocrx_word' id='word_1_272' title='bbox 1334 1068 1397 1089; x_wconf 83' lang='lat' dir='ltr'><strong>vero</strong></span> <span class='ocrx_word' id='word_1_273' title='bbox 1417 1047 1522 1096; x_wconf 78' lang='lat' dir='ltr'><strong>sancte,</strong></span> <span class='ocrx_word' id='word_1_274' title='bbox 1543 1067 1571 1091; x_wconf 88' lang='lat' dir='ltr'><strong>et</strong></span> <span class='ocrx_word' id='word_1_275' title='bbox 1593 1047 1747 1093; x_wconf 58' lang='lat' dir='ltr'><strong>beatissime</strong></span> 
     </span>
    </p>
   </div>
   <div class='ocr_carea' id='block_1_41' title="bbox 957 1113 1036 1140">
    <p class='ocr_par' dir='ltr' id='par_1_41' title="bbox 957 1113 1036 1140">
     <span class='ocr_line' id='line_1_41' title="bbox 957 1113 1036 1140; baseline 0 -7"><span class='ocrx_word' id='word_1_276' title='bbox 957 1113 1036 1140; x_wconf 81' lang='lat' dir='ltr'><strong>papa.</strong></span> 
     </span>
    </p>
   </div>
   <div class='ocr_carea' id='block_1_42' title="bbox 747 1178 1104 1220">
    <p class='ocr_par' dir='ltr' id='par_1_42' title="bbox 747 1178 1104 1220">
     <span class='ocr_line' id='line_1_42' title="bbox 747 1178 1104 1220; baseline 0.008 -5"><span class='ocrx_word' id='word_1_277' title='bbox 747 1178 937 1217; x_wconf 83' lang='lat' dir='ltr'><strong>INCIPIT</strong></span> <span class='ocrx_word' id='word_1_278' title='bbox 965 1181 1104 1220; x_wconf 78' lang='lat' dir='ltr'><strong>VITA.</strong></span> 
     </span>
    </p>
   </div>
   <div class='ocr_carea' id='block_1_43' title="bbox 147 1250 900 1285">
    <p class='ocr_par' dir='ltr' id='par_1_43' title="bbox 147 1250 900 1285">
     <span class='ocr_line' id='line_1_43' title="bbox 147 1250 900 1285; baseline 0 -6"><span class='ocrx_word' id='word_1_279' title='bbox 147 1252 172 1279; x_wconf 80' lang='grc' dir='ltr'><strong>Ι.</strong></span> <span class='ocrx_word' id='word_1_280' title='bbox 192 1251 346 1280; x_wconf 78' lang='lat' dir='ltr'><strong>Beatissimi</strong></span> <span class='ocrx_word' id='word_1_281' title='bbox 370 1251 475 1278; x_wconf 78' lang='lat' dir='ltr'><strong>Maximi</strong></span> <span class='ocrx_word' id='word_1_282' title='bbox 503 1250 658 1285; x_wconf 75' lang='lat' dir='ltr'><strong>Rhegiensis</strong></span> <span class='ocrx_word' id='word_1_283' title='bbox 681 1252 752 1278; x_wconf 84' lang='lat' dir='ltr'><strong>urbis</strong></span> <span class='ocrx_word' id='word_1_284' title='bbox 774 1253 900 1279; x_wconf 79' lang='lat' dir='ltr'><strong>antistitis</strong></span> 
     </span>
    </p>
   </div>
   <div class='ocr_carea' id='block_1_44' title="bbox 114 1297 902 1331">
    <p class='ocr_par' dir='ltr' id='par_1_44' title="bbox 114 1297 902 1331">
     <span class='ocr_line' id='line_1_44' title="bbox 114 1297 902 1331; baseline -0.001 -5"><span class='ocrx_word' id='word_1_285' title='bbox 114 1297 189 1326; x_wconf 82' lang='lat' dir='ltr'><strong>hodie</strong></span> <span class='ocrx_word' id='word_1_286' title='bbox 201 1297 260 1325; x_wconf 79' lang='lat' dir='ltr'><strong>dies</strong></span> <span class='ocrx_word' id='word_1_287' title='bbox 277 1302 378 1324; x_wconf 67' lang='lat' dir='ltr'><strong>sancite</strong></span> <span class='ocrx_word' id='word_1_288' title='bbox 392 1297 571 1324; x_wconf 80' lang='lat' dir='ltr'><strong>soleinnitatis</strong></span> <span class='ocrx_word' id='word_1_289' title='bbox 584 1298 689 1328; x_wconf 85' lang='lat' dir='ltr'><strong>colitur,</strong></span> <span class='ocrx_word' id='word_1_290' title='bbox 702 1297 746 1331; x_wconf 86' lang='lat' dir='ltr'><strong>qui</strong></span> <span class='ocrx_word' id='word_1_291' title='bbox 760 1298 902 1331; x_wconf 83' lang='lat' dir='ltr'><strong>quotannis</strong></span> 
     </span>
    </p>
   </div>
   <div class='ocr_carea' id='block_1_45' title="bbox 114 1343 902 1377">
    <p class='ocr_par' dir='ltr' id='par_1_45' title="bbox 114 1343 902 1377">
     <span class='ocr_line' id='line_1_45' title="bbox 114 1343 902 1377; baseline -0.001 -6"><span class='ocrx_word' id='word_1_292' title='bbox 114 1344 234 1372; x_wconf 74' lang='lat' dir='ltr'><strong>redivivis</strong></span> <span class='ocrx_word' id='word_1_293' title='bbox 249 1348 401 1377; x_wconf 82' lang='lat' dir='ltr'><strong>temporum</strong></span> <span class='ocrx_word' id='word_1_294' title='bbox 426 1343 565 1370; x_wconf 79' lang='lat' dir='ltr'><strong>curriculis</strong></span> <span class='ocrx_word' id='word_1_295' title='bbox 584 1348 741 1369; x_wconf 85' lang='lat' dir='ltr'><strong>renovatur:</strong></span> <span class='ocrx_word' id='word_1_296' title='bbox 758 1343 832 1376; x_wconf 84' lang='lat' dir='ltr'><strong>cujus</strong></span> <span class='ocrx_word' id='word_1_297' title='bbox 853 1350 902 1370; x_wconf 81' lang='lat' dir='ltr'><strong>nos</strong></span> 
     </span>
    </p>
   </div>
   <div class='ocr_carea' id='block_1_46' title="bbox 114 1387 902 1422">
    <p class='ocr_par' dir='ltr' id='par_1_46' title="bbox 114 1387 902 1422">
     <span class='ocr_line' id='line_1_46' title="bbox 114 1387 902 1422; baseline -0.003 -7"><span class='ocrx_word' id='word_1_298' title='bbox 114 1392 255 1422; x_wconf 62' lang='lat' dir='ltr'><strong>negatas</strong></span> <span class='ocrx_word' id='word_1_299' title='bbox 279 1387 398 1422; x_wconf 86' lang='lat' dir='ltr'><strong>pondere</strong></span> <span class='ocrx_word' id='word_1_300' title='bbox 421 1388 462 1422; x_wconf 84' lang='lat' dir='ltr'><strong>pia</strong></span> <span class='ocrx_word' id='word_1_301' title='bbox 477 1389 559 1414; x_wconf 74' lang='lat' dir='ltr'><strong>animi</strong></span> <span class='ocrx_word' id='word_1_302' title='bbox 585 1388 692 1415; x_wconf 87' lang='lat' dir='ltr'><strong>devotio</strong></span> <span class='ocrx_word' id='word_1_303' title='bbox 717 1388 859 1419; x_wconf 84' lang='lat' dir='ltr'><strong>admonet,</strong></span> <span class='ocrx_word' id='word_1_304' title='bbox 876 1391 902 1414; x_wconf 86' lang='lat' dir='ltr'><strong>et</strong></span> 
     </span>
    </p>
   </div>
   <div class='ocr_carea' id='block_1_47' title="bbox 114 1432 902 1467">
    <p class='ocr_par' dir='ltr' id='par_1_47' title="bbox 114 1432 902 1467">
     <span class='ocr_line' id='line_1_47' title="bbox 114 1432 902 1467; baseline -0.003 -7"><span class='ocrx_word' id='word_1_305' title='bbox 114 1432 195 1467; x_wconf 65' lang='grc' dir='ltr'><strong>νήια</strong></span> <span class='ocrx_word' id='word_1_306' title='bbox 214 1432 384 1460; x_wconf 82' lang='lat' dir='ltr'><strong>consuetudo</strong></span> <span class='ocrx_word' id='word_1_307' title='bbox 400 1432 545 1466; x_wconf 85' lang='lat' dir='ltr'><strong>compellit.</strong></span> <span class='ocrx_word' id='word_1_308' title='bbox 562 1432 614 1459; x_wconf 81' lang='lat' dir='ltr'><strong>Nisi</strong></span> <span class='ocrx_word' id='word_1_309' title='bbox 634 1433 705 1459; x_wconf 88' lang='lat' dir='ltr'><strong>enim</strong></span> <span class='ocrx_word' id='word_1_310' title='bbox 719 1440 749 1458; x_wconf 82' lang='lat' dir='ltr'><strong>ea</strong></span> <span class='ocrx_word' id='word_1_311' title='bbox 764 1439 822 1466; x_wconf 71' lang='lat' dir='ltr'><strong>quae</strong></span> <span class='ocrx_word' id='word_1_312' title='bbox 842 1440 902 1466; x_wconf 83' lang='lat' dir='ltr'><strong>per-</strong></span> 
     </span>
    </p>
   </div>
   <div class='ocr_carea' id='block_1_48' title="bbox 114 1477 900 1512">
    <p class='ocr_par' dir='ltr' id='par_1_48' title="bbox 114 1477 900 1512">
     <span class='ocr_line' id='line_1_48' title="bbox 114 1477 900 1512; baseline 0 -7"><span class='ocrx_word' id='word_1_313' title='bbox 114 1477 201 1512; x_wconf 77' lang='lat' dir='ltr'><strong>spicua</strong></span> <span class='ocrx_word' id='word_1_314' title='bbox 225 1482 254 1505; x_wconf 91' lang='lat' dir='ltr'><strong>et</strong></span> <span class='ocrx_word' id='word_1_315' title='bbox 274 1477 384 1504; x_wconf 88' lang='lat' dir='ltr'><strong>minime</strong></span> <span class='ocrx_word' id='word_1_316' title='bbox 399 1477 478 1504; x_wconf 87' lang='lat' dir='ltr'><strong>dubia</strong></span> <span class='ocrx_word' id='word_1_317' title='bbox 500 1478 611 1504; x_wconf 85' lang='lat' dir='ltr'><strong>aliorum</strong></span> <span class='ocrx_word' id='word_1_318' title='bbox 637 1478 741 1504; x_wconf 79' lang='lat' dir='ltr'><strong>ratione</strong></span> <span class='ocrx_word' id='word_1_319' title='bbox 761 1482 900 1512; x_wconf 85' lang='lat' dir='ltr'><strong>comperta</strong></span> 
     </span>
    </p>
   </div>
   <div class='ocr_carea' id='block_1_49' title="bbox 114 1523 903 1560">
    <p class='ocr_par' dir='ltr' id='par_1_49' title="bbox 114 1523 903 1560">
     <span class='ocr_line' id='line_1_49' title="bbox 114 1523 903 1560; baseline 0.001 -9"><span class='ocrx_word' id='word_1_320' title='bbox 114 1528 188 1556; x_wconf 85' lang='lat' dir='ltr'><strong>sunt,</strong></span> <span class='ocrx_word' id='word_1_321' title='bbox 205 1523 357 1551; x_wconf 81' lang='lat' dir='ltr'><strong>litterarum</strong></span> <span class='ocrx_word' id='word_1_322' title='bbox 371 1525 552 1551; x_wconf 85' lang='lat' dir='ltr'><strong>monumentis</strong></span> <span class='ocrx_word' id='word_1_323' title='bbox 567 1525 764 1559; x_wconf 84' lang='lat' dir='ltr'><strong>consignentur,</strong></span> <span class='ocrx_word' id='word_1_324' title='bbox 782 1533 839 1560; x_wconf 73' lang='lat' dir='ltr'><strong>quae</strong></span> <span class='ocrx_word' id='word_1_325' title='bbox 855 1534 903 1552; x_wconf 80' lang='lat' dir='ltr'><strong>an-</strong></span> 
     </span>
    </p>
   </div>
   <div class='ocr_carea' id='block_1_50' title="bbox 115 1568 901 1603">
    <p class='ocr_par' dir='ltr' id='par_1_50' title="bbox 115 1568 901 1603">
     <span class='ocr_line' id='line_1_50' title="bbox 115 1568 901 1603; baseline 0 -7"><span class='ocrx_word' id='word_1_326' title='bbox 115 1568 222 1603; x_wconf 77' lang='lat' dir='ltr'><strong>tiquitus</strong></span> <span class='ocrx_word' id='word_1_327' title='bbox 236 1574 312 1603; x_wconf 83' lang='lat' dir='ltr'><strong>gesta</strong></span> <span class='ocrx_word' id='word_1_328' title='bbox 327 1575 388 1596; x_wconf 88' lang='lat' dir='ltr'><strong>sunt</strong></span> <span class='ocrx_word' id='word_1_329' title='bbox 404 1570 560 1603; x_wconf 87' lang='lat' dir='ltr'><strong>plerumque</strong></span> <span class='ocrx_word' id='word_1_330' title='bbox 575 1570 672 1596; x_wconf 89' lang='lat' dir='ltr'><strong>anovis</strong></span> <span class='ocrx_word' id='word_1_331' title='bbox 687 1571 839 1596; x_wconf 67' lang='lat' dir='ltr'><strong>auctoribus</strong></span> <span class='ocrx_word' id='word_1_332' title='bbox 853 1579 901 1596; x_wconf 80' lang='lat' dir='ltr'><strong>vn-</strong></span> 
     </span>
    </p>
   </div>
   <div class='ocr_carea' id='block_1_51' title="bbox 115 1612 903 1648">
    <p class='ocr_par' dir='ltr' id='par_1_51' title="bbox 115 1612 903 1648">
     <span class='ocr_line' id='line_1_51' title="bbox 115 1612 903 1648; baseline 0.003 -8"><span class='ocrx_word' id='word_1_333' title='bbox 115 1612 150 1640; x_wconf 85' lang='lat' dir='ltr'><strong>rie</strong></span> <span class='ocrx_word' id='word_1_334' title='bbox 160 1612 324 1640; x_wconf 64' lang='lat' dir='ltr'><strong>referuntur.</strong></span> <span class='ocrx_word' id='word_1_335' title='bbox 339 1612 403 1639; x_wconf 76' lang='lat' dir='ltr'><strong>Nam</strong></span> <span class='ocrx_word' id='word_1_336' title='bbox 418 1618 447 1640; x_wconf 93' lang='lat' dir='ltr'><strong>ut</strong></span> <span class='ocrx_word' id='word_1_337' title='bbox 462 1614 580 1648; x_wconf 71' lang='lat' dir='ltr'><strong>mystica:</strong></span> <span class='ocrx_word' id='word_1_338' title='bbox 595 1614 706 1640; x_wconf 83' lang='lat' dir='ltr'><strong>actionis</strong></span> <span class='ocrx_word' id='word_1_339' title='bbox 719 1614 776 1647; x_wconf 86' lang='lat' dir='ltr'><strong>ejus</strong></span> <span class='ocrx_word' id='word_1_340' title='bbox 792 1615 903 1648; x_wconf 77' lang='lat' dir='ltr'><strong>insignia</strong></span> 
     </span>
    </p>
   </div>
   <div class='ocr_carea' id='block_1_52' title="bbox 115 1656 903 1693">
    <p class='ocr_par' dir='ltr' id='par_1_52' title="bbox 115 1656 903 1693">
     <span class='ocr_line' id='line_1_52' title="bbox 115 1656 903 1693; baseline 0.001 -9"><span class='ocrx_word' id='word_1_341' title='bbox 115 1656 177 1685; x_wconf 80' lang='lat' dir='ltr'><strong>nihil</strong></span> <span class='ocrx_word' id='word_1_342' title='bbox 202 1657 323 1685; x_wconf 69' lang='lat' dir='ltr'><strong>habeant</strong></span> <span class='ocrx_word' id='word_1_343' title='bbox 345 1658 497 1690; x_wconf 78' lang='lat' dir='ltr'><strong>ambiguum</strong></span> <span class='ocrx_word' id='word_1_344' title='bbox 515 1678 521 1688; x_wconf 90' lang='lat'><strong>,</strong></span> <span class='ocrx_word' id='word_1_345' title='bbox 539 1658 655 1692; x_wconf 74' lang='lat' dir='ltr'><strong>nihilque</strong></span> <span class='ocrx_word' id='word_1_346' title='bbox 675 1667 707 1685; x_wconf 83' lang='lat' dir='ltr'><strong>ex</strong></span> <span class='ocrx_word' id='word_1_347' title='bbox 732 1659 763 1686; x_wconf 83' lang='lat' dir='ltr'><strong>iis</strong></span> <span class='ocrx_word' id='word_1_348' title='bbox 789 1660 903 1693; x_wconf 69' lang='lat' dir='ltr'><strong>vulgaris</strong></span> 
     </span>
    </p>
   </div>
   <div class='ocr_carea' id='block_1_53' title="bbox 119 1703 902 1740">
    <p class='ocr_par' dir='ltr' id='par_1_53' title="bbox 119 1703 902 1740">
     <span class='ocr_line' id='line_1_53' title="bbox 119 1703 902 1740; baseline 0.005 -10"><span class='ocrx_word' id='word_1_349' title='bbox 119 1703 221 1732; x_wconf 73' lang='lat' dir='ltr'><strong>alet-tio</strong></span> <span class='ocrx_word' id='word_1_350' title='bbox 236 1703 385 1732; x_wconf 73' lang='lat' dir='ltr'><strong>fabulosum</strong></span> <span class='ocrx_word' id='word_1_351' title='bbox 397 1706 503 1736; x_wconf 81' lang='lat' dir='ltr'><strong>efficiat,</strong></span> <span class='ocrx_word' id='word_1_352' title='bbox 513 1708 557 1732; x_wconf 69' lang='lat' dir='ltr'><strong>aut</strong></span> <span class='ocrx_word' id='word_1_353' title='bbox 570 1706 602 1733; x_wconf 88' lang='lat' dir='ltr'><strong>de</strong></span> <span class='ocrx_word' id='word_1_354' title='bbox 614 1706 729 1732; x_wconf 75' lang='lat' dir='ltr'><strong>vanitate</strong></span> <span class='ocrx_word' id='word_1_355' title='bbox 739 1712 902 1740; x_wconf 73' lang='lat' dir='ltr'><strong>suspeetum,</strong></span> 
     </span>
    </p>
   </div>
   <div class='ocr_carea' id='block_1_54' title="bbox 115 1750 902 1786">
    <p class='ocr_par' dir='ltr' id='par_1_54' title="bbox 115 1750 902 1786">
     <span class='ocr_line' id='line_1_54' title="bbox 115 1750 902 1786; baseline 0.003 -9"><span class='ocrx_word' id='word_1_356' title='bbox 115 1756 170 1784; x_wconf 67' lang='lat' dir='ltr'><strong>qu</strong></span> <span class='ocrx_word' id='word_1_357' title='bbox 181 1750 215 1777; x_wconf 81' lang='lat' dir='ltr'><strong>ab</strong></span> <span class='ocrx_word' id='word_1_358' title='bbox 232 1750 279 1778; x_wconf 89' lang='lat' dir='ltr'><strong>illo</strong></span> <span class='ocrx_word' id='word_1_359' title='bbox 292 1751 360 1778; x_wconf 84' lang='lat' dir='ltr'><strong>facta</strong></span> <span class='ocrx_word' id='word_1_360' title='bbox 375 1756 438 1778; x_wconf 87' lang='lat' dir='ltr'><strong>sunt</strong></span> <span class='ocrx_word' id='word_1_361' title='bbox 453 1755 480 1777; x_wconf 91' lang='lat' dir='ltr'><strong>et</strong></span> <span class='ocrx_word' id='word_1_362' title='bbox 494 1753 664 1786; x_wconf 78' lang='lat' dir='ltr'><strong>comprobata</strong></span> <span class='ocrx_word' id='word_1_363' title='bbox 679 1773 685 1784; x_wconf 91' lang='lat'><strong>,</strong></span> <span class='ocrx_word' id='word_1_364' title='bbox 708 1752 823 1780; x_wconf 75' lang='lat' dir='ltr'><strong>veridico</strong></span> <span class='ocrx_word' id='word_1_365' title='bbox 840 1761 902 1779; x_wconf 85' lang='lat' dir='ltr'><strong>ser-</strong></span> 
     </span>
    </p>
   </div>
   <div class='ocr_carea' id='block_1_55' title="bbox 116 1795 901 1831">
    <p class='ocr_par' dir='ltr' id='par_1_55' title="bbox 116 1795 901 1831">
     <span class='ocr_line' id='line_1_55' title="bbox 116 1795 901 1831; baseline 0.005 -10"><span class='ocrx_word' id='word_1_366' title='bbox 116 1802 190 1822; x_wconf 69' lang='lat' dir='ltr'><strong>mone</strong></span> <span class='ocrx_word' id='word_1_367' title='bbox 203 1795 338 1822; x_wconf 83' lang='lat' dir='ltr'><strong>narranda</strong></span> <span class='ocrx_word' id='word_1_368' title='bbox 352 1800 423 1823; x_wconf 89' lang='lat' dir='ltr'><strong>sunt.</strong></span> <span class='ocrx_word' id='word_1_369' title='bbox 446 1796 484 1823; x_wconf 80' lang='lat' dir='ltr'><strong>Ex</strong></span> <span class='ocrx_word' id='word_1_370' title='bbox 498 1798 592 1830; x_wconf 68' lang='lat' dir='ltr'><strong>quibus</strong></span> <span class='ocrx_word' id='word_1_371' title='bbox 607 1797 669 1830; x_wconf 74' lang='lat' dir='ltr'><strong>ipsis</strong></span> <span class='ocrx_word' id='word_1_372' title='bbox 688 1802 788 1831; x_wconf 80' lang='lat' dir='ltr'><strong>tamen,</strong></span> <span class='ocrx_word' id='word_1_373' title='bbox 807 1808 838 1825; x_wconf 82' lang='lat' dir='ltr'><strong>nu</strong></span> <span class='ocrx_word' id='word_1_374' title='bbox 853 1807 901 1825; x_wconf 76' lang='lat' dir='ltr'><strong>au-</strong></span> 
     </span>
    </p>
   </div>
   <div class='ocr_carea' id='block_1_56' title="bbox 116 1839 901 1877">
    <p class='ocr_par' dir='ltr' id='par_1_56' title="bbox 116 1839 901 1877">
     <span class='ocr_line' id='line_1_56' title="bbox 116 1839 901 1877; baseline 0.006 -12"><span class='ocrx_word' id='word_1_375' title='bbox 116 1839 189 1867; x_wconf 89' lang='lat' dir='ltr'><strong>ditori</strong></span> <span class='ocrx_word' id='word_1_376' title='bbox 209 1840 293 1867; x_wconf 89' lang='lat' dir='ltr'><strong>nimia</strong></span> <span class='ocrx_word' id='word_1_377' title='bbox 309 1840 447 1872; x_wconf 83' lang='lat' dir='ltr'><strong>prolixitas</strong></span> <span class='ocrx_word' id='word_1_378' title='bbox 470 1841 576 1868; x_wconf 77' lang='lat' dir='ltr'><strong>alierrct</strong></span> <span class='ocrx_word' id='word_1_379' title='bbox 601 1841 752 1876; x_wconf 70' lang='lat' dir='ltr'><strong>fastidium,</strong></span> <span class='ocrx_word' id='word_1_380' title='bbox 770 1845 901 1877; x_wconf 79' lang='lat' dir='ltr'><strong>permulta</strong></span> 
     </span>
    </p>
   </div>
   <div class='ocr_carea' id='block_1_57' title="bbox 116 1884 600 1920">
    <p class='ocr_par' dir='ltr' id='par_1_57' title="bbox 116 1884 600 1920">
     <span class='ocr_line' id='line_1_57' title="bbox 116 1884 600 1920; baseline 0.002 -9"><span class='ocrx_word' id='word_1_381' title='bbox 116 1884 265 1912; x_wconf 83' lang='lat' dir='ltr'><strong>tetieuimus</strong></span> <span class='ocrx_word' id='word_1_382' title='bbox 280 1903 289 1915; x_wconf 88' lang='lat'><strong>,</strong></span> <span class='ocrx_word' id='word_1_383' title='bbox 306 1885 493 1912; x_wconf 87' lang='lat' dir='ltr'><strong>annotavimus</strong></span> <span class='ocrx_word' id='word_1_384' title='bbox 507 1893 600 1920; x_wconf 82' lang='lat' dir='ltr'><strong>pauca.</strong></span> 
     </span>
    </p>
   </div>
   <div class='ocr_carea' id='block_1_58' title="bbox 146 1926 902 1965">
    <p class='ocr_par' dir='ltr' id='par_1_58' title="bbox 146 1926 902 1965">
     <span class='ocr_line' id='line_1_58' title="bbox 146 1926 902 1965; baseline 0.007 -10"><span class='ocrx_word' id='word_1_385' title='bbox 146 1926 172 1955; x_wconf 65' lang='grc' dir='ltr'>ι</span> <span class='ocrx_word' id='word_1_386' title='bbox 192 1927 293 1956; x_wconf 79' lang='lat' dir='ltr'><strong>Beatus</strong></span> <span class='ocrx_word' id='word_1_387' title='bbox 317 1928 447 1955; x_wconf 70' lang='lat' dir='ltr'><strong>Maximus</strong></span> <span class='ocrx_word' id='word_1_388' title='bbox 470 1929 495 1955; x_wconf 91' lang='lat' dir='ltr'><strong>in</strong></span> <span class='ocrx_word' id='word_1_389' title='bbox 520 1930 579 1956; x_wconf 88' lang='lat' dir='ltr'><strong>vico</strong></span> <span class='ocrx_word' id='word_1_390' title='bbox 602 1930 726 1965; x_wconf 82' lang='lat' dir='ltr'><strong>proprio,</strong></span> <span class='ocrx_word' id='word_1_391' title='bbox 744 1932 785 1957; x_wconf 86' lang='lat' dir='ltr'><strong>cui</strong></span> <span class='ocrx_word' id='word_1_392' title='bbox 819 1932 902 1959; x_wconf 72' lang='lat' dir='ltr'><strong>Deco-</strong></span> 
     </span>
    </p>
   </div>
   <div class='ocr_carea' id='block_1_59' title="bbox 115 1974 900 2009">
    <p class='ocr_par' dir='ltr' id='par_1_59' title="bbox 115 1974 900 2009">
     <span class='ocr_line' id='line_1_59' title="bbox 115 1974 900 2009; baseline 0.006 -10"><span class='ocrx_word' id='word_1_393' title='bbox 115 1979 187 2001; x_wconf 81' lang='lat' dir='ltr'><strong>taceo</strong></span> <span class='ocrx_word' id='word_1_394' title='bbox 198 1974 360 2000; x_wconf 77' lang='lat' dir='ltr'><strong>vocabulum</strong></span> <span class='ocrx_word' id='word_1_395' title='bbox 375 1978 426 2003; x_wconf 85' lang='lat' dir='ltr'><strong>est.</strong></span> <span class='ocrx_word' id='word_1_396' title='bbox 439 1975 498 2001; x_wconf 70' lang='lat' dir='ltr'><strong>vita:</strong></span> <span class='ocrx_word' id='word_1_397' title='bbox 512 1976 624 2009; x_wconf 63' lang='lat' dir='ltr'><strong>sumpsit</strong></span> <span class='ocrx_word' id='word_1_398' title='bbox 637 1977 775 2003; x_wconf 79' lang='lat' dir='ltr'><strong>exordium</strong></span> <span class='ocrx_word' id='word_1_399' title='bbox 793 1998 799 2009; x_wconf 81' lang='lat'><strong>,</strong></span> <span class='ocrx_word' id='word_1_400' title='bbox 821 1978 900 2005; x_wconf 80' lang='lat' dir='ltr'><strong>Chri-</strong></span> 
     </span>
    </p>
   </div>
   <div class='ocr_carea' id='block_1_60' title="bbox 115 2020 900 2056">
    <p class='ocr_par' dir='ltr' id='par_1_60' title="bbox 115 2020 900 2056">
     <span class='ocr_line' id='line_1_60' title="bbox 115 2020 900 2056; baseline 0.006 -9"><span class='ocrx_word' id='word_1_401' title='bbox 115 2020 205 2047; x_wconf 85' lang='lat' dir='ltr'><strong>stianis</strong></span> <span class='ocrx_word' id='word_1_402' title='bbox 218 2021 376 2056; x_wconf 84' lang='lat' dir='ltr'><strong>parentibus</strong></span> <span class='ocrx_word' id='word_1_403' title='bbox 390 2021 487 2054; x_wconf 78' lang='lat' dir='ltr'><strong>editus,</strong></span> <span class='ocrx_word' id='word_1_404' title='bbox 501 2028 528 2049; x_wconf 89' lang='lat' dir='ltr'><strong>et</strong></span> <span class='ocrx_word' id='word_1_405' title='bbox 543 2023 626 2050; x_wconf 86' lang='lat' dir='ltr'><strong>factus</strong></span> <span class='ocrx_word' id='word_1_406' title='bbox 641 2024 711 2051; x_wconf 83' lang='lat' dir='ltr'><strong>illico</strong></span> <span class='ocrx_word' id='word_1_407' title='bbox 725 2024 900 2052; x_wconf 80' lang='lat' dir='ltr'><strong>Christianus.</strong></span> 
     </span>
    </p>
   </div>
   <div class='ocr_carea' id='block_1_61' title="bbox 116 2064 902 2102">
    <p class='ocr_par' dir='ltr' id='par_1_61' title="bbox 116 2064 902 2102">
     <span class='ocr_line' id='line_1_61' title="bbox 116 2064 902 2102; baseline 0.006 -11"><span class='ocrx_word' id='word_1_408' title='bbox 116 2064 151 2092; x_wconf 73' lang='lat' dir='ltr'><strong>Ab</strong></span> <span class='ocrx_word' id='word_1_409' title='bbox 168 2065 234 2099; x_wconf 79' lang='lat' dir='ltr'><strong>ipsis</strong></span> <span class='ocrx_word' id='word_1_410' title='bbox 260 2073 327 2093; x_wconf 85' lang='lat' dir='ltr'><strong>vero</strong></span> <span class='ocrx_word' id='word_1_411' title='bbox 347 2065 463 2093; x_wconf 69' lang='lat' dir='ltr'><strong>infantia:</strong></span> <span class='ocrx_word' id='word_1_412' title='bbox 491 2067 646 2094; x_wconf 69' lang='lat' dir='ltr'><strong>rudimentis</strong></span> <span class='ocrx_word' id='word_1_413' title='bbox 670 2068 774 2094; x_wconf 87' lang='lat' dir='ltr'><strong>sublimi</strong></span> <span class='ocrx_word' id='word_1_414' title='bbox 797 2077 902 2102; x_wconf 79' lang='lat' dir='ltr'><strong>semper</strong></span> 
     </span>
    </p>
   </div>
   <div class='ocr_carea' id='block_1_62' title="bbox 116 2107 899 2141">
    <p class='ocr_par' dir='ltr' id='par_1_62' title="bbox 116 2107 899 2141">
     <span class='ocr_line' id='line_1_62' title="bbox 116 2107 899 2141; baseline 0.004 -6"><span class='ocrx_word' id='word_1_415' title='bbox 116 2107 259 2136; x_wconf 69' lang='lat' dir='ltr'><strong>humilitate</strong></span> <span class='ocrx_word' id='word_1_416' title='bbox 273 2117 398 2137; x_wconf 86' lang='lat' dir='ltr'><strong>crescens</strong></span> <span class='ocrx_word' id='word_1_417' title='bbox 410 2130 416 2141; x_wconf 89' lang='lat'><strong>,</strong></span> <span class='ocrx_word' id='word_1_418' title='bbox 434 2110 469 2136; x_wconf 83' lang='lat' dir='ltr'><strong>ita</strong></span> <span class='ocrx_word' id='word_1_419' title='bbox 481 2116 586 2137; x_wconf 83' lang='lat' dir='ltr'><strong>teneros</strong></span> <span class='ocrx_word' id='word_1_420' title='bbox 599 2112 684 2138; x_wconf 70' lang='lat' dir='ltr'><strong>mtalis</strong></span> <span class='ocrx_word' id='word_1_421' title='bbox 698 2120 782 2138; x_wconf 86' lang='lat' dir='ltr'><strong>annos</strong></span> <span class='ocrx_word' id='word_1_422' title='bbox 798 2121 899 2140; x_wconf 66' lang='lat' dir='ltr'><strong>marum</strong></span> 
     </span>
    </p>
   </div>
   <div class='ocr_carea' id='block_1_63' title="bbox 115 2153 900 2188">
    <p class='ocr_par' dir='ltr' id='par_1_63' title="bbox 115 2153 900 2188">
     <span class='ocr_line' id='line_1_63' title="bbox 115 2153 900 2188; baseline 0.006 -9"><span class='ocrx_word' id='word_1_423' title='bbox 115 2153 263 2180; x_wconf 60' lang='lat' dir='ltr'><strong>maritate</strong></span> <span class='ocrx_word' id='word_1_424' title='bbox 285 2154 445 2187; x_wconf 77' lang='lat' dir='ltr'><strong>castigavit.</strong></span> <span class='ocrx_word' id='word_1_425' title='bbox 462 2159 490 2181; x_wconf 91' lang='lat' dir='ltr'><strong>ut</strong></span> <span class='ocrx_word' id='word_1_426' title='bbox 511 2156 699 2188; x_wconf 76' lang='lat' dir='ltr'><strong>proprietatem</strong></span> <span class='ocrx_word' id='word_1_427' title='bbox 723 2158 837 2184; x_wconf 66' lang='lat' dir='ltr'><strong>nominis</strong></span> <span class='ocrx_word' id='word_1_428' title='bbox 859 2159 900 2185; x_wconf 82' lang='lat' dir='ltr'><strong>sui</strong></span> 
     </span>
    </p>
   </div>
   <div class='ocr_carea' id='block_1_64' title="bbox 117 2197 898 2235">
    <p class='ocr_par' dir='ltr' id='par_1_64' title="bbox 117 2197 898 2235">
     <span class='ocr_line' id='line_1_64' title="bbox 117 2197 898 2235; baseline 0.006 -11"><span class='ocrx_word' id='word_1_429' title='bbox 117 2197 194 2230; x_wconf 68' lang='lat' dir='ltr'><strong>gratia</strong></span> <span class='ocrx_word' id='word_1_430' title='bbox 217 2198 371 2225; x_wconf 81' lang='lat' dir='ltr'><strong>sanctitatis</strong></span> <span class='ocrx_word' id='word_1_431' title='bbox 393 2198 444 2225; x_wconf 87' lang='lat' dir='ltr'><strong>sibi</strong></span> <span class='ocrx_word' id='word_1_432' title='bbox 469 2200 623 2226; x_wconf 89' lang='lat' dir='ltr'><strong>vindicaret.</strong></span> <span class='ocrx_word' id='word_1_433' title='bbox 641 2200 783 2235; x_wconf 82' lang='lat' dir='ltr'><strong>Postquam</strong></span> <span class='ocrx_word' id='word_1_434' title='bbox 810 2208 898 2230; x_wconf 64' lang='grc' dir='ltr'><strong>ηιιῑνιη</strong></span> 
     </span>
    </p>
   </div>
   <div class='ocr_carea' id='block_1_65' title="bbox 117 2241 896 2277">
    <p class='ocr_par' dir='ltr' id='par_1_65' title="bbox 117 2241 896 2277">
     <span class='ocr_line' id='line_1_65' title="bbox 117 2241 896 2277; baseline 0.008 -9"><span class='ocrx_word' id='word_1_435' title='bbox 117 2241 226 2270; x_wconf 78' lang='lat' dir='ltr'><strong>excessit</strong></span> <span class='ocrx_word' id='word_1_436' title='bbox 245 2250 281 2269; x_wconf 78' lang='lat' dir='ltr'><strong>ex</strong></span> <span class='ocrx_word' id='word_1_437' title='bbox 303 2243 416 2277; x_wconf 85' lang='lat' dir='ltr'><strong>ephebis</strong></span> <span class='ocrx_word' id='word_1_438' title='bbox 462 2243 573 2271; x_wconf 69' lang='lat' dir='ltr'><strong>luxuriat</strong></span> <span class='ocrx_word' id='word_1_439' title='bbox 595 2245 735 2273; x_wconf 80' lang='lat' dir='ltr'><strong>illecebras</strong></span> <span class='ocrx_word' id='word_1_440' title='bbox 749 2252 776 2273; x_wconf 82' lang='lat' dir='ltr'><strong>ct</strong></span> <span class='ocrx_word' id='word_1_441' title='bbox 796 2248 896 2274; x_wconf 77' lang='lat' dir='ltr'><strong>binndi-</strong></span> 
     </span>
    </p>
   </div>
   <div class='ocr_carea' id='block_1_66' title="bbox 117 2286 899 2325">
    <p class='ocr_par' dir='ltr' id='par_1_66' title="bbox 117 2286 899 2325">
     <span class='ocr_line' id='line_1_66' title="bbox 117 2286 899 2325; baseline 0.009 -13"><span class='ocrx_word' id='word_1_442' title='bbox 117 2290 198 2313; x_wconf 76' lang='lat' dir='ltr'><strong>lenta</strong></span> <span class='ocrx_word' id='word_1_443' title='bbox 222 2286 307 2313; x_wconf 89' lang='lat' dir='ltr'><strong>animi</strong></span> <span class='ocrx_word' id='word_1_444' title='bbox 336 2288 487 2322; x_wconf 86' lang='lat' dir='ltr'><strong>magisterio</strong></span> <span class='ocrx_word' id='word_1_445' title='bbox 514 2293 541 2315; x_wconf 88' lang='lat' dir='ltr'><strong>et</strong></span> <span class='ocrx_word' id='word_1_446' title='bbox 565 2297 675 2316; x_wconf 82' lang='lat' dir='ltr'><strong>censura</strong></span> <span class='ocrx_word' id='word_1_447' title='bbox 699 2292 856 2325; x_wconf 78' lang='lat' dir='ltr'><strong>etlomabut,</strong></span> <span class='ocrx_word' id='word_1_448' title='bbox 871 2298 899 2320; x_wconf 90' lang='lat' dir='ltr'><strong>ut</strong></span> 
     </span>
    </p>
   </div>
   <div class='ocr_carea' id='block_1_67' title="bbox 117 2330 899 2370">
    <p class='ocr_par' dir='ltr' id='par_1_67' title="bbox 117 2330 899 2370">
     <span class='ocr_line' id='line_1_67' title="bbox 117 2330 899 2370; baseline 0.008 -12"><span class='ocrx_word' id='word_1_449' title='bbox 117 2330 235 2364; x_wconf 61' lang='lat' dir='ltr'><strong>pollicita</strong></span> <span class='ocrx_word' id='word_1_450' title='bbox 246 2332 421 2366; x_wconf 76' lang='lat' dir='ltr'><strong>virginitatis,</strong></span> <span class='ocrx_word' id='word_1_451' title='bbox 438 2333 551 2368; x_wconf 87' lang='lat' dir='ltr'><strong>palmam</strong></span> <span class='ocrx_word' id='word_1_452' title='bbox 566 2334 726 2369; x_wconf 78' lang='lat' dir='ltr'><strong>incorruptzc</strong></span> <span class='ocrx_word' id='word_1_453' title='bbox 741 2337 899 2370; x_wconf 71' lang='lat' dir='ltr'><strong>integritatis</strong></span> 
     </span>
    </p>
   </div>
   <div class='ocr_carea' id='block_1_68' title="bbox 117 2375 898 2416">
    <p class='ocr_par' dir='ltr' id='par_1_68' title="bbox 117 2375 898 2416">
     <span class='ocr_line' id='line_1_68' title="bbox 117 2375 898 2416; baseline 0.008 -13"><span class='ocrx_word' id='word_1_454' title='bbox 117 2375 264 2411; x_wconf 80' lang='lat' dir='ltr'><strong>obtineret,</strong></span> <span class='ocrx_word' id='word_1_455' title='bbox 279 2381 306 2404; x_wconf 88' lang='lat' dir='ltr'><strong>et</strong></span> <span class='ocrx_word' id='word_1_456' title='bbox 317 2378 343 2405; x_wconf 93' lang='lat' dir='ltr'><strong>in</strong></span> <span class='ocrx_word' id='word_1_457' title='bbox 357 2378 445 2413; x_wconf 89' lang='lat' dir='ltr'><strong>regnis</strong></span> <span class='ocrx_word' id='word_1_458' title='bbox 459 2379 609 2406; x_wconf 76' lang='lat' dir='ltr'><strong>cmlestihus</strong></span> <span class='ocrx_word' id='word_1_459' title='bbox 624 2387 639 2406; x_wconf 87' lang='lat' dir='ltr'><strong>e</strong></span> <span class='ocrx_word' id='word_1_460' title='bbox 650 2388 730 2407; x_wconf 85' lang='lat' dir='ltr'><strong>carne</strong></span> <span class='ocrx_word' id='word_1_461' title='bbox 745 2383 794 2408; x_wconf 81' lang='lat' dir='ltr'><strong>sub</strong></span> <span class='ocrx_word' id='word_1_462' title='bbox 806 2383 898 2416; x_wconf 71' lang='lat' dir='ltr'><strong>jugum</strong></span> 
     </span>
    </p>
   </div>
   <div class='ocr_carea' id='block_1_69' title="bbox 118 2420 898 2456">
    <p class='ocr_par' dir='ltr' id='par_1_69' title="bbox 118 2420 898 2456">
     <span class='ocr_line' id='line_1_69' title="bbox 118 2420 898 2456; baseline 0.008 -8"><span class='ocrx_word' id='word_1_463' title='bbox 118 2420 191 2448; x_wconf 67' lang='lat' dir='ltr'><strong>lina</strong></span> <span class='ocrx_word' id='word_1_464' title='bbox 214 2421 402 2456; x_wconf 88' lang='lat' dir='ltr'><strong>triumpharet.</strong></span> <span class='ocrx_word' id='word_1_465' title='bbox 421 2423 479 2450; x_wconf 79' lang='lat' dir='ltr'><strong>Fuit</strong></span> <span class='ocrx_word' id='word_1_466' title='bbox 494 2424 615 2450; x_wconf 84' lang='lat' dir='ltr'><strong>nimirum</strong></span> <span class='ocrx_word' id='word_1_467' title='bbox 636 2425 765 2451; x_wconf 88' lang='lat' dir='ltr'><strong>bonorum</strong></span> <span class='ocrx_word' id='word_1_468' title='bbox 780 2429 898 2454; x_wconf 87' lang='lat' dir='ltr'><strong>omnium</strong></span> 
     </span>
    </p>
   </div>
   <div class='ocr_carea' id='block_1_70' title="bbox 117 2466 900 2504">
    <p class='ocr_par' dir='ltr' id='par_1_70' title="bbox 117 2466 900 2504">
     <span class='ocr_line' id='line_1_70' title="bbox 117 2466 900 2504; baseline 0.008 -12"><span class='ocrx_word' id='word_1_469' title='bbox 117 2466 275 2493; x_wconf 75' lang='lat' dir='ltr'><strong>ornamentis</strong></span> <span class='ocrx_word' id='word_1_470' title='bbox 300 2467 427 2500; x_wconf 62' lang='lat' dir='ltr'><strong>praditus</strong></span> <span class='ocrx_word' id='word_1_471' title='bbox 440 2488 447 2500; x_wconf 90' lang='lat'><strong>,</strong></span> <span class='ocrx_word' id='word_1_472' title='bbox 462 2473 555 2502; x_wconf 86' lang='lat' dir='ltr'><strong>estque</strong></span> <span class='ocrx_word' id='word_1_473' title='bbox 578 2468 672 2495; x_wconf 86' lang='lat' dir='ltr'><strong>merito</strong></span> <span class='ocrx_word' id='word_1_474' title='bbox 691 2469 767 2496; x_wconf 78' lang='lat' dir='ltr'><strong>laude</strong></span> <span class='ocrx_word' id='word_1_475' title='bbox 788 2479 818 2497; x_wconf 77' lang='lat' dir='ltr'><strong>nc</strong></span> <span class='ocrx_word' id='word_1_476' title='bbox 834 2480 900 2504; x_wconf 66' lang='lat' dir='ltr'><strong>pne-</strong></span> 
     </span>
    </p>
   </div>
   <div class='ocr_carea' id='block_1_71' title="bbox 117 2509 898 2545">
    <p class='ocr_par' dir='ltr' id='par_1_71' title="bbox 117 2509 898 2545">
     <span class='ocr_line' id='line_1_71' title="bbox 117 2509 898 2545; baseline 0.005 -8"><span class='ocrx_word' id='word_1_477' title='bbox 117 2509 243 2538; x_wconf 65' lang='lat' dir='ltr'><strong>“ratione</strong></span> <span class='ocrx_word' id='word_1_478' title='bbox 254 2510 405 2538; x_wconf 82' lang='lat' dir='ltr'><strong>etl&#39;erendus</strong></span> <span class='ocrx_word' id='word_1_479' title='bbox 419 2519 425 2536; x_wconf 91' lang='lat'><strong>:</strong></span> <span class='ocrx_word' id='word_1_480' title='bbox 439 2511 537 2545; x_wconf 86' lang='lat' dir='ltr'><strong>quippe</strong></span> <span class='ocrx_word' id='word_1_481' title='bbox 550 2511 621 2538; x_wconf 91' lang='lat' dir='ltr'><strong>vultu</strong></span> <span class='ocrx_word' id='word_1_482' title='bbox 637 2513 808 2543; x_wconf 78' lang='lat' dir='ltr'><strong>venerabilis.</strong></span> <span class='ocrx_word' id='word_1_483' title='bbox 823 2516 898 2541; x_wconf 78' lang='lat' dir='ltr'><strong>blun-</strong></span> 
     </span>
    </p>
   </div>
   <div class='ocr_carea' id='block_1_72' title="bbox 117 2552 898 2592">
    <p class='ocr_par' dir='ltr' id='par_1_72' title="bbox 117 2552 898 2592">
     <span class='ocr_line' id='line_1_72' title="bbox 117 2552 898 2592; baseline 0.006 -10"><span class='ocrx_word' id='word_1_484' title='bbox 117 2552 280 2590; x_wconf 63' lang='lat' dir='ltr'><strong>itlaspectu</strong></span> <span class='ocrx_word' id='word_1_485' title='bbox 295 2574 303 2585; x_wconf 89' lang='lat'><strong>,</strong></span> <span class='ocrx_word' id='word_1_486' title='bbox 318 2562 366 2582; x_wconf 90' lang='lat' dir='ltr'><strong>ore</strong></span> <span class='ocrx_word' id='word_1_487' title='bbox 380 2555 500 2589; x_wconf 88' lang='lat' dir='ltr'><strong>placidus</strong></span> <span class='ocrx_word' id='word_1_488' title='bbox 511 2576 518 2588; x_wconf 55' lang='grc' dir='ltr'><strong>ρ</strong></span> <span class='ocrx_word' id='word_1_489' title='bbox 531 2557 620 2583; x_wconf 87' lang='lat' dir='ltr'><strong>animo</strong></span> <span class='ocrx_word' id='word_1_490' title='bbox 634 2565 757 2587; x_wconf 85' lang='lat' dir='ltr'><strong>serenus,</strong></span> <span class='ocrx_word' id='word_1_491' title='bbox 771 2559 898 2592; x_wconf 80' lang='lat' dir='ltr'><strong>patientia</strong></span> 
     </span>
    </p>
   </div>
   <div class='ocr_carea' id='block_1_73' title="bbox 119 2597 896 2637">
    <p class='ocr_par' dir='ltr' id='par_1_73' title="bbox 119 2597 896 2637">
     <span class='ocr_line' id='line_1_73' title="bbox 119 2597 896 2637; baseline 0.006 -12"><span class='ocrx_word' id='word_1_492' title='bbox 119 2597 210 2633; x_wconf 72' lang='lat' dir='ltr'><strong>Senis,</strong></span> <span class='ocrx_word' id='word_1_493' title='bbox 231 2600 454 2634; x_wconf 68' lang='lat' dir='ltr'><strong>magnanimitate</strong></span> <span class='ocrx_word' id='word_1_494' title='bbox 478 2602 638 2636; x_wconf 84' lang='lat' dir='ltr'><strong>conspicuus</strong></span> <span class='ocrx_word' id='word_1_495' title='bbox 656 2623 663 2635; x_wconf 85' lang='lat'><strong>,</strong></span> <span class='ocrx_word' id='word_1_496' title='bbox 688 2603 759 2637; x_wconf 86' lang='lat' dir='ltr'><strong>pacis</strong></span> <span class='ocrx_word' id='word_1_497' title='bbox 787 2612 896 2637; x_wconf 74' lang='lat' dir='ltr'><strong>anianS,</strong></span> 
     </span>
    </p>
   </div>
   <div class='ocr_carea' id='block_1_74' title="bbox 117 2642 896 2681">
    <p class='ocr_par' dir='ltr' id='par_1_74' title="bbox 117 2642 896 2681">
     <span class='ocr_line' id='line_1_74' title="bbox 117 2642 896 2681; baseline 0.009 -10"><span class='ocrx_word' id='word_1_498' title='bbox 117 2642 201 2679; x_wconf 80' lang='lat' dir='ltr'><strong>largas</strong></span> <span class='ocrx_word' id='word_1_499' title='bbox 223 2652 287 2681; x_wconf 81' lang='lat' dir='ltr'><strong>erga</strong></span> <span class='ocrx_word' id='word_1_500' title='bbox 307 2645 399 2673; x_wconf 83' lang='lat' dir='ltr'><strong>hostes</strong></span> <span class='ocrx_word' id='word_1_501' title='bbox 412 2665 422 2678; x_wconf 94' lang='lat'><strong>,</strong></span> <span class='ocrx_word' id='word_1_502' title='bbox 439 2645 554 2672; x_wconf 85' lang='lat' dir='ltr'><strong>labentia</strong></span> <span class='ocrx_word' id='word_1_503' title='bbox 580 2646 733 2679; x_wconf 67' lang='lat' dir='ltr'><strong>fastidiens.</strong></span> <span class='ocrx_word' id='word_1_504' title='bbox 750 2649 896 2678; x_wconf 73' lang='lat' dir='ltr'><strong>ccelcstinm</strong></span> 
     </span>
    </p>
   </div>
   <div class='ocr_carea' id='block_1_75' title="bbox 117 2688 897 2729">
    <p class='ocr_par' dir='ltr' id='par_1_75' title="bbox 117 2688 897 2729">
     <span class='ocr_line' id='line_1_75' title="bbox 117 2688 897 2729; baseline 0.006 -13"><span class='ocrx_word' id='word_1_505' title='bbox 117 2688 207 2717; x_wconf 50' lang='lat' dir='ltr'><strong>at“</strong></span> <span class='ocrx_word' id='word_1_506' title='bbox 219 2690 352 2718; x_wconf 75' lang='lat' dir='ltr'><strong>desiderio</strong></span> <span class='ocrx_word' id='word_1_507' title='bbox 364 2710 373 2723; x_wconf 89' lang='lat'><strong>,</strong></span> <span class='ocrx_word' id='word_1_508' title='bbox 389 2691 579 2725; x_wconf 83' lang='lat' dir='ltr'><strong>temporalibus</strong></span> <span class='ocrx_word' id='word_1_509' title='bbox 597 2697 696 2720; x_wconf 70' lang='lat' dir='ltr'><strong>mterna</strong></span> <span class='ocrx_word' id='word_1_510' title='bbox 720 2702 876 2729; x_wconf 79' lang='lat' dir='ltr'><strong>comparans</strong></span> <span class='ocrx_word' id='word_1_511' title='bbox 889 2716 897 2728; x_wconf 90' lang='lat'><strong>,</strong></span> 
     </span>
    </p>
   </div>
   <div class='ocr_carea' id='block_1_76' title="bbox 117 2735 897 2772">
    <p class='ocr_par' dir='ltr' id='par_1_76' title="bbox 117 2735 897 2772">
     <span class='ocr_line' id='line_1_76' title="bbox 117 2735 897 2772; baseline 0.006 -11"><span class='ocrx_word' id='word_1_512' title='bbox 117 2735 265 2769; x_wconf 52' lang='lat' dir='ltr'><strong>milia</strong></span> <span class='ocrx_word' id='word_1_513' title='bbox 288 2743 340 2771; x_wconf 89' lang='lat' dir='ltr'><strong>pro</strong></span> <span class='ocrx_word' id='word_1_514' title='bbox 361 2735 472 2763; x_wconf 66' lang='lat' dir='ltr'><strong>internis</strong></span> <span class='ocrx_word' id='word_1_515' title='bbox 490 2735 654 2771; x_wconf 86' lang='lat' dir='ltr'><strong>vilipendens</strong></span> <span class='ocrx_word' id='word_1_516' title='bbox 676 2743 755 2772; x_wconf 80' lang='lat' dir='ltr'><strong>atque</strong></span> <span class='ocrx_word' id='word_1_517' title='bbox 776 2745 897 2766; x_wconf 82' lang='lat' dir='ltr'><strong>contem-</strong></span> 
     </span>
    </p>
   </div>
   <div class='ocr_carea' id='block_1_77' title="bbox 118 2778 896 2819">
    <p class='ocr_par' dir='ltr' id='par_1_77' title="bbox 118 2778 896 2819">
     <span class='ocr_line' id='line_1_77' title="bbox 118 2778 896 2819; baseline 0.008 -13"><span class='ocrx_word' id='word_1_518' title='bbox 118 2784 186 2806; x_wconf 67' lang='grc' dir='ltr'><strong>η..</strong></span> <span class='ocrx_word' id='word_1_519' title='bbox 198 2778 232 2806; x_wconf 72' lang='lat' dir='ltr'><strong>Et</strong></span> <span class='ocrx_word' id='word_1_520' title='bbox 244 2784 274 2808; x_wconf 79' lang='lat' dir='ltr'><strong>et</strong></span> <span class='ocrx_word' id='word_1_521' title='bbox 287 2781 403 2809; x_wconf 78' lang='lat' dir='ltr'><strong>Interius</strong></span> <span class='ocrx_word' id='word_1_522' title='bbox 417 2780 515 2808; x_wconf 64' lang='lat' dir='ltr'><strong>divine</strong></span> <span class='ocrx_word' id='word_1_523' title='bbox 529 2780 592 2815; x_wconf 83' lang='lat' dir='ltr'><strong>legis</strong></span> <span class='ocrx_word' id='word_1_524' title='bbox 607 2788 736 2816; x_wconf 75' lang='lat' dir='ltr'><strong>prtecepta</strong></span> <span class='ocrx_word' id='word_1_525' title='bbox 750 2792 896 2819; x_wconf 75' lang='lat' dir='ltr'><strong>cognosce-</strong></span> 
     </span>
    </p>
   </div>
   <div class='ocr_carea' id='block_1_78' title="bbox 118 2824 895 2865">
    <p class='ocr_par' dir='ltr' id='par_1_78' title="bbox 118 2824 895 2865">
     <span class='ocr_line' id='line_1_78' title="bbox 118 2824 895 2865; baseline 0.009 -14"><span class='ocrx_word' id='word_1_526' title='bbox 118 2826 172 2859; x_wconf 73' lang='lat' dir='ltr'><strong>nt,</strong></span> <span class='ocrx_word' id='word_1_527' title='bbox 184 2824 297 2853; x_wconf 68' lang='lat' dir='ltr'><strong>nam“</strong></span> <span class='ocrx_word' id='word_1_528' title='bbox 311 2825 415 2860; x_wconf 83' lang='lat' dir='ltr'><strong>ingenii</strong></span> <span class='ocrx_word' id='word_1_529' title='bbox 430 2825 553 2854; x_wconf 83' lang='lat' dir='ltr'><strong>acumine</strong></span> <span class='ocrx_word' id='word_1_530' title='bbox 566 2830 665 2854; x_wconf 84' lang='lat' dir='ltr'><strong>tantum</strong></span> <span class='ocrx_word' id='word_1_531' title='bbox 680 2828 706 2854; x_wconf 93' lang='lat' dir='ltr'><strong>in</strong></span> <span class='ocrx_word' id='word_1_532' title='bbox 722 2828 816 2857; x_wconf 80' lang='lat' dir='ltr'><strong>litteris</strong></span> <span class='ocrx_word' id='word_1_533' title='bbox 833 2839 895 2865; x_wconf 82' lang='lat' dir='ltr'><strong>pro-</strong></span> 
     </span>
    </p>
   </div>
   <div class='ocr_carea' id='block_1_79' title="bbox 117 2866 895 2908">
    <p class='ocr_par' dir='ltr' id='par_1_79' title="bbox 117 2866 895 2908">
     <span class='ocr_line' id='line_1_79' title="bbox 117 2866 895 2908; baseline 0.009 -11"><span class='ocrx_word' id='word_1_534' title='bbox 117 2866 343 2907; x_wconf 74' lang='lat' dir='ltr'><strong>fetit,atlegendi</strong></span> <span class='ocrx_word' id='word_1_535' title='bbox 364 2871 499 2900; x_wconf 77' lang='lat' dir='ltr'><strong>aviditate</strong></span> <span class='ocrx_word' id='word_1_536' title='bbox 521 2876 623 2908; x_wconf 82' lang='lat' dir='ltr'><strong>pastum</strong></span> <span class='ocrx_word' id='word_1_537' title='bbox 645 2880 775 2908; x_wconf 75' lang='lat' dir='ltr'><strong>quaereret</strong></span> <span class='ocrx_word' id='word_1_538' title='bbox 801 2879 895 2905; x_wconf 78' lang='lat' dir='ltr'><strong>animae</strong></span> 
     </span>
    </p>
   </div>
   <div class='ocr_carea' id='block_1_80' title="bbox 1 2967 280 3102">
    <p class='ocr_par' dir='ltr' id='par_1_80' title="bbox 6 2971 8 2986">
     <span class='ocr_line' id='line_1_80' title="bbox 6 2971 8 2986; baseline 0 0"><span class='ocrx_word' id='word_1_539' title='bbox 6 2971 8 2986; x_wconf 72' lang='lat' dir='ltr'><strong>i</strong></span> 
     </span>
    </p>
   </div>
   <div class='ocr_carea' id='block_1_81' title="bbox 951 1255 1741 1291">
    <p class='ocr_par' dir='ltr' id='par_1_81' title="bbox 951 1255 1741 1291">
     <span class='ocr_line' id='line_1_81' title="bbox 951 1255 1741 1291; baseline 0.008 -10"><span class='ocrx_word' id='word_1_540' title='bbox 951 1262 1007 1282; x_wconf 69' lang='lat' dir='ltr'><strong>sua:</strong></span> <span class='ocrx_word' id='word_1_541' title='bbox 1020 1275 1028 1287; x_wconf 87' lang='lat'><strong>,</strong></span> <span class='ocrx_word' id='word_1_542' title='bbox 1044 1259 1071 1282; x_wconf 92' lang='lat' dir='ltr'><strong>et</strong></span> <span class='ocrx_word' id='word_1_543' title='bbox 1085 1255 1170 1283; x_wconf 85' lang='lat' dir='ltr'><strong>instar</strong></span> <span class='ocrx_word' id='word_1_544' title='bbox 1183 1263 1264 1291; x_wconf 88' lang='lat' dir='ltr'><strong>apum</strong></span> <span class='ocrx_word' id='word_1_545' title='bbox 1273 1260 1381 1285; x_wconf 76' lang='lat' dir='ltr'><strong>:eternzc</strong></span> <span class='ocrx_word' id='word_1_546' title='bbox 1392 1258 1533 1285; x_wconf 82' lang='lat' dir='ltr'><strong>suavitatis</strong></span> <span class='ocrx_word' id='word_1_547' title='bbox 1547 1262 1639 1286; x_wconf 88' lang='lat' dir='ltr'><strong>nectar</strong></span> <span class='ocrx_word' id='word_1_548' title='bbox 1653 1259 1741 1287; x_wconf 79' lang='lat' dir='ltr'><strong>hauri-</strong></span> 
     </span>
    </p>
   </div>
   <div class='ocr_carea' id='block_1_82' title="bbox 952 1300 1745 1333">
    <p class='ocr_par' dir='ltr' id='par_1_82' title="bbox 952 1300 1745 1333">
     <span class='ocr_line' id='line_1_82' title="bbox 952 1300 1745 1333; baseline 0.008 -7"><span class='ocrx_word' id='word_1_549' title='bbox 952 1303 1002 1327; x_wconf 89' lang='lat' dir='ltr'><strong>ret.</strong></span> <span class='ocrx_word' id='word_1_550' title='bbox 1024 1300 1152 1333; x_wconf 84' lang='lat' dir='ltr'><strong>Quamvis</strong></span> <span class='ocrx_word' id='word_1_551' title='bbox 1174 1307 1265 1328; x_wconf 88' lang='lat' dir='ltr'><strong>autem</strong></span> <span class='ocrx_word' id='word_1_552' title='bbox 1284 1302 1373 1330; x_wconf 84' lang='lat' dir='ltr'><strong>omnia</strong></span> <span class='ocrx_word' id='word_1_553' title='bbox 1396 1303 1521 1330; x_wconf 88' lang='lat' dir='ltr'><strong>vitiorum</strong></span> <span class='ocrx_word' id='word_1_554' title='bbox 1542 1304 1688 1332; x_wconf 79' lang='lat' dir='ltr'><strong>carnalium</strong></span> <span class='ocrx_word' id='word_1_555' title='bbox 1703 1305 1745 1332; x_wconf 83' lang='lat' dir='ltr'><strong>fo-</strong></span> 
     </span>
    </p>
   </div>
   <div class='ocr_carea' id='block_1_83' title="bbox 952 1348 1746 1385">
    <p class='ocr_par' dir='ltr' id='par_1_83' title="bbox 952 1348 1746 1385">
     <span class='ocr_line' id='line_1_83' title="bbox 952 1348 1746 1385; baseline 0.006 -13"><span class='ocrx_word' id='word_1_556' title='bbox 952 1350 1041 1373; x_wconf 86' lang='lat' dir='ltr'><strong>menta</strong></span> <span class='ocrx_word' id='word_1_557' title='bbox 1057 1351 1208 1381; x_wconf 81' lang='lat' dir='ltr'><strong>protereret</strong></span> <span class='ocrx_word' id='word_1_558' title='bbox 1219 1367 1227 1380; x_wconf 88' lang='lat'><strong>,</strong></span> <span class='ocrx_word' id='word_1_559' title='bbox 1242 1352 1271 1375; x_wconf 91' lang='lat' dir='ltr'><strong>et</strong></span> <span class='ocrx_word' id='word_1_560' title='bbox 1293 1348 1366 1376; x_wconf 87' lang='lat' dir='ltr'><strong>omni</strong></span> <span class='ocrx_word' id='word_1_561' title='bbox 1389 1356 1420 1376; x_wconf 85' lang='lat' dir='ltr'><strong>ex</strong></span> <span class='ocrx_word' id='word_1_562' title='bbox 1437 1354 1513 1384; x_wconf 89' lang='lat' dir='ltr'><strong>parte</strong></span> <span class='ocrx_word' id='word_1_563' title='bbox 1534 1351 1661 1385; x_wconf 86' lang='lat' dir='ltr'><strong>praeclara</strong></span> <span class='ocrx_word' id='word_1_564' title='bbox 1679 1360 1746 1380; x_wconf 76' lang='lat' dir='ltr'><strong>con-</strong></span> 
     </span>
    </p>
   </div>
   <div class='ocr_carea' id='block_1_84' title="bbox 955 1391 1747 1432">
    <p class='ocr_par' dir='ltr' id='par_1_84' title="bbox 955 1391 1747 1432">
     <span class='ocr_line' id='line_1_84' title="bbox 955 1391 1747 1432; baseline 0.011 -16"><span class='ocrx_word' id='word_1_565' title='bbox 955 1391 1109 1418; x_wconf 81' lang='lat' dir='ltr'><strong>versatione</strong></span> <span class='ocrx_word' id='word_1_566' title='bbox 1135 1392 1309 1426; x_wconf 61' lang='lat' dir='ltr'><strong>fulgeret,at</strong></span> <span class='ocrx_word' id='word_1_567' title='bbox 1335 1394 1507 1422; x_wconf 87' lang='lat' dir='ltr'><strong>nihilominus</strong></span> <span class='ocrx_word' id='word_1_568' title='bbox 1529 1396 1601 1423; x_wconf 86' lang='lat' dir='ltr'><strong>vires</strong></span> <span class='ocrx_word' id='word_1_569' title='bbox 1625 1398 1747 1432; x_wconf 85' lang='lat' dir='ltr'><strong>corporis</strong></span> 
     </span>
    </p>
   </div>
   <div class='ocr_carea' id='block_1_85' title="bbox 955 1434 1747 1472">
    <p class='ocr_par' dir='ltr' id='par_1_85' title="bbox 955 1434 1747 1472">
     <span class='ocr_line' id='line_1_85' title="bbox 955 1434 1747 1472; baseline 0.011 -11"><span class='ocrx_word' id='word_1_570' title='bbox 955 1434 1121 1463; x_wconf 63' lang='lat' dir='ltr'><strong>abstinentia:</strong></span> <span class='ocrx_word' id='word_1_571' title='bbox 1135 1436 1291 1465; x_wconf 84' lang='lat' dir='ltr'><strong>assiduitate</strong></span> <span class='ocrx_word' id='word_1_572' title='bbox 1305 1437 1460 1472; x_wconf 80' lang='lat' dir='ltr'><strong>frangebat,</strong></span> <span class='ocrx_word' id='word_1_573' title='bbox 1475 1441 1564 1468; x_wconf 83' lang='lat' dir='ltr'><strong>carnis</strong></span> <span class='ocrx_word' id='word_1_574' title='bbox 1586 1442 1649 1469; x_wconf 89' lang='lat' dir='ltr'><strong>vitia</strong></span> <span class='ocrx_word' id='word_1_575' title='bbox 1670 1447 1747 1470; x_wconf 87' lang='lat' dir='ltr'><strong>ante-</strong></span> 
     </span>
    </p>
   </div>
   <div class='ocr_carea' id='block_1_86' title="bbox 956 1484 1747 1519">
    <p class='ocr_par' dir='ltr' id='par_1_86' title="bbox 956 1484 1747 1519">
     <span class='ocr_line' id='line_1_86' title="bbox 956 1484 1747 1519; baseline 0.011 -13"><span class='ocrx_word' id='word_1_576' title='bbox 956 1487 1036 1515; x_wconf 86' lang='lat' dir='ltr'><strong>quam</strong></span> <span class='ocrx_word' id='word_1_577' title='bbox 1052 1484 1114 1508; x_wconf 89' lang='lat' dir='ltr'><strong>nata</strong></span> <span class='ocrx_word' id='word_1_578' title='bbox 1129 1486 1232 1515; x_wconf 81' lang='lat' dir='ltr'><strong>essent,</strong></span> <span class='ocrx_word' id='word_1_579' title='bbox 1248 1489 1412 1517; x_wconf 75' lang='lat' dir='ltr'><strong>persequens</strong></span> <span class='ocrx_word' id='word_1_580' title='bbox 1427 1488 1455 1511; x_wconf 80' lang='lat' dir='ltr'><strong>et</strong></span> <span class='ocrx_word' id='word_1_581' title='bbox 1466 1492 1595 1512; x_wconf 75' lang='lat' dir='ltr'><strong>coercens</strong></span> <span class='ocrx_word' id='word_1_582' title='bbox 1607 1506 1614 1519; x_wconf 94' lang='lat'><strong>,</strong></span> <span class='ocrx_word' id='word_1_583' title='bbox 1629 1487 1665 1514; x_wconf 81' lang='lat' dir='ltr'><strong>ita</strong></span> <span class='ocrx_word' id='word_1_584' title='bbox 1679 1491 1709 1514; x_wconf 85' lang='lat' dir='ltr'><strong>Lt</strong></span> <span class='ocrx_word' id='word_1_585' title='bbox 1721 1488 1747 1516; x_wconf 86' lang='lat' dir='ltr'><strong>ei</strong></span> 
     </span>
    </p>
   </div>
   <div class='ocr_carea' id='block_1_87' title="bbox 955 1524 1744 1563">
    <p class='ocr_par' dir='ltr' id='par_1_87' title="bbox 955 1524 1744 1563">
     <span class='ocr_line' id='line_1_87' title="bbox 955 1524 1744 1563; baseline 0.011 -12"><span class='ocrx_word' id='word_1_586' title='bbox 955 1524 988 1551; x_wconf 88' lang='lat' dir='ltr'><strong>ad</strong></span> <span class='ocrx_word' id='word_1_587' title='bbox 1003 1525 1157 1561; x_wconf 78' lang='lat' dir='ltr'><strong>martyrium</strong></span> <span class='ocrx_word' id='word_1_588' title='bbox 1180 1533 1233 1554; x_wconf 89' lang='lat' dir='ltr'><strong>non</strong></span> <span class='ocrx_word' id='word_1_589' title='bbox 1256 1527 1306 1555; x_wconf 89' lang='lat' dir='ltr'><strong>nisi</strong></span> <span class='ocrx_word' id='word_1_590' title='bbox 1327 1535 1469 1563; x_wconf 88' lang='lat' dir='ltr'><strong>percussor</strong></span> <span class='ocrx_word' id='word_1_591' title='bbox 1481 1529 1598 1558; x_wconf 87' lang='lat' dir='ltr'><strong>defuisse</strong></span> <span class='ocrx_word' id='word_1_592' title='bbox 1611 1531 1744 1560; x_wconf 87' lang='lat' dir='ltr'><strong>videatur.</strong></span> 
     </span>
    </p>
   </div>
   <div class='ocr_carea' id='block_1_88' title="bbox 954 1568 1746 1608">
    <p class='ocr_par' dir='ltr' id='par_1_88' title="bbox 954 1568 1746 1608">
     <span class='ocr_line' id='line_1_88' title="bbox 954 1568 1746 1608; baseline 0.011 -13"><span class='ocrx_word' id='word_1_593' title='bbox 954 1568 1020 1596; x_wconf 82' lang='lat' dir='ltr'><strong>Nam</strong></span> <span class='ocrx_word' id='word_1_594' title='bbox 1034 1569 1092 1604; x_wconf 82' lang='lat' dir='ltr'><strong>ipse</strong></span> <span class='ocrx_word' id='word_1_595' title='bbox 1103 1570 1197 1605; x_wconf 90' lang='lat' dir='ltr'><strong>procul</strong></span> <span class='ocrx_word' id='word_1_596' title='bbox 1210 1570 1292 1599; x_wconf 84' lang='lat' dir='ltr'><strong>dubio</strong></span> <span class='ocrx_word' id='word_1_597' title='bbox 1305 1575 1449 1608; x_wconf 76' lang='lat' dir='ltr'><strong>martyrem</strong></span> <span class='ocrx_word' id='word_1_598' title='bbox 1463 1580 1493 1601; x_wconf 90' lang='lat' dir='ltr'><strong>se</strong></span> <span class='ocrx_word' id='word_1_599' title='bbox 1506 1573 1568 1602; x_wconf 83' lang='lat' dir='ltr'><strong>fecit</strong></span> <span class='ocrx_word' id='word_1_600' title='bbox 1582 1579 1610 1603; x_wconf 91' lang='lat' dir='ltr'><strong>et</strong></span> <span class='ocrx_word' id='word_1_601' title='bbox 1623 1576 1746 1604; x_wconf 86' lang='lat' dir='ltr'><strong>cruciatu</strong></span> 
     </span>
    </p>
   </div>
   <div class='ocr_carea' id='block_1_89' title="bbox 955 1617 1104 1644">
    <p class='ocr_par' dir='ltr' id='par_1_89' title="bbox 955 1617 1104 1644">
     <span class='ocr_line' id='line_1_89' title="bbox 955 1617 1104 1644; baseline 0.007 -1"><span class='ocrx_word' id='word_1_602' title='bbox 955 1620 982 1643; x_wconf 89' lang='lat' dir='ltr'><strong>et</strong></span> <span class='ocrx_word' id='word_1_603' title='bbox 996 1617 1104 1644; x_wconf 89' lang='lat' dir='ltr'><strong>merito.</strong></span> 
     </span>
    </p>
   </div>
   <div class='ocr_carea' id='block_1_90' title="bbox 988 1660 1744 1702">
    <p class='ocr_par' dir='ltr' id='par_1_90' title="bbox 988 1660 1744 1702">
     <span class='ocr_line' id='line_1_90' title="bbox 988 1660 1744 1702; baseline 0.009 -14"><span class='ocrx_word' id='word_1_604' title='bbox 988 1661 1015 1688; x_wconf 77' lang='lat'><strong>5.</strong></span> <span class='ocrx_word' id='word_1_605' title='bbox 1035 1660 1120 1689; x_wconf 84' lang='lat' dir='ltr'><strong>Porro</strong></span> <span class='ocrx_word' id='word_1_606' title='bbox 1132 1662 1212 1690; x_wconf 92' lang='lat' dir='ltr'><strong>etiam</strong></span> <span class='ocrx_word' id='word_1_607' title='bbox 1227 1670 1333 1691; x_wconf 88' lang='lat' dir='ltr'><strong>omnem</strong></span> <span class='ocrx_word' id='word_1_608' title='bbox 1350 1662 1505 1692; x_wconf 81' lang='lat' dir='ltr'><strong>facultatum</strong></span> <span class='ocrx_word' id='word_1_609' title='bbox 1517 1672 1627 1693; x_wconf 85' lang='lat' dir='ltr'><strong>suarum</strong></span> <span class='ocrx_word' id='word_1_610' title='bbox 1638 1667 1744 1702; x_wconf 83' lang='lat' dir='ltr'><strong>copiam</strong></span> 
     </span>
    </p>
   </div>
   <div class='ocr_carea' id='block_1_91' title="bbox 934 1705 1741 1748">
    <p class='ocr_par' dir='ltr' id='par_1_91' title="bbox 934 1705 1741 1748">
     <span class='ocr_line' id='line_1_91' title="bbox 934 1705 1741 1748; baseline 0.01 -16"><span class='ocrx_word' id='word_1_611' title='bbox 934 1742 937 1743; x_wconf 20' lang='grc' dir='ltr'><em>ν</em></span> <span class='ocrx_word' id='word_1_612' title='bbox 954 1705 1079 1734; x_wconf 84' lang='lat' dir='ltr'><strong>deserens</strong></span> <span class='ocrx_word' id='word_1_613' title='bbox 1092 1727 1100 1740; x_wconf 90' lang='lat'><strong>,</strong></span> <span class='ocrx_word' id='word_1_614' title='bbox 1115 1706 1254 1735; x_wconf 86' lang='lat' dir='ltr'><strong>Lirinense</strong></span> <span class='ocrx_word' id='word_1_615' title='bbox 1269 1709 1460 1737; x_wconf 86' lang='lat' dir='ltr'><strong>monasterium</strong></span> <span class='ocrx_word' id='word_1_616' title='bbox 1475 1711 1551 1745; x_wconf 91' lang='lat' dir='ltr'><strong>petiit</strong></span> <span class='ocrx_word' id='word_1_617' title='bbox 1562 1731 1571 1742; x_wconf 86' lang='lat'><strong>,</strong></span> <span class='ocrx_word' id='word_1_618' title='bbox 1584 1711 1628 1739; x_wconf 89' lang='lat' dir='ltr'><strong>ubi</strong></span> <span class='ocrx_word' id='word_1_619' title='bbox 1642 1714 1741 1748; x_wconf 82' lang='lat' dir='ltr'><strong>scrupi-</strong></span> 
     </span>
    </p>
   </div>
   <div class='ocr_carea' id='block_1_92' title="bbox 928 1743 1745 1788">
    <p class='ocr_par' dir='ltr' id='par_1_92' title="bbox 928 1743 1745 1788">
     <span class='ocr_line' id='line_1_92' title="bbox 928 1743 1745 1788; baseline 0.012 -13"><span class='ocrx_word' id='word_1_620' title='bbox 928 1743 933 1745; x_wconf 59' lang='grc'><em>’</em></span> <span class='ocrx_word' id='word_1_621' title='bbox 954 1753 1045 1777; x_wconf 84' lang='lat' dir='ltr'><strong>ternas</strong></span> <span class='ocrx_word' id='word_1_622' title='bbox 1068 1749 1173 1778; x_wconf 82' lang='lat' dir='ltr'><strong>divitias</strong></span> <span class='ocrx_word' id='word_1_623' title='bbox 1189 1750 1277 1785; x_wconf 80' lang='lat' dir='ltr'><strong>justus</strong></span> <span class='ocrx_word' id='word_1_624' title='bbox 1297 1752 1449 1781; x_wconf 87' lang='lat' dir='ltr'><strong>inveniret:</strong></span> <span class='ocrx_word' id='word_1_625' title='bbox 1464 1743 1616 1788; x_wconf 78' lang='lat' dir='ltr'><strong>evangelica</strong></span> <span class='ocrx_word' id='word_1_626' title='bbox 1637 1743 1745 1785; x_wconf 69' lang='lat' dir='ltr'><strong>scenica</strong></span> 
     </span>
    </p>
   </div>
   <div class='ocr_carea' id='block_1_93' title="bbox 954 1794 1744 1835">
    <p class='ocr_par' dir='ltr' id='par_1_93' title="bbox 954 1794 1744 1835">
     <span class='ocr_line' id='line_1_93' title="bbox 954 1794 1744 1835; baseline 0.011 -15"><span class='ocrx_word' id='word_1_627' title='bbox 954 1797 1088 1829; x_wconf 69' lang='lat' dir='ltr'><strong>prmcepta</strong></span> <span class='ocrx_word' id='word_1_628' title='bbox 1105 1816 1113 1829; x_wconf 94' lang='lat'><strong>,</strong></span> <span class='ocrx_word' id='word_1_629' title='bbox 1126 1794 1214 1822; x_wconf 83' lang='lat' dir='ltr'><strong>sciens</strong></span> <span class='ocrx_word' id='word_1_630' title='bbox 1228 1802 1257 1822; x_wconf 84' lang='lat' dir='ltr'><strong>se</strong></span> <span class='ocrx_word' id='word_1_631' title='bbox 1272 1795 1418 1830; x_wconf 73' lang='lat' dir='ltr'><strong>perfectum</strong></span> <span class='ocrx_word' id='word_1_632' title='bbox 1433 1797 1489 1825; x_wconf 82' lang='lat' dir='ltr'><strong>ﬁeri</strong></span> <span class='ocrx_word' id='word_1_633' title='bbox 1511 1807 1564 1826; x_wconf 89' lang='lat' dir='ltr'><strong>non</strong></span> <span class='ocrx_word' id='word_1_634' title='bbox 1580 1807 1658 1834; x_wconf 84' lang='lat' dir='ltr'><strong>posse</strong></span> <span class='ocrx_word' id='word_1_635' title='bbox 1670 1822 1677 1835; x_wconf 93' lang='lat'><strong>,</strong></span> <span class='ocrx_word' id='word_1_636' title='bbox 1693 1801 1744 1829; x_wconf 81' lang='lat' dir='ltr'><strong>nisi</strong></span> 
     </span>
    </p>
   </div>
   <div class='ocr_carea' id='block_1_94' title="bbox 954 1839 1745 1878">
    <p class='ocr_par' dir='ltr' id='par_1_94' title="bbox 954 1839 1745 1878">
     <span class='ocr_line' id='line_1_94' title="bbox 954 1839 1745 1878; baseline 0.011 -13"><span class='ocrx_word' id='word_1_637' title='bbox 954 1839 1083 1866; x_wconf 90' lang='lat' dir='ltr'><strong>venderet</strong></span> <span class='ocrx_word' id='word_1_638' title='bbox 1095 1839 1184 1867; x_wconf 86' lang='lat' dir='ltr'><strong>omnia</strong></span> <span class='ocrx_word' id='word_1_639' title='bbox 1197 1847 1245 1868; x_wconf 86' lang='lat' dir='ltr'><strong>sua</strong></span> <span class='ocrx_word' id='word_1_640' title='bbox 1256 1859 1264 1873; x_wconf 83' lang='lat'><em>.</em></span> <span class='ocrx_word' id='word_1_641' title='bbox 1279 1845 1307 1868; x_wconf 89' lang='lat' dir='ltr'><strong>et</strong></span> <span class='ocrx_word' id='word_1_642' title='bbox 1320 1849 1334 1869; x_wconf 84' lang='lat' dir='ltr'><strong>a</strong></span> <span class='ocrx_word' id='word_1_643' title='bbox 1357 1843 1460 1870; x_wconf 86' lang='lat' dir='ltr'><strong>cunctis</strong></span> <span class='ocrx_word' id='word_1_644' title='bbox 1474 1843 1570 1878; x_wconf 87' lang='lat' dir='ltr'><strong>opibus</strong></span> <span class='ocrx_word' id='word_1_645' title='bbox 1584 1845 1699 1873; x_wconf 87' lang='lat' dir='ltr'><strong>alienum</strong></span> <span class='ocrx_word' id='word_1_646' title='bbox 1715 1855 1745 1874; x_wconf 83' lang='lat' dir='ltr'><strong>se</strong></span> 
     </span>
    </p>
   </div>
   <div class='ocr_carea' id='block_1_95' title="bbox 953 1883 1743 1926">
    <p class='ocr_par' dir='ltr' id='par_1_95' title="bbox 953 1883 1743 1926">
     <span class='ocr_line' id='line_1_95' title="bbox 953 1883 1743 1926; baseline 0.011 -16"><span class='ocrx_word' id='word_1_647' title='bbox 953 1883 1062 1911; x_wconf 69' lang='lat' dir='ltr'><strong>faceret.</strong></span> <span class='ocrx_word' id='word_1_648' title='bbox 1078 1883 1105 1911; x_wconf 94' lang='lat' dir='ltr'><strong>In</strong></span> <span class='ocrx_word' id='word_1_649' title='bbox 1121 1892 1153 1912; x_wconf 85' lang='lat' dir='ltr'><strong>ea</strong></span> <span class='ocrx_word' id='word_1_650' title='bbox 1167 1889 1256 1913; x_wconf 89' lang='lat' dir='ltr'><strong>autem</strong></span> <span class='ocrx_word' id='word_1_651' title='bbox 1270 1888 1478 1921; x_wconf 83' lang='lat' dir='ltr'><strong>congregatione</strong></span> <span class='ocrx_word' id='word_1_652' title='bbox 1492 1897 1552 1916; x_wconf 90' lang='lat' dir='ltr'><strong>cum</strong></span> <span class='ocrx_word' id='word_1_653' title='bbox 1568 1897 1662 1918; x_wconf 88' lang='lat' dir='ltr'><strong>omnes</strong></span> <span class='ocrx_word' id='word_1_654' title='bbox 1681 1898 1743 1926; x_wconf 88' lang='lat' dir='ltr'><strong>per-</strong></span> 
     </span>
    </p>
   </div>
   <div class='ocr_carea' id='block_1_96' title="bbox 954 1927 1744 1967">
    <p class='ocr_par' dir='ltr' id='par_1_96' title="bbox 954 1927 1744 1967">
     <span class='ocr_line' id='line_1_96' title="bbox 954 1927 1744 1967; baseline 0.011 -12"><span class='ocrx_word' id='word_1_655' title='bbox 954 1927 1021 1956; x_wconf 87' lang='lat' dir='ltr'><strong>lecta</strong></span> <span class='ocrx_word' id='word_1_656' title='bbox 1046 1929 1177 1957; x_wconf 83' lang='lat' dir='ltr'><strong>charitate</strong></span> <span class='ocrx_word' id='word_1_657' title='bbox 1202 1930 1342 1964; x_wconf 84' lang='lat' dir='ltr'><strong>diligeret,</strong></span> <span class='ocrx_word' id='word_1_658' title='bbox 1365 1932 1423 1967; x_wconf 88' lang='lat' dir='ltr'><strong>ipse</strong></span> <span class='ocrx_word' id='word_1_659' title='bbox 1447 1933 1538 1960; x_wconf 88' lang='lat' dir='ltr'><strong>itidem</strong></span> <span class='ocrx_word' id='word_1_660' title='bbox 1562 1935 1595 1961; x_wconf 85' lang='lat' dir='ltr'><strong>ab</strong></span> <span class='ocrx_word' id='word_1_661' title='bbox 1620 1937 1744 1964; x_wconf 87' lang='lat' dir='ltr'><strong>omnibus</strong></span> 
     </span>
    </p>
   </div>
   <div class='ocr_carea' id='block_1_97' title="bbox 953 1974 1743 2013">
    <p class='ocr_par' dir='ltr' id='par_1_97' title="bbox 953 1974 1743 2013">
     <span class='ocr_line' id='line_1_97' title="bbox 953 1974 1743 2013; baseline 0.013 -13"><span class='ocrx_word' id='word_1_662' title='bbox 953 1974 1100 2002; x_wconf 85' lang='lat' dir='ltr'><strong>amabatur.</strong></span> <span class='ocrx_word' id='word_1_663' title='bbox 1118 1975 1219 2003; x_wconf 82' lang='lat' dir='ltr'><strong>Tantus</strong></span> <span class='ocrx_word' id='word_1_664' title='bbox 1237 1984 1301 2004; x_wconf 88' lang='lat' dir='ltr'><strong>vero</strong></span> <span class='ocrx_word' id='word_1_665' title='bbox 1312 1977 1338 2004; x_wconf 88' lang='lat' dir='ltr'><strong>in</strong></span> <span class='ocrx_word' id='word_1_666' title='bbox 1353 1985 1386 2005; x_wconf 91' lang='lat' dir='ltr'><strong>eo</strong></span> <span class='ocrx_word' id='word_1_667' title='bbox 1399 1978 1487 2006; x_wconf 77' lang='lat' dir='ltr'><strong>fervor</strong></span> <span class='ocrx_word' id='word_1_668' title='bbox 1500 1981 1612 2013; x_wconf 77' lang='lat' dir='ltr'><strong>exstitit,</strong></span> <span class='ocrx_word' id='word_1_669' title='bbox 1624 1985 1653 2008; x_wconf 89' lang='lat' dir='ltr'><strong>ut</strong></span> <span class='ocrx_word' id='word_1_670' title='bbox 1666 1986 1743 2010; x_wconf 84' lang='lat' dir='ltr'><strong>ante-</strong></span> 
     </span>
    </p>
   </div>
   <div class='ocr_carea' id='block_1_98' title="bbox 952 2021 1742 2060">
    <p class='ocr_par' dir='ltr' id='par_1_98' title="bbox 952 2021 1742 2060">
     <span class='ocr_line' id='line_1_98' title="bbox 952 2021 1742 2060; baseline 0.013 -15"><span class='ocrx_word' id='word_1_671' title='bbox 952 2027 1032 2054; x_wconf 87' lang='lat' dir='ltr'><strong>quam</strong></span> <span class='ocrx_word' id='word_1_672' title='bbox 1049 2021 1222 2048; x_wconf 85' lang='lat' dir='ltr'><strong>monasticam</strong></span> <span class='ocrx_word' id='word_1_673' title='bbox 1240 2022 1347 2050; x_wconf 85' lang='lat' dir='ltr'><strong>vivendi</strong></span> <span class='ocrx_word' id='word_1_674' title='bbox 1368 2024 1486 2057; x_wconf 85' lang='lat' dir='ltr'><strong>regulam</strong></span> <span class='ocrx_word' id='word_1_675' title='bbox 1501 2026 1657 2060; x_wconf 81' lang='lat' dir='ltr'><strong>complexus</strong></span> <span class='ocrx_word' id='word_1_676' title='bbox 1671 2032 1742 2056; x_wconf 70' lang='lat' dir='ltr'><strong>esset</strong></span> 
     </span>
    </p>
   </div>
   <div class='ocr_carea' id='block_1_99' title="bbox 952 2065 1742 2109">
    <p class='ocr_par' dir='ltr' id='par_1_99' title="bbox 952 2065 1742 2109">
     <span class='ocr_line' id='line_1_99' title="bbox 952 2065 1742 2109; baseline 0.013 -17"><span class='ocrx_word' id='word_1_677' title='bbox 952 2065 994 2093; x_wconf 88' lang='lat' dir='ltr'><strong>vel</strong></span> <span class='ocrx_word' id='word_1_678' title='bbox 1018 2067 1128 2102; x_wconf 81' lang='lat' dir='ltr'><strong>mystica</strong></span> <span class='ocrx_word' id='word_1_679' title='bbox 1143 2068 1278 2100; x_wconf 85' lang='lat' dir='ltr'><strong>instituta,</strong></span> <span class='ocrx_word' id='word_1_680' title='bbox 1291 2069 1345 2103; x_wconf 85' lang='lat' dir='ltr'><strong>jam</strong></span> <span class='ocrx_word' id='word_1_681' title='bbox 1367 2072 1573 2100; x_wconf 82' lang='lat' dir='ltr'><strong>conversatione</strong></span> <span class='ocrx_word' id='word_1_682' title='bbox 1594 2074 1742 2109; x_wconf 63' lang='lat' dir='ltr'><strong>praecipuus</strong></span> 
     </span>
    </p>
   </div>
   <div class='ocr_carea' id='block_1_100' title="bbox 953 2111 1741 2152">
    <p class='ocr_par' dir='ltr' id='par_1_100' title="bbox 953 2111 1741 2152">
     <span class='ocr_line' id='line_1_100' title="bbox 953 2111 1741 2152; baseline 0.014 -15"><span class='ocrx_word' id='word_1_683' title='bbox 953 2111 1095 2145; x_wconf 81' lang='lat' dir='ltr'><strong>videretur,</strong></span> <span class='ocrx_word' id='word_1_684' title='bbox 1111 2121 1142 2140; x_wconf 83' lang='lat' dir='ltr'><strong>ac</strong></span> <span class='ocrx_word' id='word_1_685' title='bbox 1156 2114 1252 2142; x_wconf 83' lang='lat' dir='ltr'><strong>deinde</strong></span> <span class='ocrx_word' id='word_1_686' title='bbox 1266 2119 1360 2142; x_wconf 86' lang='lat' dir='ltr'><strong>sancto</strong></span> <span class='ocrx_word' id='word_1_687' title='bbox 1375 2115 1513 2144; x_wconf 84' lang='lat' dir='ltr'><strong>Honorato</strong></span> <span class='ocrx_word' id='word_1_688' title='bbox 1528 2117 1662 2147; x_wconf 86' lang='lat' dir='ltr'><strong>decessori</strong></span> <span class='ocrx_word' id='word_1_689' title='bbox 1674 2127 1723 2148; x_wconf 89' lang='lat' dir='ltr'><strong>suo</strong></span> <span class='ocrx_word' id='word_1_690' title='bbox 1734 2140 1741 2152; x_wconf 85' lang='lat'><strong><em>.</em></strong></span> 
     </span>
    </p>
   </div>
   <div class='ocr_carea' id='block_1_101' title="bbox 951 2157 1742 2196">
    <p class='ocr_par' dir='ltr' id='par_1_101' title="bbox 951 2157 1742 2196">
     <span class='ocr_line' id='line_1_101' title="bbox 951 2157 1742 2196; baseline 0.014 -14"><span class='ocrx_word' id='word_1_691' title='bbox 951 2157 1062 2184; x_wconf 80' lang='lat' dir='ltr'><strong>summis</strong></span> <span class='ocrx_word' id='word_1_692' title='bbox 1084 2158 1224 2187; x_wconf 84' lang='lat' dir='ltr'><strong>virtutibus</strong></span> <span class='ocrx_word' id='word_1_693' title='bbox 1243 2161 1429 2193; x_wconf 87' lang='lat' dir='ltr'><strong>ornatissimo,</strong></span> <span class='ocrx_word' id='word_1_694' title='bbox 1444 2162 1491 2196; x_wconf 90' lang='lat' dir='ltr'><strong>qui</strong></span> <span class='ocrx_word' id='word_1_695' title='bbox 1512 2163 1566 2191; x_wconf 88' lang='lat' dir='ltr'><strong>illic</strong></span> <span class='ocrx_word' id='word_1_696' title='bbox 1586 2164 1669 2193; x_wconf 75' lang='lat' dir='ltr'><strong>abbas</strong></span> <span class='ocrx_word' id='word_1_697' title='bbox 1683 2165 1742 2193; x_wconf 78' lang='lat' dir='ltr'><strong>fue-</strong></span> 
     </span>
    </p>
   </div>
   <div class='ocr_carea' id='block_1_102' title="bbox 952 2203 1740 2244">
    <p class='ocr_par' dir='ltr' id='par_1_102' title="bbox 952 2203 1740 2244">
     <span class='ocr_line' id='line_1_102' title="bbox 952 2203 1740 2244; baseline 0.014 -17"><span class='ocrx_word' id='word_1_698' title='bbox 952 2205 1011 2235; x_wconf 88' lang='lat' dir='ltr'><strong>rat,</strong></span> <span class='ocrx_word' id='word_1_699' title='bbox 1026 2206 1052 2228; x_wconf 85' lang='lat' dir='ltr'><strong>et</strong></span> <span class='ocrx_word' id='word_1_700' title='bbox 1073 2203 1174 2231; x_wconf 85' lang='lat' dir='ltr'><strong>honore</strong></span> <span class='ocrx_word' id='word_1_701' title='bbox 1200 2205 1375 2239; x_wconf 88' lang='lat' dir='ltr'><strong>succederet,</strong></span> <span class='ocrx_word' id='word_1_702' title='bbox 1397 2210 1425 2234; x_wconf 87' lang='lat' dir='ltr'><strong>et</strong></span> <span class='ocrx_word' id='word_1_703' title='bbox 1453 2208 1553 2235; x_wconf 84' lang='lat' dir='ltr'><strong>meritis</strong></span> <span class='ocrx_word' id='word_1_704' title='bbox 1578 2215 1740 2244; x_wconf 72' lang='lat' dir='ltr'><strong>tequarctur.</strong></span> 
     </span>
    </p>
   </div>
   <div class='ocr_carea' id='block_1_103' title="bbox 913 2244 1741 2301">
    <p class='ocr_par' dir='ltr' id='par_1_103' title="bbox 913 2244 1741 2301">
     <span class='ocr_line' id='line_1_103' title="bbox 913 2244 1741 2301; baseline 0.014 -30"><span class='ocrx_word' id='word_1_705' title='bbox 913 2272 937 2301; x_wconf 69' lang='grc' dir='ltr'><strong>υ</strong></span> <span class='ocrx_word' id='word_1_706' title='bbox 952 2244 1010 2301; x_wconf 64' lang='lat' dir='ltr'><strong>Qllla</strong></span> <span class='ocrx_word' id='word_1_707' title='bbox 1025 2246 1051 2296; x_wconf 79' lang='lat' dir='ltr'><strong>in</strong></span> <span class='ocrx_word' id='word_1_708' title='bbox 1075 2247 1213 2301; x_wconf 65' lang='lat' dir='ltr'><strong>{unctione</strong></span> <span class='ocrx_word' id='word_1_709' title='bbox 1228 2257 1286 2277; x_wconf 89' lang='lat' dir='ltr'><strong>cum</strong></span> <span class='ocrx_word' id='word_1_710' title='bbox 1306 2257 1415 2299; x_wconf 73' lang='lat' dir='ltr'><strong>gregem</strong></span> <span class='ocrx_word' id='word_1_711' title='bbox 1430 2253 1598 2282; x_wconf 86' lang='lat' dir='ltr'><strong>commissum</strong></span> <span class='ocrx_word' id='word_1_712' title='bbox 1613 2256 1741 2288; x_wconf 80' lang='lat' dir='ltr'><strong>pastorali</strong></span> 
     </span>
    </p>
   </div>
   <div class='ocr_carea' id='block_1_104' title="bbox 950 2290 1740 2330">
    <p class='ocr_par' dir='ltr' id='par_1_104' title="bbox 950 2290 1740 2330">
     <span class='ocr_line' id='line_1_104' title="bbox 950 2290 1740 2330; baseline 0.015 -14"><span class='ocrx_word' id='word_1_713' title='bbox 950 2290 1059 2318; x_wconf 81' lang='lat' dir='ltr'><strong>solertia</strong></span> <span class='ocrx_word' id='word_1_714' title='bbox 1074 2293 1220 2320; x_wconf 85' lang='lat' dir='ltr'><strong>custodiret</strong></span> <span class='ocrx_word' id='word_1_715' title='bbox 1234 2314 1241 2327; x_wconf 87' lang='lat'><strong>,</strong></span> <span class='ocrx_word' id='word_1_716' title='bbox 1253 2298 1281 2321; x_wconf 89' lang='lat' dir='ltr'><strong>et</strong></span> <span class='ocrx_word' id='word_1_717' title='bbox 1293 2294 1402 2329; x_wconf 87' lang='lat' dir='ltr'><strong>singulis</strong></span> <span class='ocrx_word' id='word_1_718' title='bbox 1416 2297 1539 2325; x_wconf 85' lang='lat' dir='ltr'><strong>noctibus</strong></span> <span class='ocrx_word' id='word_1_719' title='bbox 1551 2317 1560 2330; x_wconf 89' lang='lat'><strong>,</strong></span> <span class='ocrx_word' id='word_1_720' title='bbox 1573 2299 1631 2326; x_wconf 85' lang='lat' dir='ltr'><strong>aliis</strong></span> <span class='ocrx_word' id='word_1_721' title='bbox 1645 2307 1740 2328; x_wconf 86' lang='lat' dir='ltr'><strong>somno</strong></span> 
     </span>
    </p>
   </div>
   <div class='ocr_carea' id='block_1_105' title="bbox 947 2335 1740 2376">
    <p class='ocr_par' dir='ltr' id='par_1_105' title="bbox 947 2335 1740 2376">
     <span class='ocr_line' id='line_1_105' title="bbox 947 2335 1740 2376; baseline 0.016 -16"><span class='ocrx_word' id='word_1_722' title='bbox 947 2335 1105 2369; x_wconf 84' lang='lat' dir='ltr'><strong>occupatis,</strong></span> <span class='ocrx_word' id='word_1_723' title='bbox 1130 2340 1321 2365; x_wconf 83' lang='lat' dir='ltr'><strong>monasterium</strong></span> <span class='ocrx_word' id='word_1_724' title='bbox 1346 2340 1494 2373; x_wconf 80' lang='lat' dir='ltr'><strong>lustraret,</strong></span> <span class='ocrx_word' id='word_1_725' title='bbox 1517 2347 1614 2376; x_wconf 77' lang='lat' dir='ltr'><strong>pneter</strong></span> <span class='ocrx_word' id='word_1_726' title='bbox 1637 2352 1740 2373; x_wconf 89' lang='lat' dir='ltr'><strong>morem</strong></span> 
     </span>
    </p>
   </div>
   <div class='ocr_carea' id='block_1_106' title="bbox 946 2380 1740 2424">
    <p class='ocr_par' dir='ltr' id='par_1_106' title="bbox 946 2380 1740 2424">
     <span class='ocr_line' id='line_1_106' title="bbox 946 2380 1740 2424; baseline 0.014 -18"><span class='ocrx_word' id='word_1_727' title='bbox 946 2380 1041 2424; x_wconf 76' lang='lat' dir='ltr'><strong>accidit</strong></span> <span class='ocrx_word' id='word_1_728' title='bbox 1055 2385 1085 2408; x_wconf 94' lang='lat' dir='ltr'><strong>ut</strong></span> <span class='ocrx_word' id='word_1_729' title='bbox 1098 2383 1244 2410; x_wconf 86' lang='lat' dir='ltr'><strong>monachus</strong></span> <span class='ocrx_word' id='word_1_730' title='bbox 1258 2384 1365 2418; x_wconf 84' lang='lat' dir='ltr'><strong>quidam</strong></span> <span class='ocrx_word' id='word_1_731' title='bbox 1381 2386 1468 2413; x_wconf 85' lang='lat' dir='ltr'><strong>adhuc</strong></span> <span class='ocrx_word' id='word_1_732' title='bbox 1483 2394 1557 2421; x_wconf 83' lang='lat' dir='ltr'><strong>puer.</strong></span> <span class='ocrx_word' id='word_1_733' title='bbox 1568 2392 1657 2416; x_wconf 87' lang='lat' dir='ltr'><strong>motus</strong></span> <span class='ocrx_word' id='word_1_734' title='bbox 1670 2398 1740 2424; x_wconf 81' lang='lat' dir='ltr'><strong>qua-</strong></span> 
     </span>
    </p>
   </div>
   <div class='ocr_carea' id='block_1_107' title="bbox 946 2423 1736 2467">
    <p class='ocr_par' dir='ltr' id='par_1_107' title="bbox 946 2423 1736 2467">
     <span class='ocr_line' id='line_1_107' title="bbox 946 2423 1736 2467; baseline 0.014 -17"><span class='ocrx_word' id='word_1_735' title='bbox 946 2423 1007 2451; x_wconf 91' lang='lat' dir='ltr'><strong>dam</strong></span> <span class='ocrx_word' id='word_1_736' title='bbox 1031 2426 1187 2455; x_wconf 80' lang='lat' dir='ltr'><strong>curiositate</strong></span> <span class='ocrx_word' id='word_1_737' title='bbox 1201 2428 1242 2455; x_wconf 87' lang='lat' dir='ltr'><strong>vel</strong></span> <span class='ocrx_word' id='word_1_738' title='bbox 1266 2429 1465 2462; x_wconf 81' lang='lat' dir='ltr'><strong>sollicitudine,</strong></span> <span class='ocrx_word' id='word_1_739' title='bbox 1482 2439 1542 2458; x_wconf 87' lang='lat' dir='ltr'><strong>eum</strong></span> <span class='ocrx_word' id='word_1_740' title='bbox 1567 2423 1736 2467; x_wconf 82' lang='lat' dir='ltr'><strong>sequeretur.</strong></span> 
     </span>
    </p>
   </div>
   <div class='ocr_carea' id='block_1_108' title="bbox 948 2468 1738 2510">
    <p class='ocr_par' dir='ltr' id='par_1_108' title="bbox 948 2468 1738 2510">
     <span class='ocr_line' id='line_1_108' title="bbox 948 2468 1738 2510; baseline 0.014 -15"><span class='ocrx_word' id='word_1_741' title='bbox 948 2468 1018 2496; x_wconf 85' lang='lat' dir='ltr'><strong>Ecce</strong></span> <span class='ocrx_word' id='word_1_742' title='bbox 1032 2475 1123 2498; x_wconf 87' lang='lat' dir='ltr'><strong>autem</strong></span> <span class='ocrx_word' id='word_1_743' title='bbox 1145 2472 1292 2501; x_wconf 85' lang='lat' dir='ltr'><strong>beatissimi</strong></span> <span class='ocrx_word' id='word_1_744' title='bbox 1306 2474 1355 2501; x_wconf 90' lang='lat' dir='ltr'><strong>viri</strong></span> <span class='ocrx_word' id='word_1_745' title='bbox 1370 2477 1524 2510; x_wconf 85' lang='lat' dir='ltr'><strong>conspectui</strong></span> <span class='ocrx_word' id='word_1_746' title='bbox 1536 2477 1657 2506; x_wconf 89' lang='lat' dir='ltr'><strong>diabolus</strong></span> <span class='ocrx_word' id='word_1_747' title='bbox 1671 2479 1738 2506; x_wconf 79' lang='lat' dir='ltr'><strong>insi-</strong></span> 
     </span>
    </p>
   </div>
   <div class='ocr_carea' id='block_1_109' title="bbox 949 2513 1736 2554">
    <p class='ocr_par' dir='ltr' id='par_1_109' title="bbox 949 2513 1736 2554">
     <span class='ocr_line' id='line_1_109' title="bbox 949 2513 1736 2554; baseline 0.015 -14"><span class='ocrx_word' id='word_1_748' title='bbox 949 2513 1037 2541; x_wconf 87' lang='lat' dir='ltr'><strong>diator</strong></span> <span class='ocrx_word' id='word_1_749' title='bbox 1061 2516 1146 2543; x_wconf 84' lang='lat' dir='ltr'><strong>forma</strong></span> <span class='ocrx_word' id='word_1_750' title='bbox 1171 2517 1270 2552; x_wconf 83' lang='lat' dir='ltr'><strong>ingenti</strong></span> <span class='ocrx_word' id='word_1_751' title='bbox 1285 2523 1364 2554; x_wconf 83' lang='lat' dir='ltr'><strong>atque</strong></span> <span class='ocrx_word' id='word_1_752' title='bbox 1379 2521 1489 2548; x_wconf 86' lang='lat' dir='ltr'><strong>terribili</strong></span> <span class='ocrx_word' id='word_1_753' title='bbox 1510 2529 1569 2549; x_wconf 87' lang='lat' dir='ltr'><strong>sese</strong></span> <span class='ocrx_word' id='word_1_754' title='bbox 1582 2522 1669 2551; x_wconf 80' lang='lat' dir='ltr'><strong>oﬂert.</strong></span> <span class='ocrx_word' id='word_1_755' title='bbox 1682 2523 1736 2552; x_wconf 90' lang='lat' dir='ltr'><strong>Sed</strong></span> 
     </span>
    </p>
   </div>
   <div class='ocr_carea' id='block_1_110' title="bbox 949 2560 1735 2597">
    <p class='ocr_par' dir='ltr' id='par_1_110' title="bbox 949 2560 1735 2597">
     <span class='ocr_line' id='line_1_110' title="bbox 949 2560 1735 2597; baseline 0.014 -11"><span class='ocrx_word' id='word_1_756' title='bbox 949 2566 1009 2587; x_wconf 90' lang='lat' dir='ltr'><strong>cum</strong></span> <span class='ocrx_word' id='word_1_757' title='bbox 1033 2560 1107 2588; x_wconf 90' lang='lat' dir='ltr'><strong>illum</strong></span> <span class='ocrx_word' id='word_1_758' title='bbox 1127 2563 1308 2597; x_wconf 79' lang='lat' dir='ltr'><strong>spiritualibus</strong></span> <span class='ocrx_word' id='word_1_759' title='bbox 1333 2565 1455 2593; x_wconf 89' lang='lat' dir='ltr'><strong>indutum</strong></span> <span class='ocrx_word' id='word_1_760' title='bbox 1472 2568 1553 2595; x_wconf 77' lang='lat' dir='ltr'><strong>armis</strong></span> <span class='ocrx_word' id='word_1_761' title='bbox 1569 2572 1668 2597; x_wconf 80' lang='lat' dir='ltr'><strong>terrere</strong></span> <span class='ocrx_word' id='word_1_762' title='bbox 1682 2577 1735 2597; x_wconf 86' lang='lat' dir='ltr'><strong>non</strong></span> 
     </span>
    </p>
   </div>
   <div class='ocr_carea' id='block_1_111' title="bbox 950 2610 1738 2644">
    <p class='ocr_par' dir='ltr' id='par_1_111' title="bbox 950 2610 1738 2644">
     <span class='ocr_line' id='line_1_111' title="bbox 950 2610 1738 2644; baseline 0.013 -11"><span class='ocrx_word' id='word_1_763' title='bbox 950 2611 1058 2641; x_wconf 85' lang='lat' dir='ltr'><strong>posset,</strong></span> <span class='ocrx_word' id='word_1_764' title='bbox 1075 2615 1124 2636; x_wconf 90' lang='lat' dir='ltr'><strong>nec</strong></span> <span class='ocrx_word' id='word_1_765' title='bbox 1146 2610 1301 2644; x_wconf 88' lang='lat' dir='ltr'><strong>opinantem</strong></span> <span class='ocrx_word' id='word_1_766' title='bbox 1316 2613 1478 2640; x_wconf 90' lang='lat' dir='ltr'><strong>monachum</strong></span> <span class='ocrx_word' id='word_1_767' title='bbox 1493 2618 1568 2641; x_wconf 87' lang='lat' dir='ltr'><strong>tanto</strong></span> <span class='ocrx_word' id='word_1_768' title='bbox 1579 2614 1668 2643; x_wconf 68' lang='lat' dir='ltr'><strong>aﬁecit</strong></span> <span class='ocrx_word' id='word_1_769' title='bbox 1683 2620 1738 2644; x_wconf 87' lang='lat' dir='ltr'><strong>ter-</strong></span> 
     </span>
    </p>
   </div>
   <div class='ocr_carea' id='block_1_112' title="bbox 948 2654 1736 2688">
    <p class='ocr_par' dir='ltr' id='par_1_112' title="bbox 948 2654 1736 2688">
     <span class='ocr_line' id='line_1_112' title="bbox 948 2654 1736 2688; baseline 0.013 -10"><span class='ocrx_word' id='word_1_770' title='bbox 948 2659 1028 2685; x_wconf 88' lang='lat' dir='ltr'><strong>rore,</strong></span> <span class='ocrx_word' id='word_1_771' title='bbox 1047 2657 1076 2680; x_wconf 93' lang='lat' dir='ltr'><strong>ut</strong></span> <span class='ocrx_word' id='word_1_772' title='bbox 1089 2654 1191 2688; x_wconf 87' lang='lat' dir='ltr'><strong>trepido</strong></span> <span class='ocrx_word' id='word_1_773' title='bbox 1204 2656 1288 2688; x_wconf 84' lang='lat' dir='ltr'><strong>gradu</strong></span> <span class='ocrx_word' id='word_1_774' title='bbox 1300 2656 1334 2683; x_wconf 88' lang='lat' dir='ltr'><strong>ad</strong></span> <span class='ocrx_word' id='word_1_775' title='bbox 1355 2657 1450 2684; x_wconf 86' lang='lat' dir='ltr'><strong>cellam</strong></span> <span class='ocrx_word' id='word_1_776' title='bbox 1472 2658 1543 2686; x_wconf 89' lang='lat' dir='ltr'><strong>illico</strong></span> <span class='ocrx_word' id='word_1_777' title='bbox 1557 2664 1736 2688; x_wconf 86' lang='lat' dir='ltr'><strong>revertentem</strong></span> 
     </span>
    </p>
   </div>
   <div class='ocr_carea' id='block_1_113' title="bbox 948 2698 1488 2737">
    <p class='ocr_par' dir='ltr' id='par_1_113' title="bbox 948 2698 1488 2737">
     <span class='ocr_line' id='line_1_113' title="bbox 948 2698 1488 2737; baseline 0.013 -13"><span class='ocrx_word' id='word_1_778' title='bbox 948 2698 1132 2726; x_wconf 85' lang='lat' dir='ltr'><strong>ardentissima</strong></span> <span class='ocrx_word' id='word_1_779' title='bbox 1148 2700 1228 2727; x_wconf 81' lang='lat' dir='ltr'><strong>febris</strong></span> <span class='ocrx_word' id='word_1_780' title='bbox 1239 2708 1302 2728; x_wconf 87' lang='lat' dir='ltr'><strong>mox</strong></span> <span class='ocrx_word' id='word_1_781' title='bbox 1317 2703 1488 2737; x_wconf 89' lang='lat' dir='ltr'><strong>corripuerit.</strong></span> 
     </span>
    </p>
   </div>
   <div class='ocr_carea' id='block_1_114' title="bbox 982 2742 1737 2784">
    <p class='ocr_par' dir='ltr' id='par_1_114' title="bbox 982 2742 1737 2784">
     <span class='ocr_line' id='line_1_114' title="bbox 982 2742 1737 2784; baseline 0.013 -15"><span class='ocrx_word' id='word_1_782' title='bbox 982 2742 1009 2769; x_wconf 82' lang='grc'>4.</span> <span class='ocrx_word' id='word_1_783' title='bbox 1031 2743 1133 2772; x_wconf 76' lang='lat' dir='ltr'><strong>Rursus</strong></span> <span class='ocrx_word' id='word_1_784' title='bbox 1148 2746 1270 2780; x_wconf 85' lang='lat' dir='ltr'><strong>pertinax</strong></span> <span class='ocrx_word' id='word_1_785' title='bbox 1283 2746 1327 2773; x_wconf 89' lang='lat' dir='ltr'><strong>ille</strong></span> <span class='ocrx_word' id='word_1_786' title='bbox 1339 2748 1478 2783; x_wconf 88' lang='lat' dir='ltr'><strong>impostor,</strong></span> <span class='ocrx_word' id='word_1_787' title='bbox 1492 2756 1603 2784; x_wconf 86' lang='lat' dir='ltr'><strong>sperans</strong></span> <span class='ocrx_word' id='word_1_788' title='bbox 1616 2758 1646 2779; x_wconf 90' lang='lat' dir='ltr'><strong>se</strong></span> <span class='ocrx_word' id='word_1_789' title='bbox 1659 2758 1737 2780; x_wconf 82' lang='lat' dir='ltr'><strong>sanc-</strong></span> 
     </span>
    </p>
   </div>
   <div class='ocr_carea' id='block_1_115' title="bbox 947 2789 1734 2832">
    <p class='ocr_par' dir='ltr' id='par_1_115' title="bbox 947 2789 1734 2832">
     <span class='ocr_line' id='line_1_115' title="bbox 947 2789 1734 2832; baseline 0.014 -18"><span class='ocrx_word' id='word_1_790' title='bbox 947 2791 1003 2814; x_wconf 86' lang='lat' dir='ltr'><strong>lum</strong></span> <span class='ocrx_word' id='word_1_791' title='bbox 1016 2789 1102 2817; x_wconf 86' lang='lat' dir='ltr'><strong>virum</strong></span> <span class='ocrx_word' id='word_1_792' title='bbox 1125 2791 1167 2818; x_wconf 88' lang='lat' dir='ltr'><strong>vel</strong></span> <span class='ocrx_word' id='word_1_793' title='bbox 1191 2791 1278 2826; x_wconf 84' lang='lat' dir='ltr'><strong>aliqua</strong></span> <span class='ocrx_word' id='word_1_794' title='bbox 1293 2792 1397 2821; x_wconf 86' lang='lat' dir='ltr'><strong>ratione</strong></span> <span class='ocrx_word' id='word_1_795' title='bbox 1411 2795 1627 2829; x_wconf 85' lang='lat' dir='ltr'><strong>perturbaturum</strong></span> <span class='ocrx_word' id='word_1_796' title='bbox 1639 2817 1648 2830; x_wconf 86' lang='lat'><strong>,</strong></span> <span class='ocrx_word' id='word_1_797' title='bbox 1662 2797 1734 2832; x_wconf 84' lang='lat' dir='ltr'><strong>ignei</strong></span> 
     </span>
    </p>
   </div>
   <div class='ocr_carea' id='block_1_116' title="bbox 945 2831 1735 2869">
    <p class='ocr_par' dir='ltr' id='par_1_116' title="bbox 945 2831 1735 2869">
     <span class='ocr_line' id='line_1_116' title="bbox 945 2831 1735 2869; baseline 0.014 -11"><span class='ocrx_word' id='word_1_798' title='bbox 945 2831 1069 2860; x_wconf 81' lang='lat' dir='ltr'><strong>draconis</strong></span> <span class='ocrx_word' id='word_1_799' title='bbox 1083 2836 1173 2869; x_wconf 85' lang='lat' dir='ltr'><strong>specie</strong></span> <span class='ocrx_word' id='word_1_800' title='bbox 1187 2843 1216 2864; x_wconf 88' lang='lat' dir='ltr'><strong>se</strong></span> <span class='ocrx_word' id='word_1_801' title='bbox 1233 2836 1270 2864; x_wconf 91' lang='lat' dir='ltr'><strong>illi</strong></span> <span class='ocrx_word' id='word_1_802' title='bbox 1284 2837 1410 2865; x_wconf 87' lang='lat' dir='ltr'><strong>ostendit.</strong></span> <span class='ocrx_word' id='word_1_803' title='bbox 1426 2838 1477 2866; x_wconf 82' lang='lat' dir='ltr'><strong>Sed</strong></span> <span class='ocrx_word' id='word_1_804' title='bbox 1491 2839 1631 2868; x_wconf 79' lang='lat' dir='ltr'><strong>confestim</strong></span> <span class='ocrx_word' id='word_1_805' title='bbox 1646 2831 1735 2869; x_wconf 83' lang='lat' dir='ltr'><strong>crucis</strong></span> 
     </span>
    </p>
   </div>
   <div class='ocr_carea' id='block_1_117' title="bbox 946 2879 1734 2913">
    <p class='ocr_par' dir='ltr' id='par_1_117' title="bbox 946 2879 1734 2913">
     <span class='ocr_line' id='line_1_117' title="bbox 946 2879 1734 2913; baseline 0.011 -9"><span class='ocrx_word' id='word_1_806' title='bbox 946 2879 1021 2912; x_wconf 80' lang='lat' dir='ltr'><strong>signo</strong></span> <span class='ocrx_word' id='word_1_807' title='bbox 1043 2879 1171 2913; x_wconf 82' lang='lat' dir='ltr'><strong>territus,</strong></span> <span class='ocrx_word' id='word_1_808' title='bbox 1190 2881 1308 2910; x_wconf 81' lang='lat' dir='ltr'><strong>evanuit.</strong></span> <span class='ocrx_word' id='word_1_809' title='bbox 1331 2881 1390 2910; x_wconf 68' lang='lat' dir='ltr'><strong>iam</strong></span> <span class='ocrx_word' id='word_1_810' title='bbox 1409 2883 1480 2912; x_wconf 83' lang='lat' dir='ltr'><strong>enim</strong></span> <span class='ocrx_word' id='word_1_811' title='bbox 1499 2883 1613 2912; x_wconf 84' lang='lat' dir='ltr'><strong>invictus</strong></span> <span class='ocrx_word' id='word_1_812' title='bbox 1633 2885 1734 2913; x_wconf 76' lang='lat' dir='ltr'><strong>athleta</strong></span> 
     </span>
    </p>
   </div>
  </div>
