3874 6224
405 414 474 464 35
1672 409 1949 469 DYNAMII
1990 406 2304 464 l‘ATRlClI.
3555 412 3627 467 56

402 532 609 585 hostem
637 526 828 598 sapius
853 529 1156 594 superatum
1184 518 1399 574 minime
1432 517 1766 573 formidabat.
1801 517 1952 573 Post-
1988 526 2028 577 Α
2057 529 2204 574 stans
2223 560 2239 582 ,
2266 520 2468 587 justitia
2497 523 2775 592 singulari»:
2798 563 2814 588 ,
2844 522 3142 580 humilitate
3162 527 3437 593 sublimis,
3458 542 3625 595 opum

397 635 560 690 quam
590 626 767 673 autem
798 616 959 670 totius
985 610 1169 666 insulae
1190 607 1491 664 Lirinensis
1518 608 1818 701 peragravit
1845 621 1965 659 am-

400 711 567 766 bitutn
588 748 605 775 ,
631 709 779 763 ocius
808 703 1030 760 accessit
1056 700 1121 755 ad
1151 699 1406 755 lectulum
1449 695 1741 766 agrotantis
1768 695 1960 747 r‘nona-

398 803 673 870 chi,quem
694 796 921 851 diximus
944 794 996 847 in
1027 792 1229 847 febrem
1252 791 1528 845 incidisse:
1552 788 1795 855 clamque
1820 786 1961 855 apud

401 890 545 945 illuni
574 889 708 942 intra
737 898 933 938 arcana
965 881 1200 953 pectoris
1226 880 1307 935 sui
1330 893 1514 948 preces
1545 878 1656 932 Deo
1694 876 1921 929 fundens
1942 914 1958 940 ,

400 978 451 1032 id
479 977 675 1040 effecit,
702 982 761 1026 ut
782 987 908 1027 mox
934 974 1209 1027 restitutus
1232 969 1302 1023 sit
1322 966 1673 1021 incolumitati
1705 964 1954 1036 pristinae,

396 1076 451 1121 et
477 1065 651 1136 przeda
679 1080 773 1119 sua
804 1062 1081 1117 frustratus
1104 1062 1172 1115 sit
1200 1056 1366 1111 hostis
1385 1056 1581 1111 elusus.
1612 1055 1795 1124 Itaque
1815 1056 1958 1109 obti-

395 1156 515 1212 nuit
551 1156 761 1223 gemina
804 1157 973 1208 virtus
1004 1149 1250 1203 invictam
1290 1146 1568 1201 victoriam
1596 1185 1612 1209 ,
1651 1144 1865 1212 quando
1902 1152 1958 1197 et

393 1248 537 1301 vires
585 1252 785 1312 :egroto
836 1239 1177 1301 reddidit,et
1221 1235 1583 1291 adversarium
1634 1232 1953 1303 imperavit:

394 1337 701 1405 deplorante
730 1330 942 1384 inimico
967 1326 1229 1394 jacturam
1275 1341 1435 1396 quam
1470 1324 1712 1391 fecerat,
1744 1323 1958 1377 laetante

396 1424 656 1480 monacho
684 1421 857 1475 salute
881 1434 1043 1488 quam
1070 1418 1433 1486 recuperavit.

466 1531 516 1585 5.
555 1532 643 1588 Sic
657 1540 829 1585 autem
850 1528 1072 1595 singulis
1093 1525 1337 1580 noctibus
1360 1531 1541 1594 pastor
1560 1523 1800 1591 egregius
1820 1522 1959 1577 ovile

396 1625 715 1679 dominicum
761 1618 1228 1677 circumlustrans,
1261 1628 1327 1667 ne
1354 1612 1479 1680 quid
1505 1611 1711 1665 adversi
1743 1610 1953 1665 accide-

394 1712 575 1781 ret,ad
602 1713 746 1765 littus
766 1706 1011 1775 :cquoris,
1027 1703 1171 1772 quod
1194 1711 1412 1756 vocatur
1432 1700 1617 1762 moles,
1633 1699 1955 1768 quandoque

393 1803 617 1857 accessit
637 1840 652 1862 ,
684 1812 910 1865 moxque
938 1802 1207 1849 veterator
1236 1793 1326 1847 ille
1354 1791 1633 1862 prinstigiis
1660 1792 1769 1846 suis
1795 1807 1954 1848 ausus

2058 615 2412 675 eontemptor,
2444 611 2699 678 dignitate
2717 613 2965 682 copiosus
2988 621 3041 669 et
3068 611 3290 670 aflluens
3319 616 3437 673 fuit.
3465 616 3618 672 Tem-

2058 698 2200 767 plum
2224 698 2274 751 in
2304 698 2587 766 thegiensi
2614 703 2835 759 caslcllo
2864 706 2916 759 in
2946 704 3085 758 beati
3113 705 3288 760 Albini
3319 708 3581 764 honor¢m
3606 747 3623 770 .

2057 798 2255 858 quanta
2285 789 2446 842 animi
2478 793 2649 858 potuit
2687 794 3001 858 devotione,
3026 794 3263 851 condidit
3284 836 3300 859 ,
3332 798 3486 866 cujus
3527 813 3626 854 co-

2059 879 2284 943 lumnas,
2305 893 2436 947 quas
2461 880 2722 947 hodieque
2753 884 2859 939 illic
2880 900 3099 941 cernere
3124 886 3285 951 licet,
3305 886 3433 955 juga
3459 889 3624 943 boum

2056 984 2125 1025 eo
2156 979 2550 1038 pertraxerunt,
2579 973 2671 1025 sed
2691 968 2771 1026 ita
2803 984 2977 1031 tamen
3000 1016 3018 1043 ,
3050 986 3107 1031 ut
3135 979 3330 1031 nullam
3358 980 3627 1033 sentirent

2058 1061 2190 1114 tanti
2237 1062 2486 1130 ponderis
2526 1062 2823 1116 molestiam
2850 1099 2865 1127 ,
2913 1068 3029 1133 ejus
3075 1071 3356 1123 sanctitate
3401 1069 3453 1123 id
3501 1068 3625 1123 effl—

2056 1149 2231 1203 ciente
2253 1189 2269 1212 ,
2299 1154 2534 1221 quandiu
2570 1154 2656 1207 ille
2682 1154 2747 1206 ad
2780 1154 2960 1222 templi
2999 1165 3318 1215 structuram
3349 1161 3626 1229 operarius

2058 1236 2353 1292 indefessus
2382 1241 2587 1296 aderat.
2636 1241 2786 1309 Quod
2831 1242 2873 1295 si
2903 1258 3029 1297 vero
3056 1246 3241 1299 abesse
3266 1263 3386 1301 cum
3416 1250 3626 1304 eontim

2056 1328 2545 1395 geret,nequissimi
2568 1332 2825 1385 dmmonis
2846 1332 3049 1386 oecu'ta
3072 1336 3461 1391 machinatione
3481 1339 3622 1392 adeo

2057 1432 2242 1471 eorum
2268 1420 2502 1485 pondere
2523 1424 2901 1489 premebantur
2928 1425 3089 1477 hoves
3109 1427 3363 1486 universi,
3383 1436 3440 1480 ut
3462 1428 3625 1481 nullis

2055 1508 2280 1564 stimulis
2301 1509 2437 1577 adigi
2469 1522 2686 1580 possent
2714 1513 2777 1564 ad
2807 1513 3269 1582 progrediendum.
3304 1515 3411 1570 Etsi
3442 1517 3626 1586 plures

2056 1596 2143 1649 alii
2174 1597 2406 1664 adjuncti
2433 1608 2643 1665 essent,
2674 1604 2958 1657 manebant
2986 1605 3191 1658 immoti
3222 1620 3426 1669 omnes,
3453 1620 3627 1673 quan-

2057 1684 2248 1738 tumvis
2295 1687 2551 1740 atrociter
2594 1689 2924 1743 casderentur
2950 1702 3109 1759 atque
3147 1696 3530 1751 sauciarentur.
3561 1695 3623 1749 Id

2054 1770 2144 1825 ubi
2190 1772 2335 1827 celer
2370 1774 2587 1830 nuntius
2633 1776 2939 1831 beatissimo
2997 1782 3216 1833 autitisti
3262 1783 3623 1850 significavit,

390 1898 476 1945 est
502 1898 749 1956 tanquam
781 1898 966 1939 navem
997 1890 1242 1937 onustam
1272 1881 1443 1935 oculis
1480 1881 1629 1936 ocius
1657 1896 1947 1950 repraesen-

2058 1861 2147 1915 ille
2168 1862 2538 1919 incunctanter
2577 1875 2735 1936 atque
2773 1866 2995 1922 fidenter
3036 1871 3281 1925 veniebat
3305 1874 3370 1927 ad
3398 1875 3575 1931 locum
3604 1916 3619 1937 .

394 1983 836 2044 tare,-naulasqtte
848 1988 945 2027 suo
970 1986 1120 2025 more
1142 1969 1403 2025 ferventes
1430 1970 1483 2024 in
1504 1971 1955 2039 opere,navisque

392 2072 738 2128 instrumenta
789 2066 1126 2133 colligentes:
1159 2062 1293 2118 duos
1320 2078 1449 2117 vero
1477 2077 1545 2116 ex
1576 2062 1678 2116 illis
1705 2062 1773 2115 ad
1810 2062 1951 2117 beati

393 2162 490 2215 viri
523 2161 684 2214 latera
716 2156 1026 2212 accedentes
1048 2193 1063 2219 ,
1093 2154 1432 2223 dicentesque
1469 2170 1529 2209 se
1568 2169 1634 2208 eo
1675 2154 1951 2208 advenisse

394 2246 705 2314 negociamli
728 2245 1063 2310 causa,quod
1088 2259 1193 2296 non
1224 2243 1337 2296 sine
1356 2243 1552 2309 ingenti
1590 2243 1736 2296 lucro
1763 2243 1812 2295 id
1838 2243 1950 2296 fore

391 2338 469 2392 rei
497 2343 716 2391 eventus
758 2332 1098 2386 declarasset.
1130 2330 1200 2384 Se
1249 2345 1405 2384 nosse
1444 2330 1589 2384 illum
1618 2329 1903 2383 Maximum
1932 2369 1946 2391 ,

395 2444 499 2482 non
546 2426 718 2480 minus
766 2422 1083 2490 sanctitate,
1125 2436 1285 2491 quam
1330 2421 1572 2478 nomine:
1618 2437 1843 2491 cumque
1895 2423 1948 2477 in

394 2520 523 2572 locis
552 2515 911 2571 transmarinis
951 2521 1228 2582 tantopere
1258 2512 1545 2568 desiderari
1571 2514 1637 2568 ab
1665 2514 1910 2569 omnibus
1929 2554 1945 2581 ,

394 2618 448 2659 ut
476 2607 518 2660 si
549 2620 668 2660 eum
699 2604 941 2659 obtinere
968 2604 1209 2671 possint,
1241 2603 1369 2656 nihil
1395 2604 1499 2658 sint
1526 2604 1713 2672 majori
1743 2606 1794 2658 in
1820 2620 1945 2674 pre-

389 2696 463 2750 tio
493 2693 738 2747 habituri.
781 2692 992 2744 Nullum
1038 2705 1097 2745 se
1144 2691 1301 2759 igitur
1329 2692 1500 2759 majus
1543 2692 1774 2748 facturos
1801 2709 1948 2749 com-

388 2782 673 2849 pendium,
702 2794 860 2848 quam
906 2780 949 2831 si
998 2778 1167 2848 ipsum
1219 2780 1340 2833 navi
1394 2782 1700 2851 impositum
1746 2785 1948 2853 possint

387 2872 649 2924 abducere
672 2867 1111 2937 Hierosolymam,
1135 2877 1326 2936 pnnter
1346 2870 1653 2939 opinionem
1696 2887 1947 2928 successu

390 2977 645 3033 prospero
671 2968 960 3029 repertum.
980 2959 1033 3012 Id
1066 2974 1192 3014 vero
1220 2961 1405 3028 procul
1434 2960 1596 3016 dubio
1627 2977 1819 3030 magno
1847 2964 1947 3036 ipsi

390 3051 578 3105 honori
601 3058 654 3104 et
701 3047 939 3115 dignitati
969 3044 1084 3102 fore
1116 3087 1129 3110 ,
1155 3050 1197 3101 si
1229 3047 1366 3103 felici
1394 3063 1552 3103 cursu
1580 3065 1645 3105 eo
1690 3052 1949 3109 adductus

386 3115 484 3202 sit,
507 3139 593 3193 ubi
622 3136 674 3190 in
704 3145 903 3189 tantmu
927 3136 1065 3190 votis
1086 3136 1321 3191 omnium
1351 3148 1707 3208 exspectetur.
1736 3142 1839 3196 Sed
1871 3143 1949 3196 vir

2058 1966 2159 2006 nec
2186 1961 2388 2009 terrore
2418 1956 2652 2024 trepidus
2676 1998 2692 2023 ,
2723 1972 2821 2011 nec
2848 1973 3076 2013 moerere
3101 1962 3456 2028 perturbatus.
3482 1962 3621 2018 Tum

2055 2054 2183 2104 vero
2231 2042 2399 2097 hostis
2485 2045 2839 2114 nequissimus
2890 2047 3005 2115 ejus
3042 2049 3223 2103 oculos
3272 2049 3457 2106 fallere
3508 2067 3619 2105 non

2052 2134 2225 2200 potuit
2250 2174 2263 2197 ,
2289 2148 2385 2189 nec
2410 2150 2469 2189 se
2496 2137 2560 2188 ab
2588 2135 2703 2202 ejus
2731 2148 3019 2206 conspectu
3048 2140 3342 2194 subducere
3363 2181 3377 2202 ,
3410 2142 3499 2211 qui
3528 2152 3618 2196 to-

2050 2220 2155 2273 tius
2196 2222 2374 2290 populi
2420 2224 2589 2279 oculis
2618 2226 2854 2292 conspici
2907 2241 3011 2279 non
3061 2236 3287 2296 poterat.
3320 2230 3409 2283 Ait
3435 2239 3617 2285 autem

2049 2307 2131 2361 vir
2156 2316 2371 2364 sanctus
2398 2310 2463 2365 ad
2487 2312 2632 2366 illos:
2660 2312 2873 2367 Frustra
2895 2316 3101 2369 vexatis
3124 2316 3363 2385 jumenta
3394 2323 3619 2377 rationis

2048 2398 2319 2468 expertia,
2349 2399 2477 2454 dum
2504 2402 2699 2456 inimici
2728 2404 3102 2470 impedimenta
3130 2422 3351 2463 cernere
3382 2426 3485 2463 non
3519 2427 3619 2481 po-

2051 2476 2220 2547 testis.
2248 2489 2357 2559 Ego
2378 2508 2506 2547 vero
2529 2508 2745 2561 parvum
2768 2495 3075 2565 Ethiopcm
3092 2498 3269 2567 video,
3292 2500 3463 2556 bobus
3490 2476 3614 2559 sese

2048 2581 2404 2649 objicientetn.
2423 2582 2547 2637 Inde
2569 2583 2717 2637 flexis
2738 2584 2995 2653 genibus,
3025 2596 3143 2640 orat
3166 2590 3389 2657 supplex
3419 2591 3613 2657 Deum,

2047 2678 2108 2722 ιιι
2136 2669 2303 2724 hostis
2348 2672 2565 2727 insidias
2605 2682 2830 2727 avertat.
2872 2673 2997 2742 Ejus
3027 2692 3212 2745 preces
3241 2680 3500 2747 malignas
3525 2682 3618 2738 ille

2046 2756 2184 2813 ferre.
2210 2776 2316 2814 non
2346 2761 2609 2817 sustinens
2633 2803 2650 2829 ,
2683 2763 2831 2817 ocius
2859 2779 2962 2818 non
2991 2766 3106 2820 sine
3138 2769 3411 2823 teterrimo
3438 2769 3614 2827 fetore

2046 2848 2267 2904 recedit.
2296 2850 2414 2905 Mox
2445 2851 2636 2906 amotis
2656 2851 2824 2907 bobus
2849 2894 2864 2919 ,
2892 2855 2983 2921 qui
3015 2856 3129 2909 aliis
3157 2856 3393 2925 adjuncti
3423 2873 3611 2924 erant.

2047 2941 2308 2995 columna:
2350 2942 2466 2997 sine
2506 2942 2817 2999 diﬂicultate
2845 2945 2950 2999 ulla
2980 2946 3045 3001 ad
3090 2948 3264 3003 locum
3290 2950 3612 3007 destinatum

2049 3031 2445 3101 pertrahunur.

2121 3141 2172 3195 7.
2206 3142 2385 3211 Neque
2412 3143 2427 3197 i
2452 3144 2538 3204 Iud
2569 3146 2637 3200 ob
2664 3144 3054 3203 confirmandos
3081 3149 3456 3221 Rliegiensium
3488 3155 3607 3209 ani-

388 3231 482 3285 ὓιιί
529 3228 745 3283 insidias
765 3268 780 3293 ,
812 3238 863 3279 ct
907 3228 1103 3280 malum
1131 3227 1308 3280 dolum
1356 3229 1551 3283 inimici
1579 3244 1906 3296 cognoscens
1927 3274 1942 3298 ,
1974 3204 2015 3263 δ
2050 3246 2167 3285 mos
2195 3232 2546 3287 omittendum
2591 3236 2912 3305 putavimus,
2957 3240 3098 3307 quod
3127 3256 3246 3294 cum
3277 3241 3611 3299 beatissimus

385 3330 584 3375 sancta:
607 3315 776 3372 crucis
799 3315 950 3381 signo
978 3329 1038 3369 se
1063 3316 1377 3381 communit,
1397 3319 1670 3373 cmlestem
1701 3321 1946 3389 implorat

388 3399 542 3478 opem
566 3450 583 3475 ,
614 3420 677 3460 ac
703 3404 893 3458 deinde
921 3402 1146 3473 spiritali
1174 3406 1491 3462 auctoritate
1519 3408 1596 3462 sic
1625 3410 1941 3477 respondet:

392 3502 593 3555 Fallere
624 3513 727 3552 non
758 3504 932 3565 potest
975 3496 1168 3550 milites
1216 3497 1409 3552 Christi
1448 3502 1679 3569 nequitia
1724 3504 1862 3571 plani
1893 3514 1947 3559 et

386 3590 724 3661 impostoris,
750 3602 847 3642 nec
889 3586 995 3641 suis
1039 3585 1309 3642 fraudibus
1353 3589 1456 3643 illis
1483 3598 1679 3660 'potest
1726 3594 1946 3649 illudere

389 3683 647 3750 malignus
674 3721 688 3743 ,
718 3678 910 3745 quibus
937 3677 1076 3732 Deus
1104 3677 1154 3731 id
1184 3688 1397 3748 praestat
1423 3722 1438 3745 ,
1464 3690 1521 3735 ut
1549 3684 1766 3738 adversa
1804 3702 1942 3754 pne-

388 3772 567 3825 videre
594 3776 811 3837 queant.
845 3766 993 3821 [huc
1021 3782 1148 3822 vero
1194 3767 1417 3821 insulam
1451 3786 1617 3842 usque
1660 3774 1795 3829 adeo
1825 3776 1945 3829 bea-

388 3860 572 3913 lissittii
605 3856 856 3911 llonorati
888 3856 1313 3911 communierunt
1355 3873 1576 3927 preces,
1604 3864 1820 3931 expulso
1851 3881 1945 3935 per

386 3964 508 4003 eum
556 3947 784 4000 dracone
834 3944 947 4011 ejus
991 3945 1335 4008 habitatore.
1369 3956 1427 4000 ut
1474 3950 1651 4004 nullus
1694 3951 1943 4023 deinceps

384 4036 609 4095 nocendi
637 4034 812 4091 aditus
841 4037 894 4089 in
926 4051 1044 4089 eam
1061 4046 1242 4106 pateat
1268 4037 1503 4094 diabolo.
1524 4039 1636 4096 Sub
1666 4042 1748 4097 his
1770 4046 1944 4100 verbis

386 4129 453 4182 ab
475 4126 642 4183 oculis
658 4125 861 4181 orantis
883 4126 1099 4179 evanuit
1123 4127 1271 4179 navis
1296 4130 1683 4197 commentitia,
1714 4147 1943 4201 moxque

390 4216 481 4271 ille
506 4228 753 4272 reversus
781 4214 843 4268 ad
895 4216 1185 4268 oratorium
1218 4254 1231 4278 ,
1262 4216 1503 4272 hortatus
1532 4226 1613 4274 est
1657 4218 1863 4287 fratres,
1886 4230 1943 4275 ut

388 4305 453 4358 ad
490 4303 691 4370 vigilias
735 4311 1053 4372 surgerent,
1083 4318 1291 4372 unaque
1320 4320 1437 4359 cum
1479 4316 1660 4363 sancta
1692 4311 1777 4363 illa
1816 4326 1943 4366 con-

385 4394 689 4461 gregatione
717 4392 829 4461 ipse
854 4393 1229 4449 celeberrimas
1261 4395 1445 4449 laudes
1474 4399 1733 4465 persolvit
1763 4402 1811 4455 ei
1850 4417 1944 4468 per

386 4498 540 4552 quem
571 4486 636 4537 ab
666 4484 821 4537 hoste
845 4485 1121 4539 victoriam
1154 4495 1478 4553 reportaret.

459 4589 512 4645 ϐ.
550 4589 681 4647 Cum
721 4598 897 4644 autem
949 4589 1087 4646 fama
1115 4591 1394 4659 insignium
1428 4594 1678 4650 virtutum
1708 4596 1823 4663 eius
1849 4612 1944 4666 per

386 4680 571 4736 orbem
620 4680 919 4734 universum
970 4683 1217 4737 volitaret
1246 4726 1260 4745 .
1312 4686 1379 4738 ad
1438 4685 1751 4753 Rhegieusis
1797 4690 1943 4742 urbis

384 4769 744 4838 episeopatum
777 4784 879 4821 non
921 4771 1076 4824 modo
1101 4773 1293 4826 civium
1322 4814 1336 4838 ,
1366 4774 1462 4828 sed
1493 4776 1651 4830 etiam
1697 4780 1945 4833 sacerdo-

386 4866 495 4911 tum
528 4858 636 4911 sive
660 4860 941 4925 priesulum
965 4860 1198 4912 omnium
1220 4863 1393 4917 studio
1420 4880 1525 4917 non
1556 4867 1731 4921 minus
1758 4876 1943 4937 raptus

386 4960 543 5013 quam
572 4948 767 4999 electus
787 4986 801 5011 ,
832 4955 885 5001 ct
909 4948 1148 5015 quamvis
1171 4950 1365 5008 invitus
1384 4992 1398 5016 ,
1430 4954 1573 5006 illico
1602 4966 1943 5011 consecratus

385 5044 484 5089 est.
534 5034 643 5088 Etsi
670 5044 842 5089 autem
870 5036 977 5103 jam
1009 5048 1063 5091 et
1101 5054 1163 5091 re
1192 5048 1246 5092 et
1292 5042 1505 5095 nomine
1531 5042 1789 5098 Maximus
1812 5088 1825 5111 ,
1850 5048 1937 5099 vix

384 5124 582 5178 habere
608 5124 891 5189 videretur,
919 5126 966 5177 in
997 5142 1101 5194 quo
1132 5130 1356 5196 amplius
1384 5143 1686 5199 cresceret,
1718 5150 1782 5189 ne
1811 5137 1937 5203 quid

385 5220 560 5268 tamen
606 5214 804 5268 nomini
850 5216 1166 5279 decederet,
1199 5219 1336 5271 sicut
1362 5235 1523 5287 opere
1552 5230 1604 5275 et
1635 5222 1787 5278 factis
1815 5240 1938 5291 per-

386 5305 574 5357 mansit
620 5303 877 5358 Maximus
907 5346 921 5367 ,
954 5306 1104 5359 itaet
1153 5308 1204 5360 in
1253 5310 1456 5364 honore
1502 5313 1941 5367 excelluit.lnter

384 5404 571 5446 uetera
602 5392 755 5460 igitur
774 5402 918 5447 recte
942 5393 1220 5461 fat‘torum,
1246 5412 1361 5465 qua!
1391 5400 1441 5453 in
1474 5400 1563 5455 illo
1584 5402 1936 5471 refulgebant,

382 5490 693 5538 ornamenta
719 5522 733 5547 ,
764 5485 1015 5551 patientia
1062 5485 1211 5540 fortis
1234 5525 1248 5550 ,
1281 5488 1647 5545 benevolentia
1696 5492 1898 5561 patiens
1922 5531 1935 5553 ,

381 5574 626 5629 libertate
656 5572 847 5627 alacris
870 5614 883 5636 ,
911 5574 1223 5631 liberalitate
1252 5577 1559 5644 abundans,
1584 5581 1935 5649 magnanimi-

378 5668 485 5717 tate
514 5661 804 5727 benelicus,
830 5663 1154 5721 humanitate
1180 5667 1342 5733 mitis,
1373 5668 1653 5724 sedulitate
1677 5671 1901 5737 diligens
1918 5710 1935 5734 ,

379 5750 634 5809 charitate
658 5752 835 5810 suavis
855 5794 870 5821 ,
904 5754 1142 5823 largitate
1170 5759 1467 5816 communis
1490 5798 1505 5825 ,
1530 5760 1768 5815 doctrina
1797 5775 1933 5829 pia:-

2047 3322 2267 3377 antistes
2298 3323 2358 3374 al
2386 3323 2655 3378 basilicam
2703 3325 2769 3380 ab
2796 3326 2911 3395 ipso
2936 3337 3294 3385 constructam
3322 3346 3501 3390 sacras
3524 3350 3613 3391 re-

2047 3412 2235 3481 liquias
2255 3428 2462 3467 summo
2491 3429 2610 3468 cum
2641 3415 2845 3472 honore
2882 3419 3155 3487 psallendo
3183 3423 3488 3491 adduceret,
3520 3428 3611 3483 ubi

2046 3504 2110 3556 ad
2139 3503 2281 3558 urbis
2306 3514 2514 3573 portam
2535 3516 2752 3560 ventum
2774 3517 2876 3574 est,
2904 3510 2970 3563 ab
3001 3511 3286 3581 improviso
3313 3530 3500 3572 versus
3523 3518 3611 3573 ille

2046 3590 2230 3643 ordine
2247 3591 2479 3644 occurrit
2503 3608 2516 3644 :
2544 3591 2671 3646 Ηατε
2692 3604 2841 3663 porta
2866 3594 3092 3665 Domini,
3114 3600 3242 3668 justi
3264 3603 3527 3659 intrabunt
3553 3607 3607 3660 in

2044 3695 2176 3732 eam.
2206 3677 2355 3733 Unde
2382 3680 2567 3748 procul
2592 3682 2753 3736 dubio
2783 3684 2955 3754 colligi
2986 3694 3179 3755 potest,
3205 3688 3319 3757 ejus
3360 3695 3609 3760 precibus

2045 3768 2225 3821 urbem
2277 3768 2418 3822 illam
2448 3770 2582 3825 adeo
2611 3785 2727 3826 esse
2759 3774 3036 3839 munitam,
3078 3786 3136 3831 ut
3162 3778 3298 3832 sicut
3327 3780 3603 3848 hactenus,

2044 3856 2254 3912 Christo
2282 3860 2510 3928 propitio
2536 3861 2708 3915 nullos
2736 3862 2967 3917 hostium
2999 3866 3237 3921 incursus
3280 3867 3438 3937 longo
3467 3879 3604 3926 tem-

2044 3962 2231 4015 porum
2262 3948 2537 4002 intervallo
2585 3952 2819 4018 pertulit,
2868 3953 2938 4006 ita
2976 3954 3223 4026 deinceps
3253 3973 3465 4029 quoque
3494 3962 3603 4017 Deo

2044 4034 2251 4090 favente
2279 4038 2495 4091 minime
2526 4054 2840 4107 perpessura
2871 4042 2958 4096 sit.
2993 4042 3173 4100 Facile
3204 4049 3343 4101 enim
3375 4050 3602 4105 eximius

2043 4126 2133 4181 ille
2176 4138 2354 4195 pastor
2376 4166 2390 4190 ,
2425 4145 2579 4199 quem
2610 4131 2788 4185 vivere
2830 4140 3092 4187 testantur
3119 4135 3255 4189 facta
3283 4138 3433 4209 .ejus,
3486 4152 3603 4210 post

2043 4215 2318 4271 decessum
2347 4233 2501 4271 suum
2546 4218 2684 4287 apud
2711 4220 2874 4273 Deum
2902 4222 3146 4276 obtinere
3176 4228 3361 4293 potuit,
3393 4237 3453 4281 ut
3479 4230 3603 4283 urbs

2046 4306 2129 4358 illa
2162 4307 2210 4359 in
2238 4322 2340 4375 qua
2364 4308 2474 4375 ipse
2502 4305 2684 4363 fuisset
2710 4311 2949 4373 antistes,
2975 4313 3241 4380 prmclaris
3262 4317 3463 4370 meritis
3490 4322 3603 4373 suis

2044 4400 2313 4467 perpetuis
2341 4401 2664 4468 temporibus
2694 4404 2893 4455 munita
2923 4404 2990 4457 sit
3019 4406 3213 4459 virtute
3252 4410 3492 4477 corporis
3518 4412 3600 4464 sui

2047 4486 2097 4539 in
2129 4489 2323 4554 tenulo
2369 4490 2743 4551 sacratissimo,
2791 4492 2931 4559 quod
2986 4495 3239 4559 condidit,
3286 4511 3601 4554 eoruscante

1976 4564 2021 4621 D
2047 4576 2222 4629 multis
2250 4574 2533 4639 beneficiis,
2566 4593 2681 4646 qua:
2705 4578 2812 4631 illic
2836 4580 3075 4633 omnibus
3097 4592 3432 4649 prmstantur.

2115 4684 2167 4739 8.
2198 4685 2327 4739 Cum
2368 4686 2650 4754 aliquando
2680 4686 2732 4740 in
2780 4687 2965 4742 eadem
3005 4690 3219 4745 basilica
3266 4692 3347 4745 vir
3386 4701 3600 4748 sanctus

2046 4774 2291 4826 instantia
2324 4775 2572 4842 pastorali
2605 4774 2808 4843 vigilias
2846 4778 3155 4845 celebraret,
3187 4778 3380 4834 Ansani
3404 4780 3596 4837 Diaco-

2046 4866 2097 4917 ni
2128 4864 2435 4931 Rhegiensis
2465 4880 2651 4933 nepos,
2692 4866 2745 4919 id
2793 4876 2874 4921 est
2911 4867 3083 4922 fratris
3111 4870 3223 4938 ejus
3252 4871 3405 4935 filius,
3439 4888 3594 4941 quem

2047 4956 2317 5023 parvulum
2360 4964 2607 5023 parentes
2644 4971 2674 5009 e
2714 4958 2819 5009 vita
2870 4958 3124 5013 abeuntes
3167 4960 3506 5029 reliquerant,
3542 4974 3597 5014 et

2040 5046 2151 5113 ipse
2179 5045 2513 5099 nutriendum
2543 5055 2869 5114 susceperat,
2909 5050 3177 5119 magisque
3212 5065 3369 5118 quam
3398 5053 3441 5104 si
3469 5068 3596 5107 suus

2038 5146 2177 5190 esset
2208 5137 2360 5200 lilius,
2409 5137 2689 5205 diligebat,
2722 5153 2839 5191 cum
2873 5141 2921 5192 in
2965 5158 3116 5194 muro
3138 5143 3280 5194 urbis
3310 5143 3445 5196 illius
3474 5158 3595 5197 cum

2040 5224 2217 5291 pueris
2240 5223 2464 5289 luderet,
2490 5239 2520 5277 e
2555 5240 2706 5279 muro
2734 5228 3029 5297 prolapsus,
3065 5230 3360 5284 cervicibus
3389 5231 3593 5300 fractis,

2039 5316 2344 5384 exspiravit.
2376 5315 2500 5383 Ejus
2524 5316 2598 5367 rei
2630 5319 2811 5370 nuntio
2843 5319 2993 5372 valde
3021 5329 3393 5378 consternatus
3422 5321 3595 5378 Ansa-

2044 5419 2161 5471 nus,
2212 5406 2442 5459 accurrit
2488 5404 2754 5471 celeriter,
2804 5415 3116 5477 raptumque
3169 5410 3315 5475 pueri
3368 5412 3596 5465 cadaver

2042 5497 2249 5563 operuit
2265 5495 2614 5562 vestimentis,
2636 5503 2690 5549 et
2710 5497 2775 5549 ad
2800 5497 3009 5551 beatum
3024 5498 3322 5552 Antistitem
3342 5502 3477 5555 clam
3501 5502 3594 5555 de-

2039 5584 2291 5651 portavit,
2346 5584 2556 5638 interim
2610 5598 2787 5639 secum
2845 5592 3097 5651 tractans,
3145 5592 3590 5657 quemadmodum

2040 5673 2183 5725 illum
2210 5672 2415 5743 publice
2455 5673 2519 5726 ad
2556 5672 2719 5741 pedes
2746 5672 2862 5739 ejus
2906 5674 3216 5743 deponeret,
3246 5688 3299 5732 et
3344 5688 3399 5733 ut
3428 5680 3589 5730 vitam

2040 5762 2089 5815 ci
2120 5762 2438 5825 restitueret,
2471 5761 2694 5830 supplex
2740 5763 3061 5819 obsecraret.
3094 5765 3197 5821 Sed
3229 5769 3347 5837 quia
3377 5773 3595 5821 noverat
