3874 6224
218 408 270 458 .n
1441 384 1599 440 vna
1640 383 1882 440 SANCTI
1923 383 2187 439 naxon.
3390 390 3460 446 δε

214 507 611 583 protulissitnnm
635 503 834 561 Christi
862 503 1090 558 militem
1118 498 1337 555 omnino
1360 496 1541 567 fugere
1569 496 1781 566 jactan-
1812 498 1859 557 Α
1894 501 2040 549 tante
2087 492 2291 563 populo
2313 490 2515 546 οιαῖιδι
2560 491 2887 547 ύοῖιιηοιιιηὶο
2938 495 3141 552 Λιὶῡιιηι
3185 511 3457 568 Parentes.

212 608 346 665 iisin,
373 594 547 651 maluit
572 610 699 650 eum
744 593 991 662 perferre
1016 590 1085 645 ad
1114 588 1417 645 cubiculum
1463 587 1601 656 ejus,
1632 594 1687 640 et
1717 584 1775 639 in

208 691 388 750 lectulo
400 689 510 757 ejus
535 686 835 755 repositum
854 681 1208 751 operimentis
1230 679 1371 733 illius
1388 688 1586 747 tegere,
1618 690 1777 746 pror-

206 796 289 837 sus
307 780 439 835 conti
458 782 587 842 lens,
615 774 763 845 quod
785 774 1025 829 excitare
1049 786 1172 828 eum
1193 777 1374 842 posset
1391 769 1640 840 precibus
1664 766 1778 822 suis

216 870 432 924 medicus
455 863 766 936 spiritualis,
791 862 991 931 quippe
1020 860 1108 931 qui
1129 859 1286 929 aegris
1311 860 1683 915 consuevisset
1701 854 1776 909 at-

210 968 336 1016 terre
364 960 604 1013 salutem.
634 954 763 1007 lude
784 968 915 1016 vero
947 968 1053 1009 non
1074 952 1191 1007 sine
1213 950 1381 1010 multo
1409 947 1625 1018 quidem
1656 947 1771 1002 ani-

213 1053 269 1104 tni
310 1028 560 1110 mturare,
592 1044 686 1098 sed
729 1053 906 1098 tamen
955 1043 1145 1099 fiducia
1191 1042 1422 1111 plenus;
1468 1038 1776 1108 episcopum

128 1120 133 1129 ’
210 1140 323 1191 adiit
358 1137 405 1190 in
454 1132 651 1202 templo
679 1133 989 1201 vigilantem
1035 1140 1091 1186 et
1114 1137 1349 1184 stantem
1402 1128 1454 1182 in
1503 1126 1623 1182 loco
1653 1143 1774 1183 suo.

215 1230 273 1278 ria
290 1224 421 1287 viso,
450 1223 899 1277 clementissimus
924 1218 1135 1289 praisul,
1164 1226 1221 1271 ut
1242 1232 1307 1271 ea
1336 1230 1455 1285 qua:
1485 1226 1635 1283 gesta
1664 1215 1778 1270 fue-

211 1324 313 1367 rattl
343 1313 657 1383 explicaret,
704 1310 976 1366 silentium
1005 1306 1358 1377 psallentibns
1388 1307 1579 1362 indixit
1604 1324 1617 1359 :
1650 1320 1776 1376 pre-

214 1406 444 1472 ribusqne
469 1404 627 1459 solita
662 1402 952 1457 devotione
980 1398 1281 1469 completis.
1310 1399 1596 1455 diaconum
1628 1398 1776 1451 illum

216 1496 460 1546 Ausanum
487 1503 711 1563 propter
736 1506 799 1545 ea
830 1504 951 1558 qua:
983 1488 1185 1543 fecerat
1226 1490 1421 1544 acriter
1448 1486 1772 1556 objurgavit.

196 1565 300 1640 Sed
326 1584 412 1639 ille
440 1600 548 1638 non
600 1584 773 1637 solum
806 1580 1105 1636 terroribus
1133 1581 1273 1651 abigi
1303 1597 1409 1635 non
1438 1581 1635 1651 potuit,
1683 1578 1776 1635 sed

217 1676 360 1743 magis
402 1674 567 1729 etiam
620 1672 801 1727 animo
846 1680 1217 1742 compunctus,
1269 1672 1338 1727 ad
1369 1672 1530 1742 pedes
1575 1672 1692 1740 ejus
1718 1685 1777 1725 se

216 1766 395 1830 stravit,
446 1765 878 1833 exclamavitque
907 1779 965 1827 se
1015 1763 1135 1819 illos
1188 1766 1407 1819 minime
1447 1764 1774 1827 laxaturum,

1880 586 2068 654 pugnis
2114 600 2209 640 sua
2264 586 2549 639 verberant
2595 596 2835 653 pectora,
2886 602 2979 639 ora
3020 586 3263 659 Iacryntis
3292 609 3461 663 usque

1878 673 2013 729 adeo
2042 674 2218 741 rigant
2246 687 2409 742 super
2457 674 2587 741 tilio,
2615 685 2672 727 ut
2700 690 2730 727 e
2773 684 2911 729 terra
2941 688 3158 742 surgere
3182 696 3286 732 non
3314 684 3458 736 vale-

1879 769 1980 827 ret,
2010 761 2134 817 licet
2162 761 2325 816 etiam
2352 762 2639 817 redivivus.
2674 762 2890 819 Interim
2919 780 3134 819 manum
3166 784 3321 821 unam
3365 787 3460 840 pa-

1881 851 1968 915 tri,
2017 850 2244 905 alteram
2276 852 2431 905 matri
2482 853 2782 922 porrigens,
2814 857 3054 909 nutantia
3087 860 3321 912 membra
3362 861 3467 915 illis

1879 939 2207 1009 erigentibus
2233 942 2485 995 sustollit.
2519 943 2790 996 Acclamat
2815 946 3045 1014 populus
3076 946 3188 1001 Deo
3232 950 3464 1016 gratias:

1895 1033 1985 1088 ille
2006 1032 2132 1087 vita:
2162 1032 2423 1100 rcddims,
2464 1035 2527 1085 ad
2558 1046 2715 1086 suum
2740 1034 2873 1087 redit
2903 1037 3215 1105 hospitium,
3248 1039 3331 1091 cui
3352 1038 3465 1107 jam

1881 1122 2183 1191 sepulcrum
2224 1121 2539 1191 parabatur,
2586 1132 2840 1191 parentes
2872 1125 3166 1180 incredibili
3199 1129 3469 1183 exsultant

1879 1212 2103 1281 gaudio:
2138 1210 2317 1262 vivere
2338 1210 2632 1274 hominem,
2656 1212 2747 1279 qui
2778 1224 3023 1269 mortuus
3051 1217 3243 1282 fuerat,
3271 1219 3354 1272 vix
3386 1220 3470 1288 ip-

1880 1302 1954 1357 sis
1981 1301 2151 1356 oculis
2180 1301 2292 1353 suis
2322 1299 2567 1354 credunt.
2597 1298 2739 1355 Ecce
2768 1312 2944 1358 autem
3002 1308 3148 1360 canis
3180 1306 3268 1362 ille
3297 1309 3384 1375 qui
3416 1318 3469 1362 et

1882 1396 2026 1448 hunc
2053 1392 2451 1447 adolescentem
2491 1402 2547 1446 et
2575 1393 2773 1447 multos
2810 1395 2943 1451 alios
2970 1398 3177 1453 infestis
3206 1400 3471 1454 morsibus

1883 1485 2129 1548 laniarat,
2162 1484 2214 1537 in
2262 1484 2502 1554 episcopi
2530 1495 2876 1553 conspectum
2922 1490 3108 1554 venit;
3164 1502 3471 1545 commotus

1881 1576 2185 1646 episcopus,
2225 1572 2467 1642 j-rojecto
2509 1575 2719 1641 baculo,
2762 1579 2955 1632 erectis
2982 1594 3190 1633 sursum
3222 1582 3469 1637 manibus

1880 1675 2000 1721 orat
2023 1664 2330 1728 Dominum,
2365 1680 2488 1718 mox
2518 1663 2664 1719 efﬂat
2695 1668 2747 1720 in
2778 1682 2988 1732 canem,
3030 1669 3179 1739 isque
3210 1672 3317 1726 vita
3339 1672 3468 1727 des-

1881 1758 2115 1813 tituitur.
2144 1756 2261 1809 Non
2286 1770 2415 1811 sane
2446 1757 2817 1811 admirandum
2858 1760 3066 1813 videtur
3086 1760 3302 1815 beatum
3328 1764 3472 1833 epis-

217 1856 299 1908 nisi
323 1863 588 1910 mortuum
617 1854 901 1916 excitaret,
933 1853 1117 1908 dicens
1144 1868 1266 1908 eum
1298 1854 1349 1907 id
1381 1868 1541 1922 posse
1586 1852 1776 1907 facilli-
1812 1864 1855 1923 Β
1882 1862 2094 1916 eopum,
2118 1849 2242 1901 dum
2259 1848 2358 1902 sibi
2386 1852 2731 1905 commissum
2761 1853 2908 1921 cupit
2932 1856 3067 1908 tueri
3090 1868 3325 1924 gregem,
3352 1856 3472 1926 ejus

219 1961 304 2014 tne,
331 1945 765 2014 quandoquidem
799 1944 947 1999 nullo
975 1944 1097 1997 indit
1117 1950 1242 1997 ante
1265 1944 1376 2010 jam
1408 1944 1773 2012 cognovisset.

217 2050 313 2101 qua:
338 2034 402 2087 de
446 2048 621 2101 puero
665 2032 801 2088 facta
830 2042 1030 2088 essent.
1076 2032 1188 2089 llac
1235 2034 1323 2087 ille
1374 2035 1777 2103 importunitate

218 2123 518 2191 ompulsus,
543 2132 599 2176 et
625 2124 833 2190 ratione
855 2124 1194 2188 constrictus,
1222 2140 1343 2179 cum
1369 2126 1584 2181 Ansano
1609 2126 1778 2180 voluit

220 2216 270 2265 al
312 2212 559 2267 lectulum
591 2228 747 2267 suum
794 2221 1004 2267 secreto
1050 2228 1110 2267 se
1151 2213 1439 2268 conferre:
1472 2215 1563 2268 sed
1596 2214 1775 2283 populi

219 2303 541 2371 Irequentiatn
570 2304 743 2357 vitare
765 2319 874 2357 non
902 2303 1092 2372 potuit,
1119 2304 1349 2358 volentis
1380 2313 1542 2357 tanta:
1574 2304 1647 2358 rei
1678 2305 1776 2357 mi-

213 2391 370 2445 raculo
397 2392 681 2446 interesse.
723 2392 1011 2458 Postquam
1040 2392 1200 2459 igitur
1243 2396 1387 2447 venit
1426 2394 1491 2446 ad
1522 2394 1773 2449 exanime

220 2482 342 2548 pueri
364 2482 761 2550 corpusculum,
810 2480 1047 2534 divinam
1074 2483 1239 2551 cmpit
1280 2491 1393 2537 toto
1419 2498 1647 2551 corpore
1674 2482 1778 2535 im-

220 2571 406 2639 plorare
454 2585 638 2639 opem,
696 2570 1137 2640 apprchensaque
1190 2588 1314 2625 tum
1374 2576 1538 2625 mutta
1586 2568 1778 2626 fiducia

221 2660 347 2727 pueri
372 2674 553 2725 manu,
580 2660 820 2729 pristina:
849 2677 968 2715 eum
991 2662 1148 2715 saluti
1180 2663 1433 2717 restituit.
1451 2661 1779 2717 Exclamavit

221 2760 372 2805 autem
420 2751 654 2820 populus
702 2752 1024 2832 universus:
1075 2752 1257 2807 Gloria
1309 2754 1400 2807 tibi
1456 2754 1637 2816 Dens;
1680 2767 1780 2807 nec

218 2840 470 2910 quisquam
500 2854 695 2894 eorum
717 2839 841 2894 inde
868 2844 1130 2895 rcnmveri
1152 2858 1210 2895 se
1234 2857 1422 2910 passus
1444 2852 1543 2904 est,
1574 2842 1674 2895 nisi
1703 2843 1782 2894 vi-

219 2932 348 2985 deret
372 2937 677 2985 moventem
706 2944 767 2983 se
813 2944 1059 2999 puerum,
1105 2943 1161 2985 et
1192 2932 1502 3001 loquentem
1549 2930 1780 2987 audiret.

226 3018 287 3073 Ex
307 3035 404 3089 quo
421 3021 610 3090 populi
636 3021 869 3075 tumultu
893 3023 978 3075 vix
1011 3038 1176 3091 opera
1203 3024 1525 3078 clericorum
1554 3040 1778 3078 suorum

222 3109 275 3161 εά
299 3111 489 3178 vigilias
518 3109 705 3166 reduci
749 3112 944 3180 potuit.
989 3110 1044 3164 ln
1083 3112 1185 3166 hoc
1213 3112 1477 3167 miraculo
1504 3122 1559 3167 et
1586 3126 1777 3181 magna

222 3195 402 3254 diaconi
431 3198 587 3264 fides,
611 3208 666 3255 et
697 3199 915 3254 illustris
939 3201 1176 3269 episcopi
1208 3201 1372 3255 virtus
1398 3202 1612 3257 enituit.

276 3289 323 3343 9.
354 3288 510 3345 Porro
534 3292 702 3345 etiam
731 3290 1010 3359 cujusdam
1033 3291 1206 3346 vidum
1228 3286 1436 3347 unicam
1462 3292 1623 3347 tiliam
1649 3294 1779 3349 ado-

222 3378 473 3434 lescentem
502 3381 708 3433 accidit
736 3394 769 3433 e
794 3381 902 3434 vita
930 3381 1193 3436 decedere
1220 3400 1234 3447 ;
1265 3397 1426 3450 quam
1454 3400 1575 3439 eum
1608 3393 1779 3439 mater

222 3469 505 3525 miserabilis
552 3471 609 3524 in
639 3470 841 3526 feretro
888 3487 985 3541 pro
1026 3487 1177 3527 more
1205 3472 1533 3528 efferendam
1560 3488 1782 3543 compo-

224 3562 408 3627 :uisset,
462 3563 528 3616 ad
582 3563 800 3617 beatum
845 3562 1139 3618 antistitem
1188 3562 1393 3633 trepida
1447 3566 1778 3633 properavit.

225 3665 512 3719 rausamque
542 3652 753 3707 doloris
800 3653 886 3706 sui
916 3653 1162 3723 lacrymis
1210 3654 1388 3722 potius
1415 3668 1575 3723 quam
1607 3655 1781 3709 verbis

227 3741 268 3794 ei
293 3740 542 3808 indicavit,
571 3758 739 3796 orans
770 3752 828 3797 ut
855 3742 920 3796 ad
947 3758 1145 3812 corpus
1171 3744 1419 3797 exanime
1446 3759 1633 3811 preces
1663 3744 1783 3797 fun-

230 3830 369 3884 deret.
418 3832 469 3885 Μ
500 3848 634 3887 vero
681 3844 900 3887 sanctus
946 3834 1163 3901 prazsul,
1215 3833 1415 3902 pietate
1461 3844 1782 3898 motus,ncc

231 3934 410 3989 negare,
438 3937 536 3977 nec
558 3922 779 3978 diﬁ‘erre
796 3925 968 3992 potuit
992 3940 1006 3989 ;
1034 3924 1126 3980 sed
1148 3925 1216 3979 ad
1244 3924 1470 3980 cadaver
1497 3926 1779 3991 accedens,

231 4010 417 4065 sublatis
444 4012 493 4065 in
517 4013 718 4067 caelum
750 4012 995 4066 manibus
1022 4052 1037 4077 ,
1070 4012 1238 4067 Deum
1268 4028 1473 4083 pronus
1509 4014 1780 4083 implorat,

231 4097 398 4153 etvitze
425 4101 671 4155 redditur
708 4101 996 4156 exstincta.
1022 4101 1318 4157 Confestim
1349 4104 1491 4157 enim
1522 4104 1631 4173 illa,
1667 4112 1785 4158 tan-

230 4204 361 4257 quam
401 4194 544 4261 gravi
597 4193 776 4248 soluta
829 4208 1057 4257 somno,
1112 4196 1542 4264 exspergiscitur,
1598 4197 1784 4251 oculos

233 4279 374 4345 aperit
398 4290 779 4348 prmgravatos,
811 4282 1079 4351 appellata
1107 4285 1299 4349 surgit,
1331 4294 1504 4339 mater
1533 4284 1649 4353 ejus
1668 4285 1783 4340 im-

234 4380 390 4422 menso
417 4367 647 4425 at’ticitur
687 4370 901 4437 gaudio,
934 4371 1166 4441 populus
1190 4374 1364 4427 omnis
1408 4374 1776 4443 obstupescit:

233 4456 500 4526 cpiscopus,
530 4461 625 4526 qui
654 4459 907 4513 virtutum
938 4462 1145 4515 meritis
1176 4465 1363 4516 mortis
1387 4463 1509 4531 jura
1540 4466 1780 4519 resolve-

1804 3223 1853 3284 C

1882 1939 2090 1993 hostem
2124 1939 2231 1993 ictu
2280 1941 2525 1995 lethifero
2554 1943 2889 2009 perdidisse:
2943 1961 3117 2014 neque
3170 1948 3219 2000 id
3267 1948 3465 2015 gladio,

1889 2038 1979 2083 aut
2010 2038 2215 2082 armata
2244 2045 2422 2094 manu,
2464 2030 2559 2086 sed
2589 2030 2715 2086 ﬂatu
2743 2033 2852 2089 oris
2879 2036 2981 2089 sui.
3030 2035 3197 2090 Porro
3226 2038 3469 2106 vulnera,

1879 2132 1999 2183 qum
2031 2132 2073 2170 c:
2096 2120 2180 2171 nis
2204 2118 2292 2173 ille
2322 2118 2573 2172 dentibus
2600 2120 2710 2175 suis
2733 2106 2999 2175 inﬂixerat
3027 2124 3204 2176 multis
3231 2140 3261 2179 e
3287 2126 3465 2193 plebe,

1880 2208 2129 2278 precibus
2157 2218 2209 2260 t-t
2239 2211 2413 2265 crucis
2441 2209 2595 2278 signo
2641 2210 2777 2265 adeo
2804 2212 3009 2265 curavit
3040 2212 3237 2267 beatus
3263 2215 3470 2285 episco-

1879 2312 2000 2367 pus,
2035 2306 2092 2349 ut
2121 2298 2261 2350 nulla
2289 2312 2475 2352 eorum
2505 2298 2726 2367 vestigia
2750 2312 3096 2370 apparerent.

1954 2388 2040 2442 tt.
2070 2389 2173 2442 Bos
2201 2389 2447 2459 petulans
2468 2406 2634 2446 cornu
2660 2390 2932 2447 hominem
2961 2395 3154 2450 misere
3179 2396 3468 2464 lacerarat,

1881 2476 1999 2544 ejus
2037 2478 2217 2530 effur-is
2239 2479 2521 2533 intestinis.
2544 2479 2666 2534 Mox
2697 2481 2845 2533 illum
2874 2482 3143 2537 adducunt
3167 2484 3379 2552 quidam
3402 2485 3471 2539 ad

1883 2567 2215 2635 epirCOptlttl.
2262 2568 2310 2621 ls
2350 2571 2559 2623 tametsi
2590 2571 2640 2624 in
2689 2575 2894 2627 cunctis
2940 2574 3207 2630 miraculis
3251 2576 3471 2631 timebat

1880 2656 1981 2708 sibi
2012 2671 2080 2710 ne
2109 2656 2273 2709 animi
2299 2658 2534 2712 elatione
2564 2660 2885 2728 pulsaretur,
2916 2672 3149 2717 attamen
3182 2672 3289 2719 tam
3328 2667 3470 2721 male

1880 2746 2118 2797 saucium
2146 2745 2415 2800 hominem
2442 2748 2735 2804 clementer
2760 2752 2977 2821 excipit,
3004 2755 3186 2809 calidis
3214 2757 3467 2812 fomentis

1883 2845 2005 2888 exta
2046 2834 2161 2901 ejus
2191 2838 2436 2891 inanibus
2459 2837 2567 2892 suis
2595 2849 2924 2907 pertractata
2954 2844 3224 2909 confovet,
3258 2848 3471 2916 reponit

1884 2926 1936 2977 in
1971 2925 2144 2978 locum
2195 2942 2347 2979 suum
2393 2942 2490 2996 per
2517 2929 2713 2983 vulnus
2753 2946 2781 2985 a
2812 2932 2950 2986 bove
2982 2932 3262 3000 inﬂictum,
3296 2936 3469 3005 ipsum

1884 3014 2073 3068 vulnus
2101 3017 2335 3069 adhibita
2362 3018 2585 3086 spongia
2628 3019 2818 3075 leniter
2840 3022 3057 3091 obligat,
3104 3027 3247 3078 serio
3280 3026 3466 3081 horta-

1887 3112 1994 3167 tur,
2029 3120 2096 3158 ne
2124 3106 2243 3175 quis
2271 3116 2467 3173 przcter
2528 3108 2722 3176 ipsum,
2761 3110 2887 3163 illud
2932 3115 3141 3167 solvere
3171 3129 3331 3168 ausus
3381 3116 3471 3170 sit.

1884 3192 2012 3247 lude
2039 3195 2269 3263 septimo
2296 3194 2405 3258 die,
2448 3195 2697 3263 ligamina
2729 3197 2995 3265 auferens,
3032 3213 3138 3254 tam
3164 3218 3351 3256 sanum
3380 3220 3471 3259 re-

1884 3281 2022 3352 perit
2053 3283 2345 3348 hominem,
2381 3293 2439 3338 ut
2470 3285 2558 3338 vix
2591 3286 2755 3340 ullum
2786 3288 3020 3342 vulneris
3066 3291 3277 3357 signum
3309 3292 3470 3348 relic-

1882 3384 1993 3431 tum
2022 3377 2310 3432 videretur.

1954 3467 2039 3521 12.
2088 3468 2332 3523 Teucros
2373 3471 2618 3536 corporis
2664 3473 2744 3526 sui
2796 3486 2943 3528 artus
2988 3475 3064 3528 vir
3093 3478 3468 3537 sanctissimus

1883 3568 2140 3627 perpetua
2166 3560 2323 3614 (ilicii
2353 3564 2639 3631 asperitate
2665 3564 2935 3629 domabat,
2988 3582 3096 3635 quo
3126 3584 3219 3637 pro
3250 3571 3471 3628 interio-

1884 3646 1927 3699 ri
1962 3648 2136 3701 tunica
2173 3649 2441 3716 utebatttr,
2479 3666 2577 3705 nec
2611 3653 2659 3704 id
2688 3654 2863 3707 crucis
2906 3658 3081 3708 studio
3114 3674 3344 3727 unquam
3370 3659 3467 3715 de-

1885 3738 2079 3805 posuit,
2111 3740 2205 3793 sed
2237 3740 2287 3793 in
2340 3741 2433 3795 illo
2463 3744 2624 3796 etiam
2656 3760 2711 3798 se
2746 3744 2903 3811 jussit
2934 3747 3170 3815 sepeliri.
3214 3749 3466 3805 Lavacris

1884 3828 1960 3881 uti
1991 3844 2261 3896 nunquam
2292 3831 2479 3895 voluit,
2512 3847 2578 3885 ne
2605 3834 2765 3887 animi
2789 3837 3111 3901 constantia,
3143 3853 3249 3906 qua
3280 3838 3463 3893 calca-

1884 3919 1951 3973 tis
1981 3920 2157 3973 carnis
2188 3921 2593 3978 oblectamentis
2621 3934 2673 3977 et
2720 3924 2982 3979 illecebris
3014 3928 3322 3997 martyrium
3354 3945 3469 3985 sus-

1885 4009 2107 4074 tinebat,
2138 4011 2534 4067 cmollesceret.
2582 4014 2767 4069 Canus
2802 4016 3015 4084 quidam
3047 4020 3197 4072 annis
3236 4021 3464 4090 quinde-

1884 4100 1987 4153 cim
2020 4110 2275 4169 perpetua
2303 4100 2585 4157 damnatus
2612 4104 2856 4172 caligine,
2886 4105 3052 4158 virum
3076 4108 3471 4162 sanctissimum

1885 4190 2229 4245 continenter
2274 4191 2682 4259 deprecabatur,
2726 4204 2781 4248 ut
2838 4196 2948 4248 suis
2998 4197 3245 4264 precibus
3290 4199 3469 4254 lumen

1885 4276 1984 4345 ipsi
2024 4278 2362 4334 refonnaret.
2394 4282 2498 4335 Sed
2544 4298 2590 4349 ει
2616 4284 2797 4351 iscopo
2830 4286 2929 4337 hoc
2978 4286 3045 4337 ob
3075 4286 3343 4341 vitandam
3378 4302 3469 4342 os-

1886 4367 2236 4421 tentationem
2284 4368 2579 4434 differente,
2617 4370 2891 4426 Rusticum
2934 4374 3342 4439 subdiaconum,
3375 4378 3468 4448 qui

1887 4454 1935 4507 ei
1966 4456 2167 4509 servire
2193 4468 2569 4523 consueverat,
2600 4474 2773 4513 ca-cus
2801 4462 3028 4526 rogavit,
3054 4472 3111 4513 ut
3136 4473 3295 4516 noctu
3328 4469 3467 4535 cpis-

234 4556 318 4609 rat,
338 4549 532 4617 fugiens
553 4550 897 4617 iactantiam,
924 4550 1069 4606 illico
1094 4568 1153 4607 se
1181 4554 1425 4609 subducit
1453 4573 1467 4607 :
1495 4555 1586 4609 sed
1610 4572 1778 4626 popu-

1890 4560 2028 4613 copo
2058 4546 2315 4600 ecclesias
2347 4549 2610 4609 visitante,
2646 4555 2814 4617 ipsum
2846 4552 3059 4619 perduc.
3084 4562 3163 4604 rt-t
3184 4553 3248 4606 ad
3281 4557 3467 4625 templi

236 4636 303 4690 lus
334 4641 527 4707 magnis
556 4641 782 4694 vocibus
803 4640 1023 4696 laudans
1048 4642 1247 4705 Deum,
1296 4646 1581 4699 maximam
1618 4649 1780 4701 vesti-

236 4729 371 4783 menti
396 4731 503 4799 ejus
530 4742 765 4800 partem,
798 4732 1143 4801 reliquiarum
1186 4735 1307 4789 loco
1334 4750 1452 4790 eam
1509 4737 1780 4805 habitura,

237 4816 351 4871 rivili
395 4820 622 4887 quadam
652 4822 904 4875 violentia
952 4822 1136 4891 diripit
1172 4833 1225 4878 et
1277 4826 1570 4896 discerpit:
1624 4830 1695 4883 ita
1728 4838 1784 4883 ut

237 4914 422 4976 propter
457 4907 575 4975 ejus
604 4909 959 4963 declarandas
1002 4911 1245 4975 virtutes,
1292 4913 1341 4966 id
1374 4916 1517 4981 quod
1546 4932 1686 4985 argre
1716 4917 1781 4971 ad

239 5002 447 5051 numeros
474 4998 594 5065 ejus
640 4999 886 5053 relictum
915 4999 1033 5062 fuit,
1060 5001 1317 5055 hodierna
1348 5004 1583 5058 fidelium
1614 5008 1784 5062 devo-

241 5082 357 5139 tione
378 5094 703 5139 asservetur.

294 5171 363 5227 10.
417 5174 865 5231 Adolescentulus
915 5180 1130 5248 quidam
1184 5181 1353 5235 rabidi
1409 5184 1555 5238 canis
1602 5202 1779 5241 morsu

244 5261 517 5328 pl'zfocatus
543 5264 728 5333 periit.
756 5264 902 5319 Vidit
941 5269 990 5320 id
1031 5272 1277 5339 populus,
1300 5271 1447 5325 vadit
1477 5262 1541 5325 ad
1572 5277 1781 5343 episeo-

244 5366 362 5420 pnrn,
395 5367 512 5410 orat
542 5365 601 5409 ut
625 5358 695 5408 ad
717 5358 1042 5411 exstinctum
1064 5362 1335 5415 hominem
1364 5366 1567 5416 veniat.
1598 5367 1663 5416 At
1695 5367 1781 5421 ille

245 5444 424 5514 ancipiti
452 5447 769 5515 cogitationi
821 5462 1128 5516 suspensus,
1155 5451 1283 5505 dum
1316 5453 1437 5505 hinc
1469 5469 1572 5507 non
1603 5463 1784 5521 potest

241 5540 546 5589 contemnere
588 5536 861 5605 lacrymas
885 5537 1315 5606 supplicantium,
1361 5542 1482 5596 inde
1509 5544 1575 5597 ab
1604 5554 1783 5597 osten-

245 5618 409 5673 tatione
447 5623 543 5677 sibi
597 5626 813 5687 metuit,
869 5624 1072 5678 tandem
1104 5627 1301 5694 p'etatc
1346 5631 1611 5695 vincitur;
1658 5633 1782 5687 facit

243 5708 360 5779 quod
384 5712 690 5779 rogabatur,
748 5712 899 5767 venit
936 5714 997 5768 ad
1025 5727 1290 5771 mortuum
1321 5720 1613 5789 hominem,
1645 5726 1780 5778 tollit

248 5812 398 5856 nanus
424 5800 473 5855 in
491 5802 718 5869 omium,
754 5804 1056 5877 pariterque
1074 5808 1332 5865 stillantes
1353 5814 1561 5881 oculos,
1593 5831 1779 5887 aSpec-

1889 4634 2229 4701 VCnIlbtlllim,
2271 4636 2413 4689 unde
2440 4638 2530 4691 ille
2559 4648 2699 4691 esset
2729 4652 3057 4704 egressurus.
3084 4640 3233 4694 Fecit
3258 4643 3307 4695 id
3338 4646 3470 4699 sub-

1885 4724 2161 4789 diaconus,
2194 4735 2248 4779 ct
2278 4729 2357 4779 vir
2388 4728 2574 4782 beatus
2601 4728 2721 4781 dum
2752 4728 2864 4781 vult
2887 4730 3151 4783 excedere
3178 4746 3207 4783 c
3237 4734 3465 4801 templo,

1887 4817 1941 4871 in
1973 4832 2170 4870 cmcum
2207 4818 2428 4886 pedibus
2461 4818 2694 4871 molliter
2717 4819 2995 4886 impingit:
3029 4836 3201 4874 caecus
3231 4822 3346 4890 ejus
3374 4840 3463 4879 ve.

1890 4911 2124 4963 nerantla
2159 4912 2380 4978 vestigia
2409 4912 2631 4979 supplex
2663 4912 3023 4978 amplectitur,
3051 4923 3167 4967 orat
3195 4916 3365 4968 visum
3396 4917 3467 4970 si-

1888 5002 1938 5053 bi
1966 5010 2021 5053 ut
2039 5001 2301 5055 restituat.
2325 5000 2511 5067 itaque
2533 5002 2815 5069 episcopus
2840 5002 3063 5055 tidcnter
3086 5005 3333 5059 obsecrat
3365 5006 3465 5059 Do-

1888 5094 2107 5152 minum.
2139 5094 2314 5146 crucis
2352 5094 2557 5160 signum
2608 5093 2860 5160 imprimit
2890 5094 3060 5147 oculis
3109 5095 3241 5162 ejus,
3288 5104 3342 5149 et
3371 5096 3463 5150 ditt

1887 5186 2150 5239 exstincta
2181 5184 2381 5236 lumina
2432 5199 2556 5237 mox
2608 5194 2942 5251 reparantur.
2974 5182 3254 5238 tisculatur
3293 5186 3467 5239 homi-

1888 5291 2011 5329 nem
2062 5277 2365 5344 episcopus,
2399 5274 2696 5328 obtestatur
2740 5283 2803 5327 ut
2832 5289 2939 5328 rem
2972 5276 3110 5344 apud
3159 5292 3217 5332 se
3248 5279 3462 5332 tacitura

1889 5368 2100 5431 habeat,
2132 5368 2275 5434 quod
2307 5375 2484 5420 tamen
2530 5366 2619 5419 ille
2652 5381 2758 5433 pra:
2790 5367 3045 5419 immensa
3092 5368 3252 5421 animi
3284 5369 3470 5423 exsul‘

1890 5458 2095 5511 latione
2126 5464 2376 5525 prmstare
2407 5472 2510 5509 non
2544 5456 2714 5525 potuit
2742 5474 2755 5518 ;
2806 5471 3112 5523 quanquam
3144 5457 3352 5511 etiamsi
3381 5472 3474 5513 ce-

1889 5546 2001 5599 lare
2030 5546 2117 5599 ille
2146 5547 2404 5599 voluissrt
2430 5546 2571 5613 quod
2602 5554 2807 5599 secreto
2839 5544 3033 5599 factum
3064 5556 3201 5610 erat,
3233 5561 3339 5599 non
3370 5562 3462 5617 po-

1889 5635 1990 5687 tuit
2032 5644 2207 5687 tamen
2256 5650 2472 5689 manere
2501 5635 2784 5698 occultum,
2835 5636 2976 5701 quod
3020 5635 3192 5703 palatii
3223 5632 3463 5686 omnium

1887 5724 2053 5777 oculis
2080 5724 2417 5777 cernebatur.

1964 5817 2043 5870 15.
2074 5814 2354 5870 innumera
2394 5824 2514 5869 sunt
2560 5816 2848 5873 beatissimi
2890 5815 3139 5871 antistitis
3187 5812 3462 5876 miracula,
