3874 6224
373 391 441 447 59
1383 364 1668 423 DYNMIII
1714 360 2009 421 PATBICII
2054 362 2209 419 VITA
2246 363 2302 420 S.
2344 362 2609 423 MAXIMI.

3578 380 3656 434 40

381 510 479 551 nec
504 497 725 562 possunt
750 489 929 549 omnia
975 486 1412 551 commemorari,
1451 487 1794 557 quantumvis
1818 500 1941 555 pro-
1970 487 2017 548 Α
2044 500 2165 545 cum
2193 486 2246 541 in
2272 489 2442 544 sancti
2469 489 2569 544 viri
2592 486 3108 545 commemorat'one
3140 487 3304 543 multa
3324 486 3660 546 referentur

384 586 496 641 lixa
524 591 740 639 texatur
774 582 971 639 oratio.
1014 580 1349 636 Facillimum
1392 578 1445 633 ei
1489 586 1607 632 erat
1649 575 1954 631 illuminare

379 688 574 738 cacas,
603 686 793 727 sanare
821 668 1066 733 claudos,
1095 669 1203 722 vita
1234 668 1445 722 functos
1479 666 1738 720 excitare.
1798 662 1953 717 Deni—

382 778 488 833 que
512 762 641 817 nihil
668 776 773 815 non
802 759 1011 814 efﬁcere
1035 766 1267 828 poterat,
1288 755 1383 826 qui
1414 756 1548 810 intra
1569 768 1629 807 se
1648 761 1955 815 manentem

381 852 613 907 habebat
640 850 893 921 Spiritum
920 856 1182 903 sanctum.
1216 846 1424 911 Interea
1450 851 1659 908 autem,
1700 842 1827 897 dum
1874 850 1957 897 tot

382 942 554 996 claret
579 939 847 995 miraculis
890 944 946 991 et
984 935 1258 991 immensis
1285 934 1583 1007 mysteriis,
1609 931 1750 987 diem
1779 931 1956 987 obitus

384 1029 467 1083 sui
493 1027 673 1083 divina
707 1024 1035 1082 revelatione
1076 1022 1367 1092 cognoscit.
1400 1020 1537 1075 Tum
1580 1033 1709 1074 vero
1747 1018 1957 1088 publice

383 1132 589 1172 summa
618 1114 823 1171 humilit
844 1120 912 1167 :te
940 1114 1008 1167 ab
1029 1114 1274 1169 omnibus
1300 1109 1595 1174 contendit,
1624 1117 1681 1163 ut
1702 1109 1797 1177 ipsi
1829 1122 1957 1176 per-

388 1206 661 1260 mitterent
704 1202 846 1273 prius
874 1202 1053 1258 natale
1085 1202 1258 1257 solum
1291 1208 1340 1257 et
1372 1200 1699 1271 propinquos
1730 1196 1959 1253 invisere

385 1310 533 1351 suos.
563 1293 711 1360 Quod
734 1292 833 1347 etsi
863 1292 966 1347 illis
994 1306 1248 1361 magnum
1277 1291 1493 1349 afferret
1516 1290 1677 1345 animi
1699 1289 1956 1357 dolorem,

388 1397 622 1444 attamen
651 1386 780 1442 abiit
803 1386 890 1439 ille
920 1385 988 1440 ad
1015 1399 1164 1451 suos,
1194 1384 1504 1452 obitumque
1529 1397 1683 1438 suum
1721 1381 1829 1451 jam
1843 1382 1961 1436 ,ἰηι-

392 1483 594 1538 minore
621 1480 722 1535 illis
750 1478 1011 1548 prmdixit.
1045 1477 1230 1546 itaque
1251 1476 1483 1533 adventu
1509 1490 1606 1530 suo
1646 1489 1740 1530 eos
1769 1474 1961 1529 mirum

390 1574 444 1630 in
500 1572 718 1627 modum
753 1570 1109 1633 exhilaratus,
1163 1568 1268 1624 hoc
1295 1566 1597 1622 tristissimo
1637 1565 1827 1620 nuntio
1856 1580 1962 1620 non

391 1661 732 1717 mediocriter
756 1659 1105 1730 perturbavit.
1136 1657 1201 1711 Et
1225 1671 1353 1713 ecce
1374 1657 1498 1711 dum
1527 1654 1614 1710 ille
1634 1668 1693 1709 se
1711 1662 1962 1723 tanquam

390 1765 634 1805 somnum
664 1758 914 1817 capturus
967 1749 1017 1801 in
1064 1746 1262 1801 lectulo
1289 1745 1529 1814 reponit,
1561 1742 1701 1797 inter
1734 1743 1965 1813 psallen-

2050 592 2082 631 a
2112 577 2321 641 multis,
2372 578 2613 635 Cariatto
2658 582 3042 643 subdiaconus,
3083 581 3195 634 vita
3234 582 3655 645 sanctissimus,

2052 666 2262 734 publice
2302 666 2415 720 lucc
2440 676 2668 724 testatus
2711 678 2793 724 est
2836 687 2851 724 :
2901 669 3067 725 Nemo
3113 677 3356 724 nostrum
3398 668 3657 732 dubitet,

2052 753 2252 823 inquit,
2280 752 2642 807 beatissimum
2689 755 2975 812 Maximum
2998 795 3015 821 ,
3055 757 3123 811 de
3150 753 3303 824 cujus
3345 754 3660 809 virtutibus

2053 848 2163 896 tam
2191 842 2392 906 multa,
2418 849 2741 910 suggerente
2776 846 3033 909 veritate,
3086 844 3355 906 feruntur,
3401 857 3534 898 cum
3594 843 3660 895 in

2054 933 2271 989 mortali
2316 933 2536 1003 degeret
2583 947 2849 1001 corpore,
2898 950 3005 990 non
3054 936 3227 990 minus
3270 947 3392 989 cum
3426 930 3663 999 angelis

2054 1036 2216 1092 quam
2272 1037 2394 1077 cum
2444 1021 2751 1077 hominibus
2783 1030 3053 1077 versatum
3094 1038 3227 1079 esse.
3273 1022 3441 1090 Quem
3489 1018 3659 1075 enim

2055 1109 2334 1165 nobiscum
2363 1111 2580 1166 teni-hat
2622 1111 2851 1166 humana
2881 1111 3145 1177 conditio,
3175 1127 3298 1167 eum
3325 1112 3496 1167 beatis
3528 1108 3664 1180 spi—

2056 1201 2245 1256 ritibus
2310 1202 2582 1257 assiduum
2649 1202 2939 1259 exhibebat
3006 1201 3237 1270 dignitas
3298 1205 3658 1259 meritorum.

2057 1289 2297 1357 Quadam
2324 1301 2498 1356 nocte,
2527 1292 2839 1349 imminente
2867 1292 3212 1349 celeberrima
3235 1294 3377 1348 beati
3406 1293 3664 1349 Andreae

2058 1384 2401 1443 solemnitate
2419 1429 2435 1454 ,
2465 1402 2587 1442 cum
2616 1387 2899 1457 deputatus
2935 1402 3036 1457 ego
3059 1400 3231 1442 essem
3249 1426 3264 1452 ,
3295 1386 3386 1455 qui
3412 1386 3480 1441 ad
3502 1386 3663 1455 vigi-

2060 1471 2159 1526 lias
2192 1474 2505 1537 excitarem,
2534 1483 2588 1529 et
2625 1475 2798 1543 primo
2827 1475 2999 1531 noctis
3025 1485 3265 1545 tempore
3303 1473 3536 1528 blandus
3564 1488 3667 1527 me

2060 1558 2344 1628 sollicitum
2388 1561 2741 1631 oppressisset
2798 1577 3051 1627 somnus,
3099 1563 3283 1618 dulces
3300 1561 3665 1633 psallentium

2063 1648 2241 1703 audivi
2284 1650 2578 1714 melodias;
2626 1664 2859 1718 moxque
2898 1654 3195 1720 excitatus,
3239 1668 3342 1708 non
3371 1652 3489 1708 sine
3515 1666 3667 1723 per-

2063 1738 2366 1795 turbatione
2393 1740 2558 1795 multa
2581 1755 2613 1796 e
2641 1739 2784 1795 lecto
2812 1754 2899 1795 me
2926 1740 3197 1809 proripui,
3228 1741 3369 1809 quod
3395 1751 3667 1811 putarem

391 1845 515 1896 dum
560 1839 660 1894 sub
707 1838 885 1894 officio
931 1836 1140 1899 divino,
1184 1842 1481 1891 extremum
1521 1833 1744 1887 halitum
1798 1832 1962 1900 amat,
1997 1836 2153 1896 Bme
2176 1838 2533 1901 Opportunum
2579 1828 2849 1887 excitandi
2890 1837 3099 1900 tempus
3145 1830 3463 1898 neglexisse.
3506 1829 3668 1886 Tum

392 1930 721 1999 feliciterque
779 1928 1096 1995 commigrat
1143 1925 1198 1981 in
1247 1924 1414 1981 caelos
1459 1924 1650 1994 quinto
1703 1921 1968 1977 Kalendas

393 2021 730 2089 Decembris,
779 2029 925 2074 tanta
972 2025 1150 2073 autem
1178 2016 1280 2070 illis
1309 2022 1420 2069 tum
1462 2012 1763 2068 suavissimi
1792 2012 1970 2066 odoris

392 2112 548 2182 cepia
595 2110 828 2177 exstitit,
857 2124 920 2164 ac
968 2108 1010 2162 si
1040 2103 1477 2161 universiﬁores
1519 2102 1668 2158 verni
1714 2102 1969 2171 temporis

394 2216 517 2258 eum
548 2202 599 2255 in
631 2201 808 2255 locum
833 2195 1152 2266 comportati
1191 2203 1389 2251 essent.
1440 2191 1627 2246 Obitus
1671 2191 1786 2260 ejus
1832 2189 1969 2245 fama

394 2289 551 2346 velox
580 2304 686 2343 non
712 2287 872 2342 modo
901 2287 1086 2340 urbem
1105 2324 1121 2348 ,
1164 2281 1258 2338 sed
1289 2281 1474 2337 orbem
1518 2280 1805 2350 complevit
1849 2278 1970 2332 uni-

394 2393 625 2435 versum.
689 2375 1047 2432 Occurrerunt
1102 2373 1340 2443 undique
1403 2371 1583 2428 ﬁdeles
1651 2372 1969 2441 populorum

394 2474 651 2531 caterva,
680 2464 923 2519 certatim
972 2461 1249 2533 cupientes
1290 2460 1373 2514 vel
1409 2460 1796 2530 operimentum
1823 2458 1973 2513 vehi—

397 2552 503 2608 cull
536 2554 653 2622 ejus
696 2552 1041 2619 contingere,
1080 2549 1342 2619 ejusmodi
1378 2557 1683 2604 contactum
1726 2546 1973 2602 salutaris

398 2642 627 2711 praesidii
669 2641 787 2695 loco
817 2640 1092 2694 habituras.

467 2728 551 2783 li.
587 2728 993 2783 Adolescentula
1027 2727 1264 2796 qutedam
1292 2741 1324 2782 e
1346 2727 1464 2780 vico
1499 2725 1582 2781 cui
1612 2722 1839 2779 Decima:
1878 2740 1972 2781 vo-

399 2818 647 2876 sabulum
691 2826 799 2881 est,
842 2824 1053 2871 mortua
1099 2819 1163 2870 ad
1210 2816 1515 2886 sepulcrum
1566 2814 1972 2884 deportahatur,

402 2908 665 2963 cadavere
688 2908 796 2975 jam
846 2907 899 2961 in
945 2921 1103 2973 capsa
1135 2905 1304 2974 lignea
1349 2904 1684 2973 composito,
1728 2906 1823 2959 sed
1852 2920 1975 2960 arca

410 2997 527 3066 ipsa
555 2994 781 3050 necdum
805 3003 1079 3064 cooperta.
1114 2993 1183 3049 Ut
1224 3002 1401 3049 autem
1432 2994 1717 3049 audierunt
1760 2994 1836 3049 illi
1884 2997 1976 3064 qui

400 3102 516 3145 eam
548 3085 841 3142 efferebant
866 3100 1026 3141 voces
1067 3084 1404 3156 psallentium
1432 3094 1488 3141 et
1531 3100 1745 3140 sacrum
1783 3100 1975 3155 corpus

2068 1937 2197 1980 vero
2225 1924 2381 1992 longe
2408 1923 2568 1979 etiam
2616 1924 2884 1979 dulciores
2906 1964 2922 1988 ,
2967 1938 3125 1992 quam
3164 1923 3412 1978 humanis
3440 1922 3670 1992 possint

2068 2015 2258 2070 studiis
2286 2014 2423 2070 efﬁci
2442 2054 2456 2079 ,
2488 2015 2804 2085 spiritalium
2853 2016 3156 2070 cantionum
3185 2014 3444 2070 melodias
3489 2013 3668 2070 hausi

2068 2106 2287 2160 auribus
2327 2108 2479 2160 meis.
2507 2103 2777 2160 Continuo
2808 2107 2965 2173 igitur
2991 2108 3053 2158 ad
3102 2106 3268 2174 ipsius
3312 2105 3451 2160 arcis
3483 2106 3671 2161 νεειί-

2068 2195 2251 2251 bulum
2279 2211 2537 2264 suspenso
2567 2211 2652 2249 me
2679 2195 2848 2263 gradu
2881 2196 3106 2261 contuli,
3138 2204 3299 2263 atque
3326 2195 3430 2251 illis
3448 2195 3667 2250 beatis-

2068 2287 2233 2342 simos
2258 2289 2529 2355 apostolos
2559 2285 2772 2341 Petrum
2793 2296 2846 2341 et
2865 2286 3155 2350 Andream,
3178 2285 3244 2341 ad
3271 2284 3667 2355 complendam

2072 2394 2189 2434 eam
2218 2387 2405 2435 sancto
2448 2378 2679 2433 Maximo
2724 2379 3024 2433 orationem
3046 2420 3061 2445 ,
3102 2377 3324 2433 alternis
3353 2378 3666 2433 honoribus

2071 2481 2130 2521 se
2158 2468 2543 2536 prtevenientes
2570 2482 2669 2535 ego
2710 2475 2964 2537 peccator
3002 2467 3205 2521 audivi.
3244 2465 3485 2535 Cumque
3532 2472 3667 2520 tan-

2073 2557 2193 2610 dem
2216 2556 2328 2627 jugi
2356 2559 2626 2613 oblatione
2671 2559 2977 2628 compulsus
3008 2560 3197 2611 beatus
3232 2556 3529 2620 Maximus,
3557 2572 3665 2613 eos

2072 2643 2271 2701 diutius
2321 2645 2533 2701 differre
2581 2662 2686 2700 non
2725 2654 2939 2713 posset.
2987 2646 3071 2700 his
3129 2645 3307 2700 verbis
3354 2646 3662 2714 complevit

2073 2735 2303 2791 ofﬁcium
2338 2735 2463 2790 :Sit
2512 2735 2679 2804 gloria
2724 2734 2817 2790 Dei
2867 2735 3145 2789 benedicta
3194 2734 3245 2789 in
3291 2742 3553 2789 azternum
3605 2741 3667 2789 et

2074 2824 2127 2877 in
2156 2825 2344 2879 saecula
2367 2824 2681 2877 surculorum
2702 2840 2718 2887 ;
2740 2824 2957 2890 reliquis
2976 2823 3443 2894 respondentibus,
3466 2837 3659 2878 amen.

2074 2909 2187 2979 Ego
2230 2925 2355 2965 vero
2392 2910 2728 2979 perquirendi
2768 2910 2944 2965 studio
2979 2910 3197 2979 propius
3232 2907 3519 2975 accedens,
3560 2924 3667 2963 ne-

2075 3002 2272 3055 minem
2326 2999 2433 3055 illic
2486 2998 2668 3054 videre
2718 3000 2907 3069 potui,
2982 3008 3175 3067 prater
3230 2998 3663 3054 sacratissimum

2076 3091 2400 3159 Maximum,
2429 3105 2599 3161 prono
2646 3091 2793 3144 vultu
2821 3098 2875 3145 et
2902 3105 3129 3160 corpore
3168 3091 3220 3144 in
3271 3090 3455 3158 templi
3503 3087 3665 3157 pavi-

402 3178 545 3235 beati
578 3177 815 3247 episcopi
858 3177 1325 3247 prosequentium,
1370 3192 1491 3233 cum
1536 3177 1784 3248 lacrymis
1810 3179 1977 3248 petie-
2003 3181 2049 3245 C
2080 3193 2257 3239 mento
2286 3189 2627 3252 prostratum.
2655 3181 2749 3236 llle
2779 3189 2954 3235 autem
2979 3194 3218 3249 surgens,
3246 3195 3419 3236 meam
3449 3180 3662 3249 indigni

403 3275 529 3322 runt
557 3276 615 3321 ut
640 3267 890 3321 feretrum
914 3265 1055 3334 quod
1085 3267 1398 3335 gestabant,
1437 3281 1599 3335 super
1626 3265 1816 3334 puella:
1857 3281 1979 3321 cor-

408 3371 506 3427 pus
558 3356 875 3409 traheretur.
934 3353 1010 3407 illi
1065 3368 1190 3409 vero
1238 3354 1430 3409 ardore
1472 3353 1593 3408 fidei
1623 3353 1846 3415 incensi,
1878 3368 1979 3408 nec

405 3447 547 3503 dubii
592 3446 659 3501 de
704 3445 931 3513 effectu,
978 3454 1191 3501 sanctas
1210 3458 1394 3500 eorum
1423 3459 1611 3516 preces
1648 3445 1866 3499 minime
1890 3459 1979 3499 re-

384 3535 639 3612 jiciendas
660 3542 933 3603 putarunt.
963 3532 1204 3602 Cumque
1243 3534 1294 3587 id
1342 3534 1495 3589 ﬁeret
1537 3533 1681 3602 quod
1711 3534 1783 3587 illi
1814 3534 1982 3603 petie-

406 3632 545 3687 rant,
576 3622 817 3677 homines
837 3624 975 3677 inter
999 3638 1058 3677 se
1083 3623 1543 3691 colloquebantur,
1569 3625 1739 3679 virum
1768 3632 1982 3693 aposto-

410 3713 569 3767 licum
597 3713 811 3767 beatum
839 3710 1153 3776 Maximum,
1186 3714 1270 3766 cui
1295 3728 1563 3781 nunquam
1593 3713 1770 3768 divina
1810 3714 1982 3779 gratia

410 3799 696 3864 defuisset,
727 3801 967 3869 quamvis
990 3810 1193 3855 naturae
1218 3800 1328 3868 jam
1354 3803 1696 3871 persolvisset
1721 3801 1979 3868 debitum,

415 3898 589 3944 tamen
637 3890 925 3945 virtutibus
977 3898 1032 3945 et
1078 3890 1281 3944 meritis
1342 3891 1541 3945 vivere.
1609 3890 1776 3944 Simul
1826 3891 1984 3958 igitur

410 3995 597 4035 omnes
622 3977 871 4033 ﬁdissima
911 3980 1070 4034 animi
1098 3981 1386 4037 devotione
1412 3997 1531 4037 sese
1558 3991 1980 4052 prostraverunt,

412 4073 724 4141 prolixeque
751 4081 988 4137 orantes,
1012 4088 1073 4127 ac
1098 4072 1293 4128 deinde
1318 4084 1614 4144 surgentes,
1640 4091 1760 4130 cum
1788 4078 1987 4144 septies

416 4159 573 4230 lfyrie
589 4161 777 4215 eleison
801 4160 1137 4225 clamassent,
1161 4163 1391 4231 puellam
1414 4162 1980 4219 videruntredivivam.

419 4250 773 4317 Quamobrem
790 4251 973 4325 ingens
1002 4267 1095 4307 eos
1117 4260 1289 4308 terror
1309 4253 1517 4321 invasit,
1539 4254 1985 4323 commixtemque

416 4349 637 4409 stupore
684 4348 738 4394 et
786 4341 980 4409 gaudio
1022 4341 1443 4411 complebantur.
1489 4341 1707 4407 Puella,
1750 4343 1987 4398 vestibus

418 4431 616 4487 rclictis
644 4429 971 4496 funebribus,
1004 4442 1056 4486 et
1082 4432 1198 4488 aliis
1243 4435 1447 4498 induta,
1486 4434 1669 4505 populi
1696 4434 1986 4504 frequentis

2079 3273 2377 3343 peccatoris
2415 3274 2775 3327 curiositatem
2823 3271 2905 3326 his
2931 3273 3107 3327 verbis
3137 3271 3475 3341 reprehendit
3512 3273 3665 3327 :Ar—

2077 3365 2237 3418 duum
2304 3373 2386 3418 est
2447 3365 2690 3419 humanm
2752 3364 3022 3431 fragilitali
3076 3349 3380 3417 sanctorum
3439 3372 3661 3417 secreta

2078 3440 2436 3524 cognOscere,
2486 3464 2541 3511 et
2585 3456 2923 3510 temerarium
2947 3453 3081 3509 velle
3121 3453 3330 3517 rimari;
3356 3452 3484 3506 audi
3523 3466 3663 3521 ergo

2079 3560 2197 3614 qua:
2244 3546 2336 3601 tibi
2379 3546 2630 3615 prmscius
2676 3559 2774 3612 ego
2808 3546 2919 3611 jam
2948 3543 3186 3598 dicturus
3228 3558 3345 3596 sum
3375 3559 3392 3595 :
3425 3557 3487 3596 ea
3532 3557 3661 3612 qua:

2080 3634 2255 3688 vidisti
2284 3640 2338 3688 et
2365 3633 2555 3687 audisti
2585 3647 2714 3688 cave
2758 3647 2824 3686 ne
2852 3633 3084 3701 evulges.
3141 3631 3470 3699 Quocunque
3507 3617 3662 3684 enim

2080 3726 2168 3780 die
2216 3724 2266 3779 id
2317 3726 2533 3789 feceris,
2568 3740 2633 3779 ex
2664 3724 2765 3779 hac
2808 3724 2924 3778 luce
2954 3724 3221 3790 migrabis.
3255 3722 3308 3776 ld
3335 3732 3513 3777 utrum
3541 3722 3660 3791 jam

2081 3822 2397 3869 eventurum
2427 3814 2514 3873 sit,
2546 3828 2610 3867 ex
2640 3813 2732 3867 Dei
2776 3813 2973 3882 pendet
3010 3814 3249 3867 arbitrio.
3298 3811 3410 3878 Ego
3436 3813 3659 3881 quidem

2081 3908 2391 3964 esce'lentis
2428 3909 2544 3978 ejus
2592 3910 2800 3964 virtutis
2846 3909 3153 3964 memoriam
3194 3916 3248 3962 et
3290 3907 3659 3961 testimonium

2082 3998 2381 4068 posteritati
2411 4000 2685 4067 relinquo,
2733 4010 2790 4053 ut
2837 4015 2902 4053 ne
2950 4000 3067 4067 quis
3113 3997 3413 4051 mortalium
3446 3997 3662 4064 ignoret

2084 4091 2525 4159 quemadmodum
2552 4092 2676 4161 justi
2708 4093 2949 4146 homines
2968 4099 3269 4146 sanctorum
3299 4089 3501 4157 possint
3556 4087 3660 4143 frui

2083 4184 2405 4239 commercio
2432 4192 2487 4238 et
2528 4184 2928 4239 consuetudine.
2962 4184 3096 4238 Huic
3137 4190 3312 4237 autem
3360 4168 3659 4237 narrationi

2084 4273 2295 4328 abunde
2344 4275 2563 4328 multam
2608 4275 2911 4329 conciliavit
2953 4275 3106 4327 fidem
3157 4272 3299 4342 quod
3344 4271 3529 4327 eodem
3569 4270 3662 4325 die

2084 4361 2436 4416 subdiaconus
2462 4363 2570 4429 ille,
2597 4364 2732 4417 sicut
2753 4365 2798 4417 ei
2822 4376 2850 4417 a
2879 4364 3036 4417 beato
3060 4362 3288 4416 Maximo
3310 4359 3657 4428 przedicatum

2088 4460 2231 4517 erat,
2280 4452 2435 4507 desiit
2483 4468 2603 4508 esse
2646 4454 2697 4507 in
2740 4454 3025 4517 humanis;
3065 4461 3119 4507 et
3156 4452 3280 4519 quia
3329 4465 3435 4504 non
3483 4450 3661 4517 potuit

417 4518 662 4586 adjuncta
686 4521 903 4582 turmis,
947 4521 1157 4590 publica
1192 4537 1327 4580 voce
1364 4522 1551 4577 salutis
1591 4537 1699 4577 suae
1738 4523 1973 4577 testimo-

2085 4540 2292 4605 vivendi
2321 4540 2617 4611 producere
2656 4542 2935 4596 terminum
2960 4580 2975 4607 ,
3021 4556 3120 4595 nec
3148 4540 3451 4610 mysterium
3476 4538 3659 4593 celare

422 4610 565 4663 nium
605 4604 656 4662 in
695 4610 865 4664 sancti
913 4611 1146 4681 episcopi
1185 4610 1391 4667 laudem
1412 4612 1622 4668 dicebat
1670 4612 1749 4667 bis
1777 4613 1981 4667 verbis:

422 4698 464 4752 Ο
493 4698 792 4753 beatissima
838 4700 1131 4756 sacerdotis
1176 4702 1398 4756 merita!
1440 4701 1485 4756 Ο
1528 4702 1743 4758 beatum
1793 4705 1985 4768 virum,

420 4790 687 4859 vitamque
709 4790 915 4845 beatam
945 4792 1231 4861 pontiﬁcis,
1259 4794 1370 4861 qui,
1402 4802 1460 4847 ut
1483 4809 1545 4850 se
1586 4794 1762 4849 divina
1806 4810 1985 4850 remu-

425 4878 699 4931 neratione
724 4887 978 4933 aeternum
1007 4880 1189 4935 vivere
1220 4880 1544 4949 declararet,
1573 4890 1696 4954 post
1735 4894 1981 4948 mortem,

422 4978 685 5018 mortuam
729 4966 1032 5021 suscitavit!

493 5071 579 5126 15.
612 5071 954 5142 lmportatum
978 5076 1205 5148 denique
1232 5086 1315 5133 est
1334 5094 1529 5149 corpus
1558 5080 1849 5138 beatissimi
1888 5097 1987 5136 an-

425 5164 603 5219 tistitis
627 5166 677 5218 in
708 5165 955 5233 oppidum
977 5165 1305 5237 Rhegiense,
1339 5177 1392 5222 et
1428 5186 1546 5224 cum
1578 5172 1738 5225 multa
1767 5171 1989 5226 celebri-

426 5265 535 5309 tate
578 5256 849 5311 humatum
895 5258 949 5311 in
996 5260 1217 5314 ecclesia
1261 5261 1403 5315 beati
1449 5260 1619 5328 Petri,
1665 5278 1823 5333 quam
1874 5264 1988 5331 ipse

426 5346 735 5400 condiderat
754 5384 769 5409 ,
797 5364 915 5417 qua
944 5359 1126 5420 postea
1156 5351 1321 5419 ipsius
1351 5353 1561 5407 nomine
1587 5356 1850 5424 appellata
1881 5364 1981 5420 est,

426 5436 494 5490 ob
542 5436 728 5491 crebra
773 5438 885 5505 ejus
941 5441 1268 5509 patrocinia;
1324 5442 1412 5496 ubi
1455 5444 1705 5513 quidquid
1765 5445 1990 5499 fidenter

426 5524 652 5592 petitur,
699 5522 907 5582 Christo
928 5530 1213 5585 auxiliante
1258 5531 1546 5588 obtinetur.
1578 5534 1691 5589 Non
1735 5535 1804 5588 sit
1834 5535 1991 5603 igitur

430 5614 559 5669 fides
587 5615 775 5685 dubia,
810 5632 929 5674 cum
969 5620 1035 5674 sit
1070 5621 1235 5679 virtus
1288 5622 1510 5677 inﬁnita.
1561 5623 1675 5681 Non
1723 5625 1810 5680 diu
1851 5635 1989 5695 post,

2086 4629 2271 4685 voluit.

2156 4740 2239 4793 16.
2280 4737 2385 4793 Nos
2423 4738 2583 4808 igitur
2633 4748 2744 4795 tota
2797 4739 3080 4795 devotione
3134 4752 3446 4806 summoque
3491 4737 3657 4792 animi

2081 4834 2257 4891 studio
2280 4846 2526 4902 rogemus
2565 4834 2985 4903 omnipotentem
3039 4832 3225 4895 Deum,
3257 4840 3317 4886 ut
3363 4830 3657 4886 beatissimi

2083 4925 2320 4995 praesulis
2371 4924 2527 4991 hujus
2555 4925 2851 4994 patrocinio
2905 4922 3051 4977 frctis
3105 4923 3256 4976 nobis
3306 4922 3396 4974 det
3448 4921 3656 4973 veniam

2090 5025 2451 5085 peccatorum,
2504 5018 3131 5090 animumquenostrum
3164 5032 3194 5068 a
3246 5012 3531 5068 letbalibus
3582 5012 3659 5063 vi-

2092 5109 2179 5162 tiis
2208 5124 2396 5178 purum
2427 5124 2638 5177 semper
2658 5116 2941 5163 conservet
2972 5110 3015 5159 is
3043 5106 3127 5160 cui
3159 5118 3390 5173 prmsens
3419 5100 3654 5155 celebra-

2090 5214 2206 5253 mus
2224 5197 2483 5252 officium:
2508 5200 2559 5251 in
2583 5213 2689 5267 quo
2712 5196 3006 5265 prcestando
3032 5194 3165 5247 tales
3192 5205 3291 5245 nos
3318 5188 3659 5244 exhibeamus

2090 5289 2366 5357 praesentia
2390 5304 2695 5357 corporum,
2736 5296 2794 5340 ut
2820 5294 3023 5341 mentes
3050 5283 3283 5349 fulgeant
3312 5278 3508 5331 lumine
3530 5276 3659 5328 cha-

2088 5380 2279 5443 ritatis,
2325 5388 2605 5450 prtestante
2634 5378 2859 5433 Domino
2909 5384 3091 5431 nostro
3144 5371 3268 5426 Jesu
3305 5368 3537 5424 Christo.
3569 5362 3656 5431 Qui

2088 5484 2206 5521 cum
2230 5479 2497 5523 coaeterno
2527 5466 2683 5521 Patre
2706 5476 2759 5521 et
2786 5466 2985 5535 Spiritu
3026 5470 3212 5519 sancto
3241 5459 3368 5513 vivit
3396 5466 3447 5511 et
3475 5462 3655 5522 regnat

2092 5560 2144 5613 in
2175 5560 2366 5614 saecula
2396 5560 2727 5615 smculorum.
2755 5559 2943 5612 Amen.
