3874 6224
241 411 324 465 ιδ

1477 415 1634 475 νιτΑ
1672 415 1914 472 SANCTI
1953 419 1990 469 A
2003 414 2337 472 UGUS‘IINI.
3455 423 3519 474 I’i

249 543 358 582 nos
384 536 595 598 propter
621 526 968 582 diversorum
1013 535 1429 589 controversiam
1472 535 1716 606 proferre
1744 549 1842 587 no-
1874 541 1917 596 Α
1949 533 2200 600 pratmia,
2260 529 2575 586 consolante
2618 544 2710 584 ros
2766 530 2925 583 etiam
2981 529 3249 586 miraculis
3293 545 3523 602 superna

251 621 445 673 verint
469 620 564 678 ben
599 619 734 674 vola:
764 621 987 688 animm,
1023 637 1090 676 ne
1113 639 1228 679 cum
1259 626 1671 693 obloquentibus
1704 624 1839 678 inci-

249 712 414 779 piant
445 713 580 780 quod
605 711 836 778 diligunt
859 711 1104 768 faSIidirc
1122 755 1136 777 ,
1185 725 1240 770 ct
1262 716 1404 784 quod
1432 715 1611 769 verins
1638 728 1840 783 cogno-

250 811 458 854 emunt
485 802 532 853 in
573 800 737 853 rmius
783 801 1046 857 credere:
1080 813 1428 874 corrumpunt
1457 805 1598 857 enim
1649 819 1842 860 sensus

254 890 438 943 bonos
481 891 739 958 colloquia
797 893 956 948 mala.
1028 894 1274 949 Fecimus
1318 903 1498 948 autem
1547 894 1601 950 in
1658 896 1841 949 eadem

258 982 489 1034 mali-ria
534 981 664 1034 duos
690 983 935 1049 codices,
987 986 1246 1052 majorem
1276 994 1330 1040 ct
1373 985 1674 1040 minorem:
1705 1002 1841 1054 qua-

257 1080 422 1124 tenus
453 1073 622 1125 minor
665 1075 1025 1129 amicabiliter
1053 1076 1388 1143 obtemperet
1431 1076 1616 1130 amicis
1645 1077 1844 1134 exteris

255 1158 512 1223 tulit-sis,
539 1165 708 1228 major
733 1165 950 1218 uberius
983 1163 1240 1218 redundet
1266 1165 1572 1219 domesticis
1604 1165 1722 1220 ﬁliis
1751 1166 1843 1220 dc—

252 1252 550 1307 siileriosis.
584 1255 834 1308 Verumta
859 1273 868 1304 I
893 1270 961 1309 en
991 1256 1233 1325 qumdam
1263 1258 1422 1312 habet
1447 1258 1651 1327 major,
1706 1274 1841 1326 qua:-

249 1345 379 1397 dam
413 1347 614 1408 minor;
650 1360 772 1413 qua:
817 1362 925 1401 non
956 1349 1119 1404 habet
1149 1360 1370 1419 uterque
1400 1352 1562 1417 liber;
1613 1361 1665 1406 et
1709 1352 1844 1406 alter

250 1434 355 1484 alia
384 1471 401 1494 ,
443 1435 546 1486 alia
576 1435 711 1488 alter
746 1439 885 1504 sapit
926 1439 1287 1494 condimenta.
1319 1440 1447 1494 Item
1479 1441 1665 1496 eadem
1691 1451 1840 1510 gesta

251 1521 414 1573 aliter
441 1523 507 1575 ibi
531 1564 544 1584 ,
579 1525 734 1579 aliter
763 1527 847 1580 hic.
876 1538 1001 1580 sunt
1027 1529 1190 1594 dicta,
1235 1538 1290 1584 ut
1335 1531 1472 1585 alter
1491 1532 1708 1586 alterius
1739 1548 1841 1602 ope

251 1622 411 1678 «great
441 1623 495 1667 et
523 1616 715 1682 gratia.
747 1617 822 1670 De
850 1617 1040 1688 Ulysse
1081 1620 1308 1674 facundo
1335 1623 1408 1674 ait
1432 1633 1584 1689 poeta
1607 1640 1620 1650 ·

449 1744 536 1793 Ille
565 1747 755 1795 referre
781 1749 924 1797 aliter
951 1761 1086 1811 Sept:
1109 1751 1300 1800 solebat
1327 1752 1477 1801 idem.

1983 623 2133 676 ralia.

1944 635 2411 784 ῗφὶὲὰληιιυςανω
2465 713 2556 767 Dci
2606 729 2638 782 p
2674 712 2872 780 regrini
2905 728 3000 780 per
3029 713 3251 766 feminas
3280 715 3520 784 expulsi,

1945 807 2246 862 evolantem
2266 808 2511 861 baculum
2537 805 2604 869 de
2627 821 2784 858 manu
2811 804 3084 871 Augustini
3113 821 3207 874 per
3229 805 3327 859 tria
3355 808 3522 860 stadia

1943 899 2143 963 secuti,
2176 908 2333 954 noctu
2357 899 2455 952 sub
2483 897 2570 950 dio
2599 899 2956 966 quiescentes,
2991 897 3312 950 irradiantur
3341 897 3522 966 splen-

1944 987 2077 1043 dore
2100 988 2330 1054 ccclesti,
2379 996 2434 1041 et
2456 987 2719 1039 satiantur
2776 985 2922 1039 fonte
2961 986 3210 1041 divinitus
3259 990 3521 1058 producto

1945 1078 2131 1132 humi:
2164 1077 2482 1146 scripsitque
2528 1076 2597 1129 ibi
2627 1075 2735 1130 dux
2793 1091 2984 1130 nomen
3025 1086 3078 1131 ct
3102 1094 3314 1132 causam
3367 1081 3520 1135 itine-

1945 1171 2018 1224 ris
2047 1171 2148 1224 'sui.

2020 1258 2105 1313 XI.
2137 1257 2307 1313 Vicini
2333 1290 2374 1323 ,ς
2400 1267 2551 1312 tanto
2602 1257 2792 1325 jubare
2845 1268 3005 1312 noctu
3056 1261 3171 1314 viso
3220 1263 3518 1331 perterriti,

1945 1363 2100 1402 mane
2129 1347 2193 1401 ad
2227 1347 2400 1402 locum
2442 1357 2696 1414 currunt;
2729 1349 2778 1400 in
2809 1347 3018 1402 amissis
3041 1349 3267 1413 sanctis,
3315 1360 3517 1405 reatum

1942 1454 2097 1494 suum
2129 1439 2418 1508 plangunt;
2445 1455 2510 1493 ex
2542 1438 2732 1494 litteris
2763 1439 2814 1492 in
2846 1449 2983 1493 terra
3014 1439 3294 1508 descriptis
3324 1441 3521 1510 Angus-

1944 1531 2114 1584 tinum
2146 1538 2477 1598 cogno~cunt
2517 1548 2530 1584 :
2566 1532 2846 1585 ecclesiam
2895 1533 2961 1586 ibi
3016 1534 3064 1585 in
3122 1534 3236 1603 ejus
3279 1536 3517 1601 honore,

1945 1637 2063 1691 qua;
2085 1636 2296 1674 onmem
2327 1622 2574 1676 feminam
2602 1634 2859 1691 perpetuo
2891 1625 3042 1676 ixciu
3067 1625 3142 1687 lit,
3167 1626 3515 1680 constituunt.

1945 1683 2122 1781 πνέῃ.
2173 1713 2413 1767 Matrona
2464 1730 2583 1766 cum
2635 1728 2803 1768 cerro
2844 1717 2981 1767 ha-ic
3032 1725 3242 1769 tentans
3285 1726 3516 1782 intrare,

1945 1814 2067 1859 ante
2097 1805 2258 1858 limen
2288 1806 2338 1858 in
2387 1804 2496 1873 ipsa
2528 1805 2690 1858 vetita
2733 1816 2870 1858 meta
2918 1807 3084 1874 ruptis
3131 1807 3391 1860 intestinis
3443 1807 3518 1860 in-

325 1865 448 1922 llzcc
493 1869 597 1938 piis
641 1870 827 1924 amicis
857 1875 943 1940 pic
997 1873 1283 1929 allndcndo
1324 1885 1379 1930 et
1427 1878 1510 1945 pic
1557 1893 1825 1933 commen-

1945 1897 2122 1968 lerljt.
2155 1906 2478 1961 cunctasque
2509 1896 2586 1948 sui
2610 1911 2767 1948 sexus
2789 1895 2963 1948 acrius
2989 1897 3260 1949 exterruit.

253 1958 458 2019 dando.
510 1977 730 2016 oramus
757 1975 810 2016 ct
841 1977 1129 2032 prmscntes
1179 1978 1232 2022 et
1280 1979 1522 2026 "osteros
1571 1988 1838 2030 memores

257 2063 374 2102 esse
413 2050 638 2107 affectus
681 2056 848 2109 nostri
889 2068 943 2110 et
979 2060 1180 2112 servitii
1214 2060 1426 2125 devoti,
1479 2065 1720 2130 quamvis
1751 2066 1835 2118 in-

255 2141 410 2206 grati.

329 2228 593 2287 Hactenus
632 2233 906 2310 prologus,
955 2238 1006 2290 in
1037 2252 1144 2310 quo
1174 2255 1333 2294 voces
1361 2243 1493 2294 duas
1551 2257 1646 2310 per
1705 2259 1837 2298 con-

262 2311 512 2382 jecturam
555 2306 922 2383 correximus;
971 2308 1210 2383 eatIi_tI"III
1260 2306 1565 2365 libertatem
1587 2314 1839 2383 deinceps

265 2373 527 2442 sumpturi
558 2374 606 2425 in
665 2377 1044 2442 sequentibus:
1081 2378 1151 2432 ita
1196 2387 1373 2435 tamen
1419 2392 1476 2435 ut
1515 2384 1654 2437 inter
1686 2373 1835 2440 unci-

268 2453 358 2489 nos
387 2439 555 2522 ποτε
587 2452 708 2522 atltlr
743 2439 820 2522 :ea
863 2447 1063 2522 lectio,
1099 2465 1257 2522 quam
1288 2452 1635 2522 correctionis
1677 2439 1837 2522 egere

268 2509 578 2590 putabimus.
631 2509 1211 2590 Simi'itrrdefidentia
1242 2520 1565 2590 quandoque
1592 2523 1656 2576 ad
1699 2509 1837 2579 inte:

270 2579 513 2655 grandum
543 2595 760 2655 sensum
781 2585 950 2655 verba
981 2601 1010 2638 a
1062 2589 1215 2642 nobis
1244 2579 1519 2655 addimus,
1573 2593 1666 2647 sed
1697 2594 1835 2648 inter

272 2651 287 2715 (
323 2650 680 2719 H),_t_antisper
709 2653 966 2717 valitura,
1013 2655 1185 2710 donec
1212 2655 1348 2712 facta
1378 2650 1672 2718 collatione
1710 2679 1833 2718 cum

272 2716 530 2798 aliis__.\Iss.
583 2716 698 2783 qua:
729 2716 1164 2798 nccdumévidere
1195 2727 1370 2794 licuit,
1400 2716 1676 2798 integritas
1724 2716 1835 2789 ori:

273 2788 442 2866 ginatis
470 2793 880 2866 suggeratur_ab
910 2793 1119 2864 aliquo,
1168 2798 1256 2866 qui
1299 2788 1540 2854 voluerit
1554 2815 1621 2854 eo
1650 2788 1834 2860 labore

275 2860 536 2939 negando
574 2866 735 2938 atque
775 2861 844 2915 de
890 2860 1205 2939 nostrohoc
1247 2883 1410 2939 opere
1439 2871 1631 2924 mereri
1669 2871 1828 2928 bene.

278 2923 468 3006 Mdhilio
515 2923 858 3006 partitionem
887 2937 1122 3006 auctoris
1151 2936 1205 2990 in
1238 2923 1528 3006 marginem
1562 2923 1834 2998 transtulit

278 3003 325 3046 et
348 2996 902 3074 titulos‘capitulmum
932 3003 1082 3074 initio
1111 2996 1382 3074 collegit:
1403 3008 1548 3065 Idem
1593 2996 1832 3069 hiciser:

277 3074 410 3116 vatur
434 3081 528 3133 per
553 3081 825 3133 numeiOs,
859 3072 1070 3128 inducta
1100 3072 1275 3130 solum
1302 3078 1563 3134 divisione
1591 3083 1827 3138 capitum

279 3147 424 3195 nova,
449 3147 759 3207 nostroque
804 3141 1045 3195 instituto
1090 3146 1158 3200 ad
1198 3149 1514 3202 servandam
1549 3141 1829 3207 uniformi-

2016 1983 2147 2041 KIII.
2205 1987 2516 2042 Miraculum
2573 1988 2812 2040 audtnm
2863 1987 2928 2040 ab
2981 1987 3094 2055 ipso
3149 1987 3514 2055 Andcgavcnsi

1943 2080 2221 2148 Episcopo,
2271 2079 2358 2146 qui
2405 2079 2538 2132 hanc
2581 2079 2858 2132 ecvlesiam
2903 2077 3270 2132 rcacliﬁt‘alam
3302 2079 3509 2132 dedica-

1942 2170 2017 2221 vit
2053 2186 2064 2219 :
2097 2170 2325 2236 qualiter
2351 2169 2400 2221 in
2440 2168 2778 2222 dedicatione
2808 2167 3044 2221 funditus
3073 2169 3401 2222 conculcata:
3432 2186 3514 2224 se-

1941 2265 2089 2324 getes
2119 2270 2181 2309 ac
2227 2257 2436 2325 penitus
2473 2258 2767 2324 desperata:
2800 2258 3046 2311 omnibus
3095 2259 3210 2313 aliis
3241 2257 3510 2314 uberiores

1940 2347 2239 2400 exstiterint
2269 2346 2320 2401 in
2350 2361 2540 2402 messe.

2008 2454 2144 2510 XIV.
2171 2457 2489 2526 Augustinus
2510 2473 2630 2513 cum
2658 2458 2844 2525 sociis,
2878 2469 2996 2528 post
3018 2461 3220 2515 diversa
3247 2470 3506 2516 terrarum

1937 2546 2263 2614 discrimina,
2292 2547 2545 2616 applicuit
2574 2548 2922 2616 Britanniam,
2947 2549 3011 2604 ad
3033 2551 3359 2605 mansionem
3383 2567 3508 2619 per-

1937 2645 2149 2707 petuam
2178 2635 2470 2692 divinitatis
2498 2638 2937 2706 prinordinatam.

2008 2747 2119 2802 XV.
2153 2747 2389 2803 Tanetus
2419 2749 2584 2806 insula
2613 2750 2886 2805 Christum
2933 2750 2982 2806 in
3015 2752 3212 2807 sanctis
3255 2758 3365 2809 suis
3390 2768 3509 2808 sus-

1934 2838 2074 2910 cepit
2103 2839 2307 2908 priina;
2341 2835 2462 2892 felix
2493 2838 2647 2893 tel'us
2670 2882 2683 2904 ,
2716 2838 3058 2897 fmcunditate
3099 2857 3194 2897 sua
3229 2852 3305 2897 tot
3333 2840 3506 2899 Deifc-

1933 2941 2116 2981 rorum
2145 2925 2467 2981 advenarum
2499 2925 2824 2982 felicissima.

2000 3033 2139 3090 XVI.
2170 3035 2555 3099 Ethelbertns,
2607 3051 2698 3090 rex
2730 3037 3016 3106 Anglorum
3065 3053 3248 3108 regum
3277 3040 3502 3109 tertius,

1930 3126 2025 3182 sed
2053 3123 2357 3180 christicola
2387 3125 2611 3195 primus,
2643 3141 2810 3181 uxore
2844 3128 3132 3183 christiana
3161 3130 3500 3203 clementior,

279 3207 418 3294 tatem
448 3202 636 3282 idonea
651 3202 688 3270 ,“
720 3209 866 3275 quod
908 3212 1152 3267 similiter
1180 3221 1270 3270 net
1309 3218 1361 3271 in
1399 3218 1536 3273 libro
1557 3202 1829 3289 primo—He
1855 3234 1900 3294 ς
1932 3214 2193 3285 Optimum
2219 3223 2431 3269 acterna:
2459 3214 2646 3270 salutis
2688 3218 2935 3273 nuntium
2975 3219 3041 3275 ab
3070 3221 3360 3290 Augustino
3384 3239 3503 3279 sus-

278 3274 620 3327 translatione.

805 3383 1002 3427 DIVISIO
1026 3388 1278 3430 CAPITUI.

332 3474 501 3533 Cum
543 3478 585 3534 I.
606 3478 829 3538 Victore
877 3485 1058 3541 mundi
1104 3485 1332 3545 Domino
1359 3505 1517 3559 regna
1569 3494 1827 3563 captivati

276 3571 466 3637 tyranni
498 3572 608 3626 suis
634 3573 942 3644 palmigeris
966 3576 1336 3648 distribuente,
1371 3582 1714 3651 Augustinus,
1745 3586 1826 3641 di-

272 3658 409 3713 vinus
436 3658 768 3730 Legatarius,
799 3680 828 3718 a
857 3664 1103 3724 Romano
1130 3670 1286 3741 apice
1303 3672 1670 3731 hereditatem
1699 3692 1822 3732 sor-

271 3746 382 3802 titur
407 3747 732 3805 Oeeanitidis
753 3750 1054 3812 Britannia.

328 3857 385 3913 II.
402 3857 735 3917 Describitur
746 3864 831 3919 hic
848 3865 1251 3936 Augustinensis
1265 3871 1509 3939 mundus,
1530 3883 1587 3928 ut
1605 3876 1821 3944 quidam

266 3957 491 4006 terrea
518 3953 800 4022 paradisus
826 3970 1003 4012 rerum
1034 3957 1308 4018 ltecundus
1327 4004 1340 4028 ,
1371 3974 1424 4018 et
1446 3966 1728 4033 gratiosus.

320 4062 400 4117 lli.
434 4063 548 4119 IIoc
577 4065 764 4134 ingens
795 4067 953 4135 hujus
980 4071 1226 4126 omnibus
1254 4073 1581 4130 domicilium
1607 4080 1819 4146 paravit

258 4152 500 4210 Dominus
537 4171 636 4211 suo
664 4157 987 4227 Augustino,
1014 4169 1070 4215 ut
1092 4163 1158 4217 ab
1187 4163 1338 4220 initio
1367 4167 1636 4222 conditum
1664 4185 1817 4225 mun-

254 4243 367 4298 dum
395 4246 597 4298 homini
630 4249 877 4308 οοη.ιὶιο;
922 4258 976 4303 et
1015 4252 1341 4319 Augustinus
1385 4256 1692 4326 relinquens
1723 4273 1816 4328 pa-

253 4343 427 4414 triam,
461 4337 636 4393 factus
664 4347 745 4393 est
773 4354 825 4392 tn
864 4349 1075 4408 gentem
1104 4359 1367 4414 n'tagnam.

245 4406 394 4501 ΜΝ.
429 4447 585 4502 Hunc
618 4464 754 4518 papa
784 4449 1077 4520 Gregorius
1104 4459 1408 4526 assumpsit,
1440 4476 1598 4531 quem
1632 4477 1728 4532 pro
1757 4478 1817 4518 ae

245 4537 471 4591 mitteret
509 4540 559 4591 in
590 4538 870 4609 Angliam,
916 4552 974 4596 ut
1001 4543 1232 4615 Anglos,

240 4639 442 4697 gentem
486 4629 687 4685 faceret
715 4635 1030 4700 angelicam.

309 4718 366 4774 ν.
394 4719 626 4776 Mittitur
650 4724 732 4777 vir
767 4725 1020 4781 virtutum
1043 4769 1058 4794 ,
1113 4746 1234 4786 cum
1273 4735 1618 4805 quadraginta
1645 4752 1810 4794 evan-

235 4811 413 4877 gelicis
459 4813 714 4882 collegis,
760 4815 827 4868 ad
877 4821 1291 4877 convertendam
1345 4824 1609 4892 Angliam.
1667 4827 1812 4884 Eunt

234 4901 419 4980 armati
449 4901 514 4954 ad
543 4901 872 4960 fructiferam
913 4907 1093 4976 gloria:
1117 4913 1446 4980 patientiam.

329 4989 386 5042 il.
431 4991 616 5048 Sancti
664 5011 886 5053 rumore
933 5015 1096 5068 pravo
1137 5006 1418 5071 exterriti,
1472 5007 1803 5079 Gregoriana

233 5082 453 5150 epistola
482 5087 550 5138 ad
581 5098 812 5157 coeptum
837 5090 940 5144 iter
969 5090 1239 5156 virtutum,
1269 5094 1459 5152 fortius
1486 5114 1584 5168 per
1603 5103 1810 5168 Augus-

237 5172 398 5237 tinum
425 5186 553 5229 sunt
579 5180 818 5234 animati.

303 5262 407 5319 VII.
425 5264 667 5335 Epist‘oIa
690 5271 833 5325 beati
857 5271 1096 5342 Gregorii
1121 5275 1187 5330 ad
1209 5277 1372 5347 ipsos,
1399 5295 1807 5351 perseveranter

235 5363 290 5409 ιιι
313 5354 604 5423 Augustino
632 5360 908 5415 obediant.

303 5442 425 5500 VIII.
479 5443 718 5515 Epistula
759 5449 1002 5517 ejusdem
1057 5469 1204 5524 papa:
1247 5455 1544 5515 Arelatensi
1592 5465 1802 5522 archie-

238 5536 736 5610 piscopoEtberio,
771 5551 832 5595 ut
882 5547 1173 5612 Augustino
1213 5549 1432 5622 ejusque
1460 5558 1802 5615 consortibus

243 5632 509 5688 maria
547 5631 866 5705 provideat.

294 5717 374 5781 ΙΙ.
420 5725 732 5796 Augustino
780 5722 1057 5781 referente
1101 5730 1259 5786 sociis
1306 5735 1598 5803 apostolica
1644 5753 1799 5796 man-

159 5811 164 5820 '
236 5812 364 5887 lata,
399 5816 664 5877 lesthant
721 5829 832 5888 per
883 5813 1106 5875 adversa
1149 5828 1204 5876 et
1241 5836 1499 5896 prospera
1552 5825 1619 5882 ad
1669 5843 1796 5886 vera

1933 3306 2090 3378 cipit;
2143 3306 2236 3361 sed
2279 3321 2386 3362 non
2435 3307 2590 3363 facile
2638 3311 2962 3379 acquiescit,
3009 3323 3071 3368 ut
3099 3330 3165 3369 ex
3194 3314 3504 3372 difﬁcultate

1931 3396 2132 3450 sanctis
2160 3396 2328 3464 gloria
2361 3407 2654 3454 accrescat.
2689 3399 2850 3455 Venit
2903 3401 2955 3456 in
3007 3401 3269 3459 'I‘anetum
3317 3405 3504 3462 audire

1927 3485 2190 3564 advenas.
2224 3483 2512 3541 Dominicis
2540 3490 2714 3545 crucis
2738 3491 3062 3548 vexilliferos
3091 3503 3144 3548 et
3172 3511 3468 3564 praecones.

1935 3545 2151 3649 γένη.
2183 3597 2507 3664 Augustinus
2554 3604 2774 3669 exponit
2804 3605 2915 3672 regi
2964 3614 3228 3676 optnnum
3257 3611 3501 3666 nuntium

1925 3684 2067 3754 quod
2097 3686 2370 3751 attulerit,
2402 3688 2688 3758 videlicet,
2739 3695 2921 3748 mundi
2963 3697 3299 3753 conditorem
3337 3709 3392 3755 et
3419 3716 3502 3756 reo

1930 3773 2260 3845 demptorem
2291 3779 2524 3835 humano
2571 3783 2754 3849 generi
2807 3793 3030 3856 regnum
3081 3789 3338 3844 caelorum
3376 3806 3502 3861 ape-

1924 3868 2126 3932 ruisse,
2181 3870 2327 3924 etde
2362 3873 2640 3942 terrigenis
2669 3875 2917 3934 cmlesles
2965 3879 3238 3948 indigenas
3276 3882 3496 3951 fecisse;

1922 3964 1979 4012 et
2005 3958 2247 4014 homines
2276 3961 2348 4014 ita
2377 3961 2665 4027 dilexisse,
2720 3975 2777 4020 ut
2825 3967 2987 4024 homo
3035 3970 3177 4035 fieri,
3222 3982 3383 4044 atque
3413 3975 3500 4030 in-

1921 4063 2102 4118 super,
2137 4058 2256 4118 post
2300 4050 2578 4107 innumera
2627 4054 2923 4112 divinitatis
2969 4075 3078 4114 sum
3133 4062 3387 4119 miracula
3442 4074 3499 4120 et

1921 4150 2168 4211 ostenta,
2216 4161 2312 4215 pro
2343 4145 2616 4204 hominum
2646 4152 2894 4224 (amore)
2922 4165 3094 4211 morte
3140 4161 3312 4215 crucis
3360 4165 3495 4218 mori

1922 4234 2184 4303 voluerit,
2237 4245 2291 4292 et
2331 4253 2459 4295 suos
2486 4238 2695 4309 legatos
2724 4245 2789 4297 ad
2821 4249 3210 4303 convertendas
3253 4253 3497 4308 nationes

1919 4327 2164 4380 omnibus
2195 4328 2474 4383 tormentis
2522 4329 2861 4389 invincibiles
2905 4335 3380 4406 inextinguibiliter
3407 4356 3495 4395 ac-

1919 4415 2191 4483 cenderit;
2219 4419 2468 4488 quodque
2493 4421 2592 4492 ipsi
2611 4463 2624 4489 ,
2656 4425 2747 4478 tali
2771 4427 3046 4482 charitatis
3070 4427 3280 4484 flamma
3305 4432 3492 4485 stimu-

1919 4504 2082 4570 lante,
2114 4505 2444 4562 advenerint.

1261 4562 1473 4616 gentem
1499 4554 1777 4610 candidam
1798 4597 1813 4624 ’
1844 4597 1897 4657 D
1974 4554 2153 4669 XVIII.
2171 4614 2284 4670 Rex
2309 4615 2872 4677 Ethelbertuslaudat
2897 4624 3110 4693 quidem
3135 4637 3348 4686 internae
3372 4633 3493 4690 bea-

1921 4707 2160 4764 titudinis
2188 4710 2478 4779 promissa,
2530 4722 2585 4769 et
2627 4716 2831 4788 colligit
2877 4728 3092 4776 sanctos
3134 4738 3232 4793 pro
3281 4724 3491 4782 illorum

1919 4798 2291 4856 benevolentia
2322 4819 2337 4868 ;
2365 4805 2459 4860 sed
2492 4807 2663 4862 nescit
2691 4809 2870 4866 adhuc
2896 4815 3091 4870 vetusti
3121 4819 3319 4873 erroris
3345 4825 3491 4876 tene-

1916 4889 2042 4945 bras
2070 4905 2266 4946 exuere
2296 4901 2350 4946 et
2378 4893 2528 4950 indui
2559 4896 2678 4953 luce
2708 4916 2862 4955 nova.

1985 5000 2122 5057 XIX.
2178 5003 2336 5073 Regis
2384 5006 2708 5077 clementia,
2773 5014 2877 5069 imo
2952 5016 3046 5072 Dei
3114 5020 3490 5090 providentia,

1919 5093 2090 5148 sancti
2118 5092 2336 5147 advenae
2361 5134 2375 5158 ,
2415 5111 2535 5152 cum
2579 5101 2720 5156 elato
2753 5102 3041 5160 Dominicaa
3090 5110 3264 5164 crucis
3295 5113 3489 5168 vexillo

1917 5191 1974 5234 et
1999 5186 2210 5239 canoris
2233 5189 2507 5257 precibus,
2551 5194 2602 5249 in
2634 5204 2945 5265 perpetuam
2977 5198 3360 5261 habitationem
3384 5207 3488 5262 Do.-

1913 5273 2176 5328 robernite
2224 5275 2480 5346 ingrcssi,
2514 5284 2764 5340 vivebant
2803 5278 3065 5358 angelice,
3115 5302 3176 5347 ut
3223 5296 3488 5364 peregrini

1915 5365 2096 5419 mundi
2118 5373 2172 5419 et
2200 5367 2461 5436 indigenae
2483 5374 2601 5429 caeli
2619 5416 2632 5441 ,
2662 5383 2713 5431 et
2742 5379 3053 5439 cobaaredes
3081 5385 3180 5439 sibi
3205 5386 3489 5454 gliscentes

1912 5454 2059 5521 regni
2088 5453 2202 5512 Dei.

1979 5565 2097 5622 XX.
2127 5567 2184 5623 In
2217 5571 2463 5628 orientali
2507 5574 2854 5639 Dorobernite
2900 5585 3122 5642 ecclesia
3172 5587 3313 5642 beati
3341 5588 3487 5648 Mar-

1907 5657 2035 5723 tini,
2067 5659 2194 5714 olim
2225 5675 2254 5715 a
2283 5660 2543 5722 Romanis
2581 5668 2886 5729 christianis
2936 5676 3182 5742 condita,
3236 5676 3370 5735 [idus
3399 5697 3485 5737 re-

1904 5749 2043 5840 gina:
2078 5759 2261 5808 custos
2306 5754 2496 5814 beatus
2545 5765 2738 5830 praesul
2767 5766 3026 5824 Letardus
3073 5772 3268 5840 agebat
3307 5772 3507 5831 divina'

1901 5838 2074 5897 oﬂicia
2095 5880 2110 5910 ,
2131 5858 2253 5915 quae
2277 5849 2670 5912 sacratissimus
2695 5855 3020 5927 Augustinus
3044 5838 3165 5919 cuin
3193 5878 3292 5921 suo
3318 5864 3484 5923 choro
