3874 6224
411 390 474 443 47
1209 384 1516 446 δωοιυε
1555 384 1991 443 AUGUSTINUS

2110 384 2396 441 ltil.tlIIU.\I
2438 387 2477 439 .\
2488 385 2853 445 Ριιδτοιλεε.
3614 392 3693 444 43

404 499 689 555 irradiabat
717 496 1005 569 apostolica
1040 496 1140 551 rita
1168 504 1221 550 ct
1248 495 1490 551 doctrina
1515 536 1533 563 ,
1581 503 1636 549 et
1663 494 1971 565 signoruni,
2006 504 2052 558 Α
2156 493 2338 550 XXXI.
2382 494 2490 548 llos
2518 498 2869 565 t‘ltisl-iinrttm
2898 499 3238 568 fircgnriana!
3264 500 3573 556 dnlredinis
3603 500 3693 553 fa-

407 606 512 661 qua
542 590 719 659 plures
744 586 1028 652 convertit,
1061 585 1355 642 alliuent'a.

480 679 617 735 XXI.
675 678 858 733 Victus
901 693 1036 742 rex,
1084 693 1179 746 per
1224 674 1397 731 dulcia
1448 684 1663 730 interrae
1713 674 1981 731 felicitatis

408 768 766 824 hiauditneuta
795 774 850 820 et
876 765 1258 835 irrcfragahilia
1292 766 1544 819 virtutum
1565 765 1835 835 exempla,
1858 766 1982 820 sub-

408 860 584 928 iicitur
612 855 823 914 Christo
852 857 955 911 fide
975 858 1189 912 devota.

483 947 637 1002 XXII.
682 945 796 1001 Rex
841 946 909 1001 de
953 946 1169 1003 excelso
1216 945 1577 1009 humillimus,
1629 944 1697 1000 de
1742 945 1983 1015 principe

410 1050 542 1103 puer
565 1035 990 1104 ecclesiasticus,
1036 1037 1335 1107 baptizatur
1366 1036 1417 1090 in
1446 1050 1667 1092 summm
1710 1034 1986 1091 Trinitatis

408 1127 745 1184 confessione
773 1137 829 1183 et
857 1128 1072 1195 nomine
1091 1169 1105 1195 ,
1153 1128 1393 1195 repletur
1417 1126 1640 1182 candida
1667 1125 1864 1181 Christi
1892 1140 1985 1180 co-

411 1218 613 1285 lumba,
636 1216 693 1272 fit
719 1218 786 1273 de
803 1218 969 1273 veteri
1001 1215 1282 1272 idololatra
1311 1232 1481 1272 novus
1504 1216 1829 1271 cliristicola.
1856 1214 1987 1270 Ilinc

413 1311 742 1381 Augusﬁnns
767 1311 878 1367 Deo
899 1311 1065 1377 c'anit,
1097 1325 1217 1366 cum
1243 1325 1490 1381 suprema
1512 1310 1724 1373 chorea,
1749 1310 1986 1377 gaudens

408 1419 505 1458 sua
531 1414 655 1458 vota
681 1404 761 1456 sic
783 1411 1116 1472 prosperata.

482 1490 661 1545 XXIII.
701 1489 971 1544 Gloriatur
993 1504 1090 1544 rex
1113 1488 1445 1543 fraternitate
1467 1502 1604 1542 nova
1625 1487 1694 1543 de
1713 1486 1905 1541 ducum
1932 1496 1989 1543 et

411 1583 645 1655 plebium
674 1580 1188 1650 combaptizalortun
1219 1580 1393 1643 turba,
1436 1593 1534 1635 nec
1556 1581 1669 1649 jam
1710 1594 1865 1633 suum
1897 1594 1986 1633 re-

412 1691 573 1746 gnum
609 1675 836 1729 restituat
864 1673 1009 1742 quod
1046 1672 1488 1737 administrabat,
1530 1670 1623 1726 sed
1661 1678 1831 1725 totum
1865 1684 1989 1723 eum

419 1766 675 1836 subjectis
709 1765 808 1819 sibi
838 1766 1052 1833 regibus
1091 1774 1145 1819 et
1186 1765 1399 1835 populis
1437 1764 1489 1818 in
1534 1763 1744 1819 dulcem
1786 1760 1988 1817 Christi

2082 603 2177 642 vos
2220 587 2408 641 beatus
2437 588 2761 655 Augustinus
2785 629 2802 652 ,
2849 592 3087 645 omnittnt
3130 590 3379 645 virtutum
3410 593 3696 658 gradibus

2078 678 2342 744 sideream
2369 678 2565 732 scalam
2601 681 3048 749 transreinlendo,
3078 681 3365 749 colligens;
3408 676 3508 733 hiis
3538 694 3695 747 ψω-

2081 781 2184 835 que
2213 782 2307 820 rex
2334 774 2392 821 et
2418 767 2617 834 regina,
2649 782 2745 835 pio
2774 783 2871 819 suo
2894 768 3087 823 affectu
3108 778 3160 822 rt
3189 769 3513 837 capacitate,
3541 768 3696 819 linu-

2083 855 2314 920 riemes,
2355 856 2661 910 nitebantur
2693 856 3003 925 apostolicis
3030 858 3367 913 documentis
3402 854 3651 923 obsequi
3675 890 3694 917 ,

2085 955 2145 1000 ut
2188 954 2309 1016 post
2351 947 2627 1011 pereuntia
2668 962 2830 1016 regna
2872 959 3203 1001 mererentur
3247 950 3487 1005 cwlestia
3534 960 3694 1000 con-

2083 1050 2260 1106 sequi.

2160 1127 2368 1182 XXXII.
2414 1128 2693 1195 Britones,
2752 1129 3042 1200 Anglorum
3092 1128 3476 1184 debellantium
3541 1127 3696 1183 reli-

2084 1219 2258 1287 quias,
2296 1220 2363 1273 ab
2392 1219 2754 1274 eetelesiastica
2785 1221 2967 1289 regula
2994 1217 3313 1274 dissidentes
3338 1259 3355 1282 ,
3398 1234 3696 1274 convom-

2087 1315 2171 1361 tos
2198 1307 2338 1375 regis
2368 1322 2471 1377 Ope
2518 1307 2845 1375 Augustinus
2868 1349 2884 1373 ,
2936 1317 3047 1363 tota
3078 1310 3285 1377 paterni
3313 1307 3545 1365 affectus
3600 1308 3694 1362 in-

2084 1397 2303 1459 stantia,
2330 1398 2635 1451 decertabat
2657 1400 2722 1450 ad
2746 1398 3036 1467 legitimam
3060 1402 3300 1452 omnium
3322 1399 3696 1455 concordiam

2088 1488 2418 1552 adsciscere;
2461 1486 2558 1542 sed
2598 1487 2971 1544 difficillimum
3000 1502 3083 1541 est
3112 1486 3563 1544 irrationabiliter
3599 1505 3696 1543 ra.

2091 1576 2223 1629 tioni
2250 1585 2607 1646 repugnantes
2634 1577 2922 1646 corrigere.

2161 1664 2393 1721 XXXIII.
2433 1666 2745 1722 Causidicus
2777 1667 3003 1733 Domini,
3043 1668 3307 1725 advocato
3346 1666 3402 1722 in
3434 1666 3696 1723 medium

2090 1770 2233 1811 οωεο
2262 1774 2274 1809 :
2308 1755 2368 1809 In
2405 1755 2529 1821 hoc,
2559 1755 2749 1825 inquit,
2782 1758 3032 1811 ostendat
3061 1758 3317 1811 Dominus
3344 1773 3555 1827 rerum,
3585 1772 3666 1813 ett

412 1857 671 1912 ditionem
716 1854 1009 1910 transferre
1036 1871 1099 1909 ac
1134 1856 1359 1910 dilatare
1386 1856 1656 1921 decertat;
1698 1854 1983 1925 episcopis,
2017 1870 2064 1931 Β
2086 1845 2176 1914 ius
2202 1846 2371 1916 partis
2408 1847 2601 1914 dogma
2630 1850 2700 1901 sit
2731 1861 2935 1901 verum.
2969 1847 3227 1917 Propenit
3266 1863 3465 1904 mecum
3498 1851 3695 1905 Brito-

412 1945 756 2009 inonastcria,
788 1944 1039 1999 ecclesias
1063 1982 1077 2007 ,
1120 1952 1371 2014 tanquam
1421 1944 1693 2000 Dominica
1720 1944 1939 1999 castella
1962 1981 1979 2009 ,

410 2033 662 2102 regaliter
688 2030 936 2087 a-difieat.

428 2108 664 2190 JXXIV.
706 2122 1029 2191 Augustinus
1060 2123 1302 2193 prrebens
1338 2138 1398 2179 se
1446 2123 1699 2179 electioni
1728 2123 1987 2193 apostoli-

412 2233 489 2273 (".0
516 2226 568 2271 et
597 2216 991 2283 ecclesiastico,
1023 2217 1269 2282 nimirum
1297 2219 1647 2289 assutnptioui
1676 2218 1987 2285 Dominieze,

411 2310 479 2361 ab
503 2308 793 2362 Arelatensi
810 2308 1187 2377 archipmisnle
1214 2320 1559 2365 consecratur
1581 2311 1633 2365 in
1661 2311 1985 2379 primitivum

410 2396 765 2467 patriareliam
791 2396 991 2465 Anglia!
1014 2406 1434 2469 perpetuamque
1460 2398 1886 2456 bene.licti0nem
1909 2416 1988 2456 re-

410 2486 515 2540 fert
546 2485 909 2540 Dorobetnice.

510 2574 645 2629 iXV.
689 2575 845 2629 Mittit
886 2576 1213 2644 Augustinus
1262 2575 1487 2633 Romam
1533 2579 1780 2633 nuntiare
1829 2579 1988 2633 beato

412 2663 713 2733 Gregorio,
767 2678 944 2739 regem
1021 2674 1075 2719 et
1131 2667 1384 2735 populum
1436 2668 1728 2737 Anglorum
1786 2670 1987 2723 cultum

410 2754 612 2808 Christi
640 2754 936 2825 suscepisse
958 2796 974 2821 ,
1017 2771 1077 2811 se
1103 2759 1360 2827 episcopo
1382 2776 1413 2810 ιι
1442 2759 1640 2813 factum
1671 2774 1819 2823 esse,
1843 2759 1987 2829 jam-

412 2859 519 2915 que
548 2844 726 2898 multa:
753 2846 909 2900 messi
938 2848 1215 2916 operarios
1242 2848 1450 2902 deesse.
1479 2848 1576 2902 Cui
1601 2863 1735 2917 papa
1768 2849 1990 2903 remittit

412 2932 757 3002 apostolicum
789 2934 1042 3002 pallium,
1073 2942 1127 2987 et
1158 2935 1383 3003 plurima
1414 2934 1697 2989 doctorum
1740 2937 1938 2991 auxilia
1968 2975 1983 3003 ,

412 3033 471 3077 ut
498 3024 819 3077 diversarum
845 3024 1328 3093 interrogationum
1352 3038 1631 3092 responsa.

486 3112 665 3168 XXVI.
724 3113 961 3184 Epistula
1022 3115 1163 3169 beati
1218 3114 1462 3184 Gregorii
1512 3130 1661 3185 papa:
1705 3116 1772 3170 de
1823 3116 1987 3172 misso

2085 1938 2243 1993 nibus
2284 1940 2615 2001 curandum;
2668 1936 2772 1990 illis
2821 1940 3233 2005 recusantibus,
3294 1941 3449 2009 sig..o
3499 1944 3698 1997 erucis

2084 2040 2285 2081 etecutn
2324 2026 2590 2079 illuminat
2629 2026 2958 2093 Augustinus
2990 2046 3003 2079 :
3039 2029 3163 2083 victi
3208 2030 3454 2085 Britones
3485 2040 3699 2100 petunt

2088 2116 2349 2181 inducias,
2378 2117 2505 2171 dum
2532 2131 2658 2171 suos
2683 2122 2968 2172 consulant
2996 2128 3051 2173 et
3077 2122 3311 2190 synodus
3339 2123 3596 2177 item-tur.

2160 2206 2394 2262 XXXIV.
2436 2206 2677 2263 Consulti
2742 2208 3015 2264 Britouum
3068 2212 3345 2281 pontifices
3398 2218 3691 2283 (respon-

2087 2298 2256 2369 dent)
2304 2307 2365 2352 ut
2414 2298 2765 2366 Augustinum
2817 2301 3223 2355 advenientibus
3266 2315 3693 2373 as‘s'nrgentcttt,

2094 2398 2343 2458 "-zlquam
2369 2390 2551 2443 mitem
2580 2398 2635 2442 et
2677 2389 2932 2443 hmnilem
2963 2393 3126 2444 corde
3149 2430 3164 2455 ,
3199 2393 3540 2462 reciperent;
3600 2412 3693 2448 re-

2088 2478 2351 2534 sideutcm
2382 2493 2510 2534 vero
2531 2517 2547 2544 ,
2580 2489 2636 2531 ut
2677 2480 2967 2547 superbum
2997 2488 3051 2532 et
3105 2479 3373 2546 ferocem,
3420 2485 3695 2550 repudia—

2090 2578 2230 2622 rettt.
2256 2567 2461 2621 \‘euet'e
2483 2607 2497 2631 ,
2542 2577 2597 2621 et
2624 2570 2898 2622 sedentem
2925 2569 3131 2638 sibique
3170 2586 3276 2623 noti
3308 2588 3697 2640 astu-gemens

2092 2657 2429 2725 indignanter
2480 2672 2754 2725 respuere.
2806 2656 2952 2723 Quos
3003 2658 3091 2712 ille
3138 2662 3313 2714 adhuc
3362 2664 3695 2716 clementius

2088 2752 2316 2817 cupiens
2346 2752 2413 2801 lu.
2434 2749 2561 2811 rari,
2586 2757 2836 2818 prepond
2860 2749 2956 2802 tria
2985 2754 3263 2813 servanda,
3286 2760 3396 2805 cact-
3421 2769 3494 2805 ris
3518 2770 3614 2805 tuo
3640 2769 3695 2806 ευ

2090 2842 2213 2895 data
2245 2842 2565 2895 tole.antia:
2603 2849 2658 2893 ut
2687 2838 2894 2894 Pascha
2922 2856 3021 2895 suo
3045 2851 3287 2911 tempore
3316 2845 3453 2897 sient
3490 2862 3695 2902 omnes

2089 2930 2343 2985 Ecclesia:
2372 2936 2726 2995 ceiebrarenl,
2757 2941 2812 2983 ut
2840 2930 3088 3000 baptismi
3132 2942 3470 2985 sacratne..ta
3503 2938 3694 2988 eccle-

2091 3022 2309 3083 sntstieo
2357 3023 2545 3073 ordine
2596 3031 2950 3089 peragerent,
2995 3024 3049 3070 et
3112 3022 3295 3088 Anglts
3342 3037 3445 3073 una
3498 3040 3695 3078 secum

2094 3111 2507 3180 evangelizando
2530 3108 2721 3164 fratres
2744 3118 2799 3163 et
2841 3125 3091 3164 canones
3134 3112 3280 3179 regni
3310 3111 3403 3165 Dei
3429 3128 3531 3181 aeq
3556 3116 3693 3167 .ire-

412 3194 609 3275 pallio,
651 3205 716 3260 de
742 3206 862 3273 jure
909 3205 1296 3261 Lundoniensis
1324 3206 1595 3276 episcopi,
1645 3207 1713 3259 de
1762 3206 1988 3262 Eboraci
2016 3226 2062 3289 ο
2098 3210 2237 3256 rent.
2285 3198 2392 3255 Sed
2417 3200 2517 3253 illis
2548 3200 2728 3252 omnia
2769 3200 3191 3268 repudiantibus,
3234 3203 3473 3271 pia-uicit
3501 3210 3571 3257 ab
3606 3210 3693 3259 itis

416 3295 851 3364 metropolitano,
883 3303 938 3349 et
966 3297 1032 3350 de
1058 3295 1335 3364 Augustini
1365 3295 1569 3351 ditione
1612 3311 1776 3366 super
1801 3312 1990 3353 omnes

416 3388 723 3442 sacerdotes
754 3386 1059 3442 Britanniae.

486 3472 689 3528 XXVII.
734 3475 861 3531 Item
882 3477 1119 3545 ejusdem
1149 3491 1243 3547 per
1264 3477 1519 3532 Mellitum
1543 3477 1610 3533 ad
1639 3479 1991 3548 Augustinum

416 3565 662 3634 cpistola,
690 3565 1103 3622 utdestruantur
1130 3567 1291 3631 idola,
1309 3577 1363 3622 et
1383 3566 1502 3623 fana
1532 3568 1665 3624 bene
1687 3578 1992 3625 censtructa

416 3670 553 3724 aqua
584 3656 865 3711 benedicta
895 3659 960 3711 ad
992 3658 1168 3712 divina
1202 3668 1497 3728 purgentur
1527 3660 1723 3725 ollicia,
1758 3676 1857 3717 nec
1881 3661 1993 3715 dia-

416 3743 539 3799 bolo
569 3745 821 3799 animalia
861 3744 1044 3800 fideles
1074 3747 1369 3811 itnmoleut,
1409 3749 1505 3803 sed
1549 3750 1615 3803 ad
1664 3751 1870 3805 laudem
1900 3750 1994 3806 Dei

411 3834 463 3888 iu
487 3849 635 3890 esum
663 3851 816 3889 suum
834 3836 1085 3890 animalia
1115 3837 1377 3903 occidant,
1398 3849 1452 3894 et
1478 3838 1726 3894 donatori
1749 3841 1989 3896 omnium

416 3928 611 3993 gratias
636 3929 889 3980 referant.

490 4015 719 4071 XXVliI.
762 4018 890 4071 Item
930 4018 1042 4087 ipse
1082 4034 1239 4087 papa,
1272 4020 1466 4075 auditis
1506 4030 1586 4075 tot
1615 4028 1831 4086 tamque
1859 4022 1993 4077 assi-

420 4110 534 4163 duis
562 4110 841 4179 Augu~tini
888 4111 1155 4165 miraculis
1178 4150 1195 4177 ,
1241 4112 1381 4167 sicut
1423 4114 1657 4180 gaudens
1686 4129 1737 4167 in
1770 4115 1994 4181 g'oriam

422 4199 515 4253 Dei
543 4204 845 4265 exclamat,
896 4202 973 4255 sic
1020 4204 1213 4257 timens
1259 4204 1506 4261 humana:
1535 4204 1881 4259 imbecillitati
1929 4219 1997 4260 ne

414 4289 741 4349 insolescat.
796 4291 967 4345 virum
1021 4292 1271 4346 virtutum
1327 4294 1489 4347 missa
1540 4296 1763 4362 epistola
1806 4304 1997 4349 attem-

414 4391 587 4451 perat.

492 4472 679 4528 XXIX.
722 4473 850 4528 Item
882 4476 992 4543 ipse
1021 4476 1208 4531 beatus
1232 4476 1536 4544 Gregorius,
1562 4476 1886 4533 AEthelbcrti
1914 4494 2002 4536 re-

2095 3296 2383 3367 peritnros,
2408 3310 2545 3363 quos
2573 3294 2776 3347 nollent
2806 3294 3000 3348 habere
3022 3298 3126 3347 salt
3138 3310 3219 3349 os.

2166 3384 2377 3441 XXXV.
2437 3382 2585 3439 Ilanc
2630 3385 2891 3454 praeconis
2935 3385 3142 3439 Domini
3196 3386 3531 3456 prephctiam
3586 3405 3691 3445 rex

2095 3478 2383 3547 Anglorum
2408 3473 2758 3529 :Ethelfridus
2778 3476 3082 3529 humaniter
3104 3480 3299 3544 esegit,
3317 3481 3407 3545 qui
3433 3478 3490 3530 Di
3506 3479 3693 3533 item:

2095 3568 2235 3622 bello
2265 3566 2501 3633 delevit;
2547 3575 2602 3620 et
2630 3566 2696 3619 de
2725 3580 2910 3620 eorum
2941 3567 3252 3632 monachis,
3284 3579 3471 3623 contra
3504 3571 3691 3639 ipsum

2097 3659 2273 3713 acrius
2325 3658 2570 3712 oratione
2626 3657 3022 3727 pugnantibus,
3077 3658 3220 3713 mille
3268 3665 3527 3715 ducentos
3580 3678 3693 3718 ex-

2096 3749 2304 3800 stinxnt.
2386 3776 2399 3784 -

2170 3834 2402 3889 XXXVI.
2448 3833 2573 3889 Post
2604 3833 2907 3890 BtiiOﬂibUS
2948 3836 3391 3907 incorrigibilibns
3422 3839 3691 3908 pnedicta

2096 3929 2257 3993 mala,
2291 3928 2617 3997 Augustinus
2642 3928 2879 3982 omnium
2906 3929 3064 3985 saluti
3096 3930 3348 3997 intentus,
3382 3928 3691 3987 Eburacam

2098 4022 2440 4091 metropolitn
2468 4024 2609 4087 adit;
2643 4022 2695 4075 in
2722 4021 2911 4075 itinere
2943 4023 3209 4077 hominem
3239 4024 3468 4094 paralysi
3493 4033 3549 4079 et
3572 4040 3691 4080 ca:-

2082 4112 2261 4165 'citate
2303 4111 2615 4165 destitutum
2656 4112 2848 4180 erigit,
2901 4119 2954 4166 et
2981 4110 3339 4167 Christianum
3383 4115 3509 4168 facit
3547 4114 3689 4185 [Al.,

2098 4202 2225 4256 feeit
2253 4199 2289 4269 ].

2172 4290 2425 4346 XXXVII.
2464 4291 2619 4357 Quod
2669 4292 2721 4346 iu
2763 4292 2850 4347 die
2892 4293 3085 4347 natilis
3137 4292 3347 4348 Domini
3398 4294 3689 4366 plusquam

2096 4384 2281 4437 decem
2308 4382 2470 4434 midia
2501 4383 2851 4447 credentium,
2883 4384 3083 4451 absque
3114 4383 3450 4451 parvulorum
3479 4402 3544 4440 ac
3564 4403 3689 4441 mu-

2100 4476 2286 4529 lierum
2320 4472 2526 4527 infinito
2556 4488 2805 4538 numero,
2836 4472 2889 4526 in
2917 4474 3075 4529 tluvio
3106 4475 3331 4529 Sioalira
3369 4477 3687 4545 baptizavit.

419 4567 499 4637 gis
519 4578 776 4637 susceme
797 4567 1182 4621 Christianitati
1212 4570 1573 4637 causaudena,
1611 4573 1854 4625 hortatur
1874 4587 1995 4625 eum
2031 4597 2073 4652 ο
2172 4563 2449 4618 XXXVI“.
2516 4562 2611 4618 Ubi
2680 4566 3125 4621 iutransvadabtie
3187 4567 3503 4633 profundum
3569 4585 3685 4624 non

419 4656 563 4711 dulci
592 4656 815 4725 epistola
844 4657 982 4712 hanc
1008 4659 1232 4726 gratiam
1259 4661 1487 4715 sollicite
1516 4676 1751 4721 servare,
1778 4671 1831 4715 et
1856 4662 1996 4717 banc

424 4748 477 4801 in
500 4747 747 4802 subditos
775 4748 873 4801 sibi
906 4748 1135 4818 populos
1165 4751 1314 4804 ocius
1342 4752 1658 4817 extendere,
1690 4753 1809 4805 fana
1840 4769 1995 4807 ever-

423 4847 572 4903 tere;
622 4839 893 4907 subjcctos
922 4841 1280 4908 exhortando,
1323 4846 1589 4905 terrendo,
1634 4847 1995 4915 corrigtndo;

424 4929 685 4983 aedificare
736 4930 1035 5001 {ecclesias}
1083 4932 1332 4993 exemplo
1381 4932 1719 4989 Constantini
1774 4936 1997 5005 piissimi

426 5016 783 5086 imperatoris,
812 5020 902 5088 qui
931 5021 1153 5088 abiectis
1184 5022 1338 5076 idolis
1367 5022 1587 5077 Romam
1619 5040 1739 5078 cum
1761 5025 1995 5094 gentium

430 5111 641 5177 pepulis
687 5119 793 5164 tota
825 5124 1003 5166 mente
1051 5128 1233 5167 secum
1286 5112 1353 5165 ad
1384 5112 1652 5169 Christum
1694 5117 1997 5180 converrit;

428 5199 585 5253 simul
616 5210 823 5265 monet,
858 5212 914 5255 ut
942 5204 1239 5273 Augustino
1270 5204 1514 5270 obediat,
1558 5216 1825 5275 quatenus
1852 5208 2002 5262 illum

428 5288 569 5345 Deus
602 5305 698 5359 pro
730 5290 843 5357 ipso
872 5302 1111 5347 orantem
1142 5294 1297 5349 citius
1326 5296 1592 5350 exaudiat.

501 5377 660 5434 XXX.
707 5378 1073 5437 Venerabilem
1108 5400 1323 5453 quoque
1351 5388 1588 5453 reginam
1618 5387 1833 5444 Bertam
1865 5388 2004 5442 idem

433 5470 955 5539 praecellentissimus
1006 5473 1297 5531 illustratur
1358 5479 1705 5533 ecclesiarum
1763 5476 2005 5547 gratifiee

435 5558 613 5615 laudat
640 5564 912 5631 epistolari
952 5566 1108 5630 serie,
1156 5578 1261 5620 tam
1308 5585 1405 5638 pro
1445 5571 1584 5638 regis
1613 5572 2005 5636 conwrsione,

437 5667 597 5719 quam
657 5669 755 5722 pro
800 5656 883 5725 pia
931 5672 1057 5726 erga
1113 5659 1326 5714 bcatctu
1375 5663 1725 5730 Augustinum
1774 5678 2008 5732 suosque

434 5753 712 5798 ciiiisdrtes
757 5751 1171 5815 procuratione;
1232 5753 1580 5821 hortaturque
1629 5754 1739 5809 ha‘c
1805 5754 2004 5811 famosa

432 5838 623 5889 merita
655 5838 907 5891 attentius
933 5854 1142 5908 augere.

2100 4660 2273 4712 solum
2306 4658 2600 4711 incolumes
2648 4658 3002 4723 transierunt,
3037 4673 3220 4713 verum
3283 4659 3442 4712 etiam
3492 4675 3689 4717 omnes

2101 4751 2290 4804 infirmi
2342 4750 2627 4801 sanitatem
2677 4759 3035 4817 receperunt;
3087 4749 3174 4802 ubi
3218 4756 3274 4803 et
3318 4748 3371 4801 in
3419 4751 3687 4807 memoria

2098 4843 2241 4896 hcati
2292 4840 2569 4907 Augustini
2635 4841 2848 4893 condita
2919 4840 3142 4895 ecclesia
3208 4838 3376 4892 multa
3440 4839 3688 4897 fidelibus

2101 4941 2418 5003 pr.~estautur
2444 4930 2724 4985 beneficia.

2173 5019 2413 5075 XXXIX.
2456 5020 2531 5075 De
2555 5020 2780 5089 epistola
2810 5020 2951 5074 beati
2981 5018 3221 5086 Gregorii
3264 5033 3416 5088 papa;
3453 5020 3517 5074 ad
3558 5037 3685 5077 san-

2103 5124 2245 5168 ctum
2276 5112 2553 5183 Eulogium
2579 5112 2936 5180 patriarcham
2965 5110 3124 5163 missa
3144 5150 3160 5175 ,
3211 5109 3262 5163 in
3291 5124 3393 5178 qua
3423 5111 3689 5179 gloriatur

2106 5206 2157 5259 in
2187 5205 2413 5259 Domino
2441 5206 2507 5258 de
2533 5202 2823 5271 Anglorum
2856 5201 3206 5254 conversione
3232 5238 3247 5265 ,
3287 5216 3380 5270 per
3425 5202 3684 5271 Augusti-

2108 5313 2231 5351 num
2265 5296 2397 5351 facta
2434 5313 2446 5348 :
2479 5305 2534 5350 et
2564 5294 2706 5363 quod
2738 5296 2871 5362 ipse,
2903 5302 2957 5346 et
2986 5293 3075 5359 qui
3102 5308 3221 5346 cum
3250 5310 3315 5348 eo
3342 5295 3489 5349 missi
3518 5305 3676 5364 sunt,

2108 5389 2473 5456 apostolorum
2500 5386 2724 5439 virtutes
2762 5393 2817 5437 et
2843 5384 2991 5451 signa
3034 5384 3228 5438 imitari
3270 5386 3586 5451 videantur;
3628 5396 3681 5444 et

2107 5479 2175 5533 de
2196 5480 2375 5533 decetn
2407 5478 2640 5531 millibus
2672 5476 2753 5528 vel
2783 5476 3007 5544 amplius
3038 5492 3143 5531 uno
3174 5477 3261 5531 die
3291 5478 3589 5546 baptiza:is.

2184 5566 2287 5620 XL.
2334 5568 2662 5635 “egrediens
2720 5564 2941 5619 feliciter
3000 5569 3068 5620 ab
3116 5566 3399 5620 Eburaco.
3451 5566 3689 5622 occurrit

2111 5671 2249 5726 ,Ὠετο
2274 5696 2289 5721 ,
2340 5659 2482 5712 Ιὶιριύο
2511 5655 2743 5709 Candore
2776 5656 2933 5724 lepra:
2976 5655 3269 5711 tabesi-enti
3293 5695 3309 5721 ,
3357 5654 3683 5727 Iacrymabili

2110 5747 2441 5817 querimonia
2468 5758 2741 5814 paternam
2773 5746 2938 5814 ipsius
2971 5747 3309 5801 clementiam
3338 5745 3666 5802 mussitatttt:

2111 5844 2199 5914 qui
2228 5842 2460 5898 clamosa
2492 5840 2687 5911 pietate
2710 5839 2858 5895 audit
2886 5856 3007 5895 cuiu
3040 5838 3262 5897 Domino
3291 5840 3581 5897 ciautosutn
3605 5854 3677 5895 ta-
