3874 6224
2291 328 2311 355 ὖ

185 416 241 469 ις»
1383 423 1531 478 vm
1571 419 1815 477 sanun
1856 416 2245 476 Atr-cusrtxt.
3212 491 3218 497 .
3374 417 3444 474 5"

182 540 260 580 ειη
289 532 567 586 murmuris
604 531 938 589 desiderium
959 574 973 598 ,
1023 542 1075 587 et
1118 532 1171 587 itt
1204 533 1395 590 virtute
1438 536 1667 593 dicentis
1700 533 1753 589 in
1784 535 1829 591 Α
1858 547 2046 587 sonam
2069 532 2373 603 patriciam,
2411 535 2672 585 staturam
2695 545 2709 595 ;
2736 528 3015 599 ipsumque
3040 527 3193 583 nudis
3224 528 3447 599 pedibus

184 620 490 689 Evangelia,
535 622 823 686 “undare,
872 631 1058 679 sancta
1109 623 1237 696 [(‘l.,
1287 625 1428 698 acta]
1471 627 1574 682 lide
1615 632 1757 681 hunc

185 711 393 766 luridum
423 714 597 769 reddit
620 713 1061 771 mundissimum.

243 800 367 857 XLI.
394 802 747 873 Augustinus,
779 807 1032 863 omnibus
1061 809 1215 866 bonis
1239 809 1632 872 desiderabilis,
1664 824 1758 862 so-

186 886 475 942 lisinimicis
514 889 654 944 lucis
680 890 918 959 odibilis,
959 896 1309 952 indomabiles
1336 906 1643 950 sanctorum
1676 896 1759 949 in-

185 982 447 1049 juriatorcs
464 990 677 1038 mterno
702 988 996 1056 opprobrio
1018 988 1072 1042 in
1102 988 1291 1057 spiritu
1322 986 1400 1041 Eli
1421 1008 1449 1041 e
1474 986 1758 1053 delormat,

186 1071 261 1139 qui
289 1071 555 1137 supplices
581 1088 763 1144 azgros
777 1077 980 1147 jugiter
1000 1077 1175 1132 salute
1204 1076 1480 1133 reformat.

246 1159 389 1215 XLII.
421 1163 652 1221 Additur
679 1170 806 1223 huic
845 1170 1060 1224 mulcto
1087 1170 1229 1224 aliud
1262 1171 1313 1224 in
1344 1171 1445 1225 alit
1481 1170 1759 1238 incorrigi-

188 1248 349 1303 bilium
376 1263 538 1319 gente
560 1254 854 1323 judicium,
881 1266 939 1312 ut
965 1257 1214 1314 videlicet
1238 1276 1378 1314 novo
1396 1269 1452 1314 et
1478 1261 1760 1330 inexperto

187 1340 313 1411 prius
342 1342 462 1397 huic
504 1346 625 1401 orbi
658 1348 899 1418 (morbo)
929 1365 1116 1406 omnes
1154 1367 1185 1404 ει
1228 1352 1450 1407 minimo
1492 1368 1659 1423 usque
1690 1353 1758 1408 ad

188 1433 453 1487 maximum
479 1437 725 1493 sulfurea
750 1436 1039 1509 ﬂagrarent
1071 1442 1339 1507 incendio,
1368 1444 1541 1499 donec
1570 1446 1637 1500 ab
1656 1446 1758 1499 iut-

190 1521 377 1591 pietatis
401 1525 611 1591 scoria,
642 1525 861 1582 conﬂati
913 1530 966 1584 in
1014 1546 1244 1587 massam
1286 1535 1405 1589 tidei
1443 1528 1756 1603 pret‘osam,

191 1622 562 1682 purgarentur;
614 1626 673 1671 ct
724 1618 1145 1691 inextingniltilis
1190 1638 1349 1693 poena
1388 1626 1504 1681 solo
1558 1628 1758 1693 baptis-

191 1717 311 1755 tnaze
337 1702 551 1773 Cllflall,
584 1710 889 1777 Augustino
915 1724 1285 1779 succurrente,
1319 1716 1753 1784 extingueretur;

190 1792 355 1847 etlxee
377 1794 561 1849 clades
591 1798 661 1849 ab
693 1798 793 1851 hac
815 1801 988 1867 patria
1018 1809 1279 1869 perpetuo
1310 1802 1638 1858 eliminatur.

1857 624 2059 695 patrias
2088 622 2364 680 lustranda
2382 662 2399 687 ,
2429 620 2598 677 callos
2627 621 2677 674 in
2709 620 2906 690 plantis
2925 619 3233 674 attraxissc.

1929 710 1989 765 L.
2017 712 2133 767 .latn
2153 720 2371 767 aeternis
2398 709 2673 765 amoribus
2696 717 2840 764 totus
2868 710 3105 775 saucius,
3136 708 3248 780 jam
3284 724 3313 763 a
3339 718 3447 766 tor-

1858 804 2001 859 renis
2032 803 2347 859 tumultibus
2392 803 2445 857 in
2490 801 2734 873 requiem
2762 800 2971 857 Domini
2998 803 3310 874 absorptus,
3341 803 3448 859 vim

1860 893 2089 949 faciebat
2108 894 2267 957 cm'o.
2301 892 2506 950 crebris
2536 908 2778 963 precum,
2806 892 3155 963 suspiriorutn
3179 902 3235 948 et
3266 894 3446 964 lacry-

1860 1002 2082 1051 nzaruur,
2117 986 2378 1056 pulsibus.
2438 984 2676 1039 Tandem
2733 984 3034 1053 intelligens
3088 1001 3158 1041 ex
3213 986 3450 1055 Spiritus

1858 1077 2027 1131 sancti
2055 1090 2320 1145 responso
2344 1090 2499 1129 suum
2527 1074 2839 1130 exauditunt
2861 1073 3203 1136 desiderium.
3229 1075 3447 1130 beatum

1862 1164 2229 1227 Laurentium.
2263 1164 2575 1233 apostolicis
2613 1164 2900 1220 virtutibus
2942 1166 3276 1234 praeclarum,
3317 1181 3447 1221 suo-

1860 1272 2087 1327 rumque
2114 1256 2374 1312 comitum
2408 1257 2753 1326 prtecipttum,
2793 1271 3060 1325 rcge'cum
3092 1258 3307 1314 conﬂuo
3353 1276 3448 1330 po-

1862 1348 1989 1419 pulo
2031 1349 2349 1402 immensum
2394 1348 2835 1417 congratulante,
2880 1350 3094 1404 ordinat
3135 1367 3257 1405 cum
3300 1353 3449 1407 omni

1861 1436 2086 1493 solemni
2130 1437 2328 1506 gaudio
2368 1437 2468 1491 sibi
2497 1453 2889 1504 successorem,
2919 1448 2977 1493 ut
3003 1440 3269 1507 quondam
3302 1443 3445 1509 Apu-

1859 1529 2119 1584 Sltalttl‘ll'tl
2154 1529 2405 1599 princeps
2448 1526 2639 1585 Petrus
2680 1529 3032 1597 Clementem,
3084 1533 3329 1587 videlicet
3382 1534 3452 1589 ob

1863 1621 2089 1674 novellae
2112 1619 2509 1676 informationis
2539 1623 2939 1678 necessitatem.

1934 1710 2014 1765 Ll.
2060 1712 2175 1766 Jam
2224 1713 2477 1769 mellillue
2525 1714 2813 1769 exltortato
2863 1730 2988 1785 rege
3033 1724 3087 1770 ct
3115 1715 3351 1772 Eclrsia
3388 1733 3452 1772 ac

1863 1801 2084 1871 populo,
2116 1810 2173 1855 ut
2199 1812 2548 1870 perseverent
2578 1804 2629 1856 in
2674 1803 2778 1855 lide
2813 1814 2870 1856 et
2898 1820 3085 1859 amore
3108 1805 3330 1868 Christi,
3367 1820 3451 1859 re-

250 1878 412 1933 XLIII.
446 1885 781 1949 Augustinus
809 1886 1033 1957 ejusque
1077 1890 1231 1954 socii,
1274 1906 1303 1943 a
1338 1895 1757 1959 pranuemoratis

1868 1890 2113 1958 linquens
2140 1890 2388 1944 omnibus
2409 1899 2683 1961 perpetua:
2714 1892 3014 1947 dilectionis
3045 1894 3291 1962 pignora,
3319 1910 3452 1963 pric-

190 1972 617 2037 rrpugnatortbus
658 1976 907 2043 digressi,
954 1980 1103 2047 gravi
1156 1991 1455 2037 exaestuant
1498 1984 1617 2049 siti;
1665 1987 1761 2040 sel

192 2060 344 2127 ipsum
365 2062 553 2117 ducem
587 2065 849 2123 Dominus
871 2086 967 2124 sua
994 2073 1328 2143 apparitione
1356 2077 1761 2135 ct-allocutione

192 2149 452 2213 contonat,
485 2160 544 2205 ut
579 2169 682 2223 pro
711 2171 1039 2228 quocunque
1069 2160 1296 2217 lideliter
1340 2166 1557 2233 petierit
1587 2168 1761 2238 impe-

194 2248 430 2293 traturum
458 2257 517 2297 se
545 2259 668 2299 esse
693 2246 919 2303 lirmiter
938 2250 1142 2305 credat.

254 2325 420 2381 XLIV.
461 2329 623 2385 Vates
656 2333 868 2390 Domini
910 2337 963 2390 in
997 2337 1136 2403 loco,
1170 2342 1256 2395 ubi
1291 2341 1409 2398 l‘ons
1432 2344 1555 2399 vita:
1596 2361 1762 2415 appa-

194 2420 301 2480 ruit,
328 2421 566 2476 baculum
593 2421 724 2490 lixit,
768 2436 823 2482 et
842 2429 1149 2487 sitientibus
1179 2432 1480 2502 largiﬂuum
1512 2448 1569 2491 et
1599 2441 1761 2493 variis

196 2509 425 2565 morbidis
468 2514 806 2571 salutifernm
859 2521 1143 2588 produxit;
1188 2523 1366 2581 locum
1417 2545 1445 2581 a
1489 2531 1760 2586 cernendo

196 2595 339 2649 Deum
368 2597 548 2654 Cenaei
593 2604 910 2672 appellatﬁt,
959 2609 1137 2678 ibique
1164 2614 1444 2670 ecclesiam
1477 2618 1528 2671 in
1558 2634 1762 2674 memo-

196 2684 309 2737 riam
342 2694 498 2743 tanta:
550 2693 899 2749 revelationis
933 2696 1162 2755 Domino
1190 2703 1459 2759 Salvatori
1500 2710 1761 2774 condidit,

199 2775 271 2828 ulti
292 2778 442 2835 etiam
478 2786 870 2839 monasterium
919 2788 971 2842 in
1014 2790 1221 2848 honore
1248 2795 1503 2867 principis
1533 2799 1762 2869 Aposto-

198 2865 345 2919 lenm
373 2868 514 2926 Petri
548 2886 920 2931 canistructum
944 2883 1189 2938 excellit.

258 2952 399 3011 XLV.
459 2959 803 3020 l’aroehiano
852 2972 1118 3025 sacerdoti
1167 2972 1431 3040 Cerncléi,
1479 2981 1665 3035 tnorho
1709 2982 1759 3037 itt

200 3054 398 3101 mortem
426 3053 719 3120 atthelanti,
749 3060 1079 3128 Augustinus
1102 3079 1261 3121 noctu
1293 3083 1580 3138 apparens,
1608 3073 1762 3138 jubet

201 3132 257 3185 ad
289 3136 553 3205 praefatum
596 3142 797 3199 fontem
834 3163 935 3201 suo
964 3154 1181 3211 nomine
1224 3132 1498 3225 vulgatum
1542 3132 1757 3231 pergat,

1862 1987 2015 2035 scntc
2046 1995 2171 2049 rege
2201 1988 2255 2032 rt
2282 1980 2540 2048 pontilice
2570 1978 2884 2042 Laurentio.
2929 1984 3069 2036 inter
3100 1984 3336 2037 omnium
3370 1984 3443 2037 la-

1862 2088 2045 2142 crymo
2077 2088 2106 2126 a
2162 2072 2438 2137 exautina,
2488 2073 2720 2129 vallante
2776 2090 2898 2129 cunt
2946 2077 3151 2131 cmicin
3206 2076 3447 2141 chorea,

1864 2165 2051 2218 transit
2096 2164 2163 2218 ad
2224 2176 2426 2219 aeterna
2470 2165 2680 2221 Domini
2715 2167 2978 2222 solemnia
3032 2185 3045 2221 :
3088 2185 3225 2239 quos
3259 2169 3451 2225 inllrmi

1862 2252 2175 2308 laudatores
2206 2269 2620 2322 prosequamur,
2660 2274 2767 2310 tton
2806 2260 3179 2330 exequialibus
3219 2263 3450 2333 plancti-

1861 2342 1984 2407 bus,
2024 2345 2117 2396 sed
2147 2345 2555 2413 triumphalibus
2586 2349 2855 2403 cantibus.

1936 2431 2039 2485 Lll.
2057 2432 2111 2486 ln
2135 2436 2464 2490 morasterio
2486 2436 2631 2505 quod
2657 2438 3145 2495 condiditasancto
3167 2439 3452 2497 Laurentio

1862 2521 2128 2590 delicato,
2177 2524 2491 2581 reconditur
2544 2529 2992 2597 pretioissiznum
3062 2533 3143 2586 sui
3208 2535 3453 2603 corporis

1863 2613 2213 2678 margaritum
2238 2631 2359 2669 cum
2386 2616 2584 2685 jubilo.

1937 2701 2062 2756 LIII.
2116 2702 2286 2770 Quam
2339 2707 2559 2775 pulchre
2618 2707 2786 2762 [lima
2831 2709 3188 2766 Ecclesiarttm
3237 2729 3453 2783 parens,

1864 2800 2014 2846 tanta
2054 2795 2277 2863 pignora
2334 2796 2522 2863 edi-lit,
2571 2799 2664 2866 qui
2696 2799 2859 2854 totius
2906 2798 3201 2856 Britannici
3258 2802 3455 2862 Oceani

1865 2894 2049 2952 patres
2082 2893 2139 2939 et
2179 2886 2518 2943 institutores
2552 2889 2827 2944 emineant
2857 2909 2869 2943 :
2904 2902 3106 2959 quanto
3136 2894 3302 2949 odore
3331 2911 3455 2950 sua-

1864 2974 2045 3030 vitatis
2071 2985 2125 3031 et
2164 2977 2453 3047 splendore
2494 2978 2705 3047 gloria),
2742 2998 2876 3037 unus
2905 2998 3057 3037 amor
3085 2993 3139 3038 et
3168 3002 3331 3040 unum
3361 3004 3456 3041 cu-

1865 3067 2099 3122 bitulum
2147 3068 2308 3123 simul
2349 3070 2627 3139 astringit;
2672 3074 2785 3139 qui,
2830 3074 3063 3130 distincti
3096 3092 3190 3144 per
3220 3078 3456 3135 diversas

1867 3158 2046 3211 mundi
2090 3159 2355 3223 nationes,
2388 3160 2582 3230 singuli
2623 3165 2834 3233 patroni
2862 3165 3083 3235 singulis
3121 3169 3334 3239 pupulis
3360 3184 3450 3226 so-

198 3222 354 3294 ibique
390 3230 893 3301 quinquagesimum
949 3242 1212 3311 psalmum
1264 3222 1419 3303 tertio
1450 3222 1570 3304 cum
1621 3253 1756 3307 trina
1790 3271 1835 3333 ρ
1869 3247 2053 3303 lariter
2082 3252 2460 3320 pmlucerent.

200 3316 445 3374 ablatione
470 3325 717 3394 corporis
749 3333 992 3388 concinat
1018 3350 1033 3398 ;
1058 3335 1146 3403 qui
1176 3352 1400 3405 surgens
1427 3343 1568 3398 vires
1594 3345 1758 3399 eundi

200 3408 385 3475 recipit,
400 3408 565 3478 jussis
587 3415 846 3472 obedirus
868 3436 1029 3477 sanus
1051 3425 1210 3493 redit,
1227 3442 1384 3483 mane
1404 3433 1759 3491 sacerdotalia

201 3495 353 3550 olﬁcia
386 3501 588 3568 pepulo
618 3505 871 3560 exsolvit.

258 3583 421 3645 XLVI.
469 3592 823 3659 Augustinus.
858 3609 1137 3670 peragrata
1168 3618 1232 3659 ex
1274 3614 1426 3674 parte
1462 3608 1758 3680 Britannia,

201 3677 254 3728 ιιι
281 3691 584 3749 perpetuam
614 3701 739 3739 man
772 3688 951 3744 ionetn
987 3708 1139 3747 suam
1161 3694 1546 3753 Doroberniam
1576 3715 1757 3770 regre-

204 3769 338 3834 ditur,
366 3780 419 3826 et
444 3785 505 3829 ut
538 3775 671 3831 solis
700 3777 786 3834 sui
836 3794 1088 3839 recursus
1114 3785 1351 3843 omnium
1379 3789 1576 3856 gaudio
1619 3795 1757 3849 reci-

207 3856 342 3923 pitur.

260 3944 445 4008 XLVII.
492 3954 758 4012 Juvenem
809 3962 1115 4031 gressibus,
1166 3966 1386 4035 auditu,
1437 3980 1492 4026 et
1544 3972 1758 4043 loquela

202 4035 476 4098 «laureatum
509 4045 631 4115 pius
667 4056 888 4104 curatur
912 4050 1273 4125 redintegrat;
1322 4035 1641 4130 rursumque
1669 4078 1755 4118 so-

205 4124 277 4181 lita
309 4128 581 4189 insolentia
613 4139 841 4194 abusum
867 4144 1127 4210 sanitate,
1176 4157 1233 4202 et
1271 4152 1435 4218 priori
1474 4169 1758 4223 repercus-

202 4232 299 4269 sum
329 4219 631 4293 debilitate,
664 4244 876 4286 rursum
909 4231 1082 4290 Patris
1108 4237 1409 4309 benignitas
1440 4219 1631 4315 triplici
1667 4262 1757 4301 sa-

207 4304 294 4357 lute
317 4320 599 4386 restaurat.
1240 4304 1259 4309 ⁷
1509 4304 1526 4315 ’
1580 4328 1585 4331 ’

260 4393 461 4455 XLVIII.
496 4402 719 4474 Legitur
748 4417 804 4463 ut
832 4410 992 4468 beato
1017 4418 1237 4487 martyri
1275 4417 1463 4477 Lirino
1493 4423 1544 4478 in
1574 4425 1751 4494 bapti-

205 4495 349 4543 zando
369 4492 600 4559 alliserit,
626 4507 685 4549 ut
713 4500 948 4556 cmlcstis
972 4502 1226 4573 splendor
1244 4524 1406 4579 super
1428 4492 1757 4582 baptizatum

204 4575 450 4647 allulserit,
484 4584 675 4639 dextra
706 4588 885 4644 divina
921 4592 1074 4659 signo
1096 4598 1270 4652 crucis
1303 4608 1384 4653 ter
1413 4602 1560 4657 illum
1590 4605 1756 4663 bene-

203 4664 397 4723 dixcrit:
431 4680 545 4726 tum
575 4685 633 4727 ut
673 4678 829 4744 jussu
858 4688 915 4734 et
942 4683 1106 4737 ductu
1138 4688 1381 4755 angelico
1410 4706 1572 4761 super
1613 4696 1758 4767 longi

204 4759 337 4812 nutris
362 4762 554 4829 undas,
590 4768 742 4833 quasi
774 4767 963 4827 ﬂorido
993 4786 1167 4845 prato,
1201 4780 1425 4848 pedibus
1454 4784 1520 4837 ad
1550 4787 1759 4857 Augus-

204 4844 343 4902 linunt
382 4854 614 4919 venerit,
648 4865 705 4910 et
752 4860 819 4912 ab
872 4877 939 4916 eo
990 4869 1156 4922 totius
1198 4870 1545 4936 perfectionis
1583 4880 1755 4934 docu-

204 4948 351 4993 menta
375 4945 687 5012 acceperit:
719 4963 876 5015 quem
909 4955 1047 5022 apud
1077 4973 1135 5009 se
1162 4959 1531 5027 quinquennio
1569 4967 1757 5025 deten-

204 5028 325 5085 tum.
358 5033 695 5087 sacerdotem
753 5036 980 5095 Domino
1023 5058 1337 5115 Consecrat;
1386 5054 1754 5127 donatumque

204 5110 461 5173 liberaliter
504 5123 929 5183 sacerdotalibus
980 5132 1240 5203 insigniis,
1288 5150 1343 5195 et
1385 5141 1453 5196 de
1488 5110 1755 5217 discipulo

205 5206 486 5273 magistrum
515 5214 693 5279 gentis
722 5231 853 5276 sum.
886 5220 1107 5290 relegat.

260 5292 422 5353 XLIX.
456 5300 751 5360 Attestatio
782 5306 1092 5379 Veturnosi,
1137 5332 1299 5386 quem
1354 5324 1513 5378 tertia
1560 5340 1755 5397 proge-

205 5384 405 5446 niessua
445 5393 769 5454 hodietenus
804 5400 1003 5459 durans
1036 5384 1232 5465 asserit
1253 5411 1469 5469 beatum
1504 5384 1755 5486 Augusti-

205 5488 307 5565 Ittm
335 5480 545 5550 vidisse,
586 5495 646 5542 et
670 5487 741 5545 de
791 5490 998 5549 lubrico
1032 5510 1097 5551 ac
1145 5500 1556 5565 nebulosissiuto.
1589 5480 1755 5565 illiri-

205 5562 399 5666 ftinnn
424 5570 734 5666 modestum
762 5579 834 5634 ab
873 5578 990 5649 ejus
1013 5582 1324 5654 baptisterio
1354 5562 1750 5666 reSttrrexisse;

206 5648 345 5723 Illum
373 5676 507 5759 vero
538 5662 857 5759 jpgiyturba
888 5648 1122 5732 vallante
1160 5648 1751 5759 innumerabilia

206 5752 426 5847 vittae.
466 5751 764 5847 Referebat
809 5760 973 5817 etiam
1017 5767 1304 5826 moderans
1344 5751 1752 5847 αιτιοι-διεβίω»

201 5834 509 5907 mare
522 5844 897 5916 relatumlsic)
910 5856 1080 5912 sancti
1108 5855 1280 5918 Patris
1290 5834 1517 5922 formant
1544 5834 1747 5938 αὖοι-ί

2382 3342 2612 3399 CAPUT
2650 3345 2937 3405 PRIMUM.

1868 3426 1969 3483 Res
2016 3426 2174 3499 gesta:
2229 3448 2387 3505 usque
2436 3435 2505 3488 ad
2552 3438 2860 3507 ingressum.
2893 3438 3155 3495 Miracula
3200 3442 3255 3497 in
3281 3442 3455 3500 Gallia

2543 3536 2767 3593 patrata.

1936 3608 1975 3661 Ι.
2023 3608 2433 3669 Putentissimus
2481 3616 2840 3685 triumphator
2887 3620 3175 3679 mundialis
3215 3627 3450 3696 tyranni,

1862 3698 2041 3751 omnia
2072 3701 2290 3757 trahens
2313 3703 2378 3756 ad
2403 3704 2638 3780 seipsum
2672 3707 2722 3761 in
2744 3709 2920 3765 crucis
2945 3716 3213 3778 examine,
3249 3718 3452 3773 habens

1864 3799 1961 3853 prr
1988 3787 2113 3840 olim
2144 3793 2433 3862 priescripti
2464 3796 2697 3851 numinis
2721 3798 3257 3868 insignia,Vclocitcr
3277 3807 3448 3877 spolia

1861 3878 2111 3944 detrahe,
2144 3880 2334 3938 festina
2370 3887 2595 3954 praedari
2624 3907 2638 3955 ;
2669 3891 2917 3947 universa
2949 3898 3145 3965 captivi
3176 3899 3448 3967 pttcdouis

1861 3968 2033 4037 spolia
2079 3971 2193 4025 suis
2225 3972 2447 4030 ducibus
2470 3978 2762 4034 victoribus
2797 3981 3109 4053 distribuit;
3149 3986 3339 4044 I’etrus
3361 4006 3448 4045 ar—

1861 4072 1980 4111 cem
2006 4074 2125 4113 rcru
2152 4076 2180 4109 u
2215 4060 2438 4116 Romam
2464 4068 2892 4136 comprehendit,
2944 4070 3139 4129 Paulus
3166 4079 3447 4145 procinctu

1862 4149 1987 4203 belli
2022 4151 2202 4204 omnia
2234 4153 2443 4221 sttbrg't
2470 4172 2490 4217 ;
2515 4156 2741 4212 Androm
2792 4158 3015 4227 Achaia,
3061 4160 3252 4220 Joanni
3298 4168 3450 4235 Asia,

1862 4239 2111 4297 Mattltaeo
2143 4241 2449 4316 Ailltiopia,
2478 4248 2698 4305 Thoma:
2737 4261 2791 4305 et
2842 4252 3237 4313 Darthulontato
3276 4262 3448 4314 conti-

1861 4332 1939 4398 git
1961 4335 2261 4389 vastissitna
2303 4351 2332 4389 a
2363 4338 2489 4394 solis
2538 4349 2661 4394 ortu
2697 4340 2844 4397 India
2882 4361 2895 4398 :
2929 4354 2984 4398 et
3013 4362 3079 4400 tte
3110 4363 3205 4415 per
3238 4350 3445 4418 singula

1865 4424 2169 4494 prolongcr,
2194 4427 2408 4485 tandem
2438 4446 2675 4485 summus
2706 4432 3104 4492 Dominicarutn
3143 4442 3448 4509 nuptiarum

1863 4524 2164 4582 prmccntor
2202 4516 2510 4587 Gregorius,
2550 4523 2735 4577 urbem
2795 4533 2949 4581 terra:
2993 4532 3305 4597 apostolicis
3352 4536 3449 4591 alis

1793 4645 1838 4703 υ
1863 4604 2143 4672 amplexus
2170 4617 2245 4662 est
2268 4625 2281 4673 ;
2308 4610 2631 4677 Augustinus
2654 4628 2782 4668 vero
2812 4617 2896 4669 cui
2926 4618 3039 4673 haec
3059 4635 3260 4676 corona
3290 4640 3446 4693 geru-

1864 4693 1965 4749 ntis
1992 4697 2241 4751 mthercis
2281 4700 2496 4763 texitur,
2531 4702 2757 4759 alterum
2803 4705 3093 4764 Britannici
3122 4709 3325 4770 Oceani
3354 4735 3447 4773 or-

1863 4782 1983 4836 bem
2030 4799 2128 4840 suo
2175 4786 2489 4856 Apostolatu
2540 4795 2835 4861 praecinxit.
2891 4797 3036 4852 Felix
3089 4802 3278 4872 lloma,
3308 4823 3445 4876 quin,

1862 4883 1984 4943 post
2012 4875 2213 4943 primus
2245 4879 2500 4935 lheorica:
2522 4881 2642 4939 lldei
2671 4886 2957 4959 principes,
2994 4898 3103 4945 tam
3128 4896 3445 4968 principales

1860 4963 2102 5019 ecclesia:
2135 4966 2302 5021 edidit
2342 4972 2615 5027 consules.
2659 4973 2781 5030 lliec
2810 4978 2938 5031 olitn
2978 4984 3301 5051 praepollens
3333 4990 3443 5044 Au-

1858 5054 2054 5120 gustali
2083 5059 2417 5125 monarchia,
2454 5061 2507 5115 di
2525 5063 2649 5118 inde
2676 5066 2938 5121 bellorum
2980 5072 3285 5131 turbinibus
3310 5091 3446 5146 penu

1857 5147 2137 5203 submersa
2195 5154 2474 5217 remansit.
2532 5164 2590 5209 ut
2638 5157 2880 5225 gigneret
2934 5161 3049 5219 haec
3095 5163 3204 5220 duo
3252 5183 3443 5240 magna

1858 5236 2042 5291 mundi
2084 5237 2390 5309 luminaria,
2416 5244 2644 5298 altrrunt
2668 5246 2812 5314 quod
2854 5260 3113 5319 praeesset
3148 5255 3275 5323 diei,
3304 5236 3442 5314 alte-

1855 5339 1975 5380 rum
1995 5328 2139 5395 quod
2182 5339 2437 5398 praeesset
2480 5334 2534 5389 in
2562 5334 2703 5389 diem
2732 5340 3003 5397 vertenda:
3031 5345 3196 5401 nocti.
3231 5346 3439 5417 Grego-

1856 5415 1987 5479 rius,
2020 5415 2073 5471 in
2103 5417 2224 5474 liltis
2246 5418 2379 5476 lucis
2400 5423 2649 5491 ρηειυιίι
2671 5424 2982 5485 Christiano
3009 5432 3149 5499 orbi,
3178 5433 3328 5491 velut
3349 5415 3438 5493 sol

1855 5503 1962 5560 diei
1988 5523 2003 5559 :
2034 5506 2383 5577 Augustinus,
2426 5515 2772 5573 tenebrosum
2818 5521 3131 5591 gentilitatis
3168 5526 3355 5583 orbein
3381 5536 3441 5585 et

1856 5605 2178 5654 nocturnum
2211 5599 2377 5658 chaos
2405 5602 2609 5661 Oceani
2651 5608 2937 5668 illustravit
2965 5612 3211 5686 lampade
3239 5617 3439 5688 lunari,

1854 5698 2018 5761 atque
2033 5706 2228 5749 aurora
2249 5697 2594 5767 succedente,
2617 5704 2783 5760 vertit
2808 5705 2861 5760 in
2891 5706 3124 5766 solerem
3156 5714 3437 5775 meridiem

1853 5780 2074 5842 Christi.
2098 5782 2250 5843 Ilanc
2281 5788 2609 5849 obstinatam
2647 5795 2829 5852 mundi
2856 5812 3072 5869 zonam,
3117 5804 3282 5861 armis
3309 5820 3438 5877 geu—

1852 5873 1987 5935 tiutu
2026 5890 2091 5934 ac
2114 5877 2420 5939 dmmonum
2448 5890 2683 5957 coptam,
2720 5887 3046 5961 Augustinus
3082 5894 3287 5953 invadit
3314 5873 3439 5955 sui-
