3874 6224
462 358 522 414 5!
1233 365 1537 426 SANCTUS
1574 367 2009 434 AUGUSTINUS
2046 377 2418 440 ANGLOBUM
2460 386 2881 446 APOSTOLUS.
3631 397 3700 448 5?.

453 473 677 543 mosius,
699 488 859 544 quam
889 477 1158 543 quondam
1187 481 1512 551 centopolim
1540 480 1630 552 (an
1659 480 1831 553 Gigan
1858 502 2024 558 zopo-
2051 496 2101 558 Α
2130 511 2306 552 carum
2338 499 2599 566 virginum
2630 511 2839 559 textura
2858 545 2873 569 ,
2915 520 3031 576 qum
3076 507 3219 576 regia
3264 515 3319 561 et
3370 508 3702 579 [milliﬂtmlin

455 564 580 635 lim)
612 576 844 623 montem
877 566 1088 624 Hebron
1119 569 1320 641 Caleplt
1362 575 1752 642 magnanimus.
1783 574 1913 634 Haec
1940 589 2027 636 est

456 673 507 712 tn
555 657 768 714 Christo
818 659 994 727 portio
1051 668 1163 727 tua,
1212 663 1322 718 ltrec
1369 663 1681 730 btet-editas,
1721 666 1837 723 lucc
1883 671 2023 726 caelo

455 749 704 804 translata
739 748 929 816 patria.
952 748 996 804 Ο
1020 753 1175 807 stella
1208 753 1391 808 Roma:
1426 756 1630 821 nativa,
1673 766 1726 812 et
1756 769 1939 816 noster
1970 764 2023 818 in

452 848 549 893 tiae
579 838 730 905 plaga
759 835 1070 896 Patriarcha
1099 843 1110 896 !
1143 842 1288 898 lianc
1318 842 1544 900 Domino
1583 848 1856 916 acquisisli
1882 868 1896 916 ;
1928 868 2021 909 ae-

446 928 651 998 .ptisisti
684 928 927 996 Domino,
962 942 1016 986 et
1046 934 1158 1002 ipse
1188 935 1490 1004 possedisti.
1513 937 1778 1010 Quidquid
1806 943 2023 1012 pietatis

443 1017 560 1072 inec
602 1028 740 1072 terra
784 1022 1066 1090 germinat,
1121 1025 1377 1095 quifquid
1440 1027 1705 1097 florificat,
1764 1033 1856 1102 qui
1876 1035 2022 1102 lquid

449 1108 749 1176 fructificat,
779 1119 834 1164 tu
876 1113 1074 1179 cultor,
1105 1122 1159 1170 tu
1204 1127 1374 1182 sator,
1422 1125 1476 1172 ttt
1509 1119 1780 1189 plantator
1809 1136 1900 1187 es;
1941 1135 2023 1178 to-

450 1207 559 1252 tunt
589 1199 642 1252 in
673 1199 898 1255 Domino
927 1210 1076 1258 tuum
1099 1215 1198 1259 est.
1225 1205 1490 1276 Quidquid
1519 1210 1680 1264 etiam
1710 1221 2016 1268 sanctorum

445 1287 690 1356 protulit,
728 1296 785 1343 tu
832 1290 1128 1358 institutor,
1162 1302 1214 1347 tu
1261 1296 1617 1365 primicerius,
1668 1309 1723 1354 tu
1771 1305 2023 1374 princeps

442 1391 535 1441 es;
563 1379 741 1432 omnia
767 1387 820 1435 te
842 1382 1157 1450 respiciunt,
1192 1393 1240 1438 te
1273 1388 1620 1455 comitantur,
1650 1399 1700 1444 te
1731 1405 2018 1458 coronant,

443 1483 562 1536 quae
592 1468 821 1525 Domino
860 1472 1163 1528 allaborasti
1197 1491 1210 1527 :
1252 1475 1464 1530 labores
1515 1493 1764 1532 manuum
1805 1489 2015 1536 tuarunt

443 1558 808 1623 tuanducahis,
839 1560 1028 1615 beatus
1069 1576 1144 1627 es,
1179 1573 1231 1616 et
1268 1563 1321 1617 Dt
1337 1579 1405 1618 ne
1447 1565 1537 1619 tibi
1569 1568 1686 1621 erit.
1722 1567 1796 1623 Te
1842 1585 2015 1639 rege,

443 1663 717 1718 proceres,
741 1659 940 1720 patres,
972 1666 1208 1722 gensque
1251 1658 1493 1725 sequitur
1523 1675 1534 1712 :
1570 1667 1620 1714 te
1659 1673 2014 1730 protectorem

443 1741 732 1796 concinunt
754 1751 806 1797 et
830 1753 1219 1815 protopatrem.

2129 587 2374 658 insignia,
2405 590 2628 647 intincto
2668 597 2871 651 murice
2911 612 3181 667 coccoque
3224 598 3304 655 bis
3348 600 3518 654 tincto
3547 601 3706 655 flam-

2125 680 2344 742 mantia,
2377 679 2665 748 Splen-lidis
2692 685 2973 739 unionibus
3004 697 3054 741 et
3086 688 3385 757 margaritis
3411 704 3531 743 cum
3561 705 3701 761 pne-

2124 768 2440 824 cellentihus
2468 771 2689 838 gemmis
2719 781 2977 839 praetexto
3005 791 3136 832 auro
3164 778 3428 832 ittsti-llant
3448 818 3463 842 ,
3495 789 3548 832 et
3575 795 3702 848 pre-

2125 859 2260 914 tiosa
2299 869 2580 916 stemmata
2611 862 2818 916 artificii
2870 865 3097 920 mixtura
3138 869 3366 939 amplius
3417 868 3699 924 irradiaut.

2127 948 2361 1007 Unioues
2413 963 2616 1007 tantum
2675 954 2948 1024 llosperia,
2998 955 3269 1014 Britannia
3321 967 3376 1015 et
3409 959 3696 1014 an-ludia

2122 1042 2437 1098 sororisant.
2459 1040 2581 1098 llaec
2607 1043 2764 1098 etiam
2784 1054 3025 1113 gagatem
3045 1047 3264 1116 prodige
3284 1048 3450 1118 gignit
3467 1047 3696 1117 lapidem

2122 1147 2190 1187 eo
2220 1143 2335 1202 pret
2358 1134 2588 1188 osinrem
2619 1150 2726 1204 quo
2753 1138 2869 1191 ali's
2912 1137 3115 1191 seculis
3143 1139 3433 1202 rariorem;
3462 1140 3546 1194 hic
3577 1141 3701 1207 (au-

2122 1222 2261 1287 tem)
2291 1232 2373 1278 est
2398 1239 2636 1293 gemmea
2668 1226 2944 1293 nigredine
2971 1227 3196 1297 fu'g'dtts
3221 1245 3235 1293 ;
3268 1228 3533 1284 invenitur
3553 1246 3696 1298 quo—

2122 1327 2226 1380 que
2257 1331 2570 1382 turpureus,
2616 1331 2720 1370 cer.
2746 1334 2825 1380 ns,
2859 1319 3086 1384 a'bidus,
3113 1321 3335 1386 vitidis;
3384 1321 3538 1375 ardet
3585 1321 3695 1389 igni

2120 1401 2392 1466 admotus;
2444 1403 2528 1456 llDl
2559 1404 2881 1460 confricatus
2912 1408 3159 1471 incaluit,
3211 1410 3380 1465 IC‘CHI
3412 1412 3692 1464 materiam

2116 1491 2336 1544 attrahit
2365 1501 2422 1545 ut
2441 1491 2656 1547 adamas
2685 1493 2916 1560 ferrum;
2949 1499 3037 1550 tibi
3062 1500 3358 1554 incenditur
3383 1501 3491 1571 [ΑΙ.
3516 1501 3696 1553 inten-

2117 1580 2301 1653 ditur],
2333 1591 2612 1651 serpet-tes
2640 1582 2908 1651 fugantur.
2944 1585 3100 1640 Venis
3131 1587 3473 1642 nihilominus
3497 1588 3694 1642 metal-

2122 1673 2291 1730 lorum
2328 1674 2466 1735 teris,
2503 1673 2659 1739 l’erri,
2708 1675 2940 1745 plumbi,
2973 1676 3182 1741 statuti,
3232 1679 3438 1745 argenti
3469 1687 3524 1731 et
3550 1676 3694 1741 auri,

2119 1765 2307 1819 divites
2339 1781 2525 1818 massn
2555 1767 2940 1821 eviscerantur.
2970 1767 3165 1822 ilircre
3199 1777 3254 1824 et
3297 1784 3457 1838 rupes
3484 1780 3540 1824 et
3567 1787 3694 1823 sco-

512 1830 565 1884 2.
595 1831 700 1887 Sed
738 1849 842 1902 qua
890 1835 1046 1892 laude
1073 1840 1311 1895 attollam
1359 1843 1501 1901 hunc
1547 1845 2012 1915 Augustisiensem
2049 1863 2091 1922 β
2119 1856 2271 1921 pulos
2299 1856 2505 1919 aerios,
2537 1856 2838 1926 templaque
2868 1859 3060 1926 passim
3087 1867 3141 1913 et
3168 1859 3360 1914 ntmnia
3390 1861 3456 1914 de
3483 1864 3694 1919 saxosis

443 1936 570 1974 mun
611 1923 735 1976 um?
762 1922 983 1989 Quidam
1023 1936 1260 1983 terreto
1311 1934 1537 1988 test-etiis
1580 1944 1661 1990 est
1705 1952 1830 2005 para
1871 1940 2012 2004 isus;

440 2011 700 2082 quidquid
737 2029 898 2084 opum
928 2016 1101 2070 ubivis
1129 2018 1374 2087 habetur,
1406 2032 1500 2076 aut
1525 2024 1608 2078 hic
1637 2027 1892 2092 nascitur,
1923 2038 2017 2083 aut

438 2101 663 2155 conﬁnis
714 2104 947 2172 undique
985 2106 1291 2162 nationibus
1330 2110 1645 2167 circumfusa
1693 2115 2015 2184 Amphitnte

439 2191 722 2248 invehitur.
772 2195 972 2250 Credas
999 2199 1287 2254 maximum
1318 2203 1501 2257 orbem
1542 2205 1752 2263 divitias
1799 2223 1922 2264 suas
1951 2227 2014 2265 ac

438 2282 678 2347 delicias,
702 2299 819 2354 qua:
847 2287 1203 2356 particulatim
1230 2290 1281 2345 itt
1314 2293 1423 2347 suis
1452 2297 1693 2364 partibus
1723 2312 2012 2370 prmrogat,

438 2375 526 2429 hic
556 2378 755 2445 pariter
782 2389 871 2433 aut
909 2380 1171 2437 invenisse
1217 2394 1307 2438 aut
1338 2387 1743 2445 thesaurizasse.
1773 2392 2010 2462 Regnum

436 2473 516 2518 est
542 2465 836 2535 imperiale,
863 2467 1116 2527 Romanis
1136 2477 1425 2532 ett-saribus
1444 2481 1792 2548 augustaliter
1819 2499 2012 2552 regna-

391 2551 403 2565 '
437 2567 569 2624 tuttt,
597 2559 687 2627 qui
717 2575 776 2615 se
807 2570 910 2614 tant
936 2562 1019 2616 hic
1044 2579 1203 2634 quant
1229 2565 1411 2622 Romze
1433 2570 1799 2637 gloriabantur
1833 2551 2008 2630 rerum

433 2647 630 2700 habere.
659 2647 873 2704 solium.
901 2649 1081 2706 Tellus
1109 2656 1357 2724 copiosa,
1397 2659 1632 2714 omnium
1663 2663 1927 2718 sationum
1957 2673 2012 2719 et

433 2733 822 2803 plantationum
843 2737 1116 2806 fmcunda;
1146 2744 1368 2798 ubertim
1393 2762 1681 2816 procreatis
1705 2766 1808 2805 non
1836 2754 2008 2808 solum

433 2827 618 2892 patriae
640 2838 881 2896 assueta,
910 2831 1001 2884 sed
1031 2832 1164 2887 adeo
1192 2832 1410 2891 Graecia:
1440 2839 1521 2893 vel
1549 2844 1895 2898 rentotiorum
1925 2860 2010 2901 re-

432 2913 647 2981 gionum
674 2918 777 2991 [ΑΙ.
817 2921 1120 2983 remotioris
1148 2925 1359 2998 horum]
1388 2929 1668 2998 plantaria.
1711 2931 1864 2988 Patet
1895 2951 2015 2990 am-

432 3005 670 3075 plissime
695 3009 978 3067 uberrimis
1004 3015 1164 3082 agris,
1193 3019 1538 3075 vementibus
1586 3025 1774 3092 pratis,
1805 3025 2007 3082 diflusis

433 3099 654 3169 campis,
687 3101 966 3170 pinguibus
995 3106 1223 3174 pascuis,
1256 3111 1505 3177 gregibus
1545 3110 1810 3178 lactiiluis,
1853 3117 2006 3185 equis

2119 1944 2386 1996 tuentibus
2414 1958 2669 2010 Operosa,
2700 1955 2757 1998 et
2802 1946 3037 2015 quodam
3071 1950 3250 2003 nativo
3279 1964 3548 2007 marmore
3592 1955 3691 2008 de-

2115 2043 2317 2088 corata.

2184 2123 2236 2176 ’5.
2272 2122 2382 2176 lloc
2410 2136 2539 2191 ergo
2571 2134 2676 2178 tam
2708 2125 2940 2194 speciosi
2983 2134 3037 2180 et
3066 2128 3304 2197 Opttlenti
3333 2131 3477 2186 orbis
3503 2133 3693 2202 ingens

2113 2211 2461 2276 domicilium,
2515 2214 2730 2281 I-n-diga
2771 2230 2959 2269 manus
2989 2215 3196 2270 Domini
3228 2218 3426 2274 dilecto
3453 2236 3552 2275 suo
3582 2221 3691 2275 Au-

2113 2305 2324 2370 gustino
2346 2304 2655 2372 prie-paravit
2679 2322 2693 2369 ;
2725 2305 2815 2372 qui
2843 2305 3134 2374 quondant,
3160 2309 3248 2361 ubi
3277 2311 3532 2364 mundum
3557 2328 3689 2365 cono

2113 2393 2244 2446 didit
2292 2403 2346 2446 et
2393 2410 2604 2447 omnem
2652 2398 2767 2461 ejus
2815 2405 3063 2449 ornatum
3108 2399 3361 2466 perfecit,
3411 2400 3687 2456 conditum

2113 2483 2326 2536 tandem
2351 2484 2616 2538 hominem
2649 2485 2903 2548 anticum,
2925 2487 3010 2539 cui
3040 2487 3154 2541 hxc
3182 2499 3485 2554 paraverat,
3517 2491 3685 2545 intro—

2110 2576 2278 2631 duxit.
2310 2576 2505 2631 Beatus
2537 2578 2694 2645 igitur
2716 2579 3040 2645 Augustinus
3062 2580 3259 2635 dimisit
3281 2580 3488 2636 dulcem
3511 2583 3660 2637 alunt

2112 2681 2234 2721 nam
2258 2675 2312 2720 et
2341 2675 2615 2733 augustam
2644 2677 2865 2720 matrem
2912 2666 3136 2721 Romam
3156 2709 3171 2734 ,
3230 2673 3559 2738 amplectens
3589 2685 3686 2737 pio

2111 2756 2283 2828 patria
2310 2757 2792 2825 peregrinationem
2833 2756 3172 2825 longinquam
3203 2767 3257 2813 et
3304 2759 3682 2827 periculosam,

2111 2857 2165 2900 ut
2209 2847 2275 2902 de
2314 2848 2657 2901 frementibus
2697 2848 2878 2901 nation
2903 2847 3004 2901 bus
3053 2848 3104 2902 in
3157 2849 3408 2917 patientia
3450 2850 3684 2904 fructum

2109 2935 2295 3003 ferret,
2318 2944 2371 2990 et
2398 2937 2688 2990 haereditat.
2713 2953 2760 2989 nt
2786 2938 3166 3006 sempiternam
3190 2938 3403 2994 Christo
3433 2944 3682 3009 acquire-

2108 3036 2210 3083 ret.
2240 3027 2414 3081 Esivit
2454 3029 2520 3080 de
2557 3028 2826 3082 senatoria
2857 3030 3177 3097 cognatione
3231 3046 3327 3084 sua
3353 3046 3475 3085 eum
3507 3032 3680 3101 patri-

2108 3117 2268 3171 archa
2299 3117 2590 3182 Abraham,
2630 3124 2682 3171 et
2711 3117 2931 3171 veniens
2958 3117 3010 3170 in
3041 3127 3237 3172 terram
3267 3133 3297 3172 a
3347 3118 3458 3173 Deo
3499 3120 3684 3188 provi-

433 3197 488 3242 et
525 3190 780 3246 armentis
811 3192 1028 3248 bellicis.
1063 3194 1288 3264 lrrigant
1331 3201 1730 3258 crebrescentes
1779 3206 2000 3259 fontium
2030 3227 2073 3287 C
2107 3223 2218 3262 sam
2251 3209 2420 3262 factus
2450 3218 2528 3261 est
2575 3211 2624 3261 in
2647 3218 2861 3276 gentem
2891 3223 3158 3278 magnam.
3182 3209 3562 3281 Multiplicatus
3598 3220 3684 3268 est

431 3278 802 3349 scaturigines,
834 3283 990 3338 rivuli
1031 3284 1311 3354 salientes,
1344 3287 1558 3345 flumina
1586 3293 1810 3363 insignia
1841 3305 1892 3351 et
1929 3299 2005 3350 fa-

433 3379 618 3435 mosa,
665 3368 813 3425 lacus
842 3379 897 3425 et
922 3380 1109 3442 stagna
1141 3375 1374 3443 piscibus
1402 3388 1458 3433 et
1499 3381 1687 3437 avibus
1726 3400 1789 3439 ac
1831 3387 2005 3441 navali

431 3467 734 3514 commeatu
765 3461 995 3528 assidua,
1045 3465 1262 3519 urbibus
1293 3475 1346 3521 et
1386 3470 1596 3538 pepulis
1638 3475 2004 3529 acciimtnoda.

430 3540 705 3603 Frondem
732 3549 835 3605 luci
879 3559 933 3606 et
976 3567 1216 3620 nemora,
1263 3560 1581 3628 campestria
1622 3570 1676 3615 et
1727 3571 2001 3630 montana,

429 3637 620 3704 glande
647 3649 700 3694 et
727 3640 984 3698 fructibus
1011 3644 1343 3703 silvestribus
1383 3651 1560 3719 plena,
1590 3653 1812 3710 diversis
1841 3671 2004 3711 vena-

431 3728 570 3785 tibus
592 3731 862 3800 opulenta.
888 3732 1022 3790 Sunt
1042 3745 1094 3792 et
1117 3737 1262 3793 silva:
1291 3749 1575 3808 castanea},
1592 3745 1808 3798 divitum
1831 3747 2004 3816 epulis

429 3829 657 3891 acceptae
683 3840 695 3877 :
723 3823 895 3878 vineta
920 3824 1024 3898 [ΑΙ.
1046 3828 1257 3900 vinetis]
1286 3845 1500 3900 quoque
1522 3850 1624 3888 non
1653 3834 2005 3891 soltlutGalli-

428 3911 507 3966 eis
521 3922 574 3965 et
595 3910 811 3978 ltalicis,
830 3915 922 3969 sed
943 3916 1103 3970 etiam
1121 3916 1358 3982 Albanis,
1383 3920 1642 3989 Argolicis
1662 3932 1716 3978 et
1734 3922 1999 3989 Pnniceis,

427 4004 566 4057 arvis
595 4005 916 4075 respondent
962 4007 1071 4081 [AL
1102 4011 1468 4082 restiondebit]
1519 4014 1821 4068 uberrimis.
1866 4015 2004 4070 Sttttt

427 4095 513 4150 hic
537 4094 709 4150 fontes
754 4098 1070 4164 salinarum,
1106 4110 1230 4155 sunt
1257 4110 1309 4157 et
1331 4103 1505 4158 fontes
1527 4105 1708 4171 calidi,
1737 4105 2002 4176 calidique

426 4185 600 4251 fluvii,
656 4188 862 4244 balneis
893 4193 1078 4247 calidis
1106 4196 1383 4251 exstructi.
1431 4194 1566 4263 Quid
1615 4199 1790 4253 dicam
1839 4201 2003 4256 maris

426 4273 655 4339 divitias,
709 4291 826 4344 quae
858 4293 964 4332 non
994 4280 1167 4334 solum
1199 4285 1472 4339 navalibus
1499 4288 1785 4350 mercibus,
1817 4304 2001 4344 verum

425 4362 586 4416 etiam
617 4363 906 4421 innumeris
951 4368 1174 4437 piscium
1220 4373 1500 4439 generibus
1538 4375 1641 4429 hoc
1687 4389 1908 4445 regnum
1947 4389 2002 4433 et

423 4452 631 4520 replent
661 4463 714 4508 et
735 4454 1023 4512 decorant?
1047 4457 1186 4515 inter
1206 4476 1324 4530 qure
1354 4464 1560 4520 diversa
1593 4481 1655 4521 ac
1684 4482 1872 4537 magna
1901 4484 1996 4523 na-

2111 3307 2165 3352 ut
2192 3298 2358 3352 stella:
2390 3299 2540 3361 coeli,
2589 3299 2640 3352 in
2672 3309 2977 3354 sanctorunt
3009 3301 3350 3358 multitudine
3377 3305 3596 3374 sequaci
3625 3313 3683 3360 et

2107 3388 2339 3456 gentium
2387 3389 2583 3457 populo
2617 3387 2777 3444 fideli.
2814 3389 2959 3445 Bene
2999 3391 3175 3461 itaque
3205 3392 3257 3446 in
3290 3402 3368 3446 tot
3417 3393 3555 3449 filios
3599 3394 3680 3450 di-

2107 3480 2350 3534 lectionis
2382 3480 2656 3546 excrcvit,
2705 3482 2794 3549 qui
2828 3497 2922 3550 pro
2963 3483 3274 3550 alienigenis
3304 3485 3537 3538 animam
3580 3501 3679 3556 po-

2107 3584 2235 3624 nere
2279 3569 2440 3623 venit.
2487 3570 2588 3624 Alii
2623 3568 2853 3638 fortiter,
2884 3571 2983 3626 iste
3020 3579 3074 3626 et
3112 3571 3322 3627 fortiter
3349 3582 3403 3628 et
3455 3573 3682 3631 feliciter

2106 3659 2252 3720 vicit,
2286 3658 2375 3726 qui
2407 3659 2636 3713 martiali
2678 3659 2855 3713 animo
2885 3659 3215 3715 incruentum
3255 3663 3566 3733 martytium
3596 3673 3680 3719 tu-

2106 3747 2184 3802 lit.
2217 3748 2358 3802 Benc
2388 3749 2582 3812 etiam,
2613 3748 2700 3819 qui
2750 3750 2925 3804 omnia
2954 3750 3167 3819 reliquit
3195 3759 3250 3804 et
3289 3753 3409 3806 caeli
3453 3768 3678 3823 regnum

2104 3836 2333 3891 obtinuit
2361 3847 2415 3892 et
2462 3837 2546 3892 hic
2581 3838 2757 3892 omnia
2786 3838 2884 3908 (in)
2915 3839 3220 3909 centuplum
3262 3841 3493 3911 recepit;
3524 3845 3679 3913 cujus

2103 3927 2342 3994 angelica
2373 3927 2606 3982 charitas
2644 3936 2697 3982 et
2736 3929 3140 3997 generosissima
3171 3930 3462 3987 liberalitas
3483 3971 3498 3997 ,
3556 3949 3677 4004 quae

2103 4017 2347 4071 omnibus
2387 4017 2543 4085 largis
2578 4018 2679 4071 ima
2722 4027 2776 4072 et
2813 4018 3125 4089 sibimetipsi
3173 4030 3290 4074 erat
3336 4022 3671 4090 parcissitna,

2103 4104 2206 4159 hoc
2257 4105 2770 4160 abundantissimum
2826 4123 3083 4176 regnum,
3131 4111 3375 4180 superbis
3423 4111 3677 4180 Augustis

2103 4211 2438 4265 pomposum,
2470 4196 2674 4250 calcato
2705 4199 2944 4267 appetitu
2969 4199 3092 4254 fecit
3118 4201 3361 4254 omnibus
3385 4201 3676 4258 benefitio-

2101 4303 2238 4342 sum.
2267 4285 2411 4340 Felix
2440 4296 2746 4356 paupertas,
2773 4303 2890 4357 quae
2920 4296 3024 4340 tant
3050 4288 3246 4342 multos
3269 4289 3484 4343 ditavit!
3518 4291 3678 4346 beata

2101 4377 2452 4443 abstinentia,
2510 4392 2627 4444 qua:
2682 4391 2894 4446 semper
2957 4375 3348 4433 indeficicutem
3418 4379 3669 4438 familiam

2100 4469 2300 4539 pascit!
2349 4467 2466 4534 Quo
2510 4484 2570 4521 se
2618 4469 2865 4533 arctavit,
2917 4470 3023 4524 nos'
3057 4468 3446 4539 amplificantur
3478 4489 3489 4523 :
3527 4471 3671 4540 quod

423 4544 588 4598 tatilia
635 4547 918 4616 capiuntur
961 4551 1176 4619 passim,
1209 4551 1448 4623 delphini
1489 4565 1544 4610 et
1590 4558 1738 4612 vituli
1780 4561 1994 4627 marini,
2030 4559 2374 4653 Djejuuavit,
2409 4574 2504 4613 nos
2534 4558 2809 4628 epulamur
2838 4576 2850 4612 :
2882 4559 2990 4612 imo
3045 4559 3158 4628 ipse
3202 4561 3255 4614 in
3297 4560 3406 4615 suis
3449 4561 3673 4616 Incredi-

422 4643 580 4705 atque
607 4637 822 4709 insuper
853 4651 1147 4698 montuosae
1197 4645 1420 4701 baleriae.
1455 4646 1670 4702 [iubent
1715 4651 1995 4721 conchylia

421 4739 582 4795 super
609 4725 812 4783 indicas
829 4744 890 4784 ac
917 4729 1164 4787 Sidonias
1184 4737 1470 4803 tincturas;
1495 4747 1549 4792 et
1570 4740 1817 4795 decorem
1839 4757 1992 4796 suunt

422 4816 547 4871 dum
575 4819 704 4872 alias
731 4821 907 4875 omnia
941 4832 1202 4879 vetustate
1232 4835 1438 4881 mutant
1465 4837 1555 4882 aut
1587 4830 1848 4896 minuunt,
1883 4832 1996 4886 lucc

424 4910 661 4965 tenacius
691 4911 984 4978 illustrant,
1018 4930 1118 4970 nec
1147 4917 1261 4971 sole
1293 4935 1390 4973 nec
1415 4921 1581 4975 imbre
1602 4922 1822 4977 violant.
1851 4923 1994 4978 lnest

422 5001 640 5056 eunt-his
693 5017 1132 5060 ornamentorum
1183 5010 1436 5076 pretium,
1487 5013 1743 5069 unionum
1792 5016 1996 5070 scilicet

422 5104 752 5160 gemmantes
778 5097 1020 5159 orb'culi,
1047 5100 1282 5155 candore
1311 5101 1572 5170 splendidi
1602 5113 1656 5158 et
1681 5107 1997 5174 margarita-

424 5198 538 5236 rum
568 5185 896 5242 multicolora
923 5193 1134 5246 decora.

491 5270 703 5327 Rnhent
734 5275 871 5342 alite,
919 5277 1033 5330 alia:
1064 5279 1252 5345 γξερηι,
1297 5282 1376 5335 ba:
1416 5297 1706 5351 purpureo,
1735 5284 1816 5338 lia:
1861 5283 1994 5354 hya-

420 5366 691 5432 cinthino,
742 5370 822 5422 ha:
851 5372 1065 5439 prasino
1093 5374 1272 5428 colore
1303 5375 1638 5442 vestiuntur;
1688 5378 1782 5432 sed
1824 5376 1994 5444 major

419 5454 608 5511 harum
640 5460 883 5515 candicat
915 5463 1214 5518 multituio.
1250 5464 1341 5518 Πιὸ
1371 5465 1645 5521 amiticum
1675 5467 1885 5534 ingenia
1913 5467 1994 5519 in-

422 5557 503 5603 ter
534 5552 815 5618 praeclaros
863 5553 1065 5623 lapides
1095 5571 1253 5610 amca
1301 5558 1539 5613 ecclesia:
1570 5561 1835 5613 adornant
1873 5573 1992 5612 mo-

421 5645 546 5699 nilia
577 5664 587 5697 :
623 5647 764 5716 ipsos
795 5660 953 5704 etiam
985 5662 1160 5719 mquat
1197 5661 1290 5706 aut
1332 5661 1549 5724 supcrat
1599 5669 1664 5708 au
1698 5669 1760 5708 ca
1808 5651 1993 5720 Angli-

2103 4652 2201 4706 bus
2223 4653 2398 4705 omnia
2431 4652 2668 4720 possidet
2689 4660 2742 4704 et
2766 4650 3052 4704 exaltatur.
3081 4651 3185 4705 Sed
3208 4651 3330 4705 dum
3357 4652 3456 4708 ista
3486 4651 3672 4707 scribi-

2101 4757 2250 4807 mus,
2283 4740 2384 4796 hoc
2434 4741 2756 4794 maritimum
2802 4739 3036 4810 Elysium
3077 4742 3434 4796 reviresccnte
3474 4742 3673 4797 mundo

2103 4831 2309 4896 floruit,
2334 4842 2388 4887 et
2417 4833 2554 4885 inter
2584 4833 2851 4901 paschalia
2884 4831 3067 4886 flori-ta
3099 4831 3361 4902 splendidi
3391 4833 3671 4901 Angusﬁni

2103 4924 2312 4978 sidereo
2344 4923 2587 4976 natalitio
2618 4922 2869 4986 instante,
2900 4924 3044 4977 omni
3069 4923 3267 4976 decore
3295 4923 3492 4977 arrisit.
3515 4922 3673 4978 Juvat

2100 5027 2226 5080 ergo
2252 5014 2313 5066 ad
2343 5013 2642 5082 prwsignati
2673 5012 2835 5081 ipsius
2864 5013 3132 5066 adventus
3152 5013 3343 5066 seriem
3374 5029 3670 5080 recurrere,

2099 5121 2159 5157 ac
2172 5105 2384 5158 demunt
2401 5106 2464 5157 de
2489 5102 2897 5170 innumerisc-jus
2911 5104 3191 5156 virtutib’us
3213 5103 3385 5170 aliqua
3403 5112 3671 5161 retexere.

2169 5197 2218 5250 4.
2254 5198 2472 5251 Viderat
2505 5197 2725 5264 insignis
2754 5195 2938 5263 legifer
2968 5193 3178 5248 Domini
3218 5192 3536 5262 Gregorius,
3584 5213 3672 5252 ve-

2103 5294 2251 5345 nales
2282 5290 2464 5344 lloma:
2504 5305 2728 5358 pueros,
2777 5288 2926 5342 crine
2965 5285 3126 5339 rutilo
3164 5295 3218 5339 et
3263 5285 3433 5340 forma
3479 5288 3672 5344 cxitttia

2097 5385 2396 5450 gratiosos;
2431 5393 2596 5448 utque
2624 5389 2741 5435 erat
2769 5378 3063 5433 visceribus
3094 5376 3373 5431 charitatis
3410 5377 3460 5431 in
3488 5392 3673 5433 omnes

2099 5470 2336 5535 diffusus,
2369 5479 2746 5540 percunctatur
2786 5467 2985 5520 ardent.
3013 5481 3038 5518 r
3065 5465 3277 5519 nomina
3310 5467 3511 5534 gentis,
3548 5483 3671 5535 pro-

2098 5562 2303 5623 viuclaz,
2337 5579 2398 5615 ac
2428 5577 2564 5628 regis
2604 5561 2833 5613 illorum.
2864 5556 3025 5609 Audit
3053 5557 3197 5623 (μιυά
3243 5556 3428 5612 incon
3463 5555 3669 5624 .‘mgcli,

2099 5652 2372 5720 provincia
2397 5651 2551 5704 Deira
2581 5661 2628 5714 ἰ,
2677 5663 2771 5701 rex
2801 5645 2920 5700 Alle
2947 5645 3277 5700 vocitaretur
3303 5662 3319 5712 ;
3356 5645 3451 5700 scd
3482 5660 3670 5700 omnes

498 5806 518 5834 ³
548 5797 690 5855 Deiri
727 5819 844 5869 pura
911 5803 1376 5875 Nortlmmtborum,
1424 5811 1495 5862 nti
1542 5821 1587 5863 cz.
1646 5807 1888 5874 Bernicii,
1946 5825 2000 5862 δυ

2112 5807 2154 5860 ίε
2203 5805 2289 5859 διώ
2334 5806 2553 5872 proprii;
2599 5798 2798 5869 regibus
2857 5802 3010 5866 facta.
3057 5798 3138 5852 Ibi
3188 5798 3303 5855 Alle
3357 5797 3543 5852 dicitur
3581 5813 3666 5851 res
