3874 6224
200 416 257 471 53
1377 413 1533 470 VITA
1575 413 1816 470 SANCTI
1857 415 2240 472 AUGUSTINI.
3353 417 3423 475 δι

199 530 478 598 paganisino
503 530 964 602 obsequerentur.
1013 529 1272 600 lngcmuit
1306 528 1530 598 benigna
1556 528 1756 592 anima,
1785 532 1833 586 Α
1861 529 2017 582 tionis
2043 537 2220 583 autem
2255 527 2400 582 beati
2429 524 2668 596 Gregorii
2700 542 2847 596 papa:
2875 534 3098 596 quartus
3120 569 3136 593 ,
3167 542 3288 583 cum
3315 529 3427 600 ipse

202 621 358 683 ηυντ-ε,
378 618 620 686 paradiso
640 620 740 676 Dei
757 631 867 675 tam
879 635 1167 688 congruos,
1181 621 1328 674 tetris
1339 622 1638 674 dmmonnm
1652 617 1758 671 aris

197 710 440 774 athlictos;
479 709 569 765 sed
601 725 756 774 mox,
777 713 856 765 uti
880 712 1224 782 prepheticus
1245 713 1525 780 interpres,
1553 709 1757 776 adgau-

197 801 305 850 dens
330 797 602 852 nominum
635 800 900 869 auspiciis
932 819 944 852 :
977 801 1139 866 Bene,
1169 801 1355 868 inquit,
1385 798 1534 866 Angli
1555 816 1569 852 :
1594 811 1756 866 ange-

199 889 277 941 lica
298 889 426 942 tat-ie
449 889 595 943 nitidi
623 907 637 942 :
665 890 812 946 bene
836 892 996 957 Deiri,
1022 893 1086 948 de
1109 893 1183 946 ira
1207 892 1297 946 Dei
1318 890 1596 946 cernendi!
1619 890 1754 943 bene

196 1000 380 1052 quoque
402 999 498 1040 rex
517 984 718 1040 dicitur
742 988 883 1054 Alle,
910 987 1060 1055 cujus
1092 987 1359 1056 ternelAl.
1389 983 1549 1054 terra]
1577 991 1758 1040 cante-

198 1083 266 1126 tur
281 1074 506 1129 alleluia.
531 1073 741 1130 Invasit
761 1093 893 1146 ergo
912 1077 1013 1130 iter
1028 1076 1094 1129 ad
1119 1077 1310 1143 Anglos
1326 1075 1715 1130 convertendos
1735 1091 1750 1140 ;

197 1163 270 1218 sed
293 1164 465 1232 populi
489 1167 708 1220 romani
737 1165 1020 1229 fractione,
1047 1167 1152 1219 imo
1172 1164 1374 1234 Spiritu
1399 1165 1604 1218 Domini
1625 1165 1752 1220 Jesu

198 1256 350 1306 omnia
379 1255 608 1319 provide
637 1255 914 1322 dictante,
938 1264 1198 1310 retractus
1244 1265 1355 1320 cSI;
1389 1252 1634 1308 videlicet
1662 1253 1751 1308 alii

197 1341 342 1396 amico
363 1341 500 1396 hanc
521 1343 758 1409 gratiam
787 1353 1038 1398 servante
1061 1342 1300 1396 Domino.
1327 1342 1394 1395 At
1419 1339 1504 1393 ubi
1536 1348 1753 1406 aposto-

197 1432 335 1482 latum
360 1429 540 1484 “om:
565 1432 836 1502 suscepit,
865 1430 1008 1485 unde
1029 1432 1240 1499 gravius
1259 1429 1325 1483 ab
1347 1428 1641 1483 intentione
1655 1442 1750 1482 sua

197 1521 482 1590 pnepeditus
503 1523 751 1589 exstitit,
777 1523 904 1576 inde
927 1525 1193 1594 potentius
1214 1520 1493 1576 consilium
1520 1518 1747 1574 invenit:

196 1613 314 1675 om!
332 1613 464 1667 enim
481 1627 578 1680 per
588 1628 650 1666 se.
678 1629 789 1668 non
814 1613 1005 1682 potuit,
1021 1627 1116 1681 per
1134 1610 1463 1680 splendidam
1481 1610 1749 1663 lucernam

198 1718 322 1756 mm
349 1711 398 1755 et
428 1703 760 1771 armigeram
792 1702 1068 1757 dexteram
1101 1701 1450 1768 Augustinum
1497 1699 1746 1765 explevit.

199 1793 265 1848 ila
300 1793 537 1849 cinvenit
557 1795 862 1850 secundum
886 1809 982 1848 cor
1000 1807 1175 1856 suum,
1205 1793 1415 1846 unicum
1447 1790 1498 1844 in
1526 1789 1752 1844 Domino

1859 614 2220 672 Romanorum
2265 615 2572 686 pontificum
2621 630 2829 685 gemma
2876 616 3269 680 illustrissitna,
3315 618 3426 675 hac

1855 705 2059 760 siderea
2084 707 2376 775 Augustino
2399 705 2740 776 prmfulgente
2759 705 2936 774 Anglis
2962 706 3105 760 misit
3125 705 3425 763 luminaria.

1855 794 1960 849 Tot
1991 796 2264 852 dominica:
2294 797 2572 867 legationis
2601 795 2954 864 manipulares
2982 797 3049 850 ad
3076 796 3425 866 quadraginta

1856 893 2225 949 numerantur,
2276 896 2536 956 quaterno
2597 887 2807 943 scilicet
2871 887 3090 941 denario
3159 889 3313 959 Legis
3371 898 3426 944 et

1856 960 2127 1042 Evangelii
2147 983 2378 1042 quatuor
2404 976 2650 1031 animalia
2684 975 2970 1029 imitantes.
3017 974 3121 1030 Tot
3147 979 3271 1032 olim
3319 977 3421 1034 Le-

1851 1061 1984 1133 gifer
2038 1063 2103 1117 ad
2151 1064 2586 1120 considerandam
2625 1075 2819 1121 terram
2843 1065 3273 1136 repromissionis
3318 1071 3417 1124 mi-

1849 1162 1994 1207 serat
2024 1153 2422 1222 exploratores;
2469 1154 2562 1208 sed
2611 1155 2716 1222 illi,
2768 1164 2964 1224 praeter
3012 1155 3150 1218 duo,
3208 1157 3419 1224 perfidi;

1853 1243 1936 1298 isti
1981 1252 2134 1298 erant
2165 1243 2376 1309 fideles;
2425 1242 2500 1303 illi
2531 1242 2620 1298 lilii
2669 1244 2828 1298 alieni
2867 1244 3086 1300 domino
3114 1255 3239 1298 sunt
3275 1261 3424 1300 meno

1851 1335 1966 1400 titi;
1997 1335 2102 1399 isti,
2135 1334 2226 1389 lilii
2256 1333 2578 1404 adoptionis,
2611 1335 2948 1391 adhmserunt
2969 1337 3198 1391 veritati.
3234 1335 3421 1393 Proce-

1850 1423 2046 1478 debant
2065 1435 2134 1482 at
2158 1440 2284 1480 oves
2299 1425 2367 1480 ad
2387 1424 2679 1489 victimam,
2705 1426 2904 1492 grande
2922 1428 3125 1481 scilicet
3145 1437 3418 1496 spectacu-

1853 1514 1961 1570 lum
1990 1515 2185 1572 mundo
2205 1516 2309 1590 [ΑΙ.
2335 1515 2560 1588 mundi],
2592 1518 2795 1586 angelis
2821 1517 3188 1572 ethominihus
3215 1526 3425 1587 specta—

1851 1604 2012 1669 biles;
2040 1605 2197 1660 aeriis
2213 1607 2585 1675 potestatibus,
2610 1615 2665 1660 ut
2689 1608 2832 1662 acies
2853 1607 3113 1672 ordinata,
3139 1609 3422 1663 terribiles.

1922 1693 1974 1746 6.
2015 1693 2129 1748 Jam
2176 1695 2384 1750 eminus
2425 1711 2455 1749 a
2490 1708 2718 1763 cognata
2747 1697 2909 1750 domo
2939 1709 3280 1750 excesserant
3323 1697 3424 1750 ali-

1851 1790 1984 1848 quot
2027 1782 2229 1835 dierum
2262 1783 2467 1846 itinere.
2504 1783 2708 1839 alacres
2737 1785 2874 1838 viam
2906 1784 3275 1840 mandatorum
3319 1785 3415 1842 Do-

197 1885 343 1938 saucti
377 1884 627 1938 desiderii
658 1885 744 1939 sui
776 1883 1094 1948 remedium,
1120 1883 1288 1936 virum
1320 1881 1552 1936 omnium
1586 1882 1743 1934 virtu-

1856 1869 1979 1924 mini
2027 1885 2338 1939 percurrere
2365 1890 2378 1926 :
2403 1879 2458 1925 at
2495 1887 2623 1926 vero
2651 1872 2862 1928 dicente
2901 1874 3165 1940 Vcritatc,
3203 1873 3429 1946 Spiritus

198 1984 310 2036 ttun,
335 1971 396 2027 ad
421 1972 709 2027 Dominiea
731 1973 869 2028 bella
901 1981 1168 2041 paratum,
1197 1987 1292 2040 per
1321 1969 1487 2025 ardua
1516 1979 1572 2024 et
1594 1969 1747 2024 fortia

197 2080 381 2116 crimine
411 2063 666 2129 avidum;
702 2074 760 2118 ut
809 2064 994 2118 turrim
1033 2063 1196 2117 David
1245 2066 1529 2127 munitum,
1561 2062 1612 2116 in
1644 2077 1748 2130 qua

197 2151 387 2218 clypeos
415 2161 466 2204 et
495 2152 654 2206 hasta
691 2154 972 2221 omnisque
1001 2161 1269 2206 armatura
1302 2151 1549 2219 fortium,
1590 2161 1749 2220 atque

197 2241 251 2291 a-I
285 2241 450 2293 cunnia
479 2249 798 2308 comptum;
849 2258 942 2295 vas
971 2243 1203 2296 scientiae
1233 2242 1322 2294 Dri
1363 2242 1746 2308 evangelicum,

198 2343 276 2381 vas
303 2329 574 2384 electionis
600 2328 815 2383 Domini
843 2345 1087 2384 aureum.
1121 2329 1410 2383 Mirabatur
1432 2314 1749 2396 generosum

197 2422 405 2475 aninutnt
438 2439 532 2476 sua
574 2423 928 2477 attentiorem
961 2422 1368 2485 exhoitatione;
1402 2431 1455 2474 ut
1481 2420 1754 2475 videretur

198 2529 286 2566 non
317 2524 415 2566 tam
445 2513 600 2581 sequi
631 2513 769 2567 velle
798 2512 862 2566 ad
904 2513 1153 2582 palmam,
1207 2527 1367 2581 quam
1400 2527 1746 2582 pra-currere.

257 2604 302 2660 5.
355 2604 594 2661 Collrcto
645 2609 825 2674 itaque
880 2606 1120 2674 angelico
1173 2605 1504 2660 eruditorum
1555 2603 1751 2658 Christi

199 2708 472 2760 praeoeum
510 2695 896 2757 contubernio,
942 2695 1033 2763 qui
1080 2695 1340 2761 comites,
1389 2694 1656 2760 adjutores
1702 2702 1758 2747 ct

200 2793 550 2851 cumperatores
591 2782 898 2850 Evangelici
938 2783 1227 2838 existerent
1262 2783 1381 2837 duci
1427 2782 1754 2850 Augustino;

200 2883 447 2942 postquam
477 2889 676 2929 omnes
699 2876 766 2927 ad
793 2873 1120 2943 propositum
1160 2889 1294 2942 opus
1333 2872 1536 2943 accepit
1581 2888 1759 2941 prom-

202 2974 302 3031 ptes
326 2973 375 3017 et
399 2965 704 3029 unanimes,
737 2963 1080 3019 incessablles
1107 2964 1268 3018 totius
1296 2965 1446 3018 home
1476 2963 1760 3018 Voluntatis

201 3054 381 3110 auctori
417 3054 666 3108 immolat
703 3063 904 3122 grates.
946 3053 1052 3108 Nec
1093 3068 1267 3115 mera,
1299 3053 1609 3107 cxhortatos
1639 3052 1760 3106 dili-

201 3143 484 3208 gentissime
510 3152 567 3198 et
595 3152 836 3198 armatos
862 3142 929 3195 ad
961 3141 1280 3197 fructiferam
1325 3141 1505 3208 gloria:
1551 3141 1756 3210 patien-

1850 1959 2041 2030 (Marc.
2095 1977 2235 2028 xxvi,
2283 1960 2371 2030 41,
2397 1972 2443 2015 et
2471 1961 2627 2018 Joan.
2661 1981 2745 2028 xv,
2778 1963 2834 2034 5)
2885 1966 3102 2034 quidem
3151 1977 3428 2036 promptus

1849 2061 1950 2116 est,
1980 2067 2105 2106 raro
2134 2063 2308 2108 auten
2355 2053 2593 2117 infirma;
2635 2065 2707 2120 et,
2741 2056 2867 2110 Sine
2906 2074 2989 2112 me
3035 2059 3162 2112 nihil
3209 2063 3430 2126 potestis

1851 2141 2059 2210 facere;
2090 2145 2314 2201 docendi
2344 2157 2498 2201 erant
2525 2163 2591 2202 ex
2623 2149 2850 2203 humana
2892 2149 3275 2216 imbecillitate,
3321 2167 3427 2207 non

1851 2234 1918 2289 de
1964 2252 2023 2289 se
2071 2238 2438 2304 prtesumcndo
2504 2240 2597 2294 sed
2642 2241 2692 2294 in
2734 2241 2843 2295 Deo
2891 2243 3179 2310 sperando,
3210 2242 3429 2298 viriliter

1855 2338 2047 2392 agere;
2079 2334 2131 2379 et
2162 2327 2213 2380 in
2243 2327 2357 2396 ipso
2374 2329 2461 2395 qui
2493 2329 2616 2382 vicit
2645 2330 2919 2396 mundum,
2949 2331 3182 2384 vincere.
3213 2330 3268 2384 ιιι
3296 2332 3427 2395 Deo,

1856 2414 2026 2485 inquit
2075 2415 2392 2485 Psalmista,
2443 2419 2695 2475 faciemus
2741 2421 2992 2475 virtutem
3042 2421 3266 2492 (Psatm.
3321 2441 3427 2490 Lux,

1859 2506 1966 2574 lit).
1987 2505 2078 2560 Dei
2113 2507 2289 2575 itaque
2319 2509 2550 2571 athletaz,
2587 2509 2928 2565 immemores
2958 2513 3270 2565 constantie
3296 2530 3427 2578 sure,

1856 2597 2216 2666 surripiuntur
2264 2600 2548 2668 vaniloqua
2583 2601 2854 2655 hominum
2895 2602 3054 2667 fama,
3089 2603 3292 2658 fallacia
3323 2605 3428 2658 the-

1858 2703 2074 2741 monum
2105 2690 2376 2743 ventilata.
2412 2689 2697 2745 Nuntiatur
2735 2692 2877 2761 quod
2920 2707 3050 2761 gens
3098 2710 3258 2763 quam
3291 2705 3428 2765 pete-

1859 2785 1978 2832 rent
2021 2778 2301 2835 immanior
2343 2781 2530 2836 belluis
2560 2783 2834 2848 existeret,
2879 2785 3019 2852 quol
3062 2787 3429 2842 crudelitatem

1859 2866 2028 2936 epulis
2055 2867 2343 2936 prtefcrrct.
2391 2870 2530 2937 quod
2570 2872 2882 2938 sanguinem
2931 2873 3270 2928 innocentum
3319 2877 3430 2930 siti~

1861 2964 1962 3022 ret,
1996 2957 2138 3026 quod
2165 2958 2453 3013 christiana
2479 2979 2506 3009 ιι
2542 2961 2694 3016 fidem
2726 2961 3054 3026 abhorreret,
3079 2966 3220 3032 quod
3250 2965 3430 3019 salutis

1860 3047 2169 3102 doctoribus
2213 3056 2416 3103 tantum
2456 3051 2730 3118 suppliciis
2759 3060 2813 3106 et
2855 3051 3089 3107 czedibus
3137 3055 3428 3124 responde-

1861 3145 1971 3200 ret;
2006 3147 2221 3192 sanctos
2244 3139 2457 3209 quidem
2487 3139 2601 3193 sine
2630 3155 2786 3195 causa
2833 3141 2988 3209 plet-ti
3034 3157 3223 3212 posse,
3257 3144 3432 3199 hostes

201 3234 310 3287 tiam
334 3276 347 3298 ,
372 3235 622 3290 omnibus
649 3233 789 3290 bene
813 3233 923 3306 (At.
961 3229 1124 3302 pene]
1162 3233 1388 3301 provis’s
1413 3245 1531 3300 qua:
1577 3230 1757 3285 mundi
1785 3235 1831 3297 (ζ
1861 3235 2035 3280 autem
2079 3227 2320 3283 veritatis
2363 3243 2462 3281 nec
2508 3229 2715 3283 ratione
2747 3245 2844 3285 nec
2882 3230 3044 3298 signis
3094 3229 3250 3286 ﬂecti.
3299 3232 3430 3288 llinc

199 3323 465 3392 pategrinis
489 3331 886 3394 eompeterent,
937 3322 1046 3379 Deo
1090 3331 1144 3377 ct
1185 3323 1386 3386 angelis
1431 3321 1577 3391 pacis
1605 3337 1755 3375 com-

199 3412 420 3477 meodat,‘
445 3419 500 3466 et
540 3411 596 3465 in
637 3412 779 3464 viam
817 3417 1086 3480 perpetuae.
1110 3410 1295 3466 Salutis
1323 3409 1575 3464 destinat.
1617 3409 1757 3465 Lon-

199 3514 303 3568 gum
344 3513 422 3555 est
455 3516 757 3570 exponere,
786 3501 880 3555 sed
909 3501 1051 3569 pium
1080 3508 1161 3555 est
1185 3500 1441 3564 recolere,
1471 3509 1580 3554 tam
1629 3517 1756 3556 san-

201 3601 283 3644 ct:
306 3599 514 3661 tamque
559 3592 743 3646 dulces
782 3591 973 3645 anima:
1002 3590 1277 3644 beatorum
1310 3589 1550 3659 Cregorii
1596 3601 1758 3660 atque

202 3682 450 3750 Attgustini
489 3691 915 3752 sanctorumque
951 3680 1190 3745 fratrum,
1234 3697 1264 3734 a
1306 3681 1560 3736 maternis
1589 3682 1755 3736 visce-

202 3772 326 3826 ribus
353 3771 742 3826 monasterialis
771 3770 1022 3826 Ecclesiae
1051 3771 1376 3838 avulsorum,
1406 3786 1524 3840 qua:
1551 3772 1752 3841 spicula

203 3860 461 3915 vulneratae
507 3861 870 3932 cbaritatisin
899 3863 1232 3930 separatione
1260 3860 1523 3930 corporali
1574 3875 1757 3916 sense-

204 3952 322 4018 rint,
360 3966 492 4020 quas
531 3952 946 4021 imprecatione:
982 3952 1152 4006 beata:
1203 3953 1585 4016 restitutionis,
1635 3968 1755 4021 quae

202 4037 426 4108 suspiria,
465 4054 603 4108 quas
640 4039 908 4110 lacrymas
947 4040 1169 4094 invicem
1218 4039 1544 4095 reddiderint
1581 4057 1597 4096 :
1630 4058 1753 4097 cum

203 4143 253 4182 se
283 4129 410 4182 ultra
459 4129 711 4184 dilectam
756 4129 1032 4198 patriam,
1093 4128 1200 4182 imo
1241 4138 1455 4184 mutuos
1505 4139 1755 4200 aspectus

203 4227 294 4272 tam
318 4218 738 4274 desidet-altilium
766 4227 977 4287 patrum
1003 4233 1064 4272 ac
1089 4218 1382 4285 sociorum,
1405 4217 1458 4273 in
1486 4220 1591 4274 hoc
1614 4223 1755 4275 exsi~

204 4307 265 4360 lio
299 4307 496 4362 visuros
535 4323 642 4362 non
680 4313 989 4377 sperarent;
1030 4315 1083 4360 et
1124 4305 1188 4360 ad
1233 4314 1342 4361 tam
1379 4307 1750 4376 longinquam,

205 4403 295 4448 tam
336 4405 608 4451 externam
647 4395 969 4458 barbariem,
1018 4405 1231 4463 tamque
1261 4394 1465 4450 incerta
1496 4396 1616 4450 vita:
1643 4396 1752 4449 dis-

203 4483 402 4538 crimina
431 4485 887 4553 transmigrarent.
919 4483 1008 4538 Sic
1035 4483 1304 4552 quondam
1335 4498 1512 4539 arcam
1543 4485 1750 4539 Domini

1861 3327 1990 3382 ergo
2018 3313 2361 3384 deSperantes
2391 3317 2572 3370 talium
2602 3317 2758 3373 saluti
2783 3327 2833 3372 ct
2855 3336 2952 3374 suo
2980 3319 3262 3390 profcctui.
3297 3339 3430 3392 pm-

1861 3405 2091 3473 positum
2134 3421 2288 3459 suum
2337 3406 2489 3460 reniti
2521 3423 2626 3461 non
2653 3408 2916 3463 valentem
2948 3410 3334 3479 Augthtinum,
3364 3414 3429 3468 ad

1861 3495 2074 3549 beatum
2103 3495 2418 3565 Gregorium
2448 3499 2620 3553 fecere
2651 3500 2882 3568 legatum
2902 3543 2916 3565 ,
2947 3519 3107 3573 quem
3137 3504 3336 3574 Anglis,
3385 3507 3432 3565 si

1859 3581 2525 3654 Christumjuscipercnt,
2567 3587 2791 3644 dederat
2830 3592 3174 3662 episcopum;
3219 3604 3434 3651 orantes

1859 3673 2152 3728 humillime
2179 3690 2276 3744 per
2305 3675 2496 3744 ipsum,
2513 3687 2793 3746 quatenus
2814 3693 2908 3733 eos
2934 3681 3240 3738 absolveret
3264 3699 3292 3736 a
3319 3694 3438 3739 tam.

1858 3763 2158 3830 periculoso
2203 3774 2257 3820 ct
2303 3765 2632 3822 infructuose
2678 3769 2818 3838 apud
2861 3771 3071 3839 ignotas
3098 3772 3302 3840 linguas
3326 3775 3432 3829 dis-

1858 3854 2052 3922 pendio
2082 3841 2339 3920 laborum,
2368 3867 2423 3911 ct
2470 3858 2605 3926 placi
2628 3861 2733 3914 lum
2765 3861 2831 3914 ad
2861 3878 2954 3915 sua
2987 3874 3244 3918 annu-ret
3294 3868 3433 3920 redi-

1859 3953 1990 4000 tum.
2021 3944 2177 4000 Tales
2204 3948 2344 4002 enim
2376 3947 2550 4002 adhuc
2578 3959 2731 4003 erant
2759 3951 2994 4019 invalidi,
3035 3963 3090 4008 et
3113 3955 3176 4008 ad
3205 3954 3431 4010 domini-

1856 4048 1972 4086 cam
2001 4035 2213 4103 quidem
2244 4035 2632 4105 expeditionem
2663 4039 2913 4108 prompti,
2938 4040 3028 4094 sed
3077 4041 3429 4101 inexercitati.

1855 4122 1990 4177 sicut
2017 4125 2281 4192 quondam
2327 4125 2566 4193 discipuli
2600 4126 2830 4192 Domini,
2878 4130 3136 4194 volentes,
3186 4133 3279 4187 sed
3326 4150 3430 4188 non

1859 4215 2097 4268 valentes
2136 4215 2280 4268 illum
2321 4215 2387 4268 ad
2431 4216 2731 4284 passionem
2763 4219 2932 4288 sequi,
2987 4221 3196 4274 interim
3237 4223 3431 4278 comic--

1855 4305 2048 4358 bantur
2074 4305 2172 4358 sub
2200 4307 2370 4375 asylo,
2398 4305 2570 4361 donec
2602 4308 2942 4362 inducrentur
2969 4311 3162 4364 virtute
3191 4327 3255 4366 ex
3289 4314 3431 4374 alto;

1854 4397 1965 4448 visa
1994 4409 2120 4449 vero
2151 4395 2312 4464 ipsius
2340 4398 2749 4453 resurrectionis
2793 4408 2845 4452 et
2875 4403 3200 4456 ascensionis
3242 4404 3429 4467 pluria.

1857 4484 1929 4537 ita
1975 4494 2096 4537 sunt
2118 4485 2332 4538 animati
2361 4495 2414 4538 et
2441 4485 2669 4554 Spiritus
2695 4486 2940 4544 Pnracliti
2971 4507 3195 4558 capaci-3
3224 4492 3396 4547 effecti
3415 4534 3428 4553 ,

204 4573 406 4630 ferentis
433 4591 603 4630 rm
622 4617 638 4643 ,
681 4587 738 4630 et
763 4587 884 4645 post
911 4574 1066 4630 fretus
1103 4575 1398 4630 abstractos
1426 4577 1748 4643 mugiebant,
1784 4598 1834 4656 υ
1857 4581 1916 4627 ut
1942 4573 2245 4642 passionum
2275 4575 2437 4644 ipsius
2467 4577 2744 4646 participio
2773 4579 2890 4647 plus
2917 4582 3228 4649 gauderent,
3274 4599 3432 4651 quam

204 4670 250 4715 et
288 4672 453 4718 tamen
489 4679 521 4718 a
562 4673 710 4719 recta
752 4665 852 4718 via:
899 4664 1036 4718 linea
1087 4678 1346 4730 nusquam
1391 4663 1749 4720 declinabant.

203 4748 360 4806 Sancti
386 4768 614 4821 namque
643 4761 834 4808 euntes
863 4753 1009 4807 ibant
1035 4761 1087 4805 et
1112 4753 1308 4807 ﬂebant
1338 4754 1661 4807 transeundo
1685 4755 1753 4808 ad

205 4840 306 4894 vita:
334 4844 575 4911 patriam,
627 4844 900 4898 mittentes
948 4843 1000 4896 in
1053 4843 1299 4914 lacrymis
1341 4844 1547 4899 semina
1584 4844 1754 4898 virtu-

207 4937 300 4982 tum
321 4947 336 4985 :
361 4943 632 4988 venientes
661 4941 840 4988 autem
870 4935 1084 4988 venient
1109 4933 1161 4987 in
1187 4935 1600 5000 resurrectione,
1632 4951 1753 4991 cum

206 5022 508 5079 uultatione
555 5033 832 5093 portantes
859 5024 1160 5093 manipulos
1191 5025 1381 5080 lzetitia:
1413 5026 1482 5082 de
1523 5027 1668 5082 luctu
1697 5039 1755 5084 et

207 5119 372 5166 inmte.
424 5113 610 5167 Annus
659 5121 785 5166 tunc
839 5121 954 5168 erat
1005 5115 1073 5168 ab
1128 5115 1495 5170 incarnatione
1544 5118 1753 5173 Domini

209 5207 262 5262 ⁸.
305 5203 738 5267 sexcentesimus,
795 5203 1122 5271 principatus
1172 5213 1349 5258 autem
1400 5205 1627 5260 Mauritii
1685 5209 1752 5262 ah

208 5287 416 5355 Augusto
450 5290 871 5360 quinquagesimi
897 5292 1072 5361 quarti
1115 5307 1284 5346 annus
1332 5305 1550 5362 quartus
1603 5296 1752 5350 deci-

209 5390 347 5439 mas,
399 5391 464 5431 ex
518 5391 627 5445 quo
681 5391 808 5431 vero
860 5377 1012 5446 Angli
1061 5379 1384 5434 Britanniam
1450 5383 1753 5438 invaserant

209 5479 354 5520 anuus
393 5468 605 5522 circiter
637 5468 960 5524 centesimus
1001 5470 1498 5539 quinquagesiinus,
1547 5476 1755 5529 ordine.-

209 5617 346 5684 [τείως
369 5621 429 5672 ait
457 5639 593 5674 attito
617 5621 727 5690 559
757 5639 912 5690 usque
952 5621 1018 5676 ad
1046 5639 1235 5675 annum
1265 5622 1386 5678 339.
1420 5625 1631 5680 (fon-ult"
1659 5647 1748 5690 po-

211 5697 289 5739 (est
316 5691 408 5742 rita
433 5693 596 5761 uincti
625 5689 885 5759 Cngorii,
917 5693 976 5744 t‘.’
995 5691 1173 5745 Martii
1194 5691 1381 5745 cells-3
1418 5698 1572 5760 edim,
1601 5689 1745 5761 ain,

211 5765 251 5808 rt
272 5768 432 5812 nostr
461 5759 645 5813 ibidem
677 5762 962 5814 Amrotata.

271 5834 292 5862 ⁸
327 5825 433 5885 luto
455 5833 616 5886 solum
657 5840 767 5884 urat
800 5848 963 5885 annus
993 5831 1091 5886 595
1112 5843 1230 5887 a'r'a:
1261 5837 1557 5902 communis,
1603 5848 1749 5907 atque

1069 5906 1087 5934 Ι

1858 4664 2109 4718 timerent
2153 4666 2298 4720 illum
2346 4666 2408 4719 ad
2461 4667 2660 4722 :ethcra
2710 4671 2978 4740 subsequi.
3034 4671 3249 4727 Poterat
3309 4683 3433 4730 tunc

1857 4754 2177 4824 magnanimi
2241 4753 2483 4822 Gregorii
2541 4756 2813 4819 charitas,
2862 4759 3010 4826 quasi
3063 4758 3130 4810 de.
3183 4759 3435 4817 frustrato

1856 4846 2090 4913 iucmpto
2153 4852 2206 4899 et
2271 4847 2336 4899 de
2394 4845 2632 4901 ludibriis
2678 4850 2974 4901 ιὶιῐεηιοιιιιιιι
3047 4850 3434 4919 insultantium,

1855 4937 2181 5007 perturbari,
2214 4938 2312 4991 nisi
2341 4947 2582 5008 Speraret
2628 4940 2678 4992 in
2720 4939 2935 4994 nomine
2967 4939 3196 5008 Domini,
3246 4941 3296 4995 in
3326 4956 3433 5010 quo

1854 5044 1948 5082 sua
1989 5039 2161 5097 coapta
2193 5029 2444 5084 cr-debat
2491 5029 2712 5085 feliciter
2756 5032 2960 5100 perﬁci.
3009 5031 3263 5100 chletus
3306 5049 3436 5104 ergo

1854 5119 2040 5188 spiritu
2086 5120 2314 5183 vhtntis,
2365 5121 2525 5174 mittit
2554 5136 2649 5189 per
2678 5121 2866 5176 ducem
2897 5121 3248 5188 Augustinum
3281 5123 3435 5178 Chri-

1854 5209 1921 5264 sti
1953 5209 2243 5277 peregrinis
2294 5212 2428 5264 hanc
2454 5212 2735 5280 epistolam
2765 5221 2994 5281 paternze
3023 5211 3434 5276 exhortationis,

1854 5299 2084 5354 suadens
2139 5309 2191 5352 et
2247 5299 2344 5366 ipsi
2400 5303 2826 5372 Obletnpo'rarn,
2881 5301 3135 5372 viamque
3189 5313 3244 5356 ct
3299 5319 3435 5370 opus

1854 5401 2110 5458 emptum,
2139 5407 2307 5459 usque
2336 5391 2402 5445 ad
2436 5395 2661 5461 pa'mani
2689 5403 2744 5447 et
2772 5409 3027 5448 coronam
3055 5394 3233 5463 glorias
3260 5393 3310 5446 in
3341 5392 3433 5449 Dei

1856 5479 2119 5546 adiutorio
2147 5480 2370 5536 fidenter
2398 5499 2444 5552 pl
2462 5483 2669 5536 rlicere.

1855 5632 1940 5684 ille
1983 5645 2090 5686 crat
2139 5635 2383 5712 illuuricii
2430 5650 2651 5712 (proruta
2679 5641 2930 5712 decimus.
2973 5640 3208 5712 Gregorii
3263 5659 3433 5712 paper,

1855 5711 2084 5780 quartus
2114 5707 2231 5780 quin
2273 5718 2330 5780 ct
2370 5709 2582 5780 imlirtio
2638 5709 2697 5780 li
2732 5713 2869 5780 infra
2909 5710 2960 5780 in
3003 5707 3222 5778 epistola
3263 5707 3436 5766 sancti

1856 5769 2086 5848 {gregarii
2115 5769 2266 5848 etiam
2290 5779 2464 5830 ritum.
2498 5778 2646 5846 Apud
2679 5769 2866 5833 Bcditm
2893 5778 2980 5832 lib.
3018 5769 3051 5845 ι’,
3085 5798 3130 5834 ‹·.
3164 5782 3250 5848 9.5,
3282 5782 3430 5835 ωιιίι-

1855 5842 1975 5894 litur
2003 5861 2165 5899 minus
2195 5845 2404 5901 Cluisi.
