3874 6224
460 366 531 424 55

1255 370 1557 431 SANCTUS
1595 371 1933 430 AUGUSTIN
1943 376 2005 430 [ἓξ

2111 375 2431 437 autenm:
2473 383 2896 448 arosmtos.
3635 389 3703 444 ⁵⁸³

526 479 579 537 7.
618 477 929 551 Gregorius,
954 494 1143 538 servus
1183 496 1457 539 servorum
1489 483 1603 551 Dei,
1625 482 1790 539 servis
1817 482 2027 538 Domini
2055 490 2105 554 Α
2129 488 2259 543 mati
2320 497 2377 544 ut
2422 488 2612 548 fortius
2663 508 2824 565 quam
2871 507 3143 569 cmperant
3179 506 3352 570 empta
3392 514 3709 572 percurrere

456 575 642 627 nostri.
674 573 808 640 Quia
838 571 1024 625 melius
1054 570 1223 628 fuerat
1255 575 1392 630 bona
1423 591 1528 630 non
1557 574 1813 643 incipere,
1866 589 2027 643 quam

453 663 521 716 ab
551 663 630 717 his
655 676 772 732 qua:
803 670 976 729 empta
1002 671 1127 716 sunt
1153 664 1474 733 cogitatione
1502 673 1791 719 retrorsum
1822 664 2026 733 redire;

451 766 659 806 summo
704 749 917 814 studio,
970 751 1296 808 dilectissimi
1346 753 1475 818 filii,
1528 763 1740 822 oportet
1788 764 1844 809 ut
1892 771 2029 823 Opus

452 844 666 906 bonum,
713 843 854 910 quod
881 843 1171 900 auxiliante
1202 845 1426 899 Domino
1452 847 1708 915 coepistis,
1740 847 2024 918 impleatis.

448 930 555 985 Nec
584 946 711 1000 ergo
740 931 891 987 labor
919 948 1028 999 vos,
1077 949 1175 988 nec
1214 935 1593 991 maledicorum
1624 937 1893 992 hominum
1924 938 2026 993 lin-

447 1022 565 1085 gunt
605 1023 947 1089 deterreant;
994 1024 1084 1078 sed
1133 1027 1277 1081 omni
1326 1026 1598 1097 instantia,
1643 1031 1894 1103 omnique
1921 1030 2025 1086 fer-

448 1127 597 1174 vere.
626 1128 744 1183 qua:
770 1114 1074 1181 inchoastis,
1102 1115 1213 1173 Deo
1240 1129 1484 1189 auctore,
1513 1124 1768 1192 peragite,
1796 1125 2025 1182 scientes

445 1200 592 1269 quod
634 1203 869 1259 laborem
919 1222 1168 1273 magnum
1204 1211 1374 1279 major
1400 1221 1613 1268 aeterna:
1661 1205 2023 1272 retributionis

445 1291 614 1354 gloria
661 1294 923 1362 sequitur.
973 1295 1249 1353 Remeanti
1290 1309 1466 1354 autem
1497 1301 1789 1370 Augustino
1818 1319 2023 1374 praepo—

442 1380 547 1433 sito
576 1390 773 1443 vestro.
807 1399 968 1452 quem
999 1395 1051 1440 et
1081 1388 1324 1443 abbatem
1356 1391 1506 1444 vobis
1532 1391 1919 1456 tonstituimus,
1970 1395 2020 1449 in

443 1471 689 1527 oumibus
709 1473 982 1529 humiliter
1001 1477 1215 1531 obedite
1233 1496 1246 1542 ;
1265 1480 1495 1535 scientes
1510 1482 1612 1535 hoc
1623 1482 1810 1536 vestris
1824 1484 2022 1538 anima-

444 1559 539 1611 hus
586 1577 680 1629 per
723 1564 897 1618 omnia
945 1567 1299 1632 profuturum.
1348 1570 1599 1639 quidquid
1627 1587 1654 1624 a
1685 1574 1834 1627 vobis
1863 1573 2021 1628 fuerit

445 1648 495 1701 in
539 1651 654 1719 ejus
700 1650 1060 1708 admonitione
1115 1656 1458 1725 completum.
1488 1658 1836 1731 Omnipotens
1886 1662 2021 1717 Deus

443 1753 537 1792 sua
565 1756 660 1797 vos
686 1741 852 1809 gratia
881 1751 1146 1812 protegat,
1178 1754 1231 1798 et
1259 1747 1422 1801 vestri
1453 1748 1650 1804 laboris
1694 1750 1920 1806 fructum
1966 1752 2019 1807 in

2129 575 2390 660 intrepide
2434 580 2757 650 gauderent,
2803 596 2860 639 et
2906 603 3056 643 more
3100 592 3423 660 optimorum
3477 592 3707 649 militum

2128 653 2303 725 acrius
2323 679 2442 741 post
2464 668 2638 740 fugam
2662 670 2943 728 victoriam
2974 653 3375 749 extorquerent.
3400 677 3549 734 ibant
3576 696 3711 752 ergo

2126 772 2245 812 cum
2274 761 2581 817 caelestibus
2621 761 2937 817 animalibus
2973 776 3097 821 ante
3126 768 3287 823 facies
3330 782 3485 833 suas,
3514 779 3569 823 et
3597 786 3710 826 non

2126 851 2531 933 revertebantur
2557 866 2675 907 cum
2701 852 3029 909 incederent.
3060 856 3176 911 Jam
3206 860 3284 912 eis
3305 859 3412 913 dux
3439 874 3566 914 suus
3592 874 3707 913 ma-

2124 938 2404 1005 gnanimus
2429 941 2758 1011 Gregoriauo
2783 959 2878 999 ore
2914 942 3094 998 dicere
3139 947 3420 1003 videbatur
3458 950 3713 1019 Augusti-

2125 1044 2263 1083 nus:
2306 1030 2440 1084 Cum
2467 1033 2799 1100 jucunditate
2829 1035 3062 1100 exibitis,
3094 1046 3148 1088 et
3174 1052 3293 1090 cum
3324 1040 3513 1105 gaudio
3534 1041 3707 1096 dcduv

2124 1119 2316 1173 cemini
2343 1138 2352 1170 :
2385 1137 2505 1175 nam
2533 1132 2586 1176 et
2614 1134 2821 1178 montes
2866 1139 3047 1193 reges.
3079 1135 3133 1179 et
3163 1127 3328 1182 colles
3357 1130 3517 1186 duces
3555 1133 3711 1187 vobis

2123 1210 2258 1263 exsil
2282 1221 2394 1274 ent,
2424 1221 2798 1281 exspectantes
2836 1232 2932 1270 vos
2966 1219 3237 1286 suscipere
3274 1234 3393 1273 cum
3424 1222 3639 1288 gaudio.
3664 1220 3711 1276 0

2125 1297 2439 1353 immensum
2464 1302 2742 1368 gaudium,
2765 1319 2890 1369 quo,
2916 1305 3039 1360 licet
3075 1322 3170 1375 per
3196 1309 3388 1363 acerba
3414 1319 3467 1365 et
3492 1328 3708 1382 aspera,

2122 1385 2231 1442 itur
2256 1388 2321 1441 ad
2349 1390 2740 1446 interminabile
2782 1409 3004 1461 regnum
3035 1414 3153 1451 cum
3192 1399 3509 1455 indelicienti
3548 1404 3708 1473 cepia

2124 1479 2431 1533 meritorum
2462 1488 2517 1535 et
2540 1481 2681 1536 dulci
2715 1483 2885 1539 fruetu
2928 1488 3270 1550 quassiturum
3302 1492 3408 1547 Deo
3437 1494 3704 1549 filiorum!

2122 1568 2247 1624 Haec
2285 1571 2641 1640 intelligentes
2686 1577 2857 1630 sancti
2892 1575 3212 1633 festinabant
3250 1597 3346 1649 per
3384 1585 3607 1640 adversa
3650 1592 3711 1641 et

2123 1676 2400 1730 prospera,
2452 1678 2549 1731 per
2594 1664 2748 1729 plana
2799 1674 2852 1719 et
2901 1666 3142 1733 dumosa,
3195 1670 3420 1724 transire
3461 1673 3528 1725 ad
3577 1688 3706 1727 vera

2124 1752 2367 1819 prannia;
2398 1752 2463 1803 ad
2487 1754 2667 1806 omnia
2700 1755 2988 1823 patientes,
3020 1772 3186 1824 uSque
3214 1758 3281 1811 ad
3313 1770 3539 1813 mortem
3580 1762 3706 1816 facti

446 1837 645 1882 aeterna
697 1846 782 1885 me
822 1832 988 1901 patria
1030 1834 1213 1889 videre
1255 1838 1514 1892 concedat
1556 1856 1569 1892 :
1612 1850 1874 1908 quatenus
1920 1842 2019 1897 etsi
2054 1838 2097 1896 Β
2124 1842 2455 1896 obedientes.
2485 1842 2629 1897 Inter
2654 1855 2729 1898 tot
2754 1856 2934 1900 autem
2963 1848 3216 1902 virtutum
3260 1850 3445 1903 merita
3489 1866 3708 1921 semper

442 1920 713 1975 vobiscum
744 1923 986 1978 laborare
1014 1940 1220 1993 nequeo
1243 1970 1257 1993 ,
1284 1929 1437 1982 simul
1484 1930 1533 1984 in
1580 1931 1771 1998 gaudio
1792 1933 2019 1987 retribu-

440 2009 599 2063 tionis
628 2013 863 2079 eveniar,
900 2016 1019 2082 quia
1054 2018 1293 2072 laborare
1332 2020 1535 2075 scilicet
1564 2023 1703 2074 vo'o.
1752 2023 1890 2077 Deus
1927 2039 2017 2078 vos

438 2099 728 2156 incolumes
772 2105 1066 2172 cnstntliat,
1107 2108 1431 2163 dil‘Ctissitni
1479 2110 1589 2165 lilii.
1640 2111 1766 2165 Data
1807 2112 1892 2167 die
1919 2117 2014 2167 tle-

439 2190 573 2245 citna
621 2191 972 2250 Kalendarum
1020 2200 1407 2267 Augustarum,
1457 2203 1750 2271 imperante
1796 2203 2014 2258 domino

442 2292 625 2336 nostro
666 2283 817 2340 Maur
839 2288 913 2340 tio
943 2288 1155 2343 Tiberio
1183 2292 1422 2360 piissimo
1462 2294 1716 2361 Augusto,
1749 2309 1889 2347 anno
1917 2294 2013 2346 de-

439 2372 579 2426 cimo
607 2384 826 2442 quarto,
857 2388 977 2445 post
1006 2380 1339 2434 consulatum
1361 2382 1594 2449 ejusdem
1620 2384 1817 2439 domini
1847 2387 2012 2441 nostri

436 2477 575 2518 asino
604 2465 809 2520 decimo
842 2469 1015 2532 tertio,
1046 2469 1336 2525 indictione
1361 2471 1562 2527 decima
1590 2482 1798 2541 quarta.

506 2570 559 2624 8.
622 2572 920 2630 Arelatensi
971 2592 1182 2646 quoq-ie
1234 2581 1590 2651 archiprzcsuli
1624 2583 1908 2656 Etherio,
1956 2597 2014 2643 ut

434 2660 731 2733 Augutino
775 2667 994 2738 ejusque
1036 2672 1196 2725 sociis
1246 2672 1442 2726 Christi
1472 2675 1660 2741 legatis
1707 2678 1755 2731 in
1804 2678 2013 2735 Dilan-

436 2753 575 2806 uiam
606 2757 903 2810 necessaria
932 2759 1123 2813 solatia
1170 2763 1495 2831 provideret,
1549 2768 1617 2819 ita
1652 2769 1882 2835 scripsit,
1927 2785 2012 2825 se-

432 2846 659 2899 cundum
710 2863 901 2904 nomen
948 2866 1100 2905 suum
1133 2855 1378 2912 omnibus
1407 2857 1649 2928 vigilans,
1691 2861 2009 2932 Gregorius:

435 2931 896 2992 Reverendissimo
926 2947 979 2993 et
1005 2943 1339 2999 sanctissimo
1365 2944 1512 3001 fratri
1542 2948 1786 3007 IEtherio
1804 2956 2010 3025 coepis-

432 3037 571 3091 copo
599 3024 887 3093 Gregorius
914 3044 1099 3086 servus
1127 3047 1401 3088 servorum
1448 3037 1541 3092 Dei
1604 3038 1689 3107 (L.
1737 3057 1787 3105 v,
1836 3042 2004 3113 Epist.

432 3109 542 3179 55).
576 3111 721 3168 Licet
749 3116 887 3184 apud
930 3120 1257 3187 sacerdotes,
1302 3123 1557 3183 habentes
1604 3128 1712 3184 Deo
1758 3109 2005 3199 placitam

2123 1931 2335 1993 beatum
2377 1935 2728 2001 Augustinum
2773 1940 3170 1994 comitabantur
3217 1942 3595 1999 miraculorum
3624 1944 3708 1999 lu-

2120 2022 2302 2074 mina:
2337 2038 2400 2076 ex
2440 2025 2634 2092 quibus
2678 2027 2965 2082 innumeris
2996 2028 3045 2080 in
3088 2029 3479 2098 Andegaveusi,
3521 2033 3705 2101 opima

2117 2108 2300 2165 Gallice
2330 2113 2631 2180 provincia,
2675 2115 3080 2171 celeberrimum
3125 2128 3205 2173 est
3270 2122 3412 2189 quod
3460 2122 3528 2175 ibi
3575 2131 3705 2177 tunc

2117 2200 2425 2267 peregrinus
2472 2203 2749 2257 exhibuit:
2783 2221 2879 2274 pro
2924 2221 3031 2275 quo
3074 2207 3192 2276 ejus
3240 2210 3430 2265 honori
3479 2210 3704 2267 ecclesia

2117 2298 2428 2344 consecrata
2453 2293 2649 2347 nul'atn
2672 2310 2901 2363 unquam
2927 2298 3236 2352 feminarum
3261 2300 3509 2354 almittit.
3551 2299 3705 2356 Unde

2117 2378 2265 2432 multi
2299 2378 2693 2436 honoratissimi
2740 2384 2835 2437 viri
2885 2384 3380 2454 Andegavensium,
3420 2390 3704 2447 venientes

2113 2464 2453 2520 Cantuariam
2487 2470 2551 2522 ad
2573 2481 2811 2525 sanctum
2837 2474 3207 2542 Augustinum,
3238 2478 3355 2531 νειμ
3376 2488 3582 2533 menter
3608 2482 3703 2534 ad-

2115 2543 2463 2623 mirabantur,
2511 2559 2633 2626 hic,
2680 2562 2767 2616 ubi
2820 2566 3170 2633 corporaliter
3219 2569 3540 2638 requiescit:
3592 2578 3702 2624 tam

2115 2644 2256 2700 licite
2279 2657 2332 2701 et
2360 2648 2524 2703 libere
2553 2666 2739 2705 omnes
2780 2654 3001 2710 feminas
3032 2658 3248 2722 intrare,
3282 2674 3441 2728 quam
3474 2660 3541 2714 ibi
3576 2660 3702 2713 nul-

2114 2735 2217 2788 lant
2261 2737 2415 2805 hujus
2458 2738 2686 2794 licentia:
2729 2744 2953 2809 gratiam
2997 2748 3251 2817 conseqtti
3290 2764 3463 2818 posse.
3495 2750 3703 2818 Quibus

2113 2826 2427 2882 mirantibus
2454 2832 2877 2897 respondi-batur
2906 2848 2935 2887 a
2966 2834 3252 2903 fratribus;
3286 2837 3400 2893 illas
3428 2840 3701 2907 videlicet,

2112 2932 2229 2985 qua:
2256 2928 2498 2974 sanctum
2535 2921 2895 2990 expulerunt,
2940 2926 3131 2981 merito
3171 2942 3200 2979 a
3230 2942 3325 2980 sua
3356 2928 3583 2984 ecclesia
3616 2946 3702 2985 τοο

2113 3007 2272 3075 pelli;
2316 3008 2443 3063 istas
2474 3026 2637 3079 vero,
2683 3027 2802 3080 quae
2847 3015 2989 3068 hunc
3034 3026 3386 3086 susceperunt
3426 3020 3592 3085 uitro,
3630 3021 3701 3073 ab

2111 3095 2227 3164 ipso
2256 3098 2452 3153 debere
2481 3101 2669 3169 recipi.
2716 3102 2832 3157 Jun
2883 3104 3009 3159 olim
3054 3108 3252 3176 quippe
3300 3108 3511 3177 plurimi
3559 3110 3699 3165 illius

430 3202 764 3270 cbaritatetn,
795 3206 1026 3275 religiosi
1058 3210 1153 3265 viri
1183 3212 1379 3267 nullius
1424 3190 1884 3275 commendatione
1922 3221 2005 3276 in-
2036 3194 2079 3255 Ο
2109 3197 2279 3254 sums
2319 3190 2521 3244 ""b'lcs
2550 3200 2603 3245 et
2632 3196 2762 3247 Cyam
2812 3211 3095 3264 procer‘js'
3138 3202 3402 3270 “mu'que
3442 3200 3698 3258 cedes”-

430 3292 674 3360 digeaut;
718 3296 842 3364 quia
889 3307 1065 3354 tamen
1097 3310 1279 3369 aptum
1309 3304 1572 3361 scribendi
1602 3323 1661 3365 se
1688 3317 1893 3379 tempus
1923 3313 2004 3366 iu-

432 3384 635 3451 ges~it,
686 3383 1035 3442 fraternitatis
1084 3400 1272 3446 vestrm
1323 3403 1500 3448 nostra
1555 3398 1764 3453 mittere
1810 3411 2005 3470 srr.pta

428 3474 751 3540 curavimus,
802 3478 1129 3535 insinuantes
1176 3481 1397 3539 latorem
1442 3488 1777 3553 p'msrn'ium
1827 3489 2005 3557 Augu-

426 3565 644 3635 stinum,
690 3582 900 3623 servum
952 3572 1064 3632 Det.
1114 3573 1181 3627 de
1223 3574 1375 3640 cujus
1404 3578 1533 3630 certi
1578 3594 1761 3633 sumus
1803 3581 2003 3649 stmlio,

425 3670 546 3709 cum
576 3657 692 3711 aliis
718 3660 886 3714 servis
917 3660 1009 3715 Dei
1042 3662 1163 3718 illuc
1194 3680 1290 3718 nos
1318 3681 1415 3734 pro
1447 3666 1676 3723 utilitate
1705 3671 2002 3727 animarum

424 3740 715 3797 auxiliante
759 3743 868 3796 Deo
911 3745 1169 3802 direxisse
1196 3765 1208 3800 :
1233 3764 1392 3817 quem
1442 3766 1658 3807 necesw
1698 3762 1779 3808 est
1819 3764 1875 3808 ut
1913 3772 2003 3810 sa-

423 3830 680 3884 cerdotali
719 3833 899 3886 studio
944 3833 1211 3891 Sanctitas
1246 3838 1435 3893 Vestra
1481 3841 1715 3909 adjuvet.
1750 3853 1804 3898 et
1830 3860 1925 3899 sua
1953 3844 2003 3900 ei

421 3922 609 3974 solatia
631 3922 866 3991 prtebere
884 3922 1097 3979 festinet
1116 3936 1158 3979 ".
1178 3925 1273 3983 Cui
1295 3927 1454 3983 etiam
1480 3938 1540 3982 ut
1555 3934 1907 3999 promptiores
1935 3936 2001 3989 ad

420 4008 813 4079 suffragandum
843 4014 1057 4083 possitis
1084 4017 1332 4082 existere,
1366 4033 1579 4074 causam
1628 4022 1779 4079 vobis
1825 4025 2000 4094 injun-

424 4101 597 4155 ximus
640 4102 906 4158 subtiliter
941 4104 1197 4172 indicare,
1244 4109 1474 4164 scientes
1500 4112 1644 4181 quod
1673 4128 1734 4168 ea
1765 4116 1996 4185 cognita,

422 4200 533 4255 tota
580 4206 676 4246 vos
721 4201 939 4262 propter
982 4195 1148 4249 D.-um
1194 4197 1479 4254 devotione
1506 4201 1571 4254 ad
1619 4204 1998 4274 solatianalum,

419 4282 544 4350 quia
573 4289 629 4336 et
656 4296 744 4336 res
767 4282 927 4351 exigit
955 4323 972 4347 ,
1021 4286 1387 4341 commodetis.
1421 4288 1711 4344 Candidum
1744 4304 1997 4361 pnetcrea

419 4370 804 4445 presbyterum,
838 4387 1175 4430 communem
1207 4376 1392 4443 litum,
1424 4393 1581 4448 quem
1626 4380 1690 4434 ad
1736 4384 1998 4450 guberna-

420 4464 615 4518 tionem
663 4462 1020 4531 patrimoniali
1060 4466 1295 4521 ecclesia:
1340 4478 1538 4524 notae
1583 4474 2017 4542 transmisimus,

2107 3276 2253 3332 SllCtB
2271 3279 2537 3347 dignitatis
2560 3285 2838 3339 reverendi
2865 3295 3063 3353 patres,
3088 3288 3137 3340 in
3161 3288 3371 3358 Anglia,
3389 3302 3441 3344 et
3466 3293 3698 3348 maxime

2108 3370 2246 3438 apud
2277 3372 2445 3440 ipsum
2474 3388 2627 3428 suum
2663 3372 2754 3445 [ut
2776 3376 3103 3449 gloriantur]
3133 3388 3416 3449 patronum
3446 3386 3700 3451 Augusti-

2110 3477 2272 3526 num,
2318 3462 2621 3532 frequentes
2668 3468 2853 3520 horum
2882 3506 2899 3532 ,
2942 3483 3062 3536 quae
3112 3470 3253 3539 apud
3302 3471 3447 3541 ipsos
3494 3477 3697 3540 gessit,

2106 3553 2522 3607 constantissimi
2553 3556 2895 3610 celebrantur
2925 3566 3239 3613 assertmes.
3283 3560 3347 3613 lli
3370 3576 3557 3618 omnes
3584 3563 3697 3620 suis

2104 3644 2439 3699 successibus
2484 3647 2857 3702 heatilicabant
2888 3650 3163 3716 Angliam,
3196 3660 3249 3706 et
3292 3653 3522 3708 maxime
3561 3669 3696 3725 apo—

2104 3734 2347 3789 stolicam
2373 3734 2785 3803 Doroberniam,
2810 3739 2860 3792 iu
2892 3742 3084 3793 summi
3118 3741 3393 3809 Augustini
3426 3758 3693 3814 prtcroga-

2106 3826 2210 3881 tiva
2252 3837 2307 3881 et
2349 3830 2398 3882 in
2432 3830 2542 3898 ipsa
2599 3831 2865 3900 corporali
2902 3832 3017 3899 ejus
3063 3836 3343 3903 przcseotia
3368 3876 3383 3899 ,
3438 3845 3692 3905 tanquam

2103 3920 2369 3988 corporali
2387 3921 2490 3975 vita
2511 3961 2525 3985 ,
2555 3921 2706 3990 cujus
2734 3922 2873 3993 apud
2904 3924 3047 3992 ipsos
3074 3935 3217 3979 esset
3244 3934 3350 3979 tam
3384 3927 3689 3984 indelebilis

2102 4010 2384 4074 memeria,
2437 4019 2491 4064 et
2537 4008 2845 4081 frequentia
2881 4014 3171 4079 miracula,
3215 4015 3296 4069 vel
3345 4018 3575 4085 scripta,
3606 4018 3688 4073 vr-l

2101 4103 2312 4170 scriptis
2353 4102 2700 4157 evidentiora.
2752 4102 2849 4159 llic
2886 4119 3011 4172 ergo
3052 4108 3343 4161 referamus
3382 4123 3447 4162 ex
3478 4110 3689 4180 publica

2101 4194 2312 4259 notitia,
2343 4210 2461 4263 qua:
2492 4195 2561 4249 ibi
2583 4211 2693 4250 sua:
2722 4200 3016 4265 praesentia:
3044 4199 3260 4266 reliquit
3284 4201 3453 4268 signa.

2174 4306 2258 4360 l0.
2296 4307 2471 4375 Agens
2493 4322 2623 4362 sane
2652 4307 2980 4363 Dominieam
3014 4310 3357 4379 legationem,
3386 4323 3444 4367 ut
3475 4330 3682 4383 praeno-

2101 4405 2267 4452 tatum
2290 4405 2390 4461 est,
2417 4413 2444 4451 a
2470 4397 2635 4451 ltoma
2653 4398 2703 4451 in
2722 4398 3085 4465 Audegavensi
3106 4401 3377 4469 provincia
3398 4401 3424 4437 ιι
3459 4402 3684 4461 Pontem

2100 4487 2205 4559 [AL
2264 4484 2511 4555 Pontum]
2543 4485 2631 4540 Sai
2665 4497 3047 4557 nuncupatum,
3076 4490 3283 4543 milliari
3324 4500 3493 4547 tractu
3523 4509 3685 4564 super

413 4551 659 4605 t-baritati
689 4560 877 4607 vestrm
906 4554 958 4607 in
983 4555 1229 4609 omnibus
1271 4560 1724 4615 commendamus.
1765 4563 1903 4618 Deus
1943 4575 1995 4620 te
2025 4556 2071 4615 D
2100 4551 2323 4642 Ligerim
2355 4551 2570 4629 fluvium
2604 4577 2813 4645 lapideo
2844 4593 3007 4647 opere
3048 4580 3359 4647 productum
3382 4618 3397 4643 ,
3422 4596 3545 4651 eum
3590 4584 3682 4638 illo

416 4644 734 4702 tucolumem
760 4645 1046 4713 custodiat,
1070 4650 1508 4704 reverendissime
1533 4651 1714 4712 frater.
1744 4653 1873 4709 Data
1903 4656 1989 4711 die

412 4736 616 4790 declina
643 4732 997 4791 Kalendarum
1025 4738 1403 4807 Augustarum,
1437 4744 1730 4811 imperante
1772 4745 1989 4801 domino

415 4834 599 4880 nostro
654 4824 900 4884 Mauritio
950 4827 1177 4883 Tiberio‘
1218 4829 1456 4898 piissimo
1510 4831 1793 4905 Augusto,
1848 4848 1990 4890 anno

409 4925 604 4983 quarto
664 4915 903 4982 decimo,
937 4927 1057 4988 post
1112 4919 1452 4975 consulatum
1501 4921 1737 4990 ejusdem
1788 4924 1990 4979 domini

412 5007 579 5062 nostri
625 5022 765 5065 anno
813 5010 972 5065 tertio
1018 5010 1260 5076 decimo,
1317 5012 1608 5070 indictione
1657 5028 1845 5085 quarta
1892 5018 1987 5076 de-

407 5098 568 5153 cima.

480 5188 529 5241 9.
573 5186 699 5243 Hac
739 5188 898 5257 igitur
936 5193 1229 5262 apostolica
1271 5196 1591 5254 documenta
1636 5202 1902 5258 referente
1929 5211 1985 5259 et

409 5278 565 5336 altius
602 5278 898 5337 intentante
941 5284 1103 5339 sociis
1149 5286 1473 5357 Augustino,
1502 5290 1574 5346 ita
1615 5302 1741 5349 sunt
1785 5294 1983 5351 conlit-

477 5420 501 5448 ³
541 5411 665 5468 Fuit
690 5414 835 5491 inter.
854 5418 1017 5491 socios
1044 5419 1192 5491 hujus
1221 5422 1479 5479 missionis
1505 5437 1710 5482 sanctus
1753 5428 1983 5484 Lauren-

408 5482 525 5548 tius,
574 5493 623 5540 el
666 5484 835 5567 sancti
880 5482 1248 5567 Augustininin
1288 5492 1583 5567 cpiarOputn
1620 5482 1979 5567 Cautuqriqitai

406 5566 679 5628 successor,
727 5556 873 5628 cujus
917 5556 1073 5612 vitam
1114 5556 1479 5618 illustraeintui
1517 5566 1586 5619 ad
1631 5568 1765 5622 diem
1798 5565 1834 5621 2
1870 5565 1979 5623 Fa-

407 5624 623 5697 bruarii,
644 5624 1058 5697 ⁸οειεηὶιὶηηητιηε
1096 5630 1325 5687 inrisisse
1357 5650 1471 5688 eum
1498 5636 1551 5689 in
1582 5635 1754 5691 Gallia
1782 5637 1875 5691 hoc
1903 5654 1985 5692 or-

406 5690 529 5773 ςρῃ
577 5694 876 5773 «piscari»,
934 5690 1181 5773 sanctum
1238 5699 1498 5773 §ereuum
1552 5690 1977 5773 Massiliensem,

410 5756 706 5818 i'rotasiutn
748 5756 1084 5836 Aquenscm.
1118 5767 1388 5841 Virgilium
1416 5756 1979 5843 amtaiéiet‘iitifgati

2092 4683 2202 4721 sam
2226 4677 2278 4721 to
2323 4670 2490 4723 choro
2557 4668 2766 4721 transiit
2810 4671 3100 4724 sociorum.
3151 4671 3352 4737 Quibus
3415 4675 3679 4744 adjacenti

2092 4759 2230 4814 villa:
2267 4758 2355 4814 Sai
2384 4760 2622 4827 ejusdem
2654 4761 2881 4816 nominis
2909 4764 3222 4818 conantibus
3250 4767 3567 4835 succedere,
3599 4769 3678 4824 in-

2093 4850 2225 4904 cola:
2265 4850 2608 4904 hostilitatcm
2639 4866 2736 4921 pro
2767 4852 3128 4921 hospitalitate
3156 4858 3468 4923 restituere;
3514 4868 3570 4915 et
3594 4870 3673 4917 tot

2095 4939 2339 4994 homines
2384 4940 2693 5011 peregrinos
2715 4981 2730 5006 ,
2770 4941 3001 5008 pedestri
3032 4943 3236 4999 incessu
3266 4955 3322 4999 et
3358 4947 3541 5003 habitu
3572 4950 3671 5006 huc

2090 5030 2261 5094 miles,
2286 5028 2435 5098 quasi
2484 5036 2562 5082 tot
2610 5030 2761 5098 lupos
2810 5037 2865 5083 et
2912 5032 3085 5099 ignnfu
3128 5045 3362 5091 tuoustra
3403 5041 3669 5108 repulere.

2089 5118 2159 5173 At
2206 5134 2333 5174 vero
2386 5119 2710 5173 muliercula:
2765 5121 2920 5176 simul
2972 5124 3309 5193 gltthrttttn,
3365 5136 3513 5185 tanta
3562 5149 3668 5190 non

2087 5209 2246 5265 modo
2291 5209 2672 5275 irreverentia,
2701 5214 2793 5266 sed
2840 5213 3077 5279 insania,
3112 5218 3350 5285 ululatu,
3388 5218 3664 5292 despectu,

2082 5298 2529 5357 subsannatione.
2566 5299 2833 5377 derisione
2877 5302 2929 5357 in
2971 5312 3185 5359 sanctos
3229 5306 3355 5375 Dei,
3400 5320 3528 5367 sunt
3566 5312 3664 5371 de-

2081 5438 2227 5488 ctum
2283 5430 2606 5488 Desiderium
2655 5433 3383 5513 Viennensetn,_1Et_beriutn
3444 5442 3661 5513 Lugrlu.

2081 5515 2322 5597 ιιειιιοιὲ3
2351 5518 2620 5597 perpercit:
2658 5503 2753 5597 hic.
2778 5504 3066 5597 ρειπωιιεί
3092 5509 3202 5597 ιιι(ίί
3230 5512 3471 5597 tributum
3494 5503 3662 5597 .43.»:

2079 5577 2226 5626 ctusu
2264 5569 2525 5654 simiam
2554 5573 3124 5654 Augustoduuensem;
3154 5578 3218 5633 de
3253 5581 3433 5652 quibus
3460 5569 3657 5639 consuli

2154 5650 2290 5696 nunt
2314 5640 2502 5697 ibidem
2528 5653 2799 5699 uncta“.
3110 5640 3120 5643 ’
3265 5640 3277 5652 ’

2154 5717 2185 5787 ’ἶ
2220 5709 2360 5787 νυνι
2383 5709 2682 5787 meum
2711 5714 2760 5771 le
2788 5711 2926 5770 Pent
2954 5715 3019 5771 de
3046 5716 3151 5787 es,
3195 5718 3339 5777 Alias
3366 5717 3509 5778 Pous
3534 5718 3651 5780 ca:-

2081 5780 2215 5837 saris
2235 5796 2250 5846 ;
2283 5780 2354 5835 ita
2386 5778 2620 5838 unum.
