3874 6224
350 399 417 452 59
1155 392 1465 450 SANCTUS
1502 390 1932 448 AUGUSTINUS
1971 393 2338 452 ANCLORUM
2379 397 2795 457 APOSTOLUS.
3531 412 3603 462 fit!

344 523 552 571 sentem
576 530 592 580 ;
620 510 712 566 sed
737 505 977 578 supernis
1001 507 1167 577 signis
1188 509 1378 573 territi,
1409 504 1767 562 satisfactione
1795 521 1918 575 pcr-
1949 509 1995 568 Α
2021 509 2236 563 marinis
2265 508 2601 577 frcqucntiis,
2635 514 2792 570 tellus
2822 515 3082 570 uberrima
3115 525 3169 570 ct
3195 520 3446 588 opulenta
3464 563 3479 588 ,
3511 535 3596 578 δι’

345 604 516 662 secuti
544 613 722 657 sumus
748 597 1032 651 abeuntem
1060 614 1073 649 :
1105 611 1262 664 quem
1285 611 1403 650 cum
1424 593 1532 661 jam
1562 609 1667 648 non
1696 595 1920 649 meruis-
2018 612 2121 667 que.
2134 613 2343 652 camera
2359 598 2560 654 Cantia:
2582 605 2924 661 accommoda
2953 624 2965 660 :
2997 605 3183 663 ﬂuvius
3203 618 3227 645 ι
3258 608 3601 680 Wantsumc,

346 710 523 750 scmus
549 705 646 746 nec
683 703 842 743 manu
865 703 964 742 nec
987 688 1103 740 visu
1131 687 1455 754 contingere,
1485 684 1745 753 cmpimus
1771 700 1915 741 eum.
2017 687 2183 741 tribus
2207 688 2390 743 stadiis
2420 690 2585 757 latus,
2619 692 2764 748 hanc
2788 709 2821 749 a
2849 697 3144 752 continenti
3166 706 3306 753 terra
3333 699 3600 757 discrimi.

344 782 554 839 condita
581 780 633 834 in
659 778 822 849 ipsius
841 777 1046 831 honore
1084 774 1333 837 Ecclesia,
1372 776 1625 831 retinere.
1667 775 1801 841 Quid
1830 790 1924 828 au-
2020 791 2154 831 nans
2181 777 2306 832 fecit
2333 778 2558 834 insulam
2587 797 2600 833 :
2633 780 2677 836 is
2713 791 2996 854 utrumque
3023 796 3180 860 caput
3207 788 3261 843 in
3291 803 3438 845 mare
3465 806 3600 860 prn-

345 872 599 929 dientiam
625 880 860 925 vestram
891 883 920 922 a
948 866 1202 922 miraculo
1233 865 1304 919 ibi
1335 865 1608 920 declarato
1635 868 1914 920 verborum
2015 867 2264 932 tendens,
2314 868 2523 924 duobus
2568 877 2776 926 tantum
2820 874 2970 928 ostiis
3019 859 3410 932 transvadatur.
3466 859 3599 936 llzec

343 960 565 1029 ambage
592 959 804 1014 morer?
831 956 1116 1009 Crescente
1148 953 1318 1022 plebis
1343 955 1625 1010 devotione
1647 968 1769 1020 erga
1799 963 1914 1006 tan-
2013 970 2140 1026 ergo
2163 957 2330 1012 insula
2351 957 2615 1014 Chris'um
2647 961 2698 1015 in
2719 962 2916 1017 sanctis
2940 962 3053 1018 suis
3080 964 3250 1033 prima
3278 965 3304 1004 ι’
3335 970 3596 1037 suscepit,

341 1058 454 1104 tum
479 1055 773 1120 parentem,
802 1044 910 1098 suis
934 1041 1260 1111 supplicibus
1288 1059 1500 1111 semper
1527 1042 1875 1098 exaudibilcm
1893 1083 1908 1108 ,
2015 1043 2139 1100 felix
2171 1046 2328 1101 tellus
2350 1062 2444 1101 sua
2477 1048 2830 1117 fecunditate,
2859 1052 2952 1106 sed
2982 1051 3284 1108 felicissima
3314 1063 3391 1109 tot
3419 1055 3594 1111 Deife-

339 1154 552 1210 seraper
576 1134 964 1208 praestabilem;
996 1149 1211 1203 erepere
1237 1135 1379 1190 illam
1410 1135 1572 1204 ipsius
1601 1132 1914 1187 reconcilia-

341 1232 524 1285 triccm
545 1226 820 1293 ecclesiam
844 1224 1146 1295 prmcelsius
1166 1232 1479 1289 restaurare,
1501 1222 1721 1292 ejusque
1741 1231 1914 1292 patro-

337 1322 482 1376 cinia
519 1319 616 1376 sibi
641 1318 840 1373 aretius
877 1317 1125 1371 amicare.
1174 1315 1324 1370 llanc
1354 1315 1530 1383 itaque
1555 1328 1688 1380 ego,
1727 1328 1912 1368 mense

343 1411 512 1474 maio,
557 1410 642 1465 die
677 1408 877 1464 scilicet
910 1406 1258 1476 depositionis
1302 1405 1432 1457 tanti
1471 1403 1656 1471 pattis,
1708 1403 1911 1468 magnis

343 1503 615 1568 utriusque
643 1513 801 1554 sexus
828 1497 986 1561 votis,
1010 1496 1060 1548 in
1090 1495 1276 1563 ipsius,
1299 1493 1450 1562 cujus
1480 1493 1622 1562 prius
1650 1500 1796 1557 erat,
1816 1492 1910 1548 de-

339 1591 508 1646 dicavi
533 1587 802 1649 memoria,
825 1582 1126 1640 conﬂuente
1146 1582 1480 1637 multitudine
1506 1583 1735 1651 plebium
1763 1583 1910 1635 innu-

2014 1151 2194 1191 rorum
2241 1138 2596 1202 advenarum,
2645 1139 2754 1194 imo
2824 1148 2902 1195 tut
2964 1140 3159 1197 civium
3229 1159 3596 1215 supernorum

2012 1227 2271 1295 hospitio!
2297 1229 2419 1283 hinc
2440 1228 2648 1283 interim
2671 1245 2842 1287 novus
2869 1242 3020 1302 pater
3040 1235 3241 1302 Anglia:
3261 1250 3380 1291 cum
3399 1247 3592 1294 sancto

2013 1318 2239 1385 collegio
2262 1333 2290 1371 a
2325 1319 2526 1372 marina
2554 1320 2822 1388 salsugine
2852 1322 3146 1382 refovetur.

2081 1405 2166 1460 16.
2197 1406 2471 1474 Regnabat
2499 1416 2626 1462 tunc
2653 1409 2834 1476 Anglis
2850 1425 2944 1464 rex
2975 1422 2997 1450 ε
3032 1411 3427 1478 ΑΞιῙιεΙῢεηυε,
3475 1415 3588 1468 Au-

2009 1496 2214 1564 glorum
2262 1511 2445 1565 regum
2493 1497 2709 1565 tertius,
2755 1499 2848 1553 sed
2878 1500 3085 1555 futurus
3123 1502 3234 1570 jam
3278 1504 3586 1558 christicola

2009 1586 2228 1656 primus.
2268 1582 2366 1641 Hic
2390 1601 2634 1656 supernae
2659 1586 2936 1642 CleCliOHis
2963 1589 3315 1658 providentia,
3345 1606 3454 1660 pra:
3480 1607 3587 1647 (:1:-

343 1694 504 1734 unra.
554 1676 867 1732 Eminebant
895 1675 944 1729 in
975 1674 1199 1728 circuitu
1237 1673 1519 1729 condensa:
1545 1688 1791 1743 agrorum
1820 1689 1904 1729 se-
2013 1677 2138 1731 teris
2180 1677 2626 1742 antecessoribus,
2684 1677 2801 1731 aliis
2839 1677 2999 1733 etiam
3036 1679 3246 1746 regibus
3274 1679 3585 1749 prmsidens,

339 1782 504 1841 getes,
528 1773 635 1842 jam
659 1770 816 1826 messi
843 1768 1218 1840 proximantes,
1237 1769 1346 1838 jam
1370 1769 1420 1822 in
1443 1770 1617 1839 spicas
1644 1777 1698 1823 et
1719 1769 1908 1826 aristas
2011 1765 2287 1834 imperium
2333 1781 2499 1834 usque
2528 1767 2592 1821 ad
2638 1765 2928 1822 "umbram
2971 1767 3326 1823 vastissimum
3365 1768 3586 1824 ﬂuvium

338 1862 724 1916 adolescentes.
756 1857 986 1928 Populus
1009 1867 1066 1911 ut
1092 1856 1282 1911 ﬂuvius
1307 1857 1538 1926 undique
1564 1857 1770 1912 irruens
1796 1873 1902 1911 non
1940 1875 1978 1930 η
2009 1862 2351 1922 porrexerat,
2398 1855 2486 1922 qui
2526 1848 2728 1909 sciﬁcet
2763 1854 3080 1910 Meridianas
3107 1872 3170 1913 ac
3200 1859 3449 1914 Boreaies
3475 1859 3582 1913 An.

340 1952 644 2007 attendebat
669 1963 950 2012 annonam,
973 1963 1095 2014 nec,
1118 1945 1480 2015 cujuscunque
1499 1945 1654 2009 foret,
1681 1946 1904 1999 messio-
2004 1945 2210 2011 glorum
2238 1953 2421 2011 gentes
2449 1945 2734 2000 interluvio
2763 1946 3120 2002 disterm'nat.
3168 1947 3303 2003 lluic
3332 1950 3588 2016 regaliter

2006 2033 2301 2101 praesidenti
2357 2033 2409 2086 in
2451 2034 2733 2103 nntropoli
2775 2033 3076 2091 Cantuariis
3121 2038 3326 2107 legatus
3371 2038 3585 2094 Domini

2003 2121 2350 2187 Auguszinus,
2403 2137 2497 2192 per
2539 2123 2740 2191 legatos
2777 2132 2832 2178 et
2860 2139 2993 2194 quos
3027 2127 3094 2180 ab
3123 2127 3366 2183 afﬁnibus
3404 2136 3584 2184 trans-

2003 2211 2220 2266 marinis
2239 2213 2380 2266 beati
2407 2211 2648 2282 Grego-ii
2677 2215 2889 2270 hortatu
2921 2226 3282 2286 assumpserat
3308 2217 3582 2287 interpre-

2004 2312 2103 2369 tes,
2135 2305 2348 2358 mandat
2374 2319 2454 2369 se,
2479 2306 2559 2360 sui
2584 2320 2798 2375 suaeque
2827 2307 3000 2374 gentis
3025 2321 3208 2362 amere
3235 2315 3289 2363 et
3319 2308 3511 2377 gratia,
3547 2326 3579 2362 a

2002 2391 2170 2445 Rutua
2200 2394 2441 2454 venisse;
2484 2400 2538 2447 et
2561 2395 2803 2447 nuntium
2831 2395 2930 2448 sibi
2956 2395 3216 2464 optimum
3245 2404 3408 2466 atque
3432 2399 3580 2453 onmi

2000 2482 2366 2550 act-eptatione
2392 2482 2756 2550 dignissimum
2784 2470 3007 2550 afferre,
3049 2485 3140 2554 qui
3169 2486 3585 2558 suscipientibus

2000 2573 2321 2640 sempiterna
2352 2571 2546 2640 gaudia
2574 2581 2628 2628 et
2654 2573 2892 2642 inﬁnita,
2940 2591 3062 2630 cum
3099 2578 3428 2646 sempiterno
3465 2579 3583 2636 Deo

2001 2662 2232 2718 ctelet-tis
2259 2664 2405 2730 regni
2436 2664 2622 2719 saecula
2641 2705 2656 2731 ,
2706 2664 2808 2720 fide
2837 2674 3163 2735 protestetur
3199 2669 3579 2725 indubitantis—

2002 2753 2155 2805 sima.
2198 2750 2342 2804 Talia
2379 2767 2469 2804 rex
2507 2752 2715 2820 placido
2744 2753 2922 2809 animo
2952 2755 3278 2826 percipiens,
3322 2759 3580 2828 prmcepit

2000 2856 2094 2896 eos
2129 2842 2182 2894 in
2221 2840 2331 2909 ipsa
2369 2857 2475 2912 qua
2504 2843 2704 2912 recepti
2728 2852 2853 2898 sunt
2881 2844 3051 2900 insula
3079 2848 3343 2914 residere,
3388 2849 3579 2917 eisque

2000 2931 2239 2987 exhiberi
2263 2945 2380 3000 qua:
2407 2931 2524 2986 vita:
2549 2947 2676 2987 usus
2699 2933 3022 3001 postularet,
3052 2949 3332 3004 quousque
3365 2949 3577 3007 pertra-

1999 3028 2197 3084 ctaret,
2219 3021 2486 3088 quomodo
2515 3021 2662 3090 ipsos
2684 3021 2993 3091 disponeret
3017 3040 3031 3077 :
3055 3025 3168 3093 jam
3204 3027 3344 3081 enim
3374 3026 3578 3096 ubique

1999 3122 2286 3165 coruscans
2321 3108 2680 3163 christianitas
2709 3109 2784 3163 illi
2813 3110 3147 3175 innotuerat,
3190 3114 3418 3168 maxime
3441 3114 3574 3183 quia

1997 3197 2143 3265 regia
2172 3195 2367 3264 coniux
2393 3196 2466 3250 illi
2493 3205 2609 3251 erat
2635 3210 2702 3250 ex
2731 3195 2948 3252 Francis
2976 3198 3215 3268 regibus,
3246 3201 3577 3257 christiattis~

1997 3288 2149 3352 sima,
2175 3287 2200 3325 ἀ
2228 3287 2383 3343 Berta
2413 3286 2737 3360 nuncupata,
2775 3305 2934 3360 quam
2963 3305 3031 3346 eo
3053 3303 3385 3348 sacramento
3413 3310 3442 3349 a
3473 3311 3573 3364 pa-

1996 3376 2232 3431 rentibus
2255 3376 2577 3441 obtinuerat,
2607 3385 2868 3446 quatenus
2891 3380 3232 3435 Christianam
3256 3383 3570 3452 religionem

1995 3479 2207 3535 semper
2235 3466 2600 3520 intemeratam
2627 3466 2728 3521 sibi
2753 3481 2874 3522 cum
2903 3470 3016 3524 suis
3037 3472 3325 3525 comitibus
3353 3487 3574 3528 servate

333 3565 503 3636 patria
534 3573 687 3632 teste,
717 3562 997 3634 propalans
1019 3562 1270 3630 gratilicis
1298 3563 1660 3629 auditoribus,
1682 3563 1892 3630 dignam
1995 3557 2346 3627 permitteret.
2385 3554 2760 3612 Sanctissimus
2787 3560 2927 3613 enim
2968 3562 3156 3629 praesul
3187 3559 3445 3617 Lctardus
3472 3563 3574 3617 da-

337 3652 706 3708 certitudiuem
737 3652 895 3708 dabat
920 3651 1192 3716 omnibus,
1224 3665 1378 3719 quam
1407 3660 1590 3706 sancte
1629 3652 1892 3707 credenda
1998 3656 2082 3702 lus
2107 3655 2192 3701 est
2218 3661 2396 3702 comes
2423 3653 2479 3702 et
2504 3655 2685 3703 custos
2711 3649 2907 3718 reginae
2937 3650 3299 3717 ﬁdelissimus,
3330 3651 3419 3720 qui
3449 3667 3572 3706 eam

331 3747 452 3796 sunt
489 3739 702 3811 antiqua
737 3739 915 3808 signa,
941 3739 991 3792 in
1031 3749 1139 3792 tam
1178 3735 1401 3792 novellis
1428 3727 1909 3831 dcclaratiombus.‘
1996 3735 2099 3806 piis
2125 3736 2341 3791 monitis
2368 3744 2422 3791 et
2451 3737 2739 3807 exemplis,
2777 3738 2917 3794 inter
2943 3739 3228 3796 damnosos
3257 3742 3573 3810 paganitatis

400 3828 484 3883 14.
533 3827 648 3885 Jam
682 3835 800 3897 post
830 3826 1060 3891 Latium,
1107 3837 1228 3897 post
1255 3826 1481 3893 Italiam,
1521 3837 1642 3895 post
1671 3824 1906 3894 Gallias,
1996 3840 2144 3892 usus,
2170 3824 2371 3895 jugiter
2398 3825 2450 3880 in
2477 3824 2673 3881 Christi
2701 3827 2846 3882 cultu
2873 3829 3265 3885 corroboraret.
3292 3828 3415 3885 Hace
3441 3844 3574 3898 ergo

331 3924 449 3986 post
475 3921 556 3969 tot
577 3920 827 3969 montana
843 3953 859 3980 ,
889 3912 1234 3981 campestria,
1267 3925 1545 3966 nemorosa
1571 3909 1897 3980 ﬂuviosaque
1994 3928 2196 3984 regem,
2220 3913 2458 3982 quamvis
2473 3914 2625 3972 avitis
2640 3914 2816 3972 adhuc
2837 3917 3567 3987 tenebrisobtemperantem,

332 4013 586 4058 terrarum
613 4013 668 4058 et
694 4003 927 4072 gentium
955 4001 1285 4066 discrimina,
1327 4002 1539 4056 tandem
1583 4001 1772 4068 Deifer,
1802 4016 1897 4072 pa-
1995 4001 2170 4059 facere
2199 4001 2380 4076 [Forte
2423 4001 2621 4074 fecere]
2676 4004 2993 4060 Christicolis
3036 4005 3463 4071 clementiorem;
3511 4014 3571 4064 et

333 4094 483 4157 τετε-τ,
515 4094 748 4149 salutifer
777 4095 1122 4164 Augustinus,
1168 4108 1289 4149 cum
1319 4093 1477 4150 beato
1517 4095 1891 4161 contubernio,
1996 4091 2143 4161 quasi
2161 4091 2270 4160 jam
2297 4093 2409 4161 ipse
2430 4091 2599 4146 media
2614 4092 2696 4149 sui
2712 4094 2951 4162 corporis
2969 4104 3122 4163 parte
3139 4092 3410 4149 Christum
3424 4093 3570 4150 cole-

331 4183 468 4240 fclici
499 4199 653 4238 cursu
680 4183 931 4252 applicuit
946 4182 1286 4247 Britanniam,
1315 4182 1380 4236 ad
1407 4184 1736 4239 mansionem
1764 4184 1899 4239 scilio
1997 4187 2098 4245 ret,
2113 4180 2249 4234 viam
2264 4179 2457 4234 Christi
2469 4179 2657 4248 baiulis
2675 4180 2953 4251 patefecit,
2981 4182 3153 4237 donec
3177 4190 3231 4237 et
3258 4182 3371 4253 ipse
3393 4182 3567 4236 intra-

331 4282 416 4328 cct
443 4280 498 4327 et
521 4272 749 4342 quietem
781 4280 1088 4342 perpetuam
1112 4313 1127 4338 ,
1156 4271 1405 4326 divinitus
1441 4272 1539 4327 sibi
1570 4274 1896 4344 przeordinas
1996 4275 2098 4325 ret.
2125 4268 2352 4324 Veniens
2379 4270 2558 4337 itaque
2582 4283 2673 4324 rex
2707 4268 2774 4324 ad
2803 4270 3034 4326 insulam
3059 4272 3147 4327 die
3176 4281 3495 4341 opportuno.
3513 4282 3570 4328 et

331 4371 458 4426 tam.
497 4361 593 4417 Via
619 4361 878 4431 justorum
905 4370 1046 4416 recta
1076 4359 1215 4415 facta
1243 4368 1353 4425 est,
1385 4368 1439 4414 et
1467 4360 1567 4415 iter
1592 4371 1898 4418 sanctorum
1996 4356 2232 4414 residens
2258 4373 2378 4413 cum
2401 4358 2715 4428 optimatum
2745 4368 2885 4415 coetu
2911 4360 3010 4416 sub
3033 4359 3155 4428 dio,
3198 4361 3264 4416 ad
3291 4376 3439 4432 suam
3468 4378 3570 4417 au-

331 4459 713 4524 ptmparatum,
733 4460 786 4505 et
810 4451 1026 4506 deduxit
1053 4466 1146 4506 eos
1171 4450 1424 4506 Dominus
1448 4449 1584 4507 Deus
1611 4460 1790 4509 noster
1812 4455 1897 4510 via
1996 4448 2250 4504 dientiam
2273 4449 2499 4504 accersit
2523 4448 2870 4518 Augustinum
2891 4465 3011 4505 cum
3036 4465 3135 4506 suo
3154 4452 3526 4509 conventiculo
3551 4471 3566 4507 :

332 4541 555 4604 mirabili
577 4540 641 4595 ad
663 4549 864 4595 certum
895 4541 1088 4597 locum.
1928 4590 1976 4609 ἢ
2001 4542 2218 4596 fallebat
2242 4541 2382 4596 enim
2412 4541 2584 4596 adhuc
2611 4555 2788 4609 regem
2820 4541 3183 4609 augurationis
3210 4557 3382 4608 error,
3414 4544 3563 4600 velut

941 4629 1161 4685 CAPUT
1202 4630 1268 4686 ll.
1931 4629 1977 4649 ¹¹
2001 4641 2317 4688 nocturnum
2353 4631 2728 4695 Nicodemum,
2776 4640 3074 4697 verentem,
3108 4647 3172 4687 ne
3199 4631 3241 4686 si
3273 4634 3325 4686 in
3354 4634 3567 4704 aliquod

336 4723 606 4792 ingressus
652 4725 705 4776 in
754 4721 1016 4791 Angliam.
1075 4719 1347 4777 Conversio
1396 4723 1564 4778 sancti
1618 4723 1899 4779 Ethelredi
1999 4733 2198 4779 trctnm
2243 4721 2341 4778 sibi
2370 4721 2799 4792 supervenirent,
2847 4721 3042 4789 siquid
3073 4721 3447 4778 incantationis
3474 4733 3570 4778 aut

547 4812 698 4882 regis.
745 4809 948 4864 Laetitia
990 4811 1155 4864 sancti
1195 4808 1427 4881 Gregorii
1475 4812 1679 4884 Magni.
1999 4812 2246 4870 maleﬁcii
2284 4813 2510 4879 scirent,
2555 4813 2858 4868 convictum
2903 4827 3025 4866 eum
3067 4811 3410 4867 seducerent.
3462 4812 3569 4868 Sed

405 4901 490 4959 l5.
529 4901 699 4956 Habet
747 4900 910 4968 Regia
959 4900 1144 4955 Cantia
1187 4901 1408 4957 insulam
1457 4904 1817 4973 praegrandem
1848 4913 1902 4960 et
2000 4914 2254 4974 quantum
2283 4903 2374 4958 lux
2400 4916 2431 4956 a
2459 4901 2712 4966 tenebris,
2743 4899 2973 4954 distabat
3003 4899 3121 4953 talis
3150 4914 3300 4954 mens
3326 4901 3394 4954 ab
3414 4900 3571 4955 inno~

335 4993 726 5048 celeberrimam
771 4989 1062 5055 'l‘anetum,
1101 5006 1349 5060 capacem
1390 4992 1735 5063 amplitudine
1779 5008 1903 5048 sex-
2001 4994 2240 5049 ccutibus
2277 5007 2341 5047 ac
2369 4990 2568 5045 rectis:
2600 4988 2916 5042 attollebant
2953 4989 3127 5056 potius
3163 4987 3356 5043 vexilla
3387 4989 3568 5044 domi-

333 5093 604 5139 ccntarum
628 5082 944 5138 familiarum
973 5100 985 5134 :
1013 5083 1226 5153 januam
1255 5094 1310 5137 et
1328 5100 1498 5139 smum
1524 5075 1706 5155 pandit
1725 5094 1897 5141 trans-
2002 5085 2140 5148 nica,
2175 5083 2368 5152 quibus
2391 5079 2763 5135 examinarent
2786 5077 3052 5147 praestigia
3076 5077 3418 5132 dacmoniaca.
3458 5077 3569 5133 Ve-

339 2058 458 2096 nem
481 2081 497 2105 ,
546 2041 958 2096 conculcabatur
994 2046 1048 2092 et
1074 2037 1478 2102 conterebatnr,
1517 2037 1662 2090 velut
1697 2037 1747 2090 in
1779 2051 1901 2090 area

338 2130 489 2184 labor
516 2129 786 2183 hominum
818 2137 871 2183 et
900 2129 1077 2190 boum,
1102 2125 1529 2181 confundebatur
1557 2133 1679 2195 sp‘cs
1714 2126 1902 2180 statio-

337 2233 463 2272 num
489 2228 542 2272 et
566 2215 770 2284 frugum
795 2233 808 2268 :
832 2215 942 2285 jam
975 2230 1102 2275 vero
1130 2230 1235 2267 non
1265 2223 1369 2267 tam
1393 2212 1654 2284 ﬂagellata
1685 2223 1738 2268 et
1766 2230 1900 2268 con-

336 2307 460 2362 trita
504 2306 781 2362 videbatur
821 2305 1012 2375 stipula
1053 2304 1335 2372 hugifera,
1385 2319 1544 2373 quam
1585 2312 1804 2373 scopata
1845 2314 1900 2359 ct

334 2395 529 2451 nudata
555 2411 698 2450 area.
720 2394 853 2461 Quid
873 2409 999 2464 ergo
1023 2394 1385 2448 Valedixerunt
1401 2408 1587 2446 omnes
1607 2393 1746 2446 illius
1775 2391 1900 2446 anni

333 2486 554 2554 opibus,
595 2484 960 2552 valedixerunt
987 2490 1041 2536 et
1061 2480 1376 2548 Augustino,
1403 2480 1534 2536 alias
1561 2495 1718 2548 quam
1745 2481 1902 2550 (ami-

332 2581 514 2627 serant
545 2569 898 2639 obventuras)
926 2568 1026 2624 sibi
1069 2576 1345 2638 sperantes
1387 2567 1438 2621 in
1470 2567 1633 2637 ipsius
1662 2568 1900 2636 largitio-

336 2668 524 2721 nibus.
579 2663 685 2719 Sed
715 2662 926 2717 tandem
975 2660 1268 2731 despcratis
1308 2659 1359 2713 in
1399 2660 1560 2714 rebus
1609 2661 1902 2715 mirabilior

340 2758 509 2811 virtus
538 2753 847 2824 (appaiuit)
871 2752 1147 2820 Augustini
1178 2750 1382 2806 meritis
1412 2765 1517 2804 non
1553 2749 1858 2807 fallentibus
1883 2769 1895 2805 :

335 2855 480 2902 tanta
503 2847 696 2917 quippe
717 2852 955 2912 segetum
985 2842 1139 2911 copia
1167 2842 1355 2897 eodem
1380 2857 1561 2897 mense
1581 2841 1644 2896 ad
1669 2858 1897 2897 messem

335 2938 551 2994 emicuit
573 2938 624 2992 iu
647 2943 756 2992 tota
783 2935 869 2990 illa
891 2935 1210 3002 vastatione,
1235 2942 1292 2989 ut
1316 2934 1456 2989 nulla
1482 2944 1739 2990 terrarum
1761 2935 1900 2991 illius

335 3027 620 3099 provincia:
633 3026 758 3080 huic
777 3039 834 3078 se
850 3031 1029 3094 posset
1048 3037 1276 3092 sequare,
1295 3023 1378 3078 vel
1401 3024 1642 3079 ubertate
1667 3023 1897 3094 frugum,

333 3117 417 3172 vel
446 3115 737 3171 altitudine.
781 3115 873 3170 llis
901 3113 1231 3169 mirabilibus
1260 3113 1438 3182 populi
1469 3114 1701 3180 attoniti,
1734 3114 1895 3170 tantis

332 3210 540 3264 beatum
560 3207 907 3276 Augustinum
930 3205 1209 3276 prteconiis
1236 3205 1468 3273 gaudent
1487 3203 1697 3271 eﬂ‘erre,
1715 3215 1894 3262 utcre-
1923 3222 1968 3285 ο

331 3299 462 3352 dant
487 3304 540 3350 et
561 3296 868 3367 prtedicent,
896 3310 1016 3350 eum
1042 3293 1296 3364 quidquid
1324 3292 1453 3347 velit
1479 3309 1508 3347 a
1535 3293 1756 3349 Domino
1784 3296 1893 3349 ubi-

332 3386 411 3439 vis
428 3384 656 3452 gentium
675 3398 830 3454 posse
851 3383 1155 3454 impetrare,
1187 3390 1241 3437 et
1269 3382 1518 3451 quidquid
1559 3380 1782 3438 ﬁdeliter
1803 3397 1894 3452 pe-

334 3451 480 3538 titur,
511 3489 665 3544 posse
679 3451 1102 3544 vprmstareiﬂaac
1131 3480 1452 3526 memoratus
1464 3472 1764 3543 episcopus,
1782 3451 1892 3528 tota

2003 5193 2180 5259 ινιτ-ελ,
2211 5190 2313 5243 lilia
2344 5203 2452 5259 non
2479 5185 2769 5259 Cblotbarii
2800 5186 2973 5256 primi,
3005 5196 3064 5239 ut
3100 5185 3324 5259 hiabilio‘
3346 5187 3438 5259 ait_.
3468 5188 3565 5242 scd

2003 5255 2298 5314 Charibcrti
2348 5257 2486 5328 regis
2530 5255 2873 5328 Parisiorum,
2902 5258 2976 5328 uti
3015 5271 3081 5309 ex
3107 5255 3364 5328 Gregorio
3394 5255 3568 5328 Turo-

2007 5330 2155 5383 ncnsi
2199 5337 2254 5382 et
2281 5322 2758 5384 aliis'deduxitnus
2800 5325 2865 5378 ad
2904 5326 3067 5380 vitam
3119 5325 3287 5378 sancti
3333 5322 3568 5387 Letardi,

2007 5413 2162 5464 quam
2208 5397 2448 5450 dedimus
2491 5409 2612 5449 cum
2646 5393 2765 5464 Vita
2799 5393 2936 5464 dicti
2980 5393 3287 5446 {Ethelberti
3331 5397 3462 5464 regis
3501 5397 3570 5448 ad

2003 5462 2134 5520 dictu
2163 5465 2232 5516 ει
2260 5465 2556 5523 Februarii.
2598 5463 2731 5533 quod
2772 5462 2905 5533 diem
2935 5465 3157 5533 natalem
3194 5462 3571 5533 ignoraremus.

2014 5534 2199 5587 Verum
2228 5546 2398 5598 postea
2426 5531 2695 5587 didicimus
2723 5549 2787 5586 ex
2813 5531 2915 5585 Ms.
2950 5532 3179 5586 Romano
3207 5531 3349 5584 ducis
3378 5532 3568 5584 Attem-

2005 5605 2130 5674 psii,
2161 5613 2208 5655 ct
2241 5605 2343 5655 aLo
2370 5602 2589 5674 antiquo
2641 5613 2846 5674 nostra,
2879 5603 3011 5674 diem
3054 5603 3278 5674 natalem
3319 5610 3366 5654 et
3411 5600 3572 5674 cultui

2006 5667 2208 5726 sacrum
2236 5688 2343 5725 esse
2369 5672 2396 5721 Ἰ
2426 5667 2577 5736 Maii,
2606 5673 2679 5724 uti
2716 5675 2783 5724 ad
2810 5672 2942 5723 hunc
2971 5673 3100 5724 diem
3128 5673 3370 5724 diximus.
3409 5667 3569 5736 Ejus-

2005 5743 2119 5795 dem
2149 5741 2663 5810 miraculaquaedam
2694 5739 2938 5792 habentur
2965 5742 3102 5810 infra
3134 5740 3220 5794 lib.
3254 5754 3269 5792 ι
3320 5736 3567 5791 Transiit.

2010 5812 2161 5866 lienis
2193 5811 2353 5864 sancti
2386 5809 2650 5878 Augustini
2683 5825 2723 5861 ς.
2758 5823 2806 5860 v.

407 5204 430 5231 ³
470 5193 619 5262 Beda
642 5190 968 5262 Wautsumu,
995 5209 1131 5247 nunc
1161 5193 1348 5248 Stoure
1373 5197 1576 5250 dicitur.

403 5264 432 5304 δ
473 5261 646 5333 ΑριλᾷΔ
672 5261 989 5333 Willelmum
1031 5263 1243 5317 Thorne
1294 5264 1343 5317 in
1383 5269 1632 5320 chronico
1674 5265 1894 5323 dicitur.

335 5331 563 5388 sanctum
615 5331 949 5400 Augustinum
999 5333 1061 5384 de
1126 5333 1242 5385 nari
1293 5333 1673 5388 descendentem
1722 5336 1900 5401 pedem

338 5413 492 5470 petra:
527 5403 670 5474 quasi
719 5403 825 5474 luto
869 5401 1210 5474 impressisse,
1254 5418 1461 5474 eamque
1504 5404 1557 5457 in
1593 5405 1791 5473 capella
1832 5403 1901 5456 ibi

341 5474 551 5543 fundata
578 5471 860 5543 honorifice
879 5471 1204 5543 collocatam.

412 5555 431 5578 τ
483 5541 662 5594 Sancti
706 5537 1014 5592 zb'tltcll'erti
1065 5542 1198 5602 regis
1247 5547 1362 5592 acta
1415 5541 1790 5595 illustravitnus
1831 5540 1896 5594 ad

339 5609 406 5664 ει
433 5609 699 5665 Ὲειηουειτᾷἱ
729 5629 737 5659 ;
771 5610 960 5676 quibus
1005 5623 1068 5660 ex
1120 5608 1208 5662 lib.
1242 5626 1276 5663 tt
1307 5609 1691 5664 Translationis
1727 5609 1897 5663 sancti

339 5679 612 5746 Augustini
644 5694 692 5731 c.
725 5695 772 5732 tv
800 5677 1040 5731 addenda
1087 5677 1259 5745 aliqua
1304 5690 1458 5733 erunt
1502 5683 1566 5733 ad
1615 5681 1900 5734 confirma-

341 5751 538 5803 ti'mvtn
567 5749 754 5800 cultus.

409 5817 434 5856 ἀ
477 5817 626 5872 [ρεστ-ιιι
674 5824 851 5871 sancit.
901 5815 1156 5886 ὗίρδιιιὶϋ
1206 5814 1292 5872 ltb-
1339 5831 1386 5870 ts
1438 5818 1587 5885 episf.
1645 5815 1708 5866 ξύ)
1758 5818 1896 5870 Aldi-
