1937 3112
151 195 181 223 6|

149 260 214 281 nere
223 259 296 288 ergo,
308 260 367 282 non
378 254 585 288 erubescentes,
595 254 641 282 sed
651 254 802 285 cmiuenter
810 251 955 281 aﬂcrentes

151 298 353 334 triumphatoris
365 298 462 326 mundi
476 306 585 327 crucem
595 302 761 334 argenteam,
773 302 801 325 et
813 297 955 332 imaginem

152 343 257 372 Domini
274 343 443 376 Salvatoris,
465 344 585 372 formose
604 349 686 379 atque
704 350 803 371 aurose
816 343 842 369 in
864 341 955 369 tabula

151 387 295 423 depictam.
315 387 462 416 Canebant
475 388 555 416 simul
569 388 692 420 litanias,
716 387 815 422 quibus
827 386 955 413 cadrrcnt

153 434 307 463 adversaria
318 434 365 462 Dei
377 434 480 463 minoia
488 433 597 463 Jericho
609 442 617 467 ;
631 437 740 461 orantes
748 432 849 460 centrit
860 442 864 455 ι
874 431 956 460 corde

153 487 206 515 pro
221 487 270 507 sua
284 479 477 515 ipsortunque,
499 487 568 514 quos
583 478 637 506 Deo
651 477 793 512 acquirere
814 481 954 509 venerant,

154 531 287 561 perpetua
300 526 399 554 salute.

190 570 235 598 17.
256 570 447 599 Besidentibus
458 570 500 598 eis
512 569 589 605 jussu
602 569 692 603 regio,
717 567 884 603 Augustinus
900 567 955 599 pri-

154 624 229 645 mum
240 626 289 646 ore
300 618 405 647 intonat
417 617 589 652 evangelico:
606 616 645 644 Ad
660 620 769 649 tuam,o
783 623 841 648 rex,
858 615 955 643 totius-

153 669 209 696 que
230 663 312 698 hujus
334 663 409 697 regni
437 666 595 697 perpetuam
626 668 719 697 pacem
745 660 799 688 huc
824 659 952 694 ingressi,

154 708 287 743 optimm
311 708 432 735 nuntium
455 707 626 743 sempiternae
650 707 765 739 lzntitite,
795 711 824 734 ut
851 706 953 741 piidcm

153 753 354 785 mdavimus.
370 753 507 781 alit-rimus
529 754 576 782 tibi
589 762 596 781 :
612 753 635 782 si
649 753 812 788 auset-petis,
828 752 871 780 hic
884 756 912 780 et
926 752 952 779 in

153 803 261 827 sterno
284 806 367 834 regno
389 799 554 827 :eternaliter
578 798 785 826 beatiticaberis.
807 797 866 824 .laut
880 797 952 824 enim

153 844 249 872 mundi
267 844 392 872 conditor
405 849 434 872 et
447 844 519 872 idem
541 843 705 878 Redemptor
719 843 837 869 humano
859 841 951 876 generi

153 896 269 925 meum
291 890 422 918 cartorum
447 890 569 925 aperuit,
589 893 618 917 et
637 889 671 917 de
694 888 808 916 terrenis
827 888 952 917 caelestes

153 934 296 969 indigenas
319 934 392 962 fecit.
407 934 455 963 Sic
476 935 547 962 enim
572 934 643 962 Deus
655 933 750 961 dilexit
767 933 908 967 mundum,
923 937 952 961 ut

153 977 251 1006 Filium
266 986 344 1006 suum
359 979 535 1014 unig-‘nilum.
548 979 618 1006 sicut
633 978 690 1014 ipse
703 978 855 1014 unigenitus
871 982 953 1006 tosta-

155 1028 215 1057 tur,
226 1031 276 1059 pro
291 1024 392 1053 mundo
413 1025 489 1053 daret
506 1024 601 1061 (Joan.
615 1032 653 1057 in,
669 1023 733 1058 {6);
754 1027 782 1051 ut
804 1023 892 1052 omnis
905 1024 952 1058 qui

152 1061 238 1096 credit
254 1069 280 1096 in
303 1069 391 1105 ipsum
405 1077 458 1097 non
474 1074 576 1104 pereat,
592 1070 639 1097 sed
654 1069 753 1097 habent
767 1069 849 1096 vitam
870 1073 951 1097 :etcr-

154 1122 227 1142 naut.
240 1114 307 1142 Tam
322 1115 393 1142 enim
405 1114 508 1142 inﬁnita
523 1115 654 1142 charitate
668 1114 740 1142 idem
748 1114 794 1142 Dei
804 1114 886 1142 Filius
901 1115 952 1141 ho-

154 1158 241 1186 mines
255 1158 351 1186 dilcx‘t
375 1166 443 1194 quos
465 1159 537 1190 fecit,
554 1163 583 1186 ut
603 1167 656 1186 non
680 1159 767 1187 solum
789 1159 870 1186 homo
883 1159 954 1186 inter

153 1203 277 1231 homine;
293 1202 363 1236 ﬁeri,
380 1212 472 1231 verum
488 1205 569 1231 etiam
589 1208 715 1237 mortem,
730 1208 846 1232 mortem
861 1208 952 1232 autent

153 1249 251 1281 crucis,
267 1256 318 1284 pro
331 1248 486 1277 horiiiuih-ts
500 1249 657 1283 dignaretur
678 1250 744 1284 pati.
770 1248 816 1277 Sic
836 1256 953 1283 namque

152 1292 254 1329 placuit
267 1294 327 1327 ejus
349 1292 478 1321 iuetlabili
492 1294 652 1326 clentcntizn,
668 1298 697 1321 tt
715 1293 851 1321 diabolum
865 1293 952 1328 capti-

152 1343 273 1366 vatorem
296 1343 430 1370 nostrum,
447 1346 500 1365 non
517 1338 541 1365 in
565 1346 620 1366 sua:
636 1338 783 1366 divinitatis
801 1337 952 1373 majestate,

152 1383 198 1411 sed
209 1383 236 1411 in
249 1388 352 1412 nostra
365 1384 455 1412 carnis
465 1383 621 1412 inﬁrmitate
635 1384 763 1417 elideret;
784 1389 811 1412 et
825 1392 884 1418 nos,
901 1384 950 1413 de-

152 1427 235 1454 bitam
250 1428 380 1462 praedam,
397 1435 445 1462 per
467 1427 612 1455 intlcbitam
623 1428 712 1456 crucis
727 1436 844 1464 pmnam,
860 1436 876 1456 a
895 1428 952 1456 fau-

152 1472 226 1499 cibus
249 1472 402 1507 impiissimi
429 1473 535 1508 tyranni
561 1476 680 1501 erueret.
705 1472 789 1507 Cu,us
814 1473 953 1501 incarnata

152 1516 277 1545 divinitas
299 1518 449 1546 innumeris
462 1518 591 1545 virtutum
616 1517 711 1545 claruit
734 1517 865 1551 ostentis,
881 1518 953 1546 omni

152 1563 291 1591 debilitate
314 1567 421 1594 curata,
437 1563 512 1591 omni
526 1563 624 1591 virtute
646 1568 769 1598 patrata:
785 1563 869 1594 caelo.
883 1563 954 1591 side-

153 1610 177 1637 ri
195 1617 236 1641 us.
252 1614 335 1642 terra,
352 1609 438 1642 mari,
455 1608 561 1637 inferno
582 1617 615 1637 so
626 1609 746 1636 omnium
762 1609 846 1637 Deum
861 1613 889 1637 et
903 1609 952 1637 do-

153 1655 252 1681 minum
276 1654 414 1687 ostendit;
440 1657 536 1682 ventos
556 1659 584 1681 et
597 1661 672 1681 mare
694 1654 808 1689 imperio
828 1654 951 1686 sedavit,

153 1699 248 1727 ﬂuctus
258 1700 343 1727 maris
351 1699 428 1734 quasi
439 1700 553 1727 solidum
565 1707 689 1734 campum
698 1699 829 1727 calcavit:
843 1700 951 1727 tandem

152 1745 218 1771 muri
234 1749 263 1771 ut
278 1744 363 1772 homo
379 1751 427 1779 pro
441 1744 595 1772 hominibus
616 1745 758 1779 dignatus,
783 1745 810 1772 in
835 1745 922 1773 triduo
936 1753 951 1773 a

154 1793 239 1817 morte
253 1788 326 1816 sicut
340 1788 411 1817 Deus
426 1789 557 1823 surrexit,
567 1793 596 1816 et
606 1788 703 1820 solem,
714 1789 758 1823 qui
773 1789 799 1816 in
812 1789 850 1816 sui
862 1789 952 1817 condi-

154 1835 218 1862 tor'a
235 1842 306 1862 nece
326 1834 519 1862 obtenebratus
538 1839 596 1866 est,
616 1842 666 1862 suo
687 1834 831 1869 splendore
853 1835 952 1863 clarius

155 1878 308 1908 illustravit.
332 1878 471 1911 Surrexit,
495 1879 618 1915 inquam,
634 1883 664 1907 ut
683 1887 733 1907 nos
757 1885 950 1908 resuscnaret:

154 1925 274 1953 ascendit
288 1924 324 1952 ad
344 1925 443 1956 eteius,
460 1929 489 1952 ut
511 1925 574 1952 illuc
591 1932 643 1953 nos
662 1924 861 1961 triumphantes
889 1933 952 1961 age-

155 1973 203 1997 ret.
220 1969 287 1998 Inde
299 1969 384 2004 judex
402 1970 521 1998 omnium
541 1970 701 1998 seculorum
715 1970 818 2004 veniet,
843 1975 873 1998 ut
891 1978 952 1999 ert.~

154 2013 247 2042 dentes
266 2015 294 2041 in
317 2021 401 2048 regno
415 2022 475 2046 suo,
497 2013 631 2042 damnatis
651 2014 807 2048 incredulis,
821 2019 951 2050 perpetuo

154 2059 277 2087 collocrt.
303 2059 342 2086 Ne
365 2067 445 2094 ergo,
461 2067 478 2087 o
493 2060 738 2095 prtecellentissime
752 2065 889 2095 regnator,
903 2068 951 2089 su-

155 2104 324 2138 perstitiosos
335 2111 384 2132 nos
401 2103 515 2138 judices,
533 2104 605 2139 quod
620 2112 635 2132 a
652 2104 737 2132 Roma
757 2105 783 2132 in
799 2109 861 2133 tuos
883 2105 950 2134 lines

156 2156 205 2178 tu:
220 2155 383 2186 tuorumque
397 2148 593 2185 salutis'gratia
617 2152 797 2179 laboravimus
812 2153 949 2185 devenire,

155 2195 291 2229 ctignotis
301 2196 424 2229 gentibus
438 2196 515 2230 quasi
530 2196 633 2230 ingrata
649 2196 778 2223 benelicia
792 2198 949 2231 subrogare.

156 2239 277 2271 Noveris,
301 2240 428 2274 piissime.
454 2247 556 2274 magum
570 2240 699 2268 claritatis
725 2242 885 2269 necessitate
905 2251 950 2269 ur-

155 2288 234 2318 gente
259 2283 286 2311 id
310 2292 360 2311 nos
380 2285 535 2313 intendisse.
558 2286 746 2314 Desideramus
769 2287 853 2319 enim,
871 2296 951 2322 super

156 2337 262 2357 omnem
276 2330 367 2357 tnundi
383 2331 529 2365 appetitum
545 2336 572 2358 et
586 2332 710 2365 gloriam,
725 2341 804 2366 quant
823 2334 951 2367 plurimos

156 2375 181 2403 in
196 2382 280 2410 regno
300 2375 347 2403 Dei
363 2378 447 2404 nostri
462 2378 587 2405 concivcs
602 2378 716 2411 habere;
742 2383 768 2405 et
784 2380 827 2413 qui
847 2380 871 2406 iu
888 2388 951 2406 san-

156 2426 258 2448 ctorum
283 2423 439 2455 aznge'orum
460 2423 624 2451 consortium
651 2425 735 2458 potsit
759 2425 901 2460 ριηοῆςριηρ,
918 2435 951 2453 ne

155 2469 283 2496 pereant.
307 2465 373 2493 totis
394 2461 502 2493 'uisibus
527 2473 661 2495 certamus
684 2470 848 2502 [πόςρίρνι-υ.
880 2471 952 2498 Itane

155 2510 253 2546 quippe
271 2511 486 2538 benevolentiam
505 2512 602 2540 Chtisll
630 2514 710 2540 nostri
738 2515 897 2549 brniguitzis,
920 2517 952 2543 de

156 2553 334 2583 itmtimabili
360 2556 502 2584 du'cediue
529 2557 644 2592 Spiritus
671 2560 730 2591 sui,
747 2561 871 2587 omnibus
898 2569 952 2588 sum

157 2600 275 2628 veritatis
296 2602 464 2635 praeconibus
484 2602 582 2637 ubique
598 2604 702 2636 infudit,
722 2609 750 2631 ut
773 2607 888 2639 propriis
905 2615 951 2633 LC-

156 2646 327 2674 ccssihtiltus
344 2647 502 2682 postpositis
522 2648 547 2674 in
571 2649 688 2675 omnium
704 2651 821 2682 gentium
837 2651 950 2677 salutem

157 2691 332 2719 exanlescaut
347 2713 354 2724 ,
378 2697 407 2719 ct
427 2693 559 2726 quaslibet
583 2694 720 2725 nationes,
743 2700 770 2720 ιιι
786 2702 909 2728 paronte~
925 2702 952 2723 ct

158 2736 234 2767 li'ins,
251 2741 278 2763 nt
295 2737 394 2765 fratres
409 2742 435 2765 et
450 2742 577 2772 Cognatos
593 2739 709 2765 habeant.
723 2748 729 2769 ;
751 2745 777 2766 et
790 2750 882 2768 omnes
899 2751 948 2768 tum

157 2781 201 2808 Dei
217 2781 361 2809 dilectione
372 2783 530 2818 amplexos,
543 2783 575 2809 ad
594 2784 693 2810 inliuita
708 2786 825 2812 nomium
840 2788 951 2818 anniliu-

156 2834 213 2853 nnn
231 2835 263 2854 ac
284 2827 493 2855 soli-inuitatum
513 2829 606 2856 smnia
636 2830 789 2863 pertrahrrc
818 2836 915 2861 sanum
931 2838 948 2857 t.

157 2871 230 2899 Tales
244 2873 313 2906 regis
335 2873 478 2907 signiferi,
494 2882 554 2901 cum
575 2875 717 2902 innumeris
740 2877 873 2902 inn:an
890 2878 928 2904 [τι
944 2878 949 2903 i

158 2924 233 2949 testi:
254 2920 311 2955 Dei,
338 2928 391 2957 per
416 2919 532 2955 gladio,
548 2921 689 2955 irriguos,
708 2929 754 2956 per
777 2922 790 2947 ιι
810 2923 887 2953 Εἰμεαξ,
904 2931 917 2955 χ·
939 2936 943 2948 ι

760 196 839 225 VITA
859 196 982 225 SANCTI
1003 195 1200 226 AUGUSTINI.

1765 199 1800 228 (.2

969 257 992 284 Α
1006 254 1096 281 omnia
1125 257 1322 282 tormentorum
1346 258 1374 280 et
1396 254 1522 281 mortium
1549 261 1648 289 genera
1672 258 1799 286 mundum

1006 299 1133 326 salvatori
1160 306 1213 326 suo
1237 298 1413 326 invictissime
1439 299 1626 327 subdiderunt.
1655 298 1714 327 Jam
1738 303 1800 330 olim

1007 345 1108 376 notua.
1121 345 1176 380 jam
1202 345 1224 372 G
1240 344 1305 372 :ecia
1316 364 1324 376 ,
1343 344 1399 379 jam
1421 351 1497 378 rcges
1520 349 1547 372 et
1562 345 1697 379 principes
1712 350 1800 380 terrm,

1003 389 1057 424 jam
1082 389 1176 416 insula:
1197 390 1331 424 gentium,
1347 388 1511 423 prophrlicis
1533 389 1736 417 iuvitationibus
1758 394 1801 418 at-

1006 439 1112 468 tractis,
1124 442 1184 462 cum
1200 434 1259 468 ipso
1274 439 1405 463 terrarum
1421 434 1539 469 gaudent
1553 442 1645 470 regum
1659 436 1801 464 Dominum

1004 480 1120 507 adorare
1141 484 1169 508 et
1190 479 1228 506 illi
1247 479 1274 506 in
1298 484 1458 515 perpetuum
1482 479 1597 511 servire.
1613 488 1662 515 per
1678 488 1758 516 quem
1774 487 1802 510 et

1004 532 1065 551 cuni
1092 532 1146 558 quo
1178 524 1334 559 perenniter
1356 525 1465 552 valeant
1489 531 1612 559 regnare.
1638 524 1696 553 Tali
1719 527 1801 554 etiam

1005 569 1044 595 atl‘
1057 574 1102 596 ctu
1122 569 1267 597 hodiernus
1290 573 1368 604 pater
1383 570 1465 598 totius
1478 566 1681 598 chris'tiauitatis
1700 571 1802 607 Grego-

1004 614 1070 647 riu=,
1087 620 1202 641 vestram
1224 615 1401 642 salvationem
1422 615 1610 643 ardentissime
1632 616 1655 643 si
1668 617 1736 651 iens,
1751 625 1801 645 nec

1006 667 1157 695 pwnarum,
1178 668 1229 688 nec
1253 662 1348 690 mortis
1367 661 1465 690 timore
1489 663 1678 698 prohiberetur
1699 664 1732 691 ad
1754 672 1802 693 vos

1006 705 1106 737 venire,
1122 705 1144 732 si
1160 710 1252 740 posset
1264 706 1348 740 (quod
1361 714 1414 734 non
1430 710 1531 742 potest)
1544 711 1584 735 tot
1598 709 1801 737 commissarum

1003 750 1152 778 aiiiiarmn
1168 759 1260 779 curam
1282 751 1417 780 drsercre.
1441 752 1612 788 Quapropter
1627 761 1676 781 nos
1702 754 1728 782 in
1753 762 1801 783 sua

1003 797 1062 824 vico
1085 798 1172 831 misit,
1188 802 1217 825 ut
1231 797 1301 825 viam
1325 802 1432 825 :nternm
1458 796 1526 826 lu‘cis
1549 802 1576 838 et
1595 798 1705 833 januam
1726 800 1801 829 vobis

1004 841 1151 877 pandamus
1173 842 1246 876 regni
1260 843 1378 870 caelestis
1394 851 1402 870 :
1423 850 1477 878 quo
1490 843 1513 870 si
1528 845 1690 878 contemptis
1709 844 1800 877 idolis.

1003 887 1176 915 daumoniacis
1199 895 1248 922 per
1266 888 1403 915 Christum
1424 887 1525 916 intrare
1538 896 1594 916 non
1608 889 1729 922 rtnnitis,
1742 898 1801 918 τοῖς

969 932 991 963 Β
1006 931 1107 959 tissima
1122 931 1173 959 tide
1191 939 1300 966 semper
1313 932 1441 967 regnetis.

1040 977 1082 1005 18.
1100 977 1163 1006 Hec
1177 982 1205 1006 et
1224 978 1267 1006 his
1289 978 1386 1006 similia
1402 978 1540 1006 salutifero
1555 978 1703 1013 Augustino
1716 980 1802 1008 disse--

1003 1028 1091 1056 rcnte,
1103 1023 1161 1058 ejus
1175 1023 1348 1058 suil‘raganci,
1364 1028 1443 1058 prout
1465 1024 1594 1052 Dominus
1616 1024 1700 1058 dedit,
1713 1024 1802 1059 plera-

1003 1076 1056 1104 que
1070 1069 1206 1097 addidere.
1222 1071 1257 1096 At
1281 1076 1338 1101 rex,
1355 1069 1389 1097 ab
1417 1068 1512 1096 inelite
1536 1076 1628 1096 errore
1655 1077 1709 1096 non
1724 1068 1802 1097 facile

1003 1113 1178 1147 extricabilis,
1195 1114 1335 1148 respondit
1349 1118 1378 1141 ut
1390 1120 1471 1148 aeger,
1486 1113 1579 1141 favens
1593 1113 1701 1148 quidem
1716 1114 1802 1141 medi-

1003 1158 1051 1191 cis,
1064 1158 1112 1185 sed
1127 1158 1243 1186 necdum
1258 1158 1365 1193 patiens
1379 1158 1526 1186 curationis
1546 1167 1553 1185 :
1568 1158 1680 1186 Pulchra
1694 1158 1801 1193 quidem

1003 1208 1031 1231 et
1050 1204 1083 1231 ad
1099 1203 1244 1238 quamdam
1268 1204 1381 1238 gloriam
1408 1203 1538 1231 inﬁnitam
1561 1208 1624 1231 sunt
1650 1203 1751 1231 iuvitat'
1761 1204 1801 1231 ria

1003 1256 1063 1284 quze
1075 1249 1219 1284 suggeritis
1233 1248 1305 1276 dicta
1320 1253 1347 1276 et
1357 1249 1492 1284 promissa
1505 1257 1512 1275 :
1528 1249 1574 1276 scd
1589 1249 1717 1283 quoniam
1732 1257 1801 1277 nova

1003 1294 1134 1321 habentur
1148 1297 1177 1321 et
1191 1293 1322 1322 hactenus
1347 1293 1494 1329 incognita,
1509 1301 1562 1321 non
1586 1293 1650 1321 mihi
1674 1293 1800 1329 competit

1004 1338 1045 1365 his
1070 1338 1189 1365 animum
1204 1338 1334 1371 subdere,
1348 1342 1376 1365 et
1403 1338 1535 1372 majorum
1560 1339 1627 1366 ritus
1651 1346 1699 1374 per
1718 1343 1801 1367 totam

1003 1383 1125 1419 Angliam
1140 1387 1255 1411 eatenus
1283 1389 1406 1412 seivatos
1428 1384 1563 1412 deserere.
1580 1385 1703 1412 Attamen
1717 1384 1802 1412 benc-

1003 1429 1127 1458 voientia:
1144 1434 1249 1462 vestrm,
1266 1437 1318 1464 qua
1333 1429 1367 1457 de
1382 1430 1529 1465 longinquo
1544 1429 1586 1465 (ut
1600 1429 1690 1464 video)
1705 1429 1737 1456 ad
1752 1437 1800 1457 nos

1003 1475 1107 1508 venire,
1129 1478 1283 1509 nostrasque
1296 1474 1386 1508 saluti,
1401 1478 1482 1508 prout
1496 1476 1582 1501 nostis
1596 1475 1683 1501 verius
1697 1481 1730 1501 ac
1743 1480 1800 1500 me-

1005 1519 1066 1552 liu:,
1081 1519 1206 1547 certastis
1222 1518 1374 1550 consulere,
1390 1525 1439 1546 nos
1454 1525 1623 1553 nequaquam
1641 1517 1739 1551 inlcsti,
1753 1517 1800 1544 sed

1005 1573 1055 1593 nec
1070 1564 1165 1600 ingrati
1181 1564 1313 1592 voluimus
1332 1564 1465 1592 existere:
1492 1563 1577 1598 magis
1592 1571 1657 1591 vero
1677 1567 1800 1598 optamus

964 1614 987 1646 α
1004 1610 1118 1644 benigna
1133 1617 1182 1638 vos
1203 1609 1386 1644 hospitalitate
1411 1608 1514 1641 fovere,
1541 1612 1569 1636 et
1591 1609 1653 1636 vita:
1682 1608 1800 1635 subsidia

1003 1654 1171 1683 suitlcienter.
1191 1654 1312 1689 praebere
1325 1662 1331 1680 :
1352 1653 1399 1682 sed
1413 1658 1442 1681 et
1456 1654 1508 1681 hoc
1522 1653 1699 1689 permittimus
1713 1653 1802 1688 vobis,

1004 1705 1032 1727 ut
1047 1707 1223 1735 quoscunque
1236 1699 1350 1734 potestis
1378 1699 1405 1726 in
1430 1702 1548 1726 vestram
1564 1698 1643 1726 tidem
1656 1702 1683 1725 et
1695 1698 1801 1733 proles.

1003 1745 1109 1773 sionem
1125 1744 1298 1780 prazdicando
1313 1749 1341 1772 et
1357 1744 1492 1772 hortando
1512 1746 1664 1771 assumatis.
1687 1743 1742 1771 [lex
1758 1752 1801 1771 (ιι--

1002 1797 1036 1825 go
1052 1796 1106 1817 tam
1121 1791 1240 1818 clemens
1253 1789 1415 1818 christicolis
1426 1789 1452 1816 in
1467 1789 1631 1824 paganitate,
1646 1789 1706 1823 quis
1720 1788 1800 1823 digne

1002 1842 1136 1866 memoret
1145 1845 1225 1872 quam
1238 1842 1281 1865 est
1295 1837 1389 1869 dilata,
1399 1841 1427 1864 ut
1439 1844 1473 1864 ex
1483 1836 1641 1864 dil‘licultate
1652 1835 1731 1862 heato
1746 1835 1800 1862 Au-

1001 1884 1110 1919 gustino
1121 1888 1258 1912 cresceret
1281 1891 1397 1916 corona,
1410 1888 1437 1910 et
1449 1891 1484 1910 ex
1494 1883 1631 1918 insperata
1644 1881 1730 1908 salute
1743 1888 1799 1908 tua-

1003 1930 1048 1964 jor
1061 1929 1189 1957 Ecclesiae
1204 1929 1253 1957 Dei
1270 1933 1428 1957 nasceretur
1442 1928 1545 1956 laetitia.

1041 1974 1083 2002 19.
1102 1974 1186 2009 Igitur
1199 1974 1271 2009 regis
1296 1973 1496 2007 benevolentia,
1511 1973 1566 2000 imo
1581 1972 1627 1999 Dei
1656 1970 1799 2007 providen-

1004 2020 1050 2052 tia,
1062 2020 1089 2047 in
1100 2020 1309 2055 metrOpolitana
1324 2019 1433 2047 civitate
1446 2018 1619 2047 Dorobcrnitt:
1642 2016 1799 2044 conceditur

1002 2065 1103 2092 sanctis
1119 2064 1195 2092 locus
1210 2065 1384 2092 liahitat'onis
1398 2071 1534 2098 congrum,
1561 2068 1587 2091 et
1602 2070 1731 2097 promts~a
1748 2062 1799 2091 iti-

1003 2110 1099 2146 peudia
1114 2110 1265 2144 corporalis
1280 2110 1424 2144 alimonia),
1439 2114 1467 2137 et
1482 2109 1643 2144 indulgentia
1671 2116 1724 2143 pm:
1735 2108 1799 2135 lica-

1003 2156 1031 2183 tii
1042 2156 1085 2183 nis
1099 2160 1208 2191 optatm.
1225 2154 1316 2190 Itaque
1337 2155 1557 2196 appropinquans
1576 2154 1743 2189 possidet-die
1758 2154 1799 2181 ci—

1004 2201 1079 2229 vitati
1104 2201 1206 2237 pacifer
1231 2200 1415 2235 Augustinus,
1438 2208 1498 2228 cum
1523 2200 1602 2227 beato
1637 2198 1798 2226 Sanctorum

1002 2246 1098 2279 choro,
1112 2247 1184 2274 elato
1199 2254 1232 2274 ex
1247 2253 1322 2273 more
1335 2245 1423 2273 crucis
1439 2245 1543 2273 Domini
1554 2250 1687 2279 argentea:
1702 2245 1797 2270 lrium~

965 2296 990 2326 ο
1004 2291 1076 2326 phali
1091 2292 1199 2323 vexillo,
1222 2299 1281 2319 cum
1297 2291 1412 2326 imagine
1426 2291 1531 2319 vivitlca
1547 2291 1628 2326 ipsius
1642 2298 1662 2317 si
1673 2290 1803 2325 mpii-:t‘nl‘,

1003 2336 1073 2370 regis
1087 2335 1150 2363 Jesu
1158 2335 1269 2368 Christi,
1282 2335 1392 2363 invocat
1406 2335 1562 2370 suppliciter
1572 2343 1652 2369 super
1665 2342 1724 2362 eam
1738 2333 1798 2362 Sal-

1002 2382 1104 2409 vatoris
1127 2382 1299 2409 salvatrirem
1315 2381 1485 2409 clementiam
1504 2389 1511 2407 :
1527 2386 1582 2407 tum
1604 2382 1673 2408 hanc
1695 2380 1799 2407 litaniao

1003 2427 1056 2455 lein
1078 2427 1254 2461 antiphouam
1277 2426 1431 2454 dulcimode
1454 2426 1569 2458 intonat,
1592 2430 1620 2453 et
1641 2433 1701 2453 eum
1725 2426 1790 2452 exci‘

1003 2474 1094 2507 pieute
1109 2472 1242 2505 primitiva
1260 2472 1405 2506 Anglorum
1421 2472 1523 2500 nutrice
1536 2471 1664 2502 Ecclesia,
1678 2478 1798 2498 cousom

1004 2517 1189 2545 ltt:)dtlitll.l0tlt:
1202 2526 1233 2546 ac
1247 2518 1391 2546 devotione
1403 2518 1549 2546 decantat:
1566 2519 1746 2553 Deprecamur
1760 2523 1796 2549 te.

1006 2562 1127 2595 Domine,
1144 2563 1170 2590 in
1195 2563 1268 2591 omni
1285 2563 1470 2591 misericordia
1486 2568 1529 2591 tua
1541 2583 1548 2596 ,
1563 2567 1592 2590 ut
1607 2563 1744 2590 auferatur
1758 2563 1795 2589 l'n-

1004 2616 1049 2635 ror
1065 2612 1127 2635 tuus
1141 2613 1168 2635 et
1184 2609 1221 2635 ira
1236 2612 1281 2635 tua
1297 2617 1312 2636 a
1336 2610 1445 2637 civitate
1465 2610 1524 2640 ista,
1545 2613 1597 2636 cta
1611 2609 1692 2637 domo
1705 2616 1760 2635 sani
1772 2613 1797 2636 ta

1003 2654 1059 2683 tua,
1080 2651 1207 2686 quoniam
1234 2652 1413 2686 peccavimus.
1431 2652 1502 2679 liene
1517 2658 1606 2680 autem
1626 2651 1796 2683 addiderant,

1003 2695 1130 2729 quoniam
1147 2696 1327 2730 precationis,
1343 2696 1398 2731 qui,
1412 2704 1446 2723 ex
1466 2696 1564 2724 Christi
1578 2696 1718 2728 cliaritatc,
1733 2696 1795 2723 alie-

1004 2747 1037 2766 na
1063 2745 1184 2775 pet-cata,
1210 2742 1287 2776 quasi
1313 2743 1442 2776 propria,
1466 2747 1594 2770 venerant
1616 2741 1797 2774 detrimentis.

1005 2786 1128 2819 precibus
1142 2792 1170 2813 et
1189 2787 1296 2814 lli-tibus
1310 2788 1372 2815 ublu
1384 2796 1431 2815 're.
1450 2789 1515 2816 llinc
1529 2788 1648 2821 interim,
1674 2795 1727 2815 noa
1744 2794 1798 2816 tam

1005 2839 1159 2861 extet-ornat
1174 2844 1250 2868 ('ttltl,
1267 2844 1349 2871 quam
1364 2836 1563 2872 dispensatione
1578 2836 1667 2863 divina
1688 2836 1714 2863 in
1731 2843 1798 2870 past:

1004 2880 1162 2912 (‘Uluptk-til,
1185 2881 1361 2914 accinguntur
1385 2880 1513 2908 attentio;
1528 2880 1562 2908 a‘tl
1584 2880 1698 2909 frttctum
1720 2880 1793 2913 regni

1005 2924 1062 2952 hci.
1082 2925 1152 2953 Virri
1164 2932 1207 2953 .fltl
1224 2934 1276 2953 non
1292 2925 1371 2954 ωυιιυ
1385 2931 1413 2953 ut
1426 2925 1649 2960 exat-Issoi‘mui,
1660 2925 1706 2954 sed
1718 2933 1789 2961 pror-
