3874 6224
343 356 413 411 65
1133 364 1440 421 SANCTUS
1478 363 1914 422 AUGUSTINUS

2030 364 2329 425 IGLORUM
2370 370 2786 431 APOSTOLUS.
3512 376 3583 431 σι

340 494 435 536 sus
463 489 513 533 ut
545 480 807 551 peregrini
841 479 1004 533 totius
1031 480 1210 535 mundi
1236 498 1252 548 ;
1297 480 1431 537 adeo
1460 479 1532 535 nil
1561 488 1805 545 terrente,
1834 478 1909 533 nil
1938 477 1987 539 A
2015 479 2077 536 lis
2100 498 2258 553 quam
2281 488 2749 554 praedicationibus
2777 492 3024 546 tenebras
3046 490 3319 558 gentilium
3349 490 3587 545 illustra-

343 574 615 629 s'cenlaris
645 573 909 628 illecebrae
936 573 1284 641 appetebam,
1313 580 1366 626 ut
1409 588 1514 626 non
1545 580 1650 626 tam
1680 587 1777 626 eos
1808 578 1914 625 ter-

346 666 580 732 rigenas,
609 677 766 729 quam
788 662 1080 731 cwligenas
1118 664 1544 731 obstupesceres.
1568 661 1911 729 Voluptates,

351 752 586 813 delicias,
614 751 841 812 divitias,
867 751 1121 815 honores,
1144 762 1197 806 et
1216 750 1468 821 quidquid
1491 751 1731 806 obstaret
1749 752 1916 807 ctelos

347 842 661 895 adeuntibus
701 839 934 896 funditus
965 841 1303 896 absciderant
1353 858 1366 893 :
1396 839 1625 909 jejunis,
1673 840 1913 907 vigilias,

346 930 637 994 orationes,
662 930 1033 1003 eleemosynas
1058 946 1178 985 cum
1196 933 1511 987 castimonia
1530 940 1586 987 et
1601 932 1743 986 omni
1757 948 1917 988 sanc-

346 1022 563 1075 timonia
597 1021 955 1077 assidnabant.
985 1023 1143 1075 Arma
1174 1022 1371 1077 Christi
1403 1024 1466 1078 al
1494 1024 1744 1078 virtutem
1769 1024 1915 1092 paci-

348 1110 465 1170 lica,
498 1111 549 1164 in
580 1109 724 1165 acies
768 1124 898 1165 vero
940 1110 1206 1165 scelerum
1248 1112 1499 1167 bellicosa
1548 1112 1917 1167 robustissima

345 1201 693 1264 exercebant,
743 1200 1078 1256 debellantes
1104 1217 1319 1259 omnem
1360 1201 1673 1268 perfidiam;
1706 1203 1771 1256 ad
1800 1218 1919 1257 om-

347 1306 467 1345 nem
498 1290 744 1361 iniuriam
772 1291 1168 1361 praetendentes
1193 1308 1289 1362 pro
1310 1294 1554 1347 'l‘lmrace
1576 1308 1787 1348 omnem
1819 1309 1911 1363 pa-

347 1384 588 1439 tientiam
614 1401 629 1448 ;
670 1385 733 1436 ad
776 1384 1038 1451 pericula,
1069 1384 1135 1439 ad
1164 1386 1445 1453 supplicia,
1477 1385 1540 1438 ad
1572 1385 1740 1452 ipsam
1782 1400 1916 1450 quo-

346 1488 452 1541 que.
482 1483 714 1527 mortem
757 1473 1028 1527 ferendam
1077 1474 1481 1527 invietissimam
1520 1472 1917 1540 constantiam;

346 1560 413 1615 ad
441 1560 737 1629 indigentes
763 1562 1092 1617 vulneratam
1118 1563 1235 1630 (sic)
1254 1562 1588 1616 clementiam
1607 1605 1621 1625 ,
1647 1562 1714 1615 ad
1734 1577 1920 1617 omnes

349 1648 596 1703 homines
627 1657 681 1703 et
723 1649 789 1703 ad
842 1650 985 1718 ipsos
1015 1649 1351 1705 advensnrios
1378 1651 1698 1706 charitatem
1745 1653 1920 1707 visce-

348 1756 517 1795 ream.
553 1739 730 1795 Liberi
762 1751 810 1795 et
844 1740 1080 1809 expediti
1110 1757 1137 1795 a
1170 1750 1383 1796 terrena
1424 1742 1656 1807 sarcina,
1688 1748 1918 1813 uPpen-

2016 582 2156 629 rent.
2185 573 2485 630 Muleebant
2521 580 2765 647 stupidus
2803 582 3075 637 hominum
3103 597 3297 638 sensus
3337 581 3452 636 hinc
3479 594 3577 649 pe-

2016 668 2196 721 rennis
2224 668 2415 727 lmtitize
2450 674 2755 741 promissa;
2802 677 3160 731 verberabant
3187 672 3386 743 rigidos
3426 679 3577 728 tanta

2015 754 2241 824 fulgura,
2293 769 2351 813 ut
2379 758 2604 815 Domino
2629 762 2839 817 canitur
2865 779 2895 818 a
2924 761 3203 820 Psalmista
3232 782 3246 819 :
3280 763 3585 818 llluxcrunt

2014 849 2416 906 coruscationes
2456 861 2557 907 tute
2612 853 2725 907 orbi
2760 862 2935 918 teme,
2966 864 3231 910 commota
3258 862 3341 908 est
3367 862 3424 908 et
3448 866 3582 907 eon-
3666 850 3669 851 ⁷

2015 938 2234 991 tremuit
2264 948 2403 994 terra
2430 940 2652 1011 (Psolm.
2683 959 2860 1007 um,
2894 941 3334 1011 l9).Clamabant
3360 940 3586 1011 trepida

2016 1030 2230 1096 plebes:
2253 1032 2330 1087 Dii
2359 1036 2575 1101 superni
2606 1034 2822 1091 sedibus
2851 1034 3234 1091 descendentes
3259 1048 3588 1089 conversan-

2017 1127 2104 1172 tur
2133 1120 2271 1175 inter
2302 1122 2565 1177 homines.
2598 1122 2686 1178 Sic
2717 1131 2771 1177 et
2808 1124 3076 1193 quondam
3128 1129 3312 1189 gentes
3354 1120 3593 1175 admira-

2019 1217 2086 1261 tze
2118 1209 2207 1263 Dei
2246 1209 2537 1279 Apostolos
2567 1219 2778 1267 terrena
2808 1212 3269 1276 transcendentes,
3297 1210 3584 1266 dicebant:

2017 1297 2106 1353 Isti
2152 1309 2275 1354 sunt
2301 1302 2470 1355 sancti
2504 1302 2581 1355 Dii
2627 1311 2799 1357 terras.
2826 1304 2937 1359 Nec
2957 1303 3355 1358 mentiebantur
3374 1315 3473 1355 suo
3501 1314 3589 1354 er—

2016 1403 2158 1453 rore,
2207 1389 2483 1445 Psalmista
2513 1398 2779 1444 testante:
2816 1392 2891 1445 Dii
2923 1393 3088 1449 fortes
3118 1402 3274 1448 terra:
3294 1391 3589 1445 vehemen-

2016 1485 2100 1532 ter
2126 1478 2316 1534 elevati
2364 1489 2489 1534 sunt
2515 1479 2740 1550 (Psalm.
2774 1497 2920 1541 nvi.
2966 1481 3075 1551 1ο).
3104 1482 3377 1536 Hactenus
3404 1480 3589 1547 itaque

2019 1569 2273 1624 indomita
2298 1571 2431 1625 colla
2457 1585 2619 1625 suave
2640 1569 2824 1639 jngum
2853 1570 3062 1626 Domini
3085 1572 3387 1625 amabiliter
3406 1570 3592 1625 subie-

2019 1678 2099 1728 re,
2128 1679 2412 1733 suscepere
2443 1664 2685 1721 fmcnnda
2710 1681 2836 1720 arva
2867 1666 2919 1720 in
2949 1674 3239 1735 perpetuos
3269 1665 3471 1721 fructus
3511 1664 3593 1717 vi-

2022 1763 2089 1807 tae
2115 1756 2342 1823 semina,
2368 1757 2644 1835 credidere
2669 1757 2904 1823 plurimi,
2935 1766 2992 1811 et
3021 1755 3318 1824 regenerati
3348 1755 3399 1808 in
3425 1752 3589 1807 Chri-

352 1842 472 1886 nata
497 1832 744 1888 animalia
766 1832 1092 1889 voiahantad
1110 1836 1305 1888 aethera
1330 1851 1344 1899 ;
1378 1836 1485 1891 imo
1530 1852 1662 1891 vero
1710 1836 1920 1892 dicente
1953 1832 1998 1892 Β
2023 1852 2106 1899 sto
2133 1844 2265 1897 iiunt
2290 1860 2354 1899 ex
2380 1832 2691 1913 alienigenis
2720 1848 2809 1901 lilii
2840 1847 3142 1914 adoptionis
3165 1845 3284 1901 Dei.

352 1922 632 1994 Apostolo,
660 1922 847 1979 Nostra
876 1927 1215 1979 conversatio
1244 1926 1294 1979 in
1340 1927 1489 1981 caelis
1520 1933 1621 1989 est,
1649 1928 1747 1981 nisi
1779 1926 1919 1993 quod

349 2009 521 2065 adhuc
542 2026 725 2066 amore
746 2012 981 2075 gentium
1006 2013 1380 2067 salvandarum
1404 2022 1571 2068 terras
1595 2014 1917 2081 incolebant,

349 2100 453 2169 iam
485 2111 663 2157 mente
687 2104 739 2157 in
771 2104 921 2159 rmlis
948 2084 1259 2160 habitabant
1287 2105 1504 2175 (Philip.
1534 2122 1611 2167 tu,
1640 2105 1753 2174 ‘20).

415 2189 502 2244 9.0.
538 2191 674 2245 Ante
718 2192 1003 2248 adventum
1034 2202 1211 2248 autem
1242 2194 1533 2263 Anglorum
1572 2193 1920 2262 possederant

356 2284 584 2339 Romani
608 2287 1012 2356 quadringentis
1054 2289 1270 2344 circiter
1296 2289 1447 2343 annis
1476 2287 1825 2349 Britanniam,
1869 2286 1921 2340 id

354 2384 437 2428 est
463 2392 491 2429 a
516 2386 754 2447 tempore
776 2378 888 2432 Caii
912 2379 1136 2434 Cu-saris
1160 2395 1328 2448 usque
1356 2380 1420 2432 ad
1445 2377 1730 2433 Maximum
1754 2378 1922 2443 impe—

352 2474 585 2520 ratorem
611 2483 623 2529 ;
655 2468 745 2534 qui
770 2476 918 2537 rapta
946 2484 1174 2537 purpura
1199 2476 1381 2521 contra
1409 2466 1719 2521 Gratianum
1746 2466 1920 2521 θιγε-

352 2549 696 2605 lentinianum
714 2556 997 2622 Angustos,
1016 2554 1267 2608 euntibus
1278 2553 1450 2617 bellis,
1465 2556 1637 2621 ipsum
1650 2552 1920 2607 Oceanum

353 2636 608 2694 Romans
651 2642 907 2708 pvmsidiis
936 2642 1201 2697 exhausit.
1244 2642 1475 2697 Residua
1524 2657 1653 2696 vero
1683 2642 1923 2697 Ecclesia

351 2738 405 2781 et
447 2729 584 2782 beati
618 2729 861 2792 Martini,
893 2732 1021 2786 olim
1060 2732 1128 2787 ab
1169 2732 1295 2801 ipsis
1326 2730 1579 2786 Romanis
1605 2731 1923 2787 Christianis

352 2816 583 2872 condita.
602 2826 727 2871 tunc
744 2818 1037 2874 illnstrabat
1052 2819 1313 2876 Cantiam.
1333 2835 1452 2888 quae
1472 2820 1731 2876 hactenus
1748 2828 1925 2874 manet

352 2906 576 2962 assiduis
598 2909 853 2963 ministris
870 2911 1128 2973 ofﬁciosa,
1148 2928 1245 2981 per
1271 2910 1545 2966 dimidium
1571 2910 1681 2967 fere
1696 2912 1923 2966 stadium

353 2986 862 3054 distans’orientalis
901 3000 967 3054 ab
997 3000 1307 3055 authentica
1358 3000 1553 3055 Christi
1584 2999 1845 3054 Ecclesia.

421 3108 477 3162 ln
503 3110 601 3165 hac
623 3112 807 3167 beatus
830 3110 1021 3181 prmsul
1047 3110 1320 3175 Letardns,
1338 3110 1486 3165 velut
1507 3109 1921 3179 apostolicorum

2089 1931 2175 1985 2|.
2224 1931 2479 1988 Omnibus
2508 1949 2637 2003 ergo
2668 1936 2899 1989 intentus
2935 1934 3126 1987 summi
3172 1934 3313 2000 regis
3357 1939 3591 1998 armiger

2018 2021 2358 2088 Augustinus,
2390 2022 2454 2076 ad
2486 2023 2662 2091 ipsum
2686 2023 2917 2077 maxime
2952 2023 3217 2078 summurn
3247 2022 3395 2090 regni
3424 2028 3590 2090 caput

2019 2114 2319 2166 machinam
2345 2113 2571 2168 intendit
2592 2114 2808 2175 salutis;
2837 2123 2897 2168 ut
2919 2116 3321 2170 subversa-arce
3347 2108 3589 2181 profani-

2021 2202 2165 2264 tatis,
2210 2217 2389 2256 arcem
2442 2202 2709 2258 sideream
2760 2203 2973 2257 attollat
3017 2201 3334 2265 sanctitatis,
3374 2208 3429 2254 et
3464 2213 3588 2253 cum

2022 2305 2149 2359 rege
2168 2309 2265 2346 suo
2287 2293 2552 2348 Salvatori
2581 2296 2895 2348 succumbat
2922 2294 3192 2359 subjectus
3220 2292 3385 2349 orbis.
3408 2290 3589 2360 ipsum

2021 2392 2118 2452 per
2145 2386 2343 2450 regina:
2364 2384 2612 2450 ambitus,
2652 2401 2749 2453 per
2776 2385 3062 2452 legatarios
3092 2384 3343 2443 monitus.
3369 2397 3465 2452 per
3490 2397 3591 2450 op-

2020 2480 2280 2542 portunos
2300 2488 2570 2540 accessus,
2593 2490 2690 2543 per
2712 2474 2885 2531 dulcia
2911 2484 3125 2531 aeterna:
3148 2472 3410 2528 felicitatis
3439 2472 3593 2526 blan-

2022 2563 2278 2630 dimenta,
2326 2578 2422 2632 per
2466 2563 2644 2618 omnia
2685 2564 2941 2617 virtutum
2973 2562 3218 2631 exempla
3252 2569 3308 2615 et
3356 2566 3593 2625 ostenta,

2023 2669 2121 2723 per
2148 2653 2363 2720 vigilata
2396 2651 2459 2705 ad
2491 2651 2657 2707 Deum
2687 2653 2933 2707 ecclesiae
2969 2651 3296 2721 precamina,
3322 2648 3593 2715 Redemp-

2025 2742 2127 2796 ιοτί
2155 2758 2253 2795 suo
2284 2742 2562 2811 acquirere
2589 2742 2850 2806 certavit;
2879 2740 3120 2802 certavit,
3164 2747 3216 2794 et
3266 2740 3317 2793 in
3366 2737 3594 2793 Domino

2025 2835 2137 2889 Dr'o
2177 2834 2300 2888 ticit
2321 2842 2375 2887 et
2402 2833 2650 2886 obtinuit.
2682 2832 2867 2901 Iug-ns
2896 2832 3111 2900 elephas
3140 2842 3315 2895 terra},
3352 2837 3407 2883 et
3433 2842 3592 2883 enor-

2026 2926 2126 2981 mis
2153 2935 2302 2981 cetus
2349 2926 2522 2995 pelagi
2556 2934 2743 2992 captus
2764 2935 2846 2981 est
2877 2925 3263 2993 triumphalitcr
3292 2920 3593 2993 apostolica

2026 3031 2237 3085 sagcna.
2275 3017 2477 3086 Captus
2504 3018 2644 3071 enim
2672 3027 2868 3072 aeterna
2910 3015 3206 3079 dulcedine,
3249 3014 3488 3069 eruditus
3516 3013 3593 3066 ir-

2024 3108 2327 3176 refragabi'i
2356 3109 2601 3170 veritate,
2635 3108 2963 3163 illuminatus
3006 3116 3111 3161 tam
3141 3115 3326 3163 sancta
3355 3113 3408 3159 et
3440 3104 3595 3158 miri-

357 3202 649 3264 legatorum
678 3215 976 3271 praecursor
1005 3208 1099 3257 aut
1142 3200 1361 3269 janitor,
1402 3200 1574 3268 primo
1601 3198 1795 3253 divinis
1838 3196 1921 3251 01⁵-
1951 3194 1999 3257 C
2031 3199 2125 3253 lica
2154 3198 2185 3253 d
2210 3201 2344 3253 vina:
2373 3198 2719 3253 institutionis
2740 3196 3006 3261 claritate,
3035 3196 3276 3251 abdicata
3302 3195 3440 3249 avita
3462 3206 3595 3261 gen-

356 3290 487 3345 llciis
512 3297 566 3342 et
592 3290 943 3347 sacramentis
972 3291 1167 3359 reginae
1191 3290 1518 3358 christiana,
1546 3298 1606 3344 ut
1635 3288 1802 3344 lldelis
1829 3304 1924 3357 pa-

357 3382 702 3450 rauymphus.
742 3396 862 3437 cum
910 3380 1019 3436 suis
1065 3381 1277 3436 clericis
1323 3381 1735 3445 obsequebatur,
1764 3389 1836 3441 et,
1870 3387 1929 3433 ut

359 3486 496 3525 eervt
522 3487 546 3525 s
587 3480 705 3540 post
732 3480 1043 3537 serpentum
1074 3471 1218 3525 virus
1249 3470 1527 3525 intendens
1569 3470 1682 3525 sitit
1712 3470 1775 3523 ad
1806 3470 1926 3522 fou-

359 3571 435 3613 tes
466 3576 719 3629 :qnarum
742 3601 759 3627 ,
792 3562 862 3615 ita
891 3560 1115 3615 inimicis
1148 3559 1273 3614 lldei
1296 3560 1574 3614 venenosis
1600 3575 1926 3629 paganorum

358 3651 545 3706 ritibus
574 3660 890 3719 estestuans,
922 3651 987 3706 ad
1033 3652 1199 3721 ipsam
1228 3650 1531 3718 ecclesiam,
1580 3660 1830 3722 tanquam
1861 3650 1927 3705 ad

359 3740 481 3793 vite.
534 3741 755 3805 fontem,
809 3752 929 3797 cum
984 3741 1095 3808 ipsa
1130 3741 1338 3795 alumna
1386 3742 1568 3809 regina
1600 3742 1928 3810 rapiebatur,

360 3829 572 3896 quando
630 3830 857 3885 Romani
914 3832 1151 3899 magistri
1187 3873 1200 3891 ,
1254 3831 1401 3885 velut
1468 3847 1656 3885 aurum
1712 3840 1932 3895 argento

360 3920 730 3988 praelucentes,
766 3921 961 3977 ibidem
984 3936 1100 3988 qua:
1128 3920 1215 3975 Dei
1248 3929 1369 3973 sunt
1400 3920 1643 3985 agebant.
1675 3919 1807 3974 Nam
1837 3919 1933 3975 hos

362 4009 554 4063 Christi
608 4009 938 4077 peregrinos,
998 4009 1136 4063 inter
1164 4008 1492 4075 alienigenas
1543 4008 1833 4073 solitarius,
1876 4007 1930 4061 in

364 4098 442 4153 his
471 4098 777 4154 caelestibus
808 4098 1025 4157 advenis
1054 4098 1147 4153 Dei
1188 4098 1358 4166 gratia
1390 4098 1628 4152 visitavit
1658 4118 1671 4164 ;
1700 4098 1935 4153 visitavit

364 4198 420 4243 et
461 4188 668 4258 plebem
698 4204 849 4243 suam
898 4204 995 4256 per
1035 4188 1179 4254 ipsos
1208 4186 1555 4253 credituram,
1584 4197 1644 4243 ut
1671 4198 1726 4242 et
1753 4188 1936 4254 regina

369 4292 476 4330 non
493 4276 663 4331 solum
678 4276 903 4330 licenter
930 4273 1197 4329 Christum
1216 4290 1259 4329 ci
1282 4275 1440 4335 leret,
1458 4289 1638 4327 verum
1664 4276 1823 4328 etiam
1842 4290 1940 4343 per

370 4374 549 4421 tantos
572 4366 871 4419 eruditores
898 4366 1063 4420 ﬁdelis
1092 4366 1355 4419 inﬁdelem
1382 4367 1662 4432 coniugem
1685 4366 1934 4421 salt-aret.

370 4452 428 4509 In
444 4455 739 4523 hocitaque
764 4455 1333 4520 oratorioAugustinns
1362 4471 1480 4508 cum
1508 4470 1604 4509 suo
1620 4456 1785 4509 choro
1812 4470 1940 4525 quo.

2027 3290 2219 3344 tilitate
2248 3304 2367 3342 cum
2417 3290 2603 3342 mortis
2630 3296 2869 3349 auctore,
2918 3286 3056 3340 ultro
3083 3301 3142 3341 se
3169 3284 3441 3354 mancipat
3469 3298 3595 3338 auc-

2028 3381 2129 3435 tori
2161 3380 2297 3433 vitae.
2332 3378 2548 3444 Eamus,
2581 3378 2771 3447 inquit,
2819 3388 2873 3431 et
2900 3392 2997 3431 nos
3026 3377 3088 3430 ad
3119 3389 3365 3443 magnum
3395 3371 3597 3442 princi-

2028 3486 2149 3537 pem
2194 3484 2399 3533 regum,
2453 3467 2519 3523 ad
2558 3467 2939 3536 amplissimum
2993 3466 3232 3521 datorem
3286 3477 3597 3532 regnorum,

2030 3576 2137 3615 non
2178 3559 2347 3613 solum
2390 3557 2784 3627 temporalium,
2825 3572 3008 3611 verum
3044 3557 3203 3609 etiam
3238 3564 3596 3610 aeternorum:

2031 3665 2128 3704 nec
2158 3648 2357 3719 pudeat
2381 3662 2479 3702 nos
2504 3646 2691 3701 saltem
2714 3646 2922 3702 venisse
2951 3656 3273 3714 postremos,
3311 3656 3449 3713 quos
3478 3655 3597 3696 me-

2028 3740 2134 3795 rito
2164 3738 2361 3807 pudeat
2389 3738 2524 3792 sicut
2570 3736 2622 3790 iu
2670 3749 2853 3804 regno,
2898 3734 2973 3789 sic
3002 3743 3057 3788 et
3084 3734 3135 3787 in
3168 3732 3269 3788 ﬁde
3298 3748 3405 3786 non
3436 3730 3600 3786 fuisse

2028 3832 2249 3901 primus.
2273 3829 2571 3899 Sequamur
2593 3827 2826 3894 tandem,
2843 3840 2977 3894 quos
2997 3824 3219 3878 decebat
3239 3819 3597 3892 prmccssisse;

2031 3921 2264 3975 maxime
2294 3935 2411 3974 eum
2444 3933 2563 3972 eum
2595 3930 2772 3986 regem
2803 3923 3065 3986 petamus,
3098 3912 3188 3981 qui
3220 3928 3326 3966 non
3353 3923 3598 3980 persona

2030 4011 2115 4065 vel
2145 4010 2346 4065 ordinis
2364 4018 2549 4079 pensat
2573 4006 2906 4076 dignitatem,
2929 4005 3021 4060 sed
3037 4004 3225 4059 anima:
3236 4001 3602 4058 devotionem.

2104 4107 2190 4161 2%.
2233 4106 2379 4161 Talia
2430 4105 2765 4175 prolocutus,
2798 4100 3294 4157 volebatsubstrata
3325 4097 3603 4168 regalita'e

2037 4198 2263 4252 adorare.
2294 4195 2547 4250 famulum
2576 4192 2795 4255 Christi,
2828 4206 2926 4261 per
2952 4204 3112 4258 quem
3138 4190 3189 4242 in
3212 4185 3409 4242 Christi
3436 4186 3607 4241 l'amu-

2038 4286 2203 4340 litum
2257 4293 2307 4339 et
2343 4282 2685 4351 adoptionem
2732 4288 3031 4334 meri-retur
3076 4291 3400 4345 regeneran.
3434 4276 3605 4344 Quem

2038 4374 2226 4429 salutis
2256 4373 2499 4426 minister
2529 4370 2764 4440 paternis
2787 4369 3081 4423 visceribus
3102 4366 3393 4436 excipiens,
3420 4366 3608 4420 horta-

2042 4475 2127 4519 tur
2184 4473 2241 4518 ut
2287 4463 2541 4534 pristinos
2595 4475 2807 4516 errores
2862 4458 3202 4523 abstinentia,
3260 4456 3607 4525 indulgentia,

366 4546 563 4603 tidiana
608 4548 815 4603 Domini
843 4550 1133 4603 ministeria
1162 4549 1508 4614 celebrabat;
1539 4557 1591 4602 et
1614 4549 1664 4603 in
1697 4550 1936 4620 psalmis,
1973 4550 2016 4605 υ
2041 4553 2395 4625 elecnmsynis
2424 4567 2488 4606 ac
2513 4551 2723 4606 ﬂetibus
2750 4550 2937 4614 diluat,
2982 4548 3294 4617 cmterisque
3348 4547 3449 4613 piis
3479 4561 3608 4611 ure-

371 4638 600 4707 hvmnis,
628 4641 890 4705 precibus,
925 4642 1154 4709 atquein
1181 4655 1315 4693 voce
1343 4640 1502 4705 tubae,
1532 4642 1725 4708 quibus
1754 4651 1931 4696 castra

344 4727 567 4781 diaboli
610 4728 907 4792 interirent,
941 4729 1754 4786 nodesetdieslaudcsDomini
1776 4733 1936 4785 attol-

369 4818 529 4872 lc-hat.
567 4816 768 4873 interea
796 4830 898 4872 tam
929 4820 1202 4883 Splendida
1219 4828 1521 4876 sanctorum
1546 4822 1937 4889 meritaingens

366 4910 638 4977 signorum
678 4918 732 4963 et
762 4908 1132 4964 mandatorum
1157 4910 1247 4963 Dei
1279 4910 1681 4964 commendabat
1722 4912 1891 4979 gratia
1919 4927 1933 4969 :

368 5014 471 5054 nec
507 5000 864 5065 dissimulare,
909 5015 1011 5055 nec
1057 4999 1283 5054 reticere
1339 4997 1680 5068 imperatoria
1734 5000 1932 5055 Christi

374 5090 640 5157 prreconia
681 5099 928 5161 poterant
962 5108 975 5143 :
1008 5089 1153 5143 illum
1192 5087 1434 5149 canticis,
1488 5088 1632 5142 illum
1682 5089 1940 5158 praedica-

374 5181 578 5234 tionum
626 5180 930 5245 tonitru,et
950 5180 1225 5245 signorum
1263 5180 1637 5235 comscationc
1676 5180 1845 5249 magis
1874 5196 1939 5236 ac

372 5268 538 5335 magis
551 5268 1203 5337 personabant.Curabant
1219 5268 1451 5324 vicissim
1469 5283 1653 5323 omnes
1666 5269 1871 5323 debiles
1884 5276 1939 5322 et

374 5356 671 5427 languidos,
703 5356 786 5411 vel
819 5356 883 5411 ad
907 5372 967 5413 se
994 5358 1224 5425 delatos,
1251 5357 1332 5412 vel
1360 5371 1388 5411 a
1414 5372 1475 5412 se
1502 5357 1743 5413 visitatos
1766 5374 1780 5412 :
1802 5356 1939 5413 adeo

376 5457 470 5505 aut
490 5448 683 5509 nullus.
698 5457 789 5504 aut
804 5464 955 5503 rarus
968 5449 1019 5503 in
1037 5464 1196 5518 grege
1212 5447 1493 5519 Augustini
1509 5446 1828 5511 habebatur,
1844 5447 1938 5514 qui

378 5552 485 5596 non
508 5539 676 5609 gratia
703 5537 995 5594 sanitatum
1022 5538 1265 5610 polleret,
1290 5547 1349 5595 ut
1369 5554 1478 5596 non
1506 5537 1683 5593 minus
1711 5537 1940 5592 miracu-

456 5678 480 5706 ι
512 5668 709 5726 Eadem
753 5672 909 5727 liabet
943 5671 1107 5736 Beda,
1152 5687 1218 5728 ex
1248 5672 1440 5738 quibus
1487 5671 1659 5735 liquet
1687 5679 1942 5736 antiquus

384 5740 559 5796 cultus
605 5744 769 5796 sancti
799 5740 1034 5803 Martini,
1066 5743 1259 5796 mormi
1280 5755 1418 5797 anno
1479 5739 1609 5804 397,
1638 5741 1845 5795 scilicet
1873 5738 1943 5792 60

387 5809 561 5865 solum
584 5809 737 5866 anuis
760 5822 1039 5878 antequam
1065 5811 1352 5879 liengistus
1378 5818 1668 5876 occuparet
1694 5807 1941 5864 Cantium

2037 4649 2186 4702 ribus
2216 4647 2329 4699 facit
2352 4660 2401 4698 m
2427 4644 2541 4710 eius
2570 4644 2660 4711 qui
2689 4641 2922 4713 baptizat
2947 4641 2999 4693 in
3028 4638 3228 4708 Spiritu
3255 4646 3441 4693 uncto
3470 4652 3608 4706 pne-

2040 4735 2240 4790 veniat.
2288 4732 2393 4788 Iste
2423 4733 2661 4800 indulget
2705 4731 2974 4793 omnibus,
3019 4738 3076 4783 ut
3120 4729 3220 4783 sibi
3253 4727 3609 4795 iudulgeatur,

2040 4836 2097 4881 et
2123 4824 2373 4879 humanis
2417 4822 2690 4879 beneﬁciis
2719 4821 2784 4876 ad
2834 4818 3093 4875 beneﬁcia
3122 4832 3351 4885 superna
3398 4831 3608 4885 praepa-

2039 4922 2226 4970 ratur:
2257 4922 2438 4983 patent
2468 4925 2733 4978 carceres,
2763 4910 3012 4963 laxantur
3038 4906 3267 4971 vincula,
3314 4904 3608 4959 liberantur

2042 5004 2257 5073 captivi,
2290 5012 2345 5058 et
2393 5018 2515 5057 cum
2555 5000 2740 5055 amicis
2767 5000 2905 5069 regis
2950 4997 3235 5066 epulantur
3262 5010 3527 5063 pauperes
3551 5000 3601 5047 et

2043 5096 2141 5150 rei.
2172 5095 2289 5149 Non
2312 5102 2489 5162 potest
2516 5106 2615 5146 nec
2642 5098 2763 5158 eget
2792 5089 2984 5158 exponi
3015 5093 3215 5156 quanto
3242 5084 3437 5152 gaudio
3466 5084 3604 5138 exulo

2046 5163 2237 5239 laverit
2275 5184 2327 5236 in
2356 5182 2580 5236 salutem
2608 5181 2781 5249 gentis
2808 5180 3064 5233 hactenus
3091 5174 3281 5227 anhela
3313 5173 3454 5228 beati
3494 5174 3603 5228 Au-

2044 5275 2237 5344 gustini
2264 5275 2459 5337 anima,
2491 5287 2609 5339 qua:
2638 5270 2924 5338 gratiarum
2954 5266 3065 5321 Deo
3091 5264 3446 5319 immolaverit
3469 5263 3606 5321 liba-

2047 5365 2209 5419 mina.
2262 5359 2378 5418 Jam
2433 5363 2579 5415 videt
2630 5375 2783 5415 suum
2836 5364 3210 5430 prosperatum
3263 5353 3605 5417 desiderium,

2047 5463 2246 5507 terram
2289 5466 2439 5506 suam
2467 5448 2677 5503 dedisse
2703 5447 2933 5503 fructum
2975 5456 3153 5510 suum,
3182 5456 3372 5498 omnes
3400 5440 3613 5496 labores

2044 5554 2099 5601 et
2120 5542 2334 5599 dolores
2352 5555 2418 5596 ac
2435 5539 2775 5596 difﬁcultates
2794 5543 3038 5625 partitum
3052 5549 3272 5589 suorum
3295 5538 3610 5605 perpetuum

2045 5690 2187 5798 apno
2225 5672 2353 5743 457,
2402 5673 2483 5731 uti
2512 5671 2751 5730 referunt
2796 5665 3099 5726 Florentius
3134 5662 3529 5736 Wigorniensis
3553 5668 3607 5721 el

2046 5759 2077 5798 a
2098 5760 2156 5798 ιι.

2046 5759 2156 5800 alii.
