3874 6224
240 416 302 463 (ἶῗῖ

1463 403 1616 459 VITA
1658 393 1900 454 SANC'l'l
1945 389 2338 449 AUGUSTlNl.
3459 381 3529 436 (εδ

260 528 337 582 sui
385 528 665 598 peperisse
717 525 1005 596 gaudium,
1038 536 1157 579 cum
1188 520 1239 575 in
1286 519 1403 591 ipso
1431 528 1557 584 rege
1584 520 1845 569 converso
1882 514 1918 562 .\
1952 503 2086 559 Tum
2128 502 2403 574 episcopis
2450 508 2507 557 et
2551 500 2911 563 monasteria,
2964 505 3218 567 tanquam
3264 494 3529 551 dominica

252 629 417 675 totum
457 617 701 674 Domino
746 616 883 685 iugo
913 614 1147 669 ambiret
1172 608 1467 666 Oceanum.
1515 602 1694 659 Illuxit
1720 611 1850 666 ergo

256 716 382 781 dies,
423 713 613 785 Anglis
638 719 701 766 ct
733 710 958 781 Angelis
1007 704 1455 768 solemnissimus,
1484 714 1594 769 quo
1620 697 1731 751 Deo
1758 693 1852 749 de-

260 822 410 862 votus
432 820 536 861 rex
566 802 983 868 Ethelbertus,
1013 796 1313 871 profanatis
1338 791 1497 847 idolis
1542 802 1606 843 ac
1632 785 1735 841 diis
1759 798 1855 853 pa-

262 900 389 964 triis,
415 904 743 952 macerctur
767 893 1128 961 Christianus.
1156 884 1417 943 Convenit
1455 897 1559 937 non
1590 880 1751 934 modo
1780 892 1858 932 re-

264 990 342 1053 ri:
397 987 711 1058 principum
752 987 901 1043 curia
941 993 998 1039 et
1045 988 1156 1037 tota
1193 976 1405 1041 Cantia,
1455 987 1641 1028 verum
1693 969 1857 1024 etiam

268 1079 703 1149 {mundissima
735 1076 950 1147 Anglia.
980 1071 1165 1126 videre
1191 1062 1742 1138 prmcellentissiinnm
1773 1074 1862 1113 re-

270 1172 355 1239 gni
378 1169 665 1225 dominum
694 1164 1112 1224 adventitiorum
1166 1164 1447 1215 servorum
1475 1154 1673 1209 Christi
1701 1152 1859 1206 subs-

273 1272 464 1317 tratu'm
492 1261 762 1331 vestigiis,
790 1266 847 1313 et
864 1254 1019 1327 quasi
1044 1254 1286 1308 ultimum
1316 1247 1641 1319 mancipium
1672 1259 1859 1301 eorum

274 1355 324 1407 in
373 1352 637 1409 omnibus
690 1348 969 1405 deservire
1022 1343 1257 1415 imperiis
1297 1358 1313 1408 ;
1358 1350 1418 1395 ut
1463 1352 1625 1409 quam
1677 1343 1861 1391 extera

274 1457 433 1513 regna
479 1442 657 1497 armis
702 1439 1073 1501 formidarent,
1124 1437 1355 1491 inermes
1395 1444 1657 1504 pauperes
1696 1426 1863 1482 verbo

273 1535 573 1604 alligarent.
605 1531 843 1588 Ornatur
889 1529 1137 1594 ecclesia,
1169 1526 1496 1581 decorentur
1523 1518 1859 1591 baptisteria,

272 1634 627 1683 consecratur
655 1622 931 1679 Jordanici
960 1630 1015 1675 et
1055 1615 1378 1673 Paradisiaci
1419 1611 1656 1667 ﬂuminis
1701 1623 1857 1662 urna.

274 1715 642 1787 Interrogatus
652 1714 728 1767 ab
748 1710 1046 1780 Augustino
1063 1706 1243 1770 ﬁdem,
1272 1720 1338 1757 an
1363 1702 1546 1757 credat
1576 1700 1628 1753 in
1652 1698 1866 1752 Patrem

274 1819 328 1865 et
352 1806 572 1871 Filium,
618 1814 677 1861 et
713 1803 973 1873 Spiritum
995 1806 1259 1861 sanctum,
1291 1803 1595 1864 cmteraque
1624 1807 1744 1863 quae
1771 1806 1865 1845 ve-

278 1898 402 1952 ritas
456 1893 635 1964 exigit
706 1890 1029 1957 Catholica,

278 1997 387 2045 toto
411 1987 585 2045 corde
614 1996 670 2041 et
698 2001 814 2050 ore,
835 1983 1033 2049 Credo,
1058 1979 1334 2051 respondit
1356 1978 1421 2033 ad
1446 1978 1645 2033 omnia.
1680 1975 1736 2029 ln
1768 1976 1870 2028 hac

277 2092 401 2149 ergo
427 2077 718 2133 Trinitatis
748 2073 1091 2131 confessione
1118 2082 1173 2126 et
1203 2070 1421 2127 nomine
1469 2068 1771 2137 baptizatur
1815 2071 1870 2119 et

281 2175 629 2234 iegencratur
648 2161 1053 2230 rchugligena
1083 2178 1097 2214 :
1122 2160 1289 2214 factus
1310 2156 1480 2213 estde
1498 2154 1664 2210 Veteri
1694 2153 1869 2207 idolo-

280 2257 411 2310 latra
438 2268 623 2309 novus
637 2252 989 2317 Cbristicola,
1016 2250 1083 2303 de
1104 2258 1239 2302 tetra
1264 2253 1420 2301 nocte
1449 2246 1530 2299 sui
1559 2244 1706 2299 orbis
1736 2242 1871 2295 lam-

282 2360 375 2413 pas
417 2345 715 2399 matutina.
772 2340 1023 2411 Baptizat
1068 2346 1253 2393 noster
1299 2336 1575 2408 Sylveswr
1628 2342 1869 2389 nostrum

280 2436 704 2491 Constantinum
734 2448 859 2488 cum
902 2432 1099 2502 inclyta
1128 2430 1284 2483 turba
1332 2427 1529 2481 ducum
1560 2432 1613 2479 et
1639 2424 1872 2495 optima-

283 2540 391 2583 tum
419 2540 589 2598 atque
615 2528 840 2595 copiosa
869 2522 1028 2594 plebe
1056 2521 1408 2576 credent‘um.
1444 2518 1522 2572 Ad
1554 2531 1739 2571 vocem
1777 2530 1871 2568 au-

285 2618 655 2681 καιιωίιυὶευί
686 2616 781 2672 Dei
811 2615 983 2687 aperti
1011 2622 1136 2670 sunt
1182 2612 1327 2676 cali,
1357 2619 1411 2667 et
1441 2610 1696 2664 Dominus
1719 2605 1875 2661 Jesus

284 2710 591 2767 columbam
645 2723 824 2771 suam,
875 2720 1036 2775 quam
1086 2702 1355 2775 quondam
1408 2699 1509 2755 sibi
1561 2700 1612 2752 in
1642 2695 1877 2752 Iordane

285 2798 439 2855 Pater
456 2800 529 2855 de
558 2798 719 2854 cteli‘
742 2797 1058 2852 testiﬁcatus
1089 2793 1251 2848 lilium
1278 2791 1441 2857 misit,
1478 2790 1601 2844 huic
1624 2788 1877 2857 adoptivo

286 2906 379 2949 suo
422 2889 643 2946 infudit.
676 2888 771 2944 illa
801 2887 1085 2943 descendit
1109 2883 1386 2956 splendido
1427 2882 1659 2936 tundore
1703 2887 1758 2934 et
1787 2894 1876 2934 re-

289 2982 485 3053 quievit
533 2982 593 3035 in
648 2987 905 3049 suscepto
936 2977 1068 3050 (At,
1119 2971 1453 3048 susceptore]
1501 2970 1727 3041 simplici
1782 2985 1882 3039 pu-

292 3073 445 3129 ritate
502 3071 666 3141 quasi
730 3070 891 3125 modo
957 3069 1137 3136 genito
1195 3067 1416 3121 infante.
1477 3063 1614 3118 lliuc
1672 3060 1881 3117 novella

294 3162 545 3227 Ecclesia,
575 3170 705 3233 past
736 3159 1070 3215 Dominicum
1101 3156 1515 3226 primogenitum
1548 3168 1611 3209 ac
1639 3150 1881 3219 unigeni-

1953 596 2205 662 castella,
2228 594 2425 664 quibus
2461 591 2787 647 dominicum
2829 604 3055 659 regnum
3094 594 3372 649 teneatur,
3400 583 3530 639 lihe-

1954 689 2136 744 raliter
2159 702 2222 743 ae
2250 685 2502 756 regaliter
2535 683 2734 757 passim
2772 682 3127 736 machinatur.
3160 677 3218 733 In
3253 675 3536 744 metropoli

1952 796 2050 846 sua
2084 780 2383 836 Salvatoris
2405 776 2705 839 basilicam,
2735 772 3030 841 Augustino
3071 787 3169 827 suo
3202 764 3538 824 condendam

1955 880 2011 927 et
2036 869 2439 942 possidendam,
2469 861 2919 936 opitulantissiiue
2942 859 3282 916 determinat.
3310 855 3367 911 In
3396 852 3543 923 ejui-

1956 963 2078 1017 dem
2090 976 2221 1017 vero
2242 956 2498 1015 suburbio
2509 953 2890 1011 monasterium
2914 952 3094 1021 regale
3112 944 3538 1019 etapostolicum

1958 1054 2231 1117 sublimat,
2261 1050 2407 1120 quod
2434 1048 2730 1103 antistitum
2760 1054 2816 1102 et
2845 1058 3031 1114 regum
3060 1056 3288 1110 corpora
3324 1041 3374 1094 iu
3398 1038 3540 1093 diem

1961 1144 2183 1201 vivillczc
2212 1140 2618 1196 resurrectionis
2644 1136 2928 1193 custodiat.
2948 1133 3201 1190 Condidit
3225 1140 3279 1186 et
3308 1140 3331 1167 ⁸
3364 1124 3547 1185 ωιυιΐι

1960 1235 2369 1301 still'ragaiieam,
2388 1241 2443 1286 et
2469 1227 2758 1283 Lundonia:
2781 1226 3138 1296 pontilicalem
3156 1221 3510 1278 hierarchiam
3526 1259 3543 1284 ,

1962 1324 2188 1394 aliisque
2218 1321 2348 1375 locis
2374 1316 2698 1389 opportunis
2727 1315 2986 1371 ecclesias
3010 1329 3074 1368 ac
3100 1312 3368 1367 omniibia.

2035 1412 2123 1467 24.
2166 1414 2305 1466 Ante
2331 1408 2510 1465 omnia
2534 1415 2713 1461 autem
2734 1404 2844 1473 jam
2875 1401 3261 1458 electissimum
3284 1414 3315 1451 a
3337 1411 3549 1452 summo

1964 1520 2101 1576 papa
2127 1500 2393 1570 Gregorio
2418 1498 2571 1565 Angu
2603 1497 2771 1551 tinum
2798 1533 2814 1557 ,
2854 1507 2975 1549 cum
3008 1486 3117 1546 tota
3148 1498 3266 1561 patr
3290 1504 3318 1541 a
3338 1527 3354 1550 ,
3388 1488 3551 1541 insat

1966 1592 2273 1651 consecrari
2303 1590 2403 1646 sibi
2426 1587 2747 1659 apostolum.
2774 1582 2970 1646 Atille,
3002 1582 3095 1650 qui
3130 1588 3278 1633 tanto
3312 1576 3550 1648 peregri-

1968 1684 2203 1739 nationis
2228 1680 2535 1736 discrimine
2566 1686 2832 1730 tantorum
2854 1673 3140 1743 quaesierat
3165 1670 3429 1730 salutem,
3454 1682 3553 1736 pro

1968 1775 2162 1843 quibus
2178 1788 2284 1827 non
2298 1778 2536 1839 surgeret
2560 1766 2763 1840 [Forte,
2785 1782 2891 1819 non
2914 1762 3141 1833 fugeret]
3164 1769 3417 1821 mortem,
3440 1775 3550 1813 non

1086 1852 1258 1941 ιῇιιυιῖέ
1306 1852 1585 1939 confes,”
1633 1852 1863 1939 ᾑυηιίηί,
1900 1872 1941 1931 Β
1972 1864 2156 1920 abnuit
2177 1862 2526 1935 principalem
2549 1860 2785 1931 perferre
2802 1858 3061 1912 laborem.
3091 1856 3170 1908 Ad
3188 1852 3557 1907 Arelatensem

1972 1951 2447 2025 archipizesulemb
2465 1950 2793 2016 Etherium,
2809 1946 3137 2003 ordinandus
3153 1945 3221 1998 ab
3249 1959 3337 2007 eo,
3366 1943 3554 1996 transit

1973 2063 2140 2109 mare.
2160 2047 2417 2101 obediens
2429 2044 2634 2099 scilicet
2650 2037 3219 2110 electioniapostolica:
3242 2045 3295 2090 et
3318 2033 3561 2105 petitioni

1972 2136 2363 2203 ecclesiastica,
2383 2137 2490 2191 imo
2507 2150 2635 2190 vero
2656 2132 3007 2203 assumptiuni
3028 2129 3331 2185 dominicam
3355 2125 3561 2179 Puere-

1973 2237 2166 2285 nerant
2183 2228 2346 2282 etiam
2364 2242 2486 2282 eum
2504 2226 2849 2293 (iregoriana:
2872 2222 3137 2292 epistolae,
3154 2234 3369 2288 semper
3386 2233 3480 2287 pro
3493 2231 3561 2269 eo

1975 2328 2030 2373 et
2054 2334 2151 2388 pro
2167 2318 2361 2371 amatis
2382 2315 2563 2384 Anglis
2594 2314 3027 2383 vigilantissimm.
3048 2310 3145 2363 Hic
3164 2310 3324 2379 igitur
3339 2306 3562 2376 primiti-

1974 2426 2071 2466 vus
2090 2409 2291 2477 Anglic
2308 2406 2611 2477 patriarcha
2631 2412 2997 2469 consecratur,
3022 2410 3078 2455 et
3101 2416 3223 2455 cuin
3253 2397 3565 2468 apostolicis

1977 2505 2218 2574 insignitis
2234 2504 2285 2557 in
2298 2501 2681 2571 sempiternam
2706 2496 3133 2556 benedictionem
3148 2508 3253 2547 sua:
3267 2490 3565 2545 hmreditati

1976 2596 2305 2661 regreditur,
2340 2609 2403 2648 ac
2425 2600 2624 2661 parata:
2638 2590 2750 2645 sedi
2776 2586 3121 2642 Doroberniae
3152 2585 3565 2639 inthronizatur.

2049 2704 2138 2759 25.
2182 2702 2318 2759 Tuzu
2350 2717 2480 2757 vero
2521 2701 2661 2755 illlrl‘
2699 2714 2888 2754 omnes
2933 2696 3295 2752 docendarum
3332 2694 3569 2761 gentium

1986 2794 2378 2849 sollicitudines
2406 2792 2582 2847 scelus
2611 2789 2903 2858 deputahat
2935 2787 3238 2856 ignavia~,si
3270 2785 3409 2841 beati
3437 2783 3571 2839 Grc-

1980 2886 2114 2956 gorii
2138 2887 2357 2949 animae,
2389 2896 2576 2938 sancto
2594 2881 2860 2936 desiderio
2888 2895 3181 2949 Sllapt'llSﬂE,
3210 2887 3353 2931 tanta
3380 2878 3571 2947 gaudia

1980 2978 2235 3034 dominici
2266 2976 2395 3031 lucri
2417 2977 2657 3030 tardaret
2674 2974 2937 3027 nuntiare.
2960 2972 3186 3025 Mittitur
3203 2987 3330 3039 ergo
3351 2970 3571 3025 lizittiattt

1984 3069 2377 3124 sacratissimus
2428 3064 2788 3131 Laurentius,
2839 3074 2967 3119 tunc
3018 3064 3317 3134 presbyter,
3373 3062 3569 3116 deinde

1986 3158 2127 3213 beati
2169 3158 2449 3226 Augustini
2507 3170 2789 3211 successor
2842 3154 3113 3219 eximius;
3168 3162 3223 3208 ct
3274 3168 3295 3193 ε
3347 3154 3574 3219 Petrus,

296 3264 400 3307 tum
436 3250 743 3316 Christum,
776 3248 1039 3316 gaudebat
1062 3246 1289 3316 psallere
1314 3245 1560 3315 amplexa
1607 3250 1878 3296 recentem

1987 3252 2177 3319 dignus
2192 3248 2552 3304 monasteriali
2574 3246 2885 3318 praelatione
2913 3246 3229 3312 monachus,
3252 3247 3340 3315 qui
3365 3246 3575 3315 Augus-

298 3354 475 3397 uatum
505 3359 518 3395 :
555 3340 700 3396 Puer
726 3348 854 3395 natu
910 3347 993 3392 est
1032 3338 1204 3396 nobis,
1240 3334 1376 3389 [ilius
1404 3337 1562 3389 datus
1588 3340 1673 3388 est
1702 3331 1879 3385 nobis.

299 3431 383 3488 Sic
408 3429 657 3487 directus
681 3441 764 3484 est
785 3429 1008 3499 spiritus
1032 3427 1239 3481 Domini
1262 3427 1315 3480 in
1348 3436 1534 3480 nostro
1559 3423 1723 3479 David
1746 3439 1775 3477 a
1798 3422 1884 3477 die

301 3526 385 3580 illo
408 3533 465 3579 et
497 3525 552 3577 in
606 3531 973 3594 perpetuum;
1020 3520 1374 3587 eumdemun
1413 3519 1781 3581 Salomonem,
1831 3517 1884 3571 in

306 3618 469 3671 lucem
520 3614 711 3686 populi
755 3614 872 3677 sui,
909 3613 1001 3665 Dii
1052 3611 1311 3680 sapientia
1342 3610 1648 3665 illustravit.
1682 3606 1737 3663 ln
1767 3608 1885 3664 solo

307 3715 474 3761 autem
505 3706 693 3775 priore
722 3704 887 3758 David
915 3704 1103 3757 decem
1132 3701 1294 3755 millia
1322 3710 1724 3771 computantur,
1754 3712 1807 3756 et
1832 3702 1886 3755 in

312 3808 482 3850 nostro
509 3796 632 3851 solo
662 3794 907 3865 principe
934 3793 1108 3862 ampla
1140 3793 1408 3846 [inmunia
1434 3793 1649 3847 Christo
1678 3794 1886 3848 manci-

314 3896 472 3953 patur.
506 3884 646 3938 Cum
679 3897 809 3951 ergo
840 3885 892 3937 in
925 3898 1031 3936 uno
1059 3894 1343 3952 peccatore
1367 3893 1614 3938 correcta
1643 3882 1890 3939 Salvator

317 3985 527 4030 testctur
539 3974 765 4045 angelos
787 3975 1043 4043 gaudere,
1065 3973 1202 4027 haud
1226 3975 1451 4029 absurde
1468 3975 1755 4039 credimus,
1777 3977 1888 4044 ipsa

316 4082 529 4137 superna
553 4067 767 4133 agmina
795 4103 812 4132 ,
844 4067 895 4119 in
922 4065 1023 4120 hoc
1049 4066 1254 4119 salvato
1275 4067 1471 4135 capite,
1504 4076 1628 4121 tunc
1651 4083 1890 4125 consono

314 4158 465 4220 juiilo
478 4158 845 4227 proclamasse
864 4156 1071 4210 :Cloria
1092 4155 1315 4213 Domino
1337 4162 1537 4224 mundi,
1552 4160 1674 4227 quia
1694 4160 1892 4216 factum

313 4260 390 4304 est
426 4254 480 4304 et
506 4264 735 4316 regnum
766 4247 1057 4317 Anglorum
1090 4247 1297 4303 Domini
1328 4252 1497 4305 nostri
1518 4250 1643 4307 Jesu
1672 4254 1888 4311 Christi.

378 4340 463 4394 23.
504 4339 721 4395 Exinde
747 4354 878 4408 ergo
909 4340 1250 4407 evangelicae
1287 4350 1595 4396 sanctorum
1622 4318 1890 4408 alumnus,

317 4441 367 4485 et
392 4431 672 4501 Augustini
708 4433 1057 4499 praeceptoris
1085 4429 1299 4498 adiutor
1326 4432 1726 4488 robustissimus
1745 4476 1758 4499 ,
1785 4440 1894 4503 jam

322 4541 415 4579 non
469 4539 628 4579 suum
686 4538 909 4590 regnum
940 4524 1171 4577 restituat
1230 4523 1371 4593 quod
1442 4525 1892 4595 administrabat;

1990 3344 2184 3399 tini‘nsi
2229 3341 2558 3396 monasterio
2607 3348 2731 3409 post
2771 3340 2935 3393 abbas
2974 3339 3216 3407 pratluxit
3254 3339 3489 3409 primus,
3521 3344 3578 3393 u’.

1989 3434 2151 3489 etiam
2176 3433 2263 3486 hic
2294 3441 2492 3485 mutua:
2519 3429 3000 3498 ceiigratu'ationis
3026 3430 3243 3483 nuntius
3271 3432 3503 3498 graviter
3527 3431 3578 3482 iii

1989 3526 2249 3595 plurimos
2306 3529 2646 3577 excresceret
2706 3520 2930 3575 fructus.
2990 3524 3347 3590 Augustinus,
3387 3520 3477 3589 qui
3526 3520 3579 3574 in

1990 3616 2157 3669 multa
2192 3614 2477 3667 lattabatur
2505 3626 2683 3666 messe
2709 3653 2724 3679 ,
2756 3614 2914 3666 anxie
2944 3612 3186 3679 queritur
3209 3612 3274 3664 de
3305 3612 3580 3679 operario-

1991 3721 2107 3759 rum
2174 3706 2483 3772 paueitate;
2531 3704 2596 3757 ad
2653 3702 2756 3758 hoc
2802 3702 2869 3757 de
2923 3703 3147 3757 diversis
3200 3702 3582 3770 quccstionibns

1992 3796 2224 3851 consulit
2250 3797 2484 3849 divinntn
2510 3796 2845 3862 Iiiagistruin,
2871 3796 3009 3849 unde
3034 3794 3289 3849 reformct
3312 3795 3580 3849 labantem

1995 3886 2277 3941 ecclesiam
2305 3894 2360 3939 et
2382 3887 2569 3939 rudem
2598 3887 2875 3955 populum.
2905 3886 2972 3938 At
3000 3888 3080 3939 vir
3100 3896 3404 3941 sanctorum
3435 3888 3581 3941 desi-

1994 3980 2265 4033 deriorum
2297 3977 2618 4049 Gregorius,
2651 3979 2740 4033 ubi
2766 3994 2941 4048 negem
2973 3979 3259 4035 Britannia:
3296 3996 3582 4036 consecra-

1996 4082 2106 4127 tum
2136 4073 2351 4127 Chri;-to
2382 4074 2565 4128 didicit
2593 4090 2714 4129 cum
2758 4091 2857 4130 suo
2904 4077 3069 4143 orbe,
3104 4077 3167 4130 ad
3207 4078 3432 4146 populus
3471 4088 3581 4131 tur-

1998 4166 2182 4219 matim
2238 4165 2572 4220 conﬂuentes
2636 4166 3020 4235 baptizantium
3078 4181 3267 4221 manus
3321 4168 3584 4233 deiicere,

1997 4256 2239 4311 fecundis
2268 4258 2408 4311 arvis
2438 4258 2671 4312 cultores
2703 4266 2910 4311 tantum
2940 4273 3003 4311 ac
3032 4260 3235 4313 semina
3275 4274 3583 4323 rarescere,

1999 4348 2267 4417 publiCam
2328 4346 2518 4400 famem
2558 4348 2805 4401 audiendi
2870 4348 3089 4401 verbum
3148 4349 3352 4402 Domini
3409 4349 3587 4405 multis

1999 4439 2312 4493 ductoribus
2342 4452 2439 4506 ego
2472 4454 2500 4493 e
2529 4456 2542 4503 ;
2576 4448 2777 4506 quanto
2819 4439 3014 4506 gaudio
3048 4438 3376 4494 Altissimum
3421 4440 3588 4494 bene-

2000 4531 2228 4595 dixerit,
2271 4540 2469 4599 quam
2522 4530 2801 4597 ﬂagrantia
2848 4531 3041 4584 mentis
3078 4541 3129 4584 et
3155 4534 3333 4594 vocis,
3378 4539 3436 4584 ut
3473 4529 3587 4585 lucc

321 4632 491 4669 verum
520 4616 640 4683 ejus
667 4615 752 4667 cui
792 4630 852 4668 se
887 4630 1011 4668 cum
1040 4614 1287 4669 omnibus
1316 4613 1425 4670 suis
1453 4616 1763 4680 dediderat;
1794 4620 1890 4687 ipsi
1924 4604 1975 4666 ἒ)
2004 4623 2335 4677 incrementa
2365 4622 2560 4675 lzetitize
2591 4630 2856 4689 perpetuo
2888 4622 3295 4688 rohorarentur,
3328 4624 3589 4692 impreca-

322 4710 416 4776 (ιθ)
452 4709 633 4777 potius
659 4705 926 4771 subjicere
960 4720 1024 4759 ac
1063 4706 1287 4761 dilatare
1316 4707 1551 4769 anhelat,
1576 4716 1697 4775 quia
1720 4711 1899 4764 omnia

322 4799 491 4853 mundi
521 4810 687 4863 regna
709 4812 809 4851 suo
838 4806 967 4850 nutu
993 4796 1285 4866 iustissime
1313 4800 1901 4869 dispensat;subjcctos

324 4888 412 4943 sibi
440 4889 599 4943 etiam
630 4900 787 4954 rcges
809 4897 859 4940 et
891 4887 1151 4955 populos,
1178 4904 1283 4943 non
1314 4890 1363 4942 vi
1386 4892 1477 4943 sed
1500 4891 1895 4957 benevolentia,

328 4989 377 5033 nt
402 4994 430 5034 a
456 4979 658 5034 sanctis
688 4977 1005 5031 ductoribus
1043 4978 1339 5044 didicerat,
1371 4980 1422 5033 in
1460 4980 1667 5035 dulcem
1704 4983 1900 5039 Christi

328 5070 567 5125 ditionem
598 5068 893 5122 transferre
919 5068 1354 5124 decertat.'l‘anta
1385 5086 1598 5141 quoque
1624 5084 1742 5128 erat
1770 5078 1895 5131 cha-

332 5166 445 5219 ritas
471 5164 523 5219 in
552 5174 743 5219 sancto
775 5178 842 5217 ac
883 5160 995 5216 Deo
1024 5164 1235 5217 amabili
1269 5180 1424 5234 rege,
1456 5178 1515 5220 ut
1540 5169 1821 5225 credentes
1847 5173 1899 5225 in

334 5253 749 5325 Redemptor-em,
776 5253 891 5321 jam
920 5268 1026 5305 non
1058 5252 1313 5308 clientum
1344 5258 1460 5311 vice
1496 5270 1772 5325 pensaret,
1806 5261 1900 5315 sed

334 5357 565 5415 tanquam
622 5346 821 5400 fratres
865 5353 922 5399 et
972 5345 1220 5399 ceucives
1274 5358 1562 5417 perpetuos
1606 5354 1756 5420 regni
1808 5355 1901 5409 Dei

337 5450 502 5506 magna
554 5436 1029 5506 congratulatione
1077 5451 1141 5489 ac
1186 5436 1473 5493 dilectione
1520 5441 1897 5512 adstringeret.

389 5588 555 5648 ,ηερ
598 5595 964 5656 conﬁgi:an
1012 5605 1154 5643 anno
1188 5589 1279 5643 601
1331 5606 1438 5659 quo
1485 5603 1691 5649 sanctus
1722 5597 1901 5650 Justus

323 5671 511 5717 matus
541 5673 623 5717 est
677 5660 963 5715 Rolfensis
1002 5661 1301 5729 episcopus,
1351 5672 1405 5715 et
1434 5677 1639 5718 sancms
1669 5667 1901 5722 dhllitns

318 5734 678 5791 Lnutlinensis.
730 5730 917 5803 Hujus
968 5730 1017 5783 τί
1049 5732 1411 5803 aindetlimus
1448 5731 1517 5785 24
1565 5735 1783 5803 Aprilis,
1835 5742 1902 5794 (ιο

306 5817 478 5863 sancto
503 5803 664 5859 Iusto
700 5799 987 5869 agendum
1020 5802 1120 5852 i‘i‘ll
1149 5802 1206 5851 Ill
1236 5801 1563 5857 Novembris.

2005 4721 2088 4765 tus
2123 4715 2186 4765 sit
2211 4752 2225 4775 ,
2252 4713 2370 4780 quis
2410 4710 2570 4778 digne
2612 4712 2898 4765 retulerit?
2946 4711 3047 4773 Te,
3098 4713 3299 4782 inquit,
3332 4714 3587 4777 Domine,

2004 4809 2284 4855 auctorem
2316 4802 2500 4854 salutis
2523 4801 2796 4863 omnium,
2830 4810 2880 4855 te
2904 4802 3198 4855 mirabilem
3223 4813 3275 4857 et
3296 4804 3589 4871 gloriosum

2004 4892 2057 4946 in
2095 4893 2290 4947 sanetis
2324 4894 2424 4946 tuis
2461 4902 2513 4945 et
2555 4894 2606 4946 in
2637 4894 2843 4946 cunctis
2886 4893 2989 4946 tuis
3029 4894 3491 4960 ini-orationibus,
3535 4905 3591 4947 ut.

2006 4988 2221 5053 fragiles
2266 4986 2571 5040 laudatores
2632 5001 2726 5055 per
2765 4986 2943 5038 omnia
2988 4986 3411 5052 niagnilicamns.
3457 4984 3592 5039 Ecce

2002 5080 2179 5137 enim,
2231 5092 2329 5145 per
2380 5076 2633 5129 humilem
2700 5076 2932 5143 legatum
2994 5084 3143 5128 tuum
3202 5076 3583 5145 Augustinum,

2000 5170 2271 5237 quondam
2304 5168 2539 5221 tumidus
2559 5206 2573 5231 ,
2601 5166 2710 5235 jam
2739 5166 3068 5220 subslraetus
3098 5178 3407 5224 sanctorum
3439 5170 3589 5237 pedi-

2011 5261 2111 5314 bus
2136 5260 2303 5313 servit
2332 5262 2611 5324 Oceanus;
2645 5267 2698 5312 et
2718 5259 2943 5312 barbara
2970 5259 3149 5326 lingua
3184 5258 3589 5326 Britannuejam

2006 5352 2056 5405 in
2101 5352 2211 5407 suis
2266 5350 2512 5405 laudibus
2558 5351 2799 5405 heurarus
2847 5350 3061 5403 alleluia
3106 5353 3266 5418 cmpit
3315 5364 3589 5405 resonare.

2010 5444 2269 5512 Suscipe,
2300 5449 2449 5497 sator
2478 5441 2890 5496 beneﬁciorum.
2936 5440 3139 5495 fructus
3173 5444 3355 5509 gratae
3396 5444 3589 5511 sempio

2080 5595 2105 5633 ἲ)
2138 5594 2251 5649 lmo
2310 5598 2580 5667 lr‘i'gi'lium,
2626 5606 2683 5651 ut
2727 5608 2853 5652 ante
2891 5599 3144 5661 diximus,
3189 5598 3288 5652 nisi
3318 5596 3595 5651 Etherius

2012 5666 2383 5735 Lugdunensis
2407 5669 2473 5721 sit
2497 5670 2915 5723 sulistitucndtis.

2086 5752 2103 5777 ε
2140 5738 2320 5791 δαιεειε
2354 5738 2498 5792 Petri
2528 5738 2735 5793 abbads
2764 5746 2891 5794 Acta
2918 5738 3161 5794 dedimus
3192 5738 3224 5792 ὓ
3252 5736 3470 5795 Januar.
