3874 6224
350 362 415 417 b7
1151 359 1455 417 SANCTUS
1492 354 1926 414 AUGUSTINUS
1966 352 2331 409 ANCLURUM
2371 355 2784 414 APOSTOLI‘S.
3529 359 3605 415 62

360 490 551 543 ternm,
580 491 741 548 quam
790 476 840 530 in
888 474 1049 545 ip<ius
1091 473 1359 529 uberrimo
1397 472 1648 543 plantasu
1675 477 1923 537 pectore;
1954 472 1998 525 A
2028 481 2119 536 pos
2152 467 2364 521 ordinet
2392 476 2447 522 et
2468 470 2867 539 metropolitani
2899 467 3199 541 perfruatur
3226 469 3608 547 Ιιθηοιιεςιιιιίει

360 570 562 642 suscipe
587 570 847 624 advenam
880 575 934 619 ct
962 566 1222 635 pupillum
1250 575 1398 619 tuum
1428 578 1548 617 cum
1585 561 1926 631 loquentibus

346 660 603 717 fratribus
648 660 792 721 suis,
837 671 957 712 cum
1001 658 1194 725 quibus
1238 658 1425 710 relicta
1475 655 1677 713 dumo.
1710 653 1880 722 patria
1908 694 1923 720 ,

350 752 667 818 Cognatione
687 788 702 813 ,
731 748 997 815 abnegato
1024 748 1233 816 seipso.
1264 753 1533 812 assumpta
1556 757 1743 802 crine.
1774 758 1925 797 secu-

352 852 436 896 tas
464 846 635 893 estte.
670 835 870 892 Potens
895 850 955 890 es
984 847 1037 891 et
1067 836 1235 904 ipeum
1266 833 1620 903 umltiplicare
1644 833 1693 886 in
1711 842 1925 901 gentem

352 935 799 997 magnam,post
842 926 1115 994 antiquum
1165 925 1467 979 auditorem
1510 933 1656 979 tuum
1704 924 1929 993 patriar-

348 1018 503 1075 cham
528 1032 547 1085 ;
591 1031 779 1070 onmes
819 1013 997 1070 autem
1024 1014 1365 1069 difficultates
1393 1024 1448 1069 et
1468 1015 1738 1083 angustias
1766 1028 1927 1067 sanc-

355 1118 530 1163 torum
558 1116 738 1173 tuum,
770 1105 1024 1167 Domine,
1055 1120 1269 1174 semper
1306 1114 1389 1161 est
1431 1115 1765 1174 temperare,
1793 1112 1847 1157 et
1877 1103 1927 1157 in

351 1200 610 1255 iuliuitum
655 1199 858 1251 lucrum
889 1195 1181 1250 transferre
1208 1198 1543 1265 gaudiorum.
1574 1195 1685 1251 llos
1710 1194 1931 1249 affectus

352 1300 588 1362 paterna:
622 1290 899 1343 cbaritatis
940 1290 1306 1343 sanctissimus
1360 1302 1496 1358 papa
1528 1287 1640 1341 Deo
1678 1287 1931 1341 aromati-

350 1398 493 1446 eans,
540 1380 685 1435 addit
740 1396 899 1434 orare
948 1380 1229 1433 Dominum
1278 1380 1492 1441 messis,
1542 1387 1599 1431 ut
1647 1376 1928 1431 consilium

347 1487 500 1524 suum
548 1471 769 1537 dirigat,
820 1484 926 1536 quo
967 1469 1073 1539 {AL
1105 1510 1119 1532 ,
1176 1466 1333 1535 quos]
1376 1466 1599 1520 idoneos
1646 1466 1925 1533 operarios

349 1561 400 1613 in
427 1574 651 1613 messem
691 1573 838 1611 suam
874 1558 1050 1610 mittat
1085 1555 1211 1626 μή,
1247 1552 1447 1623 mittit].
1470 1553 1633 1621 Igitur
1661 1554 1930 1621 aspirante

345 1663 570 1718 superna
594 1646 946 1717 providenda,
991 1646 1328 1698 destinantur
1364 1660 1485 1698 cum
1531 1644 1930 1712 praenominatis

349 1741 562 1807 legatis,
598 1738 882 1792 Laurentio
930 1746 985 1790 et
1030 1735 1209 1799 Petro,
1255 1734 1437 1788 eximii
1486 1736 1742 1789 virtutum
1792 1735 1930 1800 viri,

2028 556 2077 611 ei
2107 573 2342 628 quoque,
2373 558 2416 611 si
2440 559 2543 610 vita
2557 574 2739 614 comes
2767 561 2941 627 fuerit,
2968 561 3183 631 pallium
3214 561 3468 628 tribucre,
3498 565 3610 623 Do.

2029 645 2176 701 mino
2207 646 2441 707 lavente,
2491 645 2856 715 disponimus:
2878 664 3038 717 quem
3069 657 3246 703 tamen
3275 656 3380 703 tua:
3407 649 3609 709 frater.

2030 736 2211 792 uitatis
2232 736 2474 791 volumus
2503 735 2836 805 dispositioni
2881 738 3180 807 sulijaeere.
3234 736 3361 793 l‘ost
3395 737 3609 798 obitum

2030 843 2161 883 vero
2186 836 2332 881 tuum
2378 827 2447 879 ita
2492 827 2776 898 episcopis,
2825 841 2965 896 quos
3010 828 3355 899 ordinaverit,
3404 829 3609 899 praesit,

2029 928 2090 972 ut
2119 917 2507 973 Lundoniensts
2555 916 2792 988 episcopi
2839 916 2985 971 nullo
3010 918 3170 973 modo
3217 918 3494 989 subjaceat
3519 918 3613 973 di-

2032 1012 2164 1067 tioni
2190 1031 2204 1066 :
2234 1013 2300 1067 sit
2322 1028 2451 1068 vero
2502 1012 2640 1066 inter
2667 1010 2957 1065 Lundoniae
2985 1018 3040 1062 et
3090 1008 3343 1066 Eboraca:
3376 1011 3611 1079 civitatis

2032 1104 2313 1173 episcopos
2342 1104 2686 1171 imposterum
2718 1101 2939 1156 honoris
2963 1100 3061 1155 ista
3092 1100 3383 1168 distinctio,
3411 1112 3469 1157 ut
3492 1102 3617 1171 ipse

2031 1194 2180 1261 prior
2205 1193 2468 1246 habeatur
2493 1193 2585 1260 qui
2628 1192 2778 1262 prius
2809 1190 2966 1245 fuerit
2994 1190 3292 1247 ordinatus.
3320 1190 3611 1247 Communi

2032 1292 2208 1336 autem
2239 1284 2386 1336 cnnsi
2412 1283 2462 1335 in
2490 1292 2544 1336 et
2569 1281 2826 1335 concordi
2868 1282 3078 1337 actione
3106 1297 3339 1353 quasque
3357 1292 3483 1339 sunt
3510 1299 3613 1353 pro

2032 1371 2230 1425 Christi
2261 1371 2377 1424 zelo
2407 1370 2609 1438 agenda
2631 1370 2920 1440 disponant
2940 1374 3281 1439 unanimiter,
3312 1381 3461 1429 recte
3484 1388 3617 1430 sen-

2034 1464 2187 1527 tiant,
2217 1471 2271 1517 et
2304 1477 2366 1515 ea
2405 1476 2521 1528 qum
2563 1462 2830 1516 senserint
2870 1477 2977 1516 non
3005 1463 3222 1519 sibimet
3259 1464 3615 1534 discrepando

2033 1553 2343 1624 perficiant;
2379 1562 2466 1608 tua
2497 1569 2625 1609 vero
2648 1553 2953 1609 fraternitas
2983 1568 3090 1607 non
3124 1554 3299 1608 solum
3338 1568 3435 1609 eos
3461 1555 3615 1625 epis-

2034 1661 2202 1716 copos
2227 1662 2364 1716 quos
2383 1644 2729 1709 ordinaverit,
2764 1659 2939 1716 neque
2965 1644 3065 1699 bos
3088 1643 3485 1709 tantummodo,
3516 1646 3616 1715 qui

2038 1751 2131 1805 per
2161 1736 2412 1792 Eboraeze
2439 1736 2747 1806 episcopum
2792 1734 2991 1790 fuerint
3028 1735 3289 1802 ordinati;
3328 1734 3422 1789 sed
3444 1738 3614 1790 etiam

346 1829 597 1892 Meditus,
628 1828 827 1891 Justus,
855 1837 879 1863 ι
910 1826 1188 1885 Pauanns,
1223 1824 1555 1888 Ruﬁnianus,
1580 1841 1674 1879 seu
1699 1835 1931 1894 quatuor
1962 1833 2005 1891 Β
2035 1844 2220 1883 omnes
2250 1828 2533 1883 Britanni-.1:
2563 1827 2871 1882 sacerdotes
2896 1826 3113 1892 haheat,
3146 1826 3258 1881 Deo
3286 1832 3344 1882 et
3380 1823 3614 1881 Domino

345 1919 742 1988 evangeliorum
792 1931 1085 1986 praecones.
1138 1914 1248 1968 llos
1286 1916 1574 1969 comitatur
1622 1929 1730 1970 non
1782 1915 1927 1968 rudis

347 2010 501 2064 turba
528 2008 958 2077 evangeliciirnm
1004 2006 1363 2059 ministrorum
1399 2014 1454 2058 et
1480 2014 1890 2073 cooperatorum
1910 2047 1924 2073 ,

342 2099 434 2167 qni
467 2098 686 2152 terribili
729 2098 844 2152 acie
884 2096 1137 2165 diripiant
1180 2104 1355 2148 castra
1397 2095 1718 2149 dmmouum.
1764 2093 1927 2160 Quid-

347 2188 475 2255 quid
501 2188 640 2242 euitn
675 2186 842 2240 visum
865 2193 949 2239 est
969 2193 1331 2262 opportunum
1356 2184 1409 2239 in
1431 2184 1577 2240 cultu
1606 2194 1661 2239 et
1688 2185 1929 2241 ministe-

343 2277 427 2331 rio
454 2275 719 2338 ecclesiae,
740 2275 791 2328 in
825 2274 965 2329 vasis
985 2274 1155 2329 sacris
1173 2314 1187 2339 ,
1216 2274 1268 2328 in
1295 2275 1624 2344 paramentis
1648 2274 1925 2340 altarium,

345 2369 398 2422 in
430 2368 755 2423 ornamentis
776 2366 1141 2430 ecclesiarum,
1170 2368 1219 2418 in
1242 2365 1925 2434 sacerdotalibusinduviis,

343 2459 398 2515 in
446 2456 697 2528 pretiosis
744 2464 1052 2511 sanctorum
1100 2455 1467 2525 apostolorum
1523 2464 1577 2510 et
1633 2460 1925 2527 martyrum

353 2547 594 2618 reliquiis
614 2586 629 2611 ,
675 2548 725 2601 in
751 2546 1030 2602 codicibus
1070 2546 1312 2617 plurimis
1335 2589 1350 2613 ,
1397 2547 1450 2601 in
1478 2547 1720 2618 qualibet
1748 2563 1924 2604 rerum

342 2641 639 2698 divinarum
668 2638 931 2708 elegantia
954 2639 976 2675 b
996 2654 1217 2709 prorsus
1244 2639 1473 2708 aggessit
1491 2640 1929 2709 praeclaris-geru-

341 2732 407 2789 lis
435 2731 682 2788 litteratis
701 2731 819 2803 (sic)
848 2727 1090 2800 Gregorii
1122 2729 1412 2798 vigilantia.
1449 2728 1530 2784 Ad
1557 2729 1661 2785 hoc
1690 2729 1929 2799 praemis-

339 2835 524 2877 sarum
553 2820 904 2891 qutnstionum
944 2834 1008 2875 ac
1051 2818 1529 2888 interrogationum
1559 2818 1736 2875 lucide
1760 2835 1927 2888 expo-
1959 2890 1962 2893 λ

340 2909 442 2965 sita
488 2909 632 2966 misit
664 2924 943 2980 responsa,
974 2923 1095 2978 qua:
1131 2909 1218 2963 hic
1257 2917 1350 2967 aut
1381 2908 1545 2965 dilata
1576 2918 1673 2966 aut
1702 2920 1926 2981 praeter--

342 3000 538 3066 missa,
588 3000 742 3069 plene
794 3014 889 3069 rep
906 2999 1029 3054 \ries
1076 2999 1128 3052 in
1185 2997 1348 3053 Beda.
1396 2997 1571 3071 Super
1591 2999 1705 3054 lucc
1744 2999 1924 3055 omnia

341 3087 557 3145 additur
581 3088 695 3144 hau:
719 3087 1033 3148 apostolica:
1063 3087 1430 3157 praerogativa:
1455 3087 1704 3158 epistola.

2038 1927 2221 1971 nostro
2250 1917 2374 1972 Jesu
2396 1915 2609 1972 Christo
2631 1915 3172 1985 auctore,'suhjeetos
3197 1934 3211 1969 :
3242 1927 3517 1985 quatenus
3543 1929 3611 1970 ex

2032 2009 2208 2075 lingua
2239 2018 2295 2061 et
2340 2009 2449 2061 vita
2484 2015 2588 2062 tuae
2642 2008 2943 2062 sanctitatis
2982 2017 3037 2062 et
3075 2017 3222 2064 recte
3264 2006 3517 2064 credendi
3559 2016 3617 2062 et

2030 2101 2168 2155 bene
2211 2101 2425 2154 vivendi
2474 2099 2701 2155 formam
2751 2100 3086 2171 percipiant,
3146 2109 3308 2170 atque
3377 2100 3613 2157 oflicitnu

2030 2206 2185 2247 suum
2216 2189 2319 2245 fide
2349 2205 2413 2246 ac
2441 2191 2679 2245 moribus
2699 2200 3081 2262 exsequentes,
3106 2191 3170 2245 ad
3200 2191 3463 2257 coelestia,
3486 2206 3614 2247 cum

2032 2280 2290 2337 Dominus
2319 2282 2565 2349 voluerit,
2597 2297 2759 2351 regna
2784 2283 3107 2351 pertingant.
3136 2281 3275 2338 Deus
3321 2289 3375 2336 te
3403 2281 3614 2338 incolu-

2029 2386 2153 2427 men
2181 2373 2452 2428 custodiat
2473 2411 2488 2436 ,
2522 2373 2954 2428 reverentissime
2986 2373 3170 2429 frater.
3218 2373 3350 2427 Data
3392 2373 3481 2429 die
3507 2372 3610 2429 de-

2028 2461 2165 2515 cima
2186 2459 2543 2516 Kalendarum
2570 2459 2852 2524 Juliaruui,
2886 2460 3187 2529 imperante
3213 2459 3435 2517 domino
3479 2476 3607 2517 nos-

2030 2559 2114 2607 tro
2138 2551 2392 2608 Mauricio
2420 2550 2636 2607 Tiberio
2683 2551 2924 2621 piissimo
2973 2551 3235 2620 Augusto,
3266 2564 3409 2605 anno
3461 2563 3609 2605 nono

2028 2643 2263 2710 decimo,
2295 2652 2416 2712 post
2453 2644 2788 2700 consulatum
2818 2641 3057 2711 ejusdem
3100 2639 3306 2697 domini
3332 2654 3476 2695 anno
3517 2655 3612 2696 oc-

2030 2742 2154 2790 tavo
2174 2734 2407 2803 decimo,
2436 2730 2727 2789 indiCtione
2746 2739 2936 2801 quarta
2966 2727 3015 2785 δ.

2098 2843 2187 2898 27.
2230 2841 2346 2898 Jam
2385 2852 2636 2900 onu:tum
2682 2841 2992 2915 apostolicis
3038 2840 3231 2911 opibus
3269 2838 3609 2896 Dominicum

2028 2933 2439 2989 contubernium
2467 2932 2679 3001 longius
2704 2937 3032 2997 excesserat,
3081 2943 3182 2985 nec
3217 2928 3427 2984 animus
3470 2926 3608 2982 Gre-

2028 3025 2164 3095 gorii
2209 3033 2401 3080 euntes
2427 3023 2678 3095 prosequi
2706 3031 2916 3088 cessat,
2968 3020 3094 3092 quia
3123 3020 3355 3076 rharitas
3401 3017 3607 3074 infinita

2031 3114 2186 3170 linire
2233 3114 2403 3171 nescit
2457 3112 2716 3183 obsequia
2747 3099 2885 3184 (Lib.
2919 3126 2997 3179 rx,
3023 3128 3106 3177 ep.
3133 3110 3247 3180 7i).
3302 3110 3498 3167 lterum
3539 3109 3607 3166 de

409 3199 497 3256 96.
518 3199 979 3256 Reverendissimo
1002 3207 1059 3255 et
1079 3198 1423 3255 sanctissimo
1450 3196 1601 3253 fratri
1627 3198 1924 3269 Augustino
1948 3199 2000 3265 (ἶ
2031 3201 2327 3271 Augustino
2354 3217 2477 3268 suo,
2505 3200 2703 3257 iterum
2756 3201 2824 3256 de
2846 3199 2957 3257 suis
2981 3198 3167 3269 Anglis
3214 3197 3413 3262 unicas.
3448 3213 3607 3255 curas

341 3293 661 3361 coepiscopo
688 3288 999 3359 Gregorius,
1023 3304 1214 3345 servus
1233 3304 1513 3345 servorum
1538 3288 1632 3345 Dei
1659 3289 1796 3359 (Lib.
1829 3305 1924 3359 xu,

341 3381 512 3454 Epist.
545 3380 654 3455 ιδ).
705 3378 841 3436 Cum
871 3390 1075 3436 certum
1121 3381 1231 3445 sit,
1264 3397 1361 3451 pro
1390 3382 1763 3452 omnipotente
1816 3382 1927 3439 Deo

342 3471 708 3529 laborantibus
757 3469 1040 3526 ineffabilia
1087 3473 1273 3526 (sterni
1303 3472 1456 3541 regni
1498 3474 1716 3542 pratmia
1747 3487 1924 3528 reser-

341 3560 487 3616 vari:
517 3560 668 3616 nobis
697 3570 875 3615 tamen
901 3561 980 3616 eis
1012 3574 1229 3637 necesse
1257 3568 1341 3616 est
1367 3561 1633 3617 bonorum
1662 3561 1925 3618 beneficia

343 3652 602 3718 tribuere,
630 3661 690 3705 ut
710 3652 963 3721 spiritalis
983 3652 1161 3721 operis
1186 3653 1366 3708 studio
1396 3669 1465 3708 ex
1489 3654 1928 3709 remuneratione

344 3741 511 3798 velint
555 3741 641 3814 [At
685 3780 701 3806 ,
729 3740 961 3811 valeant]
1007 3741 1351 3810 multiplicius
1396 3742 1666 3799 insudare.
1700 3743 1768 3797 Et
1802 3744 1927 3813 quia

345 3848 484 3889 nova
528 3832 817 3901 Anglorum
872 3832 1097 3886 ecclesia
1129 3830 1195 3884 ad
1240 3834 1622 3901 omnipotentis
1671 3833 1765 3888 Dei
1805 3847 1921 3903 gra-

344 3922 495 3983 tiam,
540 3921 728 3976 eodein
768 3919 997 3975 Domino
1020 3920 1278 3991 largiente
1312 3930 1369 3976 et
1390 3929 1442 3977 te
1473 3922 1765 3989 laborante,
1798 3939 1924 3994 per-

344 4010 503 4066 ducta
518 4018 629 4077 est;
658 4024 809 4064 usum
835 4010 927 4064 tibi
956 4010 1106 4080 pallii
1133 4011 1266 4065 inea
1298 4009 1363 4064 ad
1392 4011 1507 4066 sola
1529 4013 1808 4067 missarum
1835 4028 1925 4069 su-

345 4099 538 4156 lemnia
560 4099 760 4168 agenda
784 4100 1165 4166 Concedimus,
1210 4101 1283 4155 ita
1315 4108 1375 4154 ut
1420 4116 1515 4171 per
1556 4101 1672 4157 loca
1718 4103 1925 4171 singula

348 4188 631 4243 duodecim
663 4189 946 4258 episcopos
974 4190 1140 4243 ordine
1161 4206 1207 4256 s,
1260 4190 1351 4260 qui
1380 4198 1483 4243 tute
1507 4191 1817 4260 subiaceant
1845 4192 1927 4246 di-

342 4278 479 4333 tioni
505 4295 519 4331 :
550 4289 817 4347 quatenus
853 4276 1243 4333 Lundoniensis
1292 4290 1315 4318 ε
1369 4278 1600 4335 civitatis
1644 4281 1927 4350 episcopus

342 4384 557 4439 semper
585 4369 638 4423 in
663 4377 931 4439 posterum
960 4385 992 4424 a
1020 4370 1223 4441 synodo
1260 4372 1473 4441 propria
1504 4371 1700 4427 debeat
1728 4386 1924 4428 conse-

344 4462 502 4525 crari,
528 4468 692 4529 atque
721 4459 938 4515 honoris
961 4460 1175 4528 pallium
1199 4462 1264 4515 ab
1294 4462 1392 4516 hac
1420 4472 1604 4517 sancta
1632 4470 1687 4518 et
1706 4470 1927 4533 aposto-

2032 3304 2292 3363 renovat;
2325 3294 2466 3350 unde
2492 3301 2549 3350 et
2576 3294 2714 3351 hanc
2741 3294 3022 3365 epistolam
3049 3301 3461 3363 prtememorato
3503 3308 3603 3350 ve-

2033 3384 2255 3440 nerabili
2304 3383 2506 3439 Mellito
2533 3382 2787 3439 destinat.
2837 3382 3198 3439 Dilectissimo
3243 3381 3356 3439 ﬁlio
3403 3381 3607 3440 Mellito

2029 3474 2229 3542 abbati,
2264 3473 2571 3544 Gregorius,
2611 3488 2798 3529 servus
2817 3488 3098 3529 servorum
3121 3472 3234 3528 Dei.
3258 3472 3387 3529 Post
3407 3471 3608 3531 dim

2028 3566 2237 3623 sionem
2266 3563 2703 3635 congregationis
2731 3570 2946 3629 nostrae,
2979 3577 3099 3634 qua:
3124 3571 3300 3619 tecum
3326 3571 3426 3628 est,
3451 3562 3608 3620 valde

2030 3670 2219 3711 sumus
2273 3654 2521 3723 suSpensi
2550 3653 2767 3720 redditi,
2789 3653 2916 3723 quia
2956 3652 3086 3708 nihil
3133 3652 3202 3709 de
3246 3653 3608 3723 prosperitate

2033 3748 2202 3803 vestri
2235 3747 2440 3803 itineris
2461 3747 2676 3801 audisse
2719 3761 2819 3801 nos
2845 3746 3091 3814 contigit.
3122 3744 3255 3800 Cum
3304 3758 3434 3814 ergo
3464 3743 3607 3800 Deus

2030 3839 2373 3909 omnipotens
2400 3852 2497 3893 vos
2525 3837 2590 3891 ad
2614 3836 3121 3892 reverendissimum
3164 3836 3335 3890 virum
3379 3833 3604 3890 fratrem

2031 3939 2273 3985 nostrum
2295 3927 2659 3996 Augustinum
2706 3925 3018 3996 episcopum
3058 3924 3390 3995 perduxerit,
3437 3923 3605 3979 dicite

2028 4019 2077 4076 ei
2124 4019 2253 4087 quid
2305 4017 2395 4073 diu
2456 4032 2669 4073 mecum
2698 4015 2765 4071 de
2791 4030 2956 4072 causa
3009 4014 3311 4085 Anglorum
3361 4014 3606 4084 cogitans

2029 4110 2287 4175 tractavi;
2323 4108 2587 4175 videlicet,
2640 4109 2764 4181 quia
2805 4106 2928 4162 fana
2973 4107 3243 4163 idolorum
3286 4106 3492 4162 destrui
3546 4108 3602 4161 in

2027 4200 2217 4257 eadem
2246 4207 2405 4268 gente
2435 4201 2657 4257 minime
2677 4199 2927 4266 debeant,
2958 4199 3054 4254 sed
3105 4198 3221 4269 ipsa
3267 4213 3386 4270 quae
3410 4198 3467 4253 in
3521 4198 3606 4253 eis

2027 4303 2153 4349 sunt
2199 4293 2341 4349 idola
2396 4294 2763 4357 destruantur,
2811 4307 2950 4362 aqua
2988 4292 3273 4348 benedicta
3299 4292 3354 4347 in
3398 4290 3603 4361 eisdem

2026 4383 2165 4439 fanis
2192 4393 2527 4455 aspergatur,
2554 4383 2741 4438 altaria
2760 4390 3165 4450 construantur,
3188 4381 3425 4451 reliquias
3449 4396 3604 4438 com-

2026 4484 2313 4545 ponantur.
2346 4475 2481 4542 Quia
2503 4474 2548 4531 si
2579 4473 2701 4529 fana
2729 4472 2917 4528 eadem
2951 4472 3091 4527 bene
3118 4480 3425 4529 constructa
3450 4482 3599 4539 sunt,

342 4550 477 4613 lica,
508 4551 594 4606 cui
644 4549 756 4605 Deo
783 4559 1005 4606 auctore
1045 4551 1307 4619 deservio,
1335 4554 1461 4610 sede
1509 4556 1795 4627 percipiat.
1844 4556 1923 4611 Ad
1954 4574 2010 4638 ι)
2034 4581 2251 4623 necesse
2280 4575 2362 4622 est
2390 4575 2451 4621 ut
2477 4581 2509 4621 ε
2547 4564 2694 4621 cultu
2721 4563 3023 4618 dremonum
3069 4564 3123 4619 in
3169 4563 3424 4635 obsequia
3484 4565 3600 4622 veri

343 4640 641 4699 Eboracum
669 4657 795 4697 vero
818 4643 1089 4698 civitatem
1113 4652 1166 4697 te
1190 4646 1432 4700 volumus
1452 4646 1763 4718 episcopum
1792 4648 1915 4703 mit-

344 4739 461 4787 tere
482 4746 643 4800 quem
666 4731 775 4801 ipse
791 4731 1112 4800 judicaveris
1142 4734 1271 4807 [Al.,
1289 4735 1626 4809 iudicaveris]
1642 4739 1877 4794 ordinari
1898 4756 1912 4793 :

345 4822 420 4877 ita
451 4822 723 4887 duntaxat,
758 4823 875 4879 utsi
902 4823 1090 4878 eadem
1117 4825 1305 4878 civitas
1332 4840 1452 4878 cum
1502 4824 1740 4882 finitimis
1789 4829 1917 4883 locis

344 4910 576 4966 Verbum
598 4912 689 4968 Dei
714 4913 995 4981 receperit,
1028 4914 1141 4981 ipse
1166 4928 1380 4983 quoque
1406 4914 1686 4973 duodecim
1708 4918 1919 4989 episco-

418 5094 443 5122 η
473 5083 548 5139 Ex
575 5085 659 5140 bis
679 5094 882 5141 sanctus
919 5086 1202 5150 Paulinus,
1236 5096 1421 5155 postea
1452 5086 1801 5150 Eboracensis
1825 5108 1916 5148 ar-

346 5155 721 5224 chiepiscopus
744 5165 977 5221 creatus,
1015 5157 1212 5211 colitur
1241 5155 1306 5209 10
1334 5158 1597 5212 Octobris.

417 5227 441 5264 ι’
472 5224 881 5299 Ιηῌῃιοηιιεμεῖίο
909 5225 1325 5299 Aldingboﬂ'ensi
1372 5225 1697 5283 Paderbonm
1720 5229 1916 5299 duplex

340 5296 607 5363 portatilis
629 5311 719 5349 ara
746 5295 907 5367 instar
929 5297 1108 5367 arcula
1128 5305 1391 5362 servatur,
1416 5305 1470 5351 et
1495 5306 1719 5367 utroque
1740 5295 1919 5355 credi-

345 5372 432 5435 Ψι-
476 5380 545 5419 ex
586 5380 647 5419 ea
700 5365 1066 5435 suppel'ectile
1108 5382 1259 5422 sacra
1287 5381 1437 5432 esse,
1485 5365 1648 5435 quam
1701 5380 1920 5426 sanctus

343 5432 630 5507 Gregorius
653 5434 948 5497 Augustino
980 5435 1119 5507 misit
1146 5453 1161 5488 :
1191 5437 1404 5505 utrique
1427 5452 1455 5489 a
1485 5432 1567 5507 pia
1601 5440 1920 5505 posteritate

341 5501 552 5577 additus
588 5514 958 5573 argenti-arum
1001 5501 1335 5577 bractearum
1392 5516 1446 5562 et
1485 5501 1736 5575 lapidum
1790 5524 1918 5577 pre-

338 5572 600 5642 tiosorum
658 5572 921 5637 ornatus,
966 5575 1178 5642 utrique
1228 5576 1389 5631 variae
1433 5572 1649 5631 inclusae
1702 5572 1920 5633 sancto-

337 5654 463 5697 rum
496 5641 762 5718 reliquus,
805 5646 1021 5718 utrique
1073 5641 1331 5718 versibus
1358 5645 1589 5718 Leoniui
1628 5648 1920 5718 concripti

335 5710 673 5839 :;Ibf::l.IOI—:
732 5714 885 5771 unius
933 5710 1131 5772 'antem
1190 5715 1442 5773 notabilis
1501 5717 1785 5787 inscriptio
1841 5710 1920 5773 sic

2022 4656 2151 4731 [Al.,
2184 4654 2306 4729 viri]
2343 4657 2437 4711 Dei
2462 4655 2693 4712 debeant
2725 4653 3067 4721 commutari,
3104 4662 3163 4709 ut
3186 4642 3316 4710 dum
3334 4668 3468 4724 gens
3484 4654 3599 4725 ipsa

2020 4746 2205 4802 eadem
2237 4746 2355 4801 fana
2385 4760 2480 4801 sua
2511 4760 2618 4800 non
2646 4744 2793 4799 videt
2814 4742 3038 4813 destrui,
3078 4743 3147 4799 de
3174 4744 3335 4801 corde
3359 4758 3599 4801 errorem

2020 4836 2279 4905 deponat;
2310 4845 2366 4891 et
2392 4836 2559 4891 Deum
2603 4849 2789 4889 verum
2810 4849 3139 4904 cognoscens
3167 4844 3222 4891 et
3240 4836 3502 4898 adorans,
3533 4834 3600 4893 ad

2021 4922 2137 4979 loca
2178 4940 2297 4995 qua:
2350 4926 2631 4982 consuevit
2676 4923 2989 4981 familiarius
3033 4934 3337 4982 concurrat.
3372 4922 3437 4978 Et
3475 4924 3599 4995 quia

2149 5096 2254 5145 Prae
2276 5095 2459 5145 cunctis
2484 5092 2579 5140 aris
2602 5091 2706 5140 haec
2731 5089 3033 5154 Gregoriana
3051 5090 3261 5154 vocaris,

2210 5159 2251 5207 A
2274 5170 2371 5218 quo
2390 5156 2616 5218 sacraris,
2641 5165 2763 5218 gens
2786 5151 2910 5218 pe'tit
2934 5152 3117 5218 Augla,
3134 5151 3265 5218 darts
3287 5166 3294 5173 ·

2149 5218 2263 5269 Post
2287 5212 2379 5266 huc
2402 5215 2626 5276 portaris,
2654 5212 2731 5276 hic
2753 5212 2948 5263 ossibus
2968 5212 3241 5271 associaris,

2209 5280 2323 5329 Cum
2348 5271 2523 5340 quibus
2548 5271 2657 5325 esSe
2682 5273 2795 5323 faris
2816 5278 2886 5324 vis
2908 5276 3170 5335 merithue
3195 5271 3323 5333 paris

2100 5376 2122 5405 ο
2150 5362 2276 5417 Erat
2296 5361 2570 5417 notissima
2592 5359 2687 5424 uti,
2713 5359 2950 5414 etianum
2972 5356 3201 5412 esturbs
3225 5352 3594 5424 Londinensts,

2025 5437 2114 5491 cui
2141 5434 2381 5501 designat
2402 5433 2586 5503 sedem
2612 5427 3159 5503 arc‘biepiscopalem,
3186 5428 3595 5503 _verutn_set_luli-

2027 5514 2137 5559 tate
2191 5497 2361 5557 sancti
2387 5499 2710 5556 fEtltelberti
2769 5497 2951 5565 regis,
2988 5504 3043 5550 et
3096 5497 3287 5565 civium
3336 5497 3595 5553 charitatn

2024 5583 2212 5643 captus
2258 5581 2475 5643 sanctus
2512 5563 2865 5643 Augustinus}
2914 5563 3249 5643 Cantuariam
3276 5566 3494 5643 “elegit,
3545 5576 3595 5624 et

2026 5636 2105 5700 ibi
2118 5642 2277 5697 sedes
2295 5637 2762 5710 archiepiscopalis
2785 5650 2909 5691 cum
2924 5636 3065 5692 sedis
3081 5636 3389 5706 apostolica:
3401 5650 3595 5710 appro-

2024 5712 2244 5771 batione
2273 5708 2587 5779 permansit.

2096 5782 2124 5821 ⁴
2147 5780 2195 5839 Is
2213 5772 2299 5839 est
2323 5792 2496 5835 anuus
2514 5774 2715 5834 Christi
2740 5772 2863 5830 θοι.
