3874 6224
280 378 342 423 C'l
1525 386 1675 439 \'l1‘.\
1716 381 1959 439 SANC'H
2003 380 2393 437 AUGIISTINI.
3119 402 3126 409 '
3505 385 3572 441 70

276 504 439 557 turres
462 502 643 558 solent
667 507 723 559 in
752 505 1029 560 sacriﬁcio
1047 503 1354 556 llmmonnm
1386 497 1580 552 multus
1608 496 1878 555 occidere,

1996 517 2108 572 dum
2138 516 2469 579 ostenderet,
2505 530 2612 569 non
2638 515 2900 585 sapientia
2932 514 3231 579 hominum,
3262 514 3355 570 sed
3384 531 3480 573 sua
3507 535 3567 573 se

286 597 444 648 debet
468 595 631 651 etiam
658 597 750 651 bis
770 597 843 650 de
861 614 921 649 re
942 594 1233 661 liaculiqna
1257 582 1884 647 solemnilasinnnutari;

290 697 351 739 ut
378 685 465 741 die
502 685 878 741 tlrdicatinnis
910 683 994 738 vel
1039 682 1291 737 natalitiis
1318 687 1625 734 sanctorum
1680 680 1886 741 marty-

286 792 427 839 rum,
442 792 672 846 quorum
697 776 811 830 illic
840 774 1085 845 reliquiae
1109 782 1399 843 ponuntur,
1421 764 1764 845 tabernacula
1785 763 1886 819 sibi

287 868 432 921 eirea
453 866 673 922 easdem
696 867 961 923 ecclesias
985 882 1103 937 qua:
1123 882 1190 921 ex
1214 865 1349 918 fanis
1373 867 1645 917 commuta
1655 865 1722 912 te
1740 864 1883 920 sunt,

290 962 360 1013 de
388 959 547 1014 ramis
575 959 832 1013 arborum
865 960 1094 1026 faciant,
1118 966 1175 1012 et
1216 954 1480 1021 religiosis
1504 950 1769 1006 conviviis
1790 964 1884 1005 so-

292 1046 625 1102 lemnitatem
647 1047 966 1104 celebrent:
1000 1062 1099 1101 nec
1125 1044 1339 1099 diabolo
1364 1040 1476 1110 jam
1498 1039 1750 1095 animalia
1791 1039 1889 1093 im-

292 1138 517 1201 molent,
540 1136 637 1191 sed
664 1137 731 1191 ad
764 1138 978 1193 laudem
1028 1134 1120 1189 Dei
1154 1134 1206 1187 in
1229 1147 1382 1189 esum
1435 1145 1589 1185 suum
1636 1128 1888 1184 animalia

294 1229 564 1297 occidant,
592 1241 650 1284 et
676 1229 930 1286 donatori
961 1226 1199 1284 omnium
1240 1226 1309 1279 de
1334 1223 1586 1277 satietate
1626 1236 1723 1275 sna
1766 1234 1891 1290 gra-

298 1322 403 1375 tias
428 1320 700 1387 referant;
731 1330 789 1374 ut
807 1320 939 1375 dum
965 1318 1044 1373 eis
1074 1316 1251 1387 aliqua
1280 1315 1521 1372 exterius
1574 1311 1767 1381 gaudia
1799 1326 1889 1366 re-

297 1420 607 1474 servantur,
639 1409 707 1463 ad
762 1406 1021 1463 interiora
1073 1407 1266 1475 gaudia
1323 1404 1633 1460 consentire
1679 1400 1891 1456 facilius

294 1495 529 1551 valeant.
554 1494 712 1558 Nam,
744 1493 897 1549 duris
951 1493 1218 1549 mentibus
1245 1491 1402 1545 simul
1455 1488 1633 1544 omnia
1678 1488 1888 1543 abscin-

292 1586 424 1640 dere
453 1584 786 1655 impossibile
805 1598 927 1640 esse
959 1599 1066 1659 non
1096 1582 1316 1637 dubinm
1353 1589 1467 1635 est:
1496 1578 1619 1649 quia
1649 1587 1704 1631 ct
1731 1578 1772 1631 is
1800 1593 1891 1649 qn;

293 1689 564 1729 summum
592 1674 769 1731 locum
798 1672 1095 1729 ascendere
1125 1672 1331 1735 nititur,
1364 1670 1620 1737 gradibus
1653 1668 1737 1722 vel
1762 1682 1886 1735 pas-

294 1764 463 1829 sibus.
499 1781 609 1819 non
636 1773 818 1819 autem
852 1762 1099 1826 saltibus,
1152 1765 1414 1816 elevatur.
1463 1758 1555 1813 Sic
1592 1758 1891 1812 Israelitico

297 1852 501 1924 populo
521 1853 574 1906 in
603 1850 843 1922 Egypto
872 1849 1131 1905 Dominus
1156 1863 1216 1903 se
1238 1847 1457 1918 quidem
1501 1846 1767 1900 innotuit:
1800 1842 1892 1898 sed

300 1949 481 1996 tamen
512 1941 594 1996 eis
619 1940 1003 1996 sacriﬁciorum
1054 1954 1206 1993 nsum
1228 1980 1241 2002 ,
1267 1952 1427 2007 quem
1479 1935 1697 1991 diabolo
1748 1934 1889 1989 sole-

297 2031 427 2086 bant
458 2031 742 2097 exhibere,
775 2032 827 2084 in
854 2031 1000 2086 cultu
1029 2030 1249 2100 proprio
1278 2029 1571 2084 reservavit
1596 2070 1611 2095 ,
1645 2036 1702 2082 ut
1730 2027 1807 2081 eis
1838 2027 1890 2081 in

296 2135 397 2173 suo
426 2119 698 2175 sacriﬁcio
721 2119 972 2174 animalia
1002 2120 1280 2173 immolare
1310 2117 1625 2188 prmciperet
1652 2135 1667 2172 :
1697 2126 1889 2186 quate-

299 2225 401 2265 nus
452 2224 551 2263 cor
604 2218 877 2265 mutantes
933 2209 1076 2263 aliud
1128 2210 1197 2263 de
1246 2209 1512 2264 sacrilicio
1558 2209 1887 2272 amitterent,

296 2296 443 2352 aliud
463 2298 790 2363 retinerent,
826 2306 883 2351 ut
906 2297 1010 2352 etsi
1036 2299 1148 2367 ipsa
1177 2306 1360 2352 essent
1388 2297 1637 2351 animalia
1666 2314 1785 2367 quae
1814 2298 1893 2351 of-

296 2388 442 2443 ferre
464 2397 880 2453 consueverant,
915 2403 1044 2444 vero
1074 2397 1253 2443 tamen
1277 2389 1388 2443 Deo
1414 2388 1531 2445 haec
1556 2398 1611 2444 et
1640 2404 1747 2445 non
1772 2388 1890 2444 ido-

296 2476 367 2533 lis
392 2478 754 2544 immolantes,
788 2478 899 2548 jam
925 2479 1187 2535 sacriﬁcia
1218 2480 1333 2549 ipsa
1356 2494 1463 2535 non
1514 2489 1719 2536 essent.
1767 2479 1894 2536 llaec

300 2569 466 2638 igitur
494 2570 843 2626 di'ectionem
889 2580 1035 2625 tuam
1058 2570 1317 2641 praedicto
1344 2568 1494 2625 fratri
1524 2585 1748 2628 necesse
1801 2580 1889 2626 est

299 2659 485 2715 dicere
508 2700 526 2729 ,
571 2669 631 2715 ut
660 2660 780 2729 ipse
835 2660 889 2714 in
918 2660 1169 2730 praesenti
1199 2660 1305 2715 illic
1332 2660 1541 2729 positus
1596 2660 1895 2731 perpendat

300 2748 533 2817 qualiter
550 2749 733 2804 omnia
771 2748 971 2804 debeat
998 2748 1333 2818 dispensare.
1369 2748 1513 2804 Deus
1573 2759 1626 2803 te
1679 2748 1892 2804 incolu-

302 2852 445 2893 mem
479 2837 771 2903 custodiat,
816 2836 1162 2895 dilectissime
1191 2836 1284 2893 liti.
1312 2838 1446 2893 Data
1470 2837 1558 2893 die
1585 2839 1775 2909 quinto
1798 2837 1891 2893 de-

301 2923 823 2981 cimolialcndarum
852 2926 1212 2996 Augustarum
1235 2925 1365 2999 [Αι.,
1396 2924 1703 2997 Juliarum],
1735 2928 1897 3003 itppe-

304 3022 459 3069 rante
475 3014 700 3070 domino
740 3024 929 3071 nostro
956 3014 1214 3072 Mauricio
1243 3014 1460 3073 Tiberio
1516 3016 1755 3086 piissimo
1799 3033 1895 3071 au-

303 3112 484 3173 gusto,
511 3120 660 3161 anno
681 3120 831 3162 nono
857 3107 1093 3171 decimo,
1122 3114 1247 3178 post
1274 3106 1613 3164 εοιιειιιειυιιι
1654 3107 1892 3178 ejusdem

304 3194 511 3251 domini
534 3210 685 3253 anno
714 3205 914 3254 octavo
941 3197 1174 3266 decimo,
1192 3197 1485 3255 indictione
1503 3208 1714 3269 quarta.

935 3317 1164 3375 CAPUT
1190 3318 1280 3375 ιιι.

311 3427 571 3485 Himella
597 3437 832 3501 patrata.
849 3426 1108 3501 Epistolas
1126 3430 1294 3501 sancti
1321 3426 1556 3501 Gregorii
1570 3444 1743 3501 papa.
1766 3430 1896 3486 Acta

696 3514 810 3553 sunt
840 3497 1139 3553 Britonibus
1167 3497 1499 3554 Christianis.

378 3613 472 3669 28.
509 3612 669 3670 Tunc
698 3621 861 3668 etiam
892 3613 1087 3668 auditis
1138 3622 1218 3669 tot
1241 3622 1458 3682 tamque
1494 3612 1722 3669 assrduts
1748 3614 1895 3670 beati

305 3703 589 3773 Augustini
616 3702 909 3766 miraculis,
938 3702 1077 3757 sicut
1108 3702 1347 3772 gaudens
1372 3703 1426 3757 in
1453 3700 1665 3757 laudem
1690 3703 1782 3759 Dei
1808 3720 1897 3757 ea-

305 3794 560 3859 clamitat,
589 3793 666 3849 ita
688 3793 885 3848 timens
905 3793 1151 3848 humanae
1179 3792 1531 3849 imbecillitati
1572 3809 1641 3849 ne
1671 3794 1897 3849 insoles-

310 3892 418 3951 cat,
450 3884 550 3938 hac
598 3883 753 3939 illum
802 3883 1033 3954 epistola
1074 3892 1401 3955 attemperat
1428 3884 1569 3955 (Lib.
1601 3900 1676 3949 ix,
1719 3884 1890 3955 Epist.

304 3974 422 4041 58):
472 3973 661 4029 Gloria
693 3973 747 4028 in
768 3973 997 4029 excelsis
1025 3972 1158 4040 Deo,
1188 3982 1238 4028 et
1266 3974 1320 4029 in
1350 3983 1493 4029 terra
1526 3990 1631 4045 pax
1660 3975 1892 4029 homini-

306 4062 403 4118 bus
428 4063 588 4119 bona:
618 4063 940 4130 voluntatis,
963 4063 1088 4134 quia
1116 4076 1342 4133 granum
1388 4062 1641 4119 frumenti
1690 4063 1893 4120 cadens

307 4154 357 4206 in
386 4163 527 4208 terra
559 4161 836 4209 mortuum
866 4164 970 4223 est,
1020 4168 1087 4210 ne
1113 4154 1287 4209 solum
1334 4162 1584 4225 regnaret
1630 4156 1683 4210 in
1728 4156 1892 4226 cmlo,

305 4242 458 4311 cujus
506 4250 694 4297 morte
720 4242 984 4306 vivimus,
1014 4242 1165 4313 cujus
1212 4242 1522 4300 inﬁmitate
1550 4243 1892 4312 roborantur,

304 4332 454 4402 cujus
478 4331 737 4402 passione
782 4346 814 4386 a
842 4333 1100 4403 passione
1140 4334 1464 4401 eximimur,
1502 4335 1655 4404 cujus
1709 4350 1893 4392 amore

308 4423 359 4476 in
388 4422 668 4477 Britannia
720 4421 918 4478 fratres
968 4424 1262 4492 quaerimus
1298 4439 1436 4494 quos
1485 4425 1888 4494 ignorabamus,

306 4511 455 4582 cujus
476 4527 710 4568 munere
756 4528 893 4584 quos
920 4516 1223 4571 nescientes
1248 4516 1620 4586 quaerebamus
1643 4555 1659 4582 ,
1684 4517 1890 4573 inveni-

306 4619 439 4658 mus.
471 4602 606 4670 Quis
624 4612 809 4659 autem
837 4619 1058 4661 narrare
1081 4604 1313 4662 sufﬁciat
1345 4616 1544 4676 quanta
1576 4606 1664 4662 hic
1705 4607 1885 4663 laetitia

308 4694 361 4749 in
385 4666 627 4749 omnium
674 4696 842 4752 corde
879 4696 1112 4754 fidelium
1143 4699 1302 4754 fuerit
1339 4666 1524 4754 exorta
1563 4699 1710 4767 quod
1756 4712 1887 4768 gens
1916 4666 1969 4727 υ

312 4784 632 4855 Anglorum,
665 4797 927 4854 operante
969 4788 1361 4861 Omnipotentis
1387 4790 1558 4859 gratia
1587 4803 1642 4847 et
1671 4803 1760 4847 tua
1787 4793 1892 4848 tra-

312 4876 561 4931 teruitate
586 4875 899 4944 laborante,
928 4879 1164 4949 expulsis
1193 4896 1439 4936 errorum
1471 4882 1703 4937 tenebris
1729 4891 1891 4939 tantae

313 4962 427 5020 lidei
463 4966 585 5023 luce
614 4965 831 5037 perfusa
858 4978 977 5035 est,
1003 4970 1147 5039 quod
1173 4981 1357 5029 mente
1402 4976 1743 5045 integerrima
1779 4976 1889 5046 jam

314 5053 483 5110 calcat
508 5056 675 5125 idola,
697 5058 894 5128 quibus
924 5060 1072 5129 prius
1098 5076 1297 5119 vesano
1325 5064 1518 5119 timore
1540 5065 1890 5135 subjacebat;

312 5144 446 5211 quod
471 5148 833 5218 omnipotenti
851 5147 962 5205 Deo
991 5166 1124 5220 puro
1152 5153 1315 5208 corde
1333 5154 1717 5221 substernitur;
1747 5159 1893 5228 quod

312 5237 501 5303 apravi
535 5240 717 5309 operis
744 5240 982 5311 lapsibus
1032 5252 1232 5298 sanetze
1272 5246 1665 5314 prmdicalionis
1708 5249 1892 5319 regula

314 5328 533 5396 ligatur;
561 5332 707 5399 quod
730 5333 1017 5404 praceptis
1045 5333 1239 5391 divinis
1266 5336 1447 5391 animo
1468 5338 1708 5407 subjacet
1728 5348 1784 5394 et
1808 5341 1891 5395 in-

317 5419 522 5476 tellectu
549 5423 900 5489 subYevatur;
930 5426 1074 5494 quod
1097 5440 1265 5495 usque
1289 5428 1356 5481 ad
1383 5437 1580 5483 terram
1610 5445 1668 5484 se
1694 5431 1746 5485 in
1771 5447 1894 5486 ora-

317 5509 455 5565 tione
482 5510 748 5579 humiliat,
781 5528 852 5568 ne
882 5524 1062 5569 mente
1086 5514 1263 5584 jaceat
1293 5516 1347 5571 in
1391 5527 1558 5583 terra;
1590 5517 1747 5587 cujus
1792 5519 1898 5574 ltuc

316 5617 441 5672 opus
480 5611 562 5657 est
582 5602 684 5656 nisi
714 5617 838 5670 ejus
866 5605 957 5672 qui
987 5607 1090 5659 ait:
1124 5606 1282 5662 Pater
1306 5623 1461 5663 meus
1511 5623 1683 5679 usque
1726 5609 1891 5666 modo

317 5702 552 5757 operatur
576 5704 633 5750 et
654 5707 762 5762 ego
812 5708 1014 5761 operor
1028 5696 1205 5753 (Idan.
1236 5715 1310 5764 tn,
1336 5700 1465 5772 17)?
1513 5700 1614 5771 Qui
1642 5709 1700 5758 ut
1725 5700 1885 5758 uiuu-

378 5807 398 5830 ‘
429 5808 635 5881 Aliquid
660 5808 863 5867 deesse
891 5806 1122 5866 videtur.
1152 5808 1308 5869 Eutr.

1991 608 2187 662 virtute
2254 615 2605 671 convertere,
2664 605 3045 674 pmalicatores
3118 620 3277 669 suos,
3306 620 3445 676 quos
3514 605 3566 662 in

1991 696 2245 751 niiindutn
2276 696 2442 759 misit,
2472 695 2592 749 sine
2640 693 2834 749 litteris
2857 694 3045 763 elegit;
3075 695 3188 751 lucc
3216 695 3381 748 etiam
3408 694 3571 748 modo

1992 782 2209 851 iaciens,
2238 784 2365 853 quia
2396 784 2449 838 in
2479 783 2773 852 Anglorum
2804 791 2964 849 gente
3008 785 3162 840 fortia
3210 784 3462 853 dignatus
3490 790 3577 841 est

1993 888 2088 941 prr
2116 873 2357 928 inﬁrmos
2394 873 2629 943 operari.
2656 872 2763 928 Sed
2788 873 2841 927 in
2864 872 2967 928 isto
2994 873 3137 929 dono
3180 874 3387 930 cmlesti
3414 912 3431 939 ,
3466 874 3577 931 fra-

1996 972 2077 1017 ter
2098 964 2433 1027 cbarissime,
2467 961 2609 1030 quod
2639 979 2761 1017 cum
2809 975 3005 1031 magno
3051 965 3246 1032 gaudio
3285 967 3577 1022 veltetneu-

1995 1054 2198 1109 tissime
2226 1054 2421 1109 debeat
2449 1051 2792 1109 formidari“.
2825 1053 2949 1109 Scio
2965 1056 3111 1111 enim
3138 1056 3283 1125 quod
3320 1056 3574 1128 omnipo-

1996 1157 2113 1202 tens
2170 1147 2316 1201 Dens
2365 1160 2459 1213 per
2508 1144 2853 1199 dilectionem
2886 1156 3029 1202 tuam
3084 1148 3135 1203 in
3184 1158 3367 1217 gente,
3411 1163 3575 1219 quam

1995 1238 2119 1307 eligi
2144 1238 2331 1301 voluit,
2364 1251 2556 1307 magna
2593 1235 2851 1291 miracula
2878 1238 3139 1293 ostendit:
3165 1240 3307 1294 unde
3347 1254 3572 1296 necesse

1996 1339 2180 1397 cst,nt
2200 1330 2266 1383 de
2296 1328 2489 1384 eodem
2514 1328 2658 1384 dono
2707 1328 2911 1384 cmlesti
2938 1340 2995 1383 et
3034 1330 3269 1385 timendo
3316 1330 3573 1398 gaudeas,

1996 1429 2049 1475 ct
2076 1419 2362 1490 gaudendo
2414 1420 2805 1491 pertimescas:
2856 1419 3088 1487 gaudeas
3132 1419 3400 1483 videlicet,
3452 1420 3576 1488 quia

1998 1513 2290 1581 Anglorum
2320 1512 2513 1567 animus
2541 1526 2636 1582 per
2665 1512 2936 1565 eXIcr'ora
2968 1509 3226 1565 miracula
3253 1509 3320 1562 ad
3347 1509 3578 1563 interio-

2002 1618 2114 1656 tem
2145 1603 2372 1670 gratiam
2402 1602 2785 1669 pertrahuntur
2811 1618 2824 1666 ;
2854 1603 3203 1669 pertimescas
3234 1615 3380 1665 veto,
3404 1616 3470 1654 ne
3501 1602 3581 1655 in-

2004 1704 2083 1761 ter
2113 1694 2260 1761 signa
2288 1708 2406 1762 qua:
2429 1693 2581 1757 ﬁunt,
2608 1692 2847 1747 infirmus
2868 1696 3074 1748 animus
3093 1694 3144 1748 in
3171 1695 3252 1748 sui
3283 1708 3580 1763 prmsump-

2004 1784 2203 1837 tionem
2234 1797 2292 1836 se
2325 1783 2462 1837 levet
2482 1823 2497 1848 ,
2527 1792 2580 1836 ιι
2610 1784 2751 1836 unde
2780 1784 2908 1836 loris
2944 1785 2997 1837 in
3047 1784 3253 1838 honore
3282 1784 3577 1847 extollitur,

1930 1897 1969 1955 η
2003 1873 2129 1928 inde
2160 1889 2255 1940 per
2285 1873 2494 1926 inanem
2525 1872 2750 1941 gloriam
2778 1874 2917 1929 intus
2941 1873 3116 1928 cadat.
3153 1870 3455 1928 Meminisse
3498 1882 3580 1927 et-

1999 1963 2142 2017 enim
2176 1961 2435 2017 debemus
2457 1962 2598 2032 quod
2622 1962 2863 2031 discipuli
2896 1978 3013 2017 cum
3045 1962 3238 2031 gaudio
3269 1978 3299 2017 a
3330 1962 3584 2034 prmdica-

1997 2056 2142 2110 tione
2169 2054 2476 2118 redeuntes,
2507 2071 2626 2111 cum
2652 2056 2855 2111 cmlcsti
2884 2056 3135 2126 Magistro
3165 2056 3439 2111 dicerent:
3476 2054 3581 2110 Do-

1993 2150 2161 2213 mine,
2209 2148 2373 2202 etiam
2402 2148 2452 2202 in
2480 2157 2573 2203 tuo
2602 2148 2818 2202 nomine
2847 2147 3112 2202 dmmoaia
3142 2146 3307 2202 Nobis
3335 2144 3577 2214 subjecta

1994 2250 2151 2303 sunt;
2188 2239 2429 2307 protinus
2460 2238 2770 2291 audierunt:
2801 2236 2976 2292 Nolite
3004 2236 3237 2307 gaudere
3258 2250 3417 2304 super
3448 2235 3572 2298 hoc,

1996 2327 2090 2383 sed
2122 2329 2301 2397 potius
2328 2327 2557 2394 gaudete
2586 2327 2714 2395 quia
2745 2327 2961 2380 nomina
2993 2335 3169 2381 vestra
3199 2325 3398 2395 scripta
3449 2333 3582 2380 sunt

1995 2419 2049 2474 in
2080 2419 2217 2474 rcelo
2249 2416 2399 2487 (Luc.
2435 2434 2487 2481 χ,
2523 2418 2635 2489 17).
2667 2417 2724 2473 In
2746 2418 2955 2489 privata
2993 2419 3194 2475 etenim
3225 2427 3277 2472 et
3296 2416 3579 2489 temporali

1996 2511 2181 2566 laetitia
2209 2519 2443 2565 mentem
2478 2517 2791 2580 posuerant,
2830 2510 2922 2579 qui
2948 2509 3018 2565 de
3065 2510 3337 2565 miraculis
3375 2508 3582 2579 gaude-

1994 2598 2154 2654 bant:
2178 2601 2273 2655 seJ
2300 2600 2368 2654 de
2391 2601 2600 2669 privata
2624 2599 2692 2653 ad
2713 2614 3076 2666 communem,
3107 2601 3175 2655 de
3204 2600 3488 2670 temporali
3512 2600 3579 2656 ad

1993 2701 2249 2746 mtcrnam
2280 2690 2521 2744 laetitiam
2562 2700 2908 2756 revocantur,
2939 2690 3132 2760 quibus
3148 2688 3369 2746 dicitur:
3393 2689 3450 2745 ln
3479 2691 3582 2747 hoc

1994 2781 2240 2852 gaudete,
2271 2781 2394 2849 quia
2416 2781 2632 2836 nomina
2646 2789 2823 2835 vestra
2844 2780 3042 2851 scripta
3060 2790 3183 2836 sunt
3212 2780 3263 2836 in
3286 2782 3445 2838 cmlo.
3468 2781 3585 2838 Non

1995 2874 2135 2928 enim
2163 2872 2320 2927 electi
2347 2885 2536 2926 omnes
2558 2870 2813 2926 miracula
2841 2870 3057 2937 faciunt,
3080 2873 3171 2928 sed
3195 2880 3371 2928 tamen
3396 2888 3582 2929 eorum

1995 2963 2211 3018 nomina
2240 2962 2290 3015 in
2324 2961 2462 3017 cudo
2510 2969 2762 3017 tenentur
2793 2961 3081 3032 adscripta.
3133 2960 3386 3018 Veritatis
3437 2963 3579 3018 enim

1994 3053 2267 3125 discipulis
2296 3070 2413 3110 esse
2435 3053 2690 3123 gaudium
2722 3069 2827 3109 non
2859 3053 3039 3121 debet,
3072 3053 3173 3110 nisi
3221 3054 3289 3109 de
3333 3071 3399 3111 eo
3439 3057 3581 3111 bono

1994 3148 2135 3216 quod
2158 3160 2442 3200 commune
2469 3159 2591 3201 cum
2621 3147 2869 3199 omnibus
2898 3144 3116 3211 habent,
3139 3156 3195 3201 et
3215 3146 3267 3200 in
3289 3160 3396 3214 quo
3424 3146 3582 3200 linem

2001 3236 2196 3291 laetitia:
2230 3250 2336 3290 non
2368 3234 2587 3290 habent.
2616 3232 2804 3289 Restat
2830 3234 3041 3303 itaque,
3067 3232 3229 3289 frater
3246 3234 3579 3299 cliarissitne,

2000 3336 2059 3382 ut
2080 3328 2218 3383 inter
2246 3341 2333 3395 ea,
2357 3340 2475 3395 qua:
2502 3334 2763 3397 operante
2784 3324 2895 3380 Deo
2916 3327 3151 3381 exterius
3180 3324 3329 3394 facis,
3368 3341 3583 3397 semper

2001 3428 2055 3475 Ie
2082 3418 2305 3473 interius
2335 3416 2605 3472 subtiliter
2646 3414 2859 3485 judices
2908 3430 2973 3471 ac
2999 3416 3262 3470 subtiliter
3294 3416 3422 3470 intel
3447 3417 3580 3487 igas,

1998 3521 2050 3563 et
2077 3509 2421 3578 temetipsum
2448 3506 2537 3577 qui
2559 3505 2663 3573 sis,
2693 3512 2750 3559 ct
2774 3514 2974 3575 quanta
3018 3504 3071 3559 in
3094 3505 3279 3560 eadem
3309 3512 3469 3575 gente
3512 3506 3585 3563 sit

1997 3600 2189 3671 gratia,
2223 3615 2318 3670 pro
2337 3597 2490 3668 cujus
2517 3596 2871 3653 conversione
2912 3595 3073 3650 etiam
3116 3594 3483 3651 faciendorum
3511 3595 3584 3650 si-

1998 3705 2221 3761 gnorum
2266 3689 2405 3743 dona
2458 3686 2767 3757 percn'pisti.
2816 3684 2882 3740 Et
2923 3687 2965 3741 si
2994 3688 3207 3756 quando
3244 3695 3294 3741 te
3337 3686 3581 3743 Creatori

1998 3793 2185 3840 nostro
2217 3796 2311 3837 seu
2346 3795 2441 3850 per
2479 3779 2714 3847 linguam
2764 3794 2857 3831 seu
2890 3793 2985 3847 per
3030 3793 3193 3848 opera
3224 3779 3582 3835 reminisceris

1997 3873 2304 3942 deliquisse,
2360 3885 2572 3941 semper
2603 3870 2715 3925 lucc
2769 3871 2834 3923 ad
2882 3869 3194 3924 memoriam
3241 3884 3480 3935 revoces,
3522 3878 3583 3926 ut

1996 3971 2303 4031 surgentem
2333 3961 2513 4016 cordis
2566 3959 2791 4029 gloriam
2827 3959 3087 4013 memoria
3116 3966 3297 4016 reatus
3346 3970 3576 4029 premat,

1995 4064 2045 4109 et
2060 4050 2318 4122 quidquid
2340 4051 2405 4105 de
2428 4049 2684 4105 faciendis
2712 4050 2877 4118 s‘gnis
2903 4051 3172 4119 acceperis
3198 4049 3280 4105 vel
3302 4050 3577 4119 accepisti,

1996 4145 2112 4199 btec
2136 4158 2241 4199 non
2267 4142 2359 4197 tibi
2391 4180 2406 4205 ,
2437 4140 2529 4196 sed
2576 4140 2681 4195 illis
2708 4141 2933 4210 deputo-3
2974 4139 3192 4206 donata,
3217 4158 3315 4211 pro
3348 4157 3579 4211 quorum

1997 4235 2093 4290 tibi
2122 4234 2294 4290 salute
2319 4232 2513 4289 collata
2538 4239 2679 4287 sunt.
2710 4230 2802 4287 0οι
2822 4230 2953 4285 urrit
2975 4238 3154 4286 autem
3168 4230 3330 4287 menti
3352 4231 3450 4286 ista
3479 4246 3578 4288 co-

1995 4326 2207 4397 gitanti,
2237 4324 2384 4394 quod
2427 4323 2493 4377 de
2542 4338 2649 4378 uno
2678 4322 2773 4377 Dei
2826 4321 3023 4377 famulo
3065 4331 3241 4377 actum
3298 4322 3367 4377 sit
3414 4323 3580 4379 etiam

1995 4418 2208 4487 egregie
2245 4416 2444 4471 electo.
2474 4413 2636 4469 Certe
2685 4414 2811 4467 dum
2864 4412 3076 4483 Moyses
3105 4413 3197 4469 Dei
3228 4414 3481 4484 populum
3509 4428 3580 4470 ex

1994 4509 2231 4581 [Egypto
2261 4508 2534 4572 educeret,
2568 4507 2700 4560 mira
2735 4506 2898 4577 [sicut
2943 4514 3031 4559 tua
3070 4504 3380 4560 fraternitas
3410 4506 3579 4577 novitl

1998 4604 2148 4672 signa
2176 4602 2230 4656 in
2253 4599 2490 4670 Egypto
2511 4608 2763 4668 operatus
2786 4607 2885 4652 est.
2916 4596 2972 4651 ln
2996 4595 3120 4650 Sina
3145 4606 3328 4652 monte
3348 4598 3579 4666 quadra-

1992 4697 2134 4765 ginta
2154 4694 2338 4749 diebus
2360 4709 2421 4747 ac
2453 4691 2695 4747 noctibus
2707 4689 2955 4759 jejunans
2970 4689 3100 4756 legis
3115 4690 3317 4743 tabulas
3337 4686 3579 4758 accepit;

1995 4786 2134 4842 inter
2153 4800 2408 4841 coruscos
2436 4783 2703 4837 tonitrnos
2746 4780 2875 4851 ML,
2907 4788 2962 4835 et
2991 4776 3264 4849 tonitrua],
3295 4778 3579 4848 pertimes—

1994 4886 2150 4933 cente
2177 4876 2322 4932 onmi
2359 4872 2589 4943 populo,
2622 4871 3004 4942 omnipotentis
3026 4870 3117 4924 Dei
3145 4869 3363 4924 servitio
3392 4868 3539 4924 solus
3558 4910 3577 4935 ,

1994 4968 2243 5025 familiari
2274 4968 2433 5023 etiam
2464 4967 2828 5022 collocutione
2853 4963 3171 5031 coniunctus
3193 4970 3307 5026 est;
3334 4958 3576 5017 Rubrum

1996 5076 2148 5117 mare
2174 5060 2405 5129 aperuit,
2436 5058 2489 5113 in
2516 5059 2710 5113 itinere
2736 5056 2927 5111 ducem
2957 5053 3146 5110 habuit
3183 5053 3339 5109 nubis
3370 5052 3580 5109 culum-

1995 5166 2139 5214 nam,
2171 5149 2428 5205 esurienti
2453 5149 2652 5220 populo
2673 5162 2866 5203 manna
2896 5145 2962 5201 de
2990 5145 3131 5202 caelo
3153 5144 3433 5218 deposuit,
3456 5158 3580 5202 car-

1996 5257 2091 5297 nes
2118 5241 2545 5297 desiderantibus
2575 5252 2746 5309 usque
2791 5236 2858 5292 ad
2898 5235 3208 5293 satietatem
3261 5236 3479 5291 nimiam
3525 5233 3579 5290 in
3667 5246 3679 5256 ‘

1997 5348 2178 5390 eremo
2208 5346 2304 5402 per
2331 5331 2643 5385 miraculum
2676 5328 3002 5410 ministravit
3041 5345 3054 5382 :
3095 5326 3189 5384 sed
3215 5341 3335 5382 cum
3362 5324 3474 5394 jam
3501 5322 3579 5378 si-

1997 5426 2065 5481 tis
2092 5432 2332 5493 tempore
2359 5423 2424 5478 ad
2456 5433 2663 5493 petram
2702 5430 2922 5478 ventum
2974 5422 3186 5487 luisset,
3231 5416 3439 5473 diuisus
3462 5424 3579 5481 est;

1999 5528 2165 5585 seque
2193 5513 2261 5567 de
2314 5512 2501 5567 eadem
2555 5528 2747 5581 aquam
2778 5510 3013 5567 educere
3067 5522 3223 5580 posse
3276 5505 3581 5571 dubitavit,

1997 5619 2159 5672 quam
2184 5602 2407 5673 ju‘bente
2436 5602 2663 5659 Domino
2692 5602 2855 5671 largis
2897 5602 3079 5671 utique
3109 5598 3320 5654 ﬂuentis
3345 5598 3581 5669 aperuit.

1994 5698 2203 5767 Quanta
2232 5705 2408 5753 autem
2428 5704 2549 5768 post
2572 5695 2685 5753 btec
2712 5711 2808 5768 per
2832 5697 3043 5766 triginta
3080 5700 3136 5747 et
3176 5701 3302 5749 octo
3331 5706 3501 5749 annos
3526 5688 3581 5746 iu
