3874 6224
318 328 377 385 7⁸1
1096 320 1402 380 SANCTUS
1440 315 1875 377 AUGUSTINUS
1912 312 2287 372 ANGLORUM
2331 314 2750 372 APOSTOLUS.

3495 310 3573 369 7‘!-

311 446 528 505 deserto
555 442 763 503 fecerit,
788 438 906 507 quis
926 451 1264 505 enumerare,
1292 432 1410 505 quis
1436 431 1757 499 investigare
1781 429 1889 490 suf-
1918 433 1961 491 Α
1993 428 2170 497 igitur,
2199 423 2446 481 dicamus
2474 441 2661 481 omnes
2688 443 2702 479 :
2726 424 2911 479 Gloria
2949 423 3001 480 in
3029 422 3258 481 excelsis
3289 423 3403 484 Deo
3426 434 3483 484 ct
3511 427 3570 483 iu

318 539 496 596 liciat?
532 537 752 605 Quoties
788 546 876 587 res
904 530 1065 585 dubia
1093 530 1329 584 animum
1359 524 1625 595 pulsasset
1649 564 1665 589 ,
1697 538 1888 580 recur-

317 646 442 688 rens
478 630 543 683 ait
570 624 971 680 tabernaculum
1001 628 1211 677 secreto
1238 617 1519 673 Dominum
1539 615 1888 686 requirebat,

317 731 477 792 atque
506 719 574 773 de
600 732 662 771 ea
692 716 933 785 protinus
955 714 1063 769 Deo
1086 706 1663 780 loquentedocebatur.
1692 704 1892 787 Iratum

320 813 599 869 Dominum
631 806 829 878 populo
851 805 1097 880 placabat
1122 817 1233 857 sua!
1251 800 1426 873 precis
1458 799 1891 863 interventione;

316 912 593 971 surgentes
615 899 667 954 in
688 897 937 967 superbia
975 904 1135 962 atque
1162 893 1218 949 in
1261 890 1530 949 discordia
1576 887 1896 947 dissidentes

316 990 641 1050 dehiscentis
667 999 822 1047 terra:
868 985 1089 1059 (hiatus)
1120 984 1476 1051 absorbebat,
1504 981 1746 1040 victoriis
1771 997 1898 1053 pre-

288 1095 294 1101 ’
316 1087 499 1144 luebat
525 1085 729 1148 hostes,
749 1080 900 1149 signa
922 1078 1251 1134 monstrabat
1275 1076 1513 1132 civibus:
1530 1072 1625 1132 sed
1643 1088 1766 1130 cum
1782 1071 1895 1143 iam

319 1178 385 1236 ad
404 1176 838 1250 repromissionis
877 1182 1074 1229 terram
1106 1170 1294 1227 fuisset
1323 1178 1570 1234 ventum,
1590 1176 1817 1224 vocatus
1842 1168 1899 1225 in

319 1276 559 1327 montem
581 1274 683 1328 est,
713 1273 766 1320 et
792 1278 955 1335 quam
1002 1262 1215 1331 culpam
1247 1268 1374 1316 ante
1424 1259 1643 1329 triginta
1672 1266 1729 1314 et
1772 1264 1898 1315 octo

322 1374 495 1416 annos
518 1365 599 1427 (ut
625 1353 758 1427 dixi)
811 1351 1036 1417 fecerat,
1082 1349 1307 1416 audivit,
1338 1349 1462 1417 quia
1507 1348 1576 1401 de
1620 1346 1899 1403 educenda

324 1463 462 1518 aqua
488 1446 787 1509 dubitavit;
820 1454 875 1499 et
903 1450 1123 1512 propter
1151 1442 1274 1504 hoc,
1319 1440 1441 1509 quia
1478 1448 1676 1492 terram
1713 1453 1902 1508 repro-

323 1538 591 1595 missionis
614 1537 813 1589 intrare
844 1548 950 1588 non
977 1540 1179 1602 posset,
1208 1532 1445 1597 agnovit.
1476 1529 1588 1596 Qua
1621 1530 1671 1585 in
1694 1545 1901 1585 recon-

323 1624 665 1684 sitiet-sudum
690 1624 843 1679 nobis
859 1630 973 1689 est,
1000 1637 1163 1693 quam
1213 1622 1506 1676 timemlmn
1547 1623 1617 1676 sit
1657 1623 1905 1691 omnipo-

325 1716 489 1775 tentis
513 1716 606 1772 Dei
632 1714 911 1786 judicium,
935 1714 1026 1783 qui
1058 1728 1157 1783 per
1185 1713 1330 1766 illutn
1361 1713 1618 1767 famulum
1649 1722 1727 1767 tot
1751 1714 1903 1781 signa

1991 528 2139 577 terra
2166 532 2273 589 pax
2303 516 2612 571 hominibus
2641 518 2795 571 boote
2824 516 3131 572 voluntatis.

2058 594 2151 665 29.
2191 606 2350 677 liegis
2399 620 2620 676 quoque
2670 605 2994 664 Ethelberti
3048 607 3201 663 almae
3249 606 3369 666 nilei
3422 607 3568 663 idem

1992 714 2130 773 papa
2149 696 2514 768 congaudens,
2535 695 2643 751 hoc
2662 696 2852 752 ordine
2878 713 2999 754 cum
3023 698 3121 770 piis
3144 697 3317 754 xeniis
3335 697 3581 768 scripsit.

1994 790 2223 862 Propter
2245 790 2349 845 hoc
2372 788 2713 859 omnipotens
2739 786 2882 844 Deus
2910 789 3084 847 bonos
3107 802 3355 862 quosque
3381 788 3447 843 ad
3480 804 3583 857 po-

1994 881 2243 953 pulorum
2298 878 2555 949 regimina
2598 876 2841 950 perducit
2870 915 2886 941 ,
2919 887 2977 932 ut
3018 894 3105 949 pct
3159 894 3255 937 eos
3290 877 3537 944 omnibus
3559 904 3580 943 φ

1994 973 2187 1043 quibus
2233 969 2438 1041 praelati
2466 969 2702 1036 fuerint,
2734 968 2877 1024 dona
2904 983 3015 1023 sum
3042 970 3258 1039 pietatis
3285 968 3583 1041 impendat.

1996 1062 2154 1132 Quod
2198 1062 2255 1119 in
2295 1062 2586 1131 Anglorum
2628 1069 2791 1133 gente
2837 1062 3189 1127 cognovimus
3219 1063 3288 1118 fat
3305 1073 3418 1119 tum
3442 1104 3462 1133 ,
3494 1061 3585 1120 cui

1997 1165 2177 1213 vestra
2203 1155 2371 1225 gloria
2403 1153 2606 1211 idcirco
2626 1162 2709 1211 est
2736 1154 3022 1227 praeposita
3042 1195 3057 1218 .
3092 1164 3149 1210 ut
3177 1169 3274 1225 per
3299 1157 3437 1212 bona
3464 1168 3588 1226 qua:

1997 1247 2152 1304 vobis
2172 1261 2431 1302 concessa
2474 1255 2631 1311 sunt,
2663 1247 2827 1301 etiam
2858 1246 3110 1316 suhjrctze
3138 1247 3290 1302 vobis
3317 1248 3461 1317 genti
3490 1262 3588 1301 su-

1997 1351 2163 1409 perna
2194 1336 2453 1391 benelicia
2479 1342 2884 1405 praestarentur.
2917 1335 2987 1391 Et
3016 1337 3137 1394 ideo
3160 1379 3175 1403 ,
3216 1338 3449 1407 gieriose
3478 1337 3549 1390 illi
3569 1373 3592 1403 ,

1998 1442 2118 1483 eam
2147 1439 2308 1496 quam
2338 1426 2594 1494 accepisti
2624 1424 2877 1480 divinitus
2908 1429 3133 1491 gratiam
3157 1430 3384 1484 soll'cita
3410 1434 3595 1484 mente

2001 1519 2212 1577 custodi
2240 1560 2255 1583 ,
2293 1517 2651 1574 Christianam
2705 1518 2865 1573 fidem
2910 1518 2963 1571 in
2992 1518 3207 1587 populis
3239 1517 3332 1571 tibi
3364 1516 3595 1573 subditis

2004 1608 2295 1667 extendere.
2337 1608 2528 1663 festina
2548 1650 2562 1673 ,
2597 1608 2771 1663 zelum
2819 1608 3157 1663 rectitudinis
3188 1618 3290 1662 tua:
3320 1608 3371 1662 in
3402 1624 3594 1663 eorum

2005 1698 2363 1756 conversione
2403 1700 2695 1770 multiplica
2722 1740 2740 1769 ,
2775 1698 3037 1754 idolorum
3068 1698 3239 1755 cultus
3270 1699 3551 1768 insequere
3576 1738 3597 1767 ,

328 1806 577 1870 faciebat,
609 1806 760 1875 cujus
806 1803 1019 1871 culpant
1078 1813 1185 1857 tam
1230 1803 1390 1871 longo
1446 1811 1687 1872 tempore
1728 1805 1903 1857 adhuc
1939 1800 1977 1856 ι]
2008 1788 2251 1845 fanorum
2268 1787 2493 1844 aediﬁcia
2519 1800 2700 1843 everte
2729 1788 3098 1855 ;subditorum
3124 1803 3302 1844 mores
3323 1788 3375 1843 in
3399 1800 3597 1858 magna

331 1898 583 1953 servabat
602 1896 654 1949 in
684 1894 1030 1962 cogitatione.
1066 1891 1120 1946 Si
1152 1892 1332 1959 igitur,
1363 1891 1529 1947 frater
1567 1893 1898 1957 charissima,

329 1996 383 2041 et
409 1984 556 2041 illum
607 1982 946 2052 agnoscimus
982 1989 1102 2050 po.~t
1125 1981 1273 2047 signa
1303 1996 1398 2049 pro
1427 1982 1582 2050 culpa
1610 1992 1899 2049 mortuum,

329 2090 487 2147 quctn
519 2076 586 2153 ab
621 2072 1003 2142 Omnipotente
1064 2071 1309 2126 novimus
1347 2071 1611 2140 przecipue
1640 2072 1901 2139 electum;

330 2182 532 2237 quanto
564 2181 661 2219 nos
686 2163 943 2219 debemus
986 2171 1133 2217 metu
1158 2162 1609 2228 contremiscere,
1660 2164 1749 2231 qui
1782 2181 1907 2220 nec-

332 2260 459 2313 dum
488 2257 660 2312 adhuc
705 2255 950 2310 novimus
973 2253 1019 2309 si
1056 2253 1214 2309 electi
1259 2254 1481 2308 sumus?
1533 2254 1606 2309 De
1652 2256 1909 2323 reprobo-

334 2362 453 2402 rum
475 2362 603 2401 vero
635 2345 901 2400 miraculis
923 2342 1051 2413 quid
1074 2343 1253 2399 dicere
1276 2343 1469 2412 debeo,
1503 2360 1625 2398 cum
1656 2354 1744 2398 tua
1770 2347 1907 2402 bene

334 2438 636 2490 fraternitas
665 2435 873 2489 noverit
926 2434 1069 2503 quod
1099 2434 1151 2488 in
1182 2432 1471 2502 Evangelia
1515 2432 1722 2490 Veritas
1750 2436 1905 2489 dicit:

335 2528 482 2583 Multi
513 2528 727 2583 venient
757 2528 806 2580 in
838 2527 924 2581 die
953 2526 1041 2581 illa
1071 2525 1314 2582 dicentes
1362 2525 1515 2594 mihi,
1562 2525 1802 2596 Domine,
1857 2528 1909 2583 in

337 2630 430 2674 tuo
452 2620 670 2674 nomine
693 2618 1148 2687 prophetavimus,
1198 2626 1255 2672 et
1284 2618 1334 2672 in
1361 2626 1454 2673 tuo
1476 2618 1691 2672 nomine
1719 2619 1913 2677 dmino-

342 2710 427 2762 nia
457 2708 729 2776 eiecimus,
764 2717 818 2762 et
846 2708 896 2761 itt
926 2715 1016 2761 tuo
1066 2707 1284 2762 nomine
1308 2708 1534 2762 virtutes
1565 2709 1759 2762 multas
1782 2708 1910 2763 feci-

341 2813 499 2865 mus;
531 2799 622 2853 seJ
647 2797 768 2853 dico
822 2797 926 2852 illis
946 2838 959 2861 ,
993 2796 1183 2853 Nescio
1210 2799 1301 2865 qui
1331 2800 1480 2865 estis,
1512 2799 1745 2854 recedite
1773 2815 1801 2852 a
1828 2814 1914 2855 me

340 2911 552 2961 omnes,
585 2894 816 2964 operarii
845 2894 1137 2963 iniquitatis
1181 2894 1395 2963 (Matth.
1425 2894 1543 2963 vn).
1573 2895 1741 2950 Valde
1786 2910 1912 2962 ergo

344 2988 664 3055 premendus
709 2997 791 3041 est
852 2989 1059 3041 animus
1089 2987 1227 3041 inter
1270 2988 1417 3055 signa
1446 2997 1501 3043 et
1541 2989 1813 3045 miracula,
1848 3003 1914 3042 ne

343 3077 567 3134 fortasse
605 3078 656 3131 in
688 3078 750 3131 iis
779 3078 1004 3145 gloriam
1036 3081 1305 3148 propriam
1336 3090 1560 3148 quaerat,
1602 3090 1656 3133 et
1704 3081 1912 3150 privato

2004 1880 2128 1933 vita:
2182 1880 2443 1933 munditia
2493 1878 2835 1933 exhortando
2858 1920 2871 1943 ,
2922 1878 3172 1933 terrendo
3199 1919 3213 1945 ,
3240 1877 3596 1941 blandiendo,

2005 1970 2182 2039 corrig
2219 1971 2323 2024 ndo
2343 2014 2354 2033 ,
2378 1990 2391 2021 t
2411 1978 2435 2023 t
2454 1970 2580 2024 boni
2610 1969 2788 2037 operis
2811 1966 3054 2038 exempla
3087 1971 3438 2024 monstrando
3460 1967 3597 2023 tedi-

2008 2058 2104 2111 liea
2128 2098 2144 2124 ,
2176 2071 2231 2111 ut
2264 2057 2413 2111 illum
2453 2056 2831 2111 retributorem
2874 2056 3113 2112 invenias
3144 2056 3193 2110 in
3226 2059 3366 2112 caelo
3391 2094 3406 2119 ,
3440 2052 3601 2120 cujus

2008 2164 2203 2201 nomn
2243 2157 2405 2216 atque
2453 2148 2817 2215 cognitionem
2846 2146 3154 2203 dilataveris
3194 2147 3251 2201 in‘
3284 2156 3447 2202 terra.
3480 2148 3601 2216 Ipse

2009 2239 2149 2293 enim
2181 2248 2371 2293 vestra:
2411 2238 2594 2307 gloriae
2626 2253 2819 2293 nomen
2850 2239 3013 2293 etiam
3055 2240 3281 2307 posteris
3302 2239 3597 2307 gloriosius

2009 2329 2233 2393 reddet,
2277 2327 2427 2396 cujus
2453 2342 2546 2382 vos
2596 2327 2854 2381 honorem
2897 2328 3133 2396 quzeritis
3176 2338 3229 2382 et
3279 2328 3512 2383 servatis
3542 2327 3599 2383 in

2010 2418 2275 2487 gentibus.
2309 2415 2397 2471 Sic
2447 2416 2645 2470 ctenim
2677 2414 3057 2469 Constantinus
3076 2457 3089 2479 ,
3119 2415 3388 2483 quondam
3417 2414 3602 2485 piissi-

2012 2528 2128 2566 mus
2155 2512 2466 2580 imperator,
2502 2509 2809 2564 Romanam
2848 2509 3230 2577 rempublicam
3274 2523 3302 2562 a
3333 2509 3603 2578 perversis

2013 2601 2279 2657 idolorum
2308 2600 2536 2655 cultibus
2557 2615 2835 2663 revocans,
2857 2599 3209 2669 omnipotenti
3234 2598 3343 2653 Deo
3372 2598 3603 2654 Domino

2015 2701 2202 2763 nostro
2228 2687 2353 2742 Jesu
2384 2688 2597 2743 Christo
2627 2703 2807 2743 secum
2841 2687 3108 2752 subdidit,
3138 2703 3302 2757 seque
3322 2703 3443 2742 cum
3469 2688 3604 2743 sub-

2002 2778 2169 2848 jectis
2212 2777 2421 2848 populis
2463 2786 2573 2831 tcta
2619 2777 2683 2831 ad
2728 2792 2850 2831 eum
2900 2786 3078 2831 mente
3126 2779 3409 2832 convertit.
3445 2773 3605 2832 Unde

2016 2870 2213 2922 laetum
2236 2877 2320 2921 est
2366 2878 2423 2921 ut
2461 2870 2802 2935 antiquorum
2828 2867 3122 2938 princ'pnm
3156 2883 3348 2921 nomen
3378 2868 3488 2923 suis
3519 2868 3604 2923 vir

2018 2959 2105 3012 ίιιιτ
2137 2958 2381 3010 laudibus
2420 2956 2657 3010 vinceret
2680 2998 2693 3021 ,
2719 2965 2774 3010 et
2801 2965 2951 3010 tanto
2999 2958 3050 3010 in
3082 2956 3333 3027 opinione
3372 2971 3604 3027 praeces-

2015 3061 2165 3101 Sores
2207 3062 2329 3098 suos
2356 3086 2370 3109 ,
2404 3053 2606 3113 quanto
2640 3054 2695 3099 et
2739 3045 2787 3099 in
2822 3044 2963 3099 bono
2993 3060 3157 3113 Opere
3209 3055 3501 3115 superaret.
3538 3044 3605 3101 Et

340 3132 451 3222 ειη,
890 3132 1083 3237 aut.
1138 3132 1727 3238 ξκευιιεῖωρμείκηέ
1770 3132 1910 3226 gat.
1942 3164 1985 3225 ς
2196 3136 2376 3238 "ait?
2627 3133 2820 3235 ειοτίει
2865 3135 3224 3236 reservem
3466 3132 3604 3201 οείι

344 3257 636 3311 animarum
666 3258 814 3312 lucra
836 3259 1116 3329 quaerenda
1139 3268 1281 3325 sunt,
1309 3270 1364 3313 et
1384 3260 1521 3314 illius
1547 3262 1736 3327 gloria,
1769 3262 1920 3329 cujus

346 3356 542 3412 virtute
570 3358 681 3427 ipsa
704 3358 890 3413 eadem
915 3360 1061 3427 signa
1075 3368 1351 3427 geruntur.
1369 3358 1539 3413 Unum
1555 3376 1683 3415 vero
1713 3362 1919 3429 signum

348 3459 603 3515 Dominus
625 3460 776 3514 nobis
804 3460 1037 3514 ostendit
1068 3502 1083 3527 ,
1109 3460 1176 3514 de
1198 3474 1303 3528 quo
1334 3469 1388 3513 et
1416 3462 1762 3515 vehementer
1786 3475 1921 3530 gau-

349 3551 476 3605 dere
500 3558 555 3605 et
583 3550 857 3605 electionis
888 3552 939 3605 in
964 3552 1116 3606 nobis
1142 3553 1366 3619 gloriam
1401 3568 1683 3621 possumus
1726 3568 1923 3620 agnos.

349 3656 491 3705 cere,
523 3642 733 3696 dicens:
759 3640 817 3694 in
850 3641 953 3696 hoc
982 3642 1181 3695 scietur
1200 3643 1322 3710 quia
1342 3642 1587 3712 discipuli
1634 3646 1736 3698 mei
1772 3646 1921 3711 estis,

350 3731 394 3787 si
425 3732 763 3786 dilectionem
792 3731 1088 3786 habueritis
1136 3732 1202 3787 ad
1229 3733 1453 3787 invicem
1489 3733 1667 3803 (Joan.
1704 3750 1810 3797 xm,
1844 3734 1919 3799 5).

354 3822 504 3890 Quod
530 3824 734 3890 signum
768 3825 1024 3893 propheta
1056 3826 1363 3892 requirebat
1388 3821 1506 3881 cum
1552 3827 1787 3883 diceret:
1820 3827 1924 3885 Fac

356 3926 580 3974 mecum,
617 3912 855 3976 Domine,
880 3913 1083 3980 signum
1112 3916 1161 3971 in
1188 3916 1348 3979 bono,
1375 3926 1432 3969 ut
1453 3916 1663 3970 videant
1686 3918 1775 3987 qui
1797 3920 1926 3974 ode-

357 4011 482 4057 runt
512 4019 596 4055 me
621 4014 673 4055 et
699 4003 1088 4059 Confundantur
1144 4006 1367 4071 (Psalm.
1402 4023 1598 4071 Lxxxv,
1648 4009 1757 4075 ετ).
1800 4008 1927 4067 Hmc

359 4103 535 4148 autem
560 4094 697 4157 dico,
723 4094 843 4161 quia
872 4094 1125 4148 auditoris
1154 4096 1255 4149 mei
1290 4097 1523 4151 animum
1551 4098 1602 4152 in
1630 4098 1930 4153 humilitate

358 4193 597 4237 sternere
629 4185 806 4250 cupio.
832 4184 935 4237 Sed
970 4185 1077 4251 ipsa
1109 4184 1381 4241 humilitas
1439 4197 1527 4240 tua
1560 4188 1754 4242 habeat
1794 4189 1929 4244 tilu-

360 4277 496 4329 ciam
528 4291 709 4337 suam;
740 4290 857 4327 nam
886 4286 1132 4342 peccator
1170 4292 1271 4345 ego
1300 4278 1596 4331 certissima
1627 4293 1721 4347 spe
1752 4289 1932 4346 teneo,

359 4365 482 4436 quia
512 4380 607 4433 per
634 4368 1015 4436 omnipotentis
1044 4366 1314 4421 Creatoris
1340 4386 1399 4423 ac
1428 4368 1800 4441 Redemptoris
1840 4389 1935 4427 no-

360 4465 456 4519 stri
485 4464 578 4519 Dei
600 4463 805 4520 Domini
826 4466 947 4521 .iesu
972 4466 1165 4522 Christi
1190 4470 1562 4538 gratiam,jam
1593 4484 1811 4540 peccata
1844 4482 1931 4527 tua

360 4565 575 4619 dimissa
600 4574 743 4619 sunt.
767 4566 823 4618 Et
858 4567 1051 4621 idcirco
1068 4568 1269 4622 electus
1292 4584 1365 4629 es,
1394 4578 1451 4621 ut
1478 4586 1570 4638 per
1589 4581 1637 4623 te
1659 4572 1935 4625 dimittan-
1971 4544 2017 4604 υ

364 4666 451 4709 tur
478 4656 683 4711 aliena:
742 4670 839 4709 nec
882 4656 1100 4709 habebis
1152 4657 1349 4711 luctum
1397 4660 1461 4713 de
1488 4661 1728 4729 quolibet
1785 4678 1934 4716 reatu

366 4744 733 4813 impostcrum,
766 4746 854 4811 qui
880 4747 943 4797 de
971 4747 1259 4800 multorum
1290 4752 1642 4805 conversione
1681 4754 1931 4819 gaudium

366 4837 576 4891 conaris
614 4840 787 4890 tacere
813 4839 862 4890 in
894 4838 1050 4891 ςαξέο.
1085 4839 1225 4891 l-lem
1274 4857 1399 4894 vero
1430 4843 1687 4897 Conditor
1733 4854 1787 4899 et
1833 4846 1937 4899 lie-

369 4926 611 4997 detnptor
648 4937 849 4993 noster,
893 4945 1011 4983 cum
1038 4930 1105 4984 de
1132 4931 1443 4999 pcenitentia
1487 4936 1717 4991 hominis
1747 4938 1936 5005 loque-

369 5024 538 5083 retur,
569 5019 667 5071 ait:
688 5017 784 5081 lta,
802 5021 919 5073 dico
938 5021 1111 5086 vobis,
1129 5021 1303 5087 majus
1326 5024 1571 5088 gaudium
1596 5028 1695 5095 erit
1718 5028 1767 5080 in
1800 5028 1939 5082 uelo

371 5122 534 5178 super
559 5124 663 5162 uno
686 5121 965 5176 peccatore
995 5111 1359 5177 pastiitentiam
1393 5124 1609 5180 agente,
1658 5133 1817 5185 quam
1847 5133 1942 5173 su-

370 5227 467 5282 per
488 5212 771 5277 nonaginta
800 5227 986 5264 novem
1011 5211 1189 5278 justis,
1210 5213 1401 5281 quibus
1427 5231 1529 5269 non
1553 5232 1684 5283 opus
1705 5219 1806 5271 erit
1831 5234 1943 5287 pae—

374 5306 594 5361 nitentia
625 5305 773 5375 (Luc.
814 5322 893 5367 xv,
922 5305 994 5369 7).
1029 5305 1157 5359 Etsi
1191 5306 1255 5360 de
1284 5323 1386 5360 uno
1418 5310 1709 5377 pmnitente
1739 5314 1945 5380 grande

380 5395 434 5446 tit
463 5397 712 5463 gaudium
746 5397 797 5450 in
839 5396 999 5457 emlo,
1031 5397 1189 5465 quale
1218 5399 1469 5465 gaudium
1520 5400 1796 5459 credimus
1830 5402 1943 5456 lac-

380 5497 488 5539 tem
513 5487 577 5541 de
607 5494 754 5540 tanto
780 5486 1001 5554 populo,
1048 5503 1075 5538 a
1106 5504 1204 5540 suo
1228 5503 1413 5542 errore
1442 5504 1724 5555 converso,
1758 5491 1847 5558 qni
1873 5490 1941 5543 ad

380 5578 533 5630 livletn
574 5580 809 5645 veniens,
845 5580 978 5629 mala
1004 5595 1119 5646 qum
1141 5580 1245 5645 egit
1274 5582 1582 5648 paenitendo
1632 5582 1943 5637 damnavit?

380 5666 435 5721 in
467 5668 567 5720 itoe
596 5669 768 5735 itaque
818 5670 935 5723 cmii
979 5680 1031 5723 et
1061 5671 1365 5739 angelorum
1412 5674 1608 5740 gaudio
1638 5684 1946 5741 repetamus

382 5760 522 5828 ipsas
549 5772 679 5827 quas
710 5760 1053 5828 ιιττριυῖεὶιηειε
1104 5776 1262 5819 voces
1315 5765 1657 5834 angelorum;
1708 5762 1949 5821 dietantus

2021 3224 2194 3280 Patris
2223 3235 2278 3279 et
2318 3224 2434 3278 Fiiii
2466 3234 2520 3279 et
2549 3223 2779 3295 Spiritus
2817 3226 2985 3279 sancti
3015 3266 3029 3291 ,
3060 3226 3274 3292 regibus
3302 3240 3364 3279 ac
3391 3228 3609 3296 popu'is

2022 3319 2239 3374 sibimet
2282 3317 2538 3385 subjeCtis
2587 3317 2800 3371 frstinet
2832 3317 3146 3381 infundere;
3181 3327 3321 3372 utet
3357 3318 3610 3387 antiquos

2022 3408 2196 3475 gentis
2241 3422 2352 3461 sua:
2401 3421 2553 3474 reges
2602 3407 2844 3459 laudibus
2890 3422 2953 3461 ac
2993 3408 3198 3461 meritis
3242 3417 3518 3473 transeat;
3552 3417 3611 3463 et

2022 3506 2224 3567 quanto
2256 3498 2305 3550 in
2338 3496 2589 3562 subjectis
2611 3497 2719 3549 suis
2741 3496 2903 3549 etiam
2926 3497 3096 3549 aliena
3119 3506 3339 3569 peccata
3366 3497 3613 3554 deterse-

2024 3590 2123 3653 rit,
2152 3596 2301 3640 tanto
2325 3596 2486 3641 etmn
2517 3592 2582 3640 de
2627 3586 2859 3655 peccatis
2910 3588 3139 3655 propriis
3188 3598 3313 3640 ante
3358 3590 3610 3658 omnipo-

2026 3678 2187 3731 tentis
2221 3678 2314 3730 Dei
2344 3676 2581 3730 terribile
2610 3692 2839 3731 examen
2862 3680 3107 3732 securior
3128 3679 3238 3731 liat.
3268 3677 3615 3733 Reverentis-

2026 3768 2194 3820 simus
2215 3776 2391 3819 autem
2420 3765 2582 3819 frater
2608 3774 2793 3819 noster
2822 3766 3146 3833 Augustinus
3168 3804 3181 3830 ,
3207 3766 3257 3819 in
3291 3768 3609 3821 monasterii

2028 3858 2209 3925 regula
2241 3860 2465 3912 edoctus
2493 3897 2506 3919 ,
2540 3872 2705 3911 sacra:
2750 3855 3040 3924 Scriptura:
3084 3856 3304 3910 scientia
3336 3856 3569 3925 repletus
3595 3898 3611 3919 ,

2028 3949 2182 4003 bonis
2212 3956 2437 4002 auctore
2480 3947 2593 4001 Deo
2622 3946 2874 4015 aperibos
2921 3945 3172 4014 praeditus
3198 3982 3213 4007 ,
3244 3960 3470 4014 qumque
3517 3962 3617 3999 vos
3680 3934 3683 3935 ⁷

2032 4040 2286 4095 admonet
2317 4041 2542 4093 libenter
2583 4039 2768 4094 audite
2790 4040 3027 4105 ,devote
3075 4040 3346 4106 peragite,
3375 4038 3618 4114 studioso

2034 4130 2087 4185 in
2115 4132 2370 4185 memoria
2400 4144 2673 4185 reservate
2700 4150 2711 4181 :
2747 4132 2870 4199 quia
2900 4131 2943 4185 si
2975 4146 3073 4185 vos
3101 4146 3223 4185 eum
3248 4172 3263 4197 ,
3291 4131 3341 4184 in
3373 4146 3440 4186 eo
3466 4131 3615 4200 quod

2034 4236 2135 4291 pro
2164 4221 2528 4289 omnipotenti
2562 4222 2670 4273 Deo
2719 4221 2973 4287 loquitur,
3008 4220 3240 4284 auditis;
3274 4221 3338 4273 ido
3360 4237 3409 4273 m
3438 4221 3616 4274 omni-

2037 4322 2227 4380 potens
2277 4311 2415 4364 Dens
2444 4311 2586 4365 hunc
2618 4326 2712 4379 pro
2739 4311 2890 4363 vobis
2926 4320 3168 4363 orantem
3193 4310 3421 4364 celerius
3449 4325 3617 4365 exalto

2038 4404 2147 4456 diet
2173 4419 2185 4463 ;
2215 4402 2256 4455 si
2304 4411 2481 4454 autem
2508 4402 2679 4469 (quod
2711 4400 2884 4467 abs;t)
2917 4400 3078 4453 verba
3109 4400 3224 4466 ejus
3256 4399 3577 4467 postponitis
3600 4438 3617 4462 ,

2042 4494 2312 4563 quomodo
2356 4508 2479 4547 eum
2510 4494 2853 4560 omnipotens
2897 4492 3033 4543 Dens
3064 4491 3262 4558 pOIcrit
3306 4490 3493 4544 audire
3522 4506 3619 4558 pro

2046 4587 2195 4641 vobis
2225 4626 2239 4651 ,
2283 4602 2443 4655 quem
2489 4602 2587 4639 vos
2624 4585 2890 4651 negligitis
2928 4585 3113 4637 audire
3159 4600 3255 4653 pro
3301 4583 3452 4637 Deo?
3479 4581 3616 4636 Tota

2045 4677 2202 4742 igitur
2248 4684 2424 4727 mente
2470 4688 2589 4727 eum
2621 4688 2686 4725 ro
2724 4688 2819 4726 vos
2868 4673 2916 4725 in
2952 4671 3157 4727 fervore
3188 4673 3307 4726 lidei
3336 4671 3575 4739 stringite
3600 4710 3619 4738 ,

2045 4778 2205 4835 atque
2252 4767 2494 4820 adnisum
2538 4764 2677 4819 illius
2722 4767 2919 4819 virtute
2960 4781 3119 4833 quam
3170 4765 3318 4819 vobis
3363 4764 3620 4818 Divinitns

2046 4861 2230 4913 tribuit
2274 4859 2541 4925 adiuvate,
2575 4865 2631 4910 ut
2672 4858 2819 4925 regni
2864 4874 2945 4912 sui
3004 4874 3099 4911 vos
3148 4853 3258 4923 ipse
3306 4856 3463 4908 iaciat
3500 4870 3621 4910 esse

2050 4951 2334 5019 participes
2359 4992 2374 5013 ,
2405 4949 2559 5016 cujus
2597 4964 2692 5003 vos
2726 4950 2878 5002 tidem
2912 4949 2962 5003 in
3012 4964 3177 5016 regno
3224 4958 3405 4999 vestro
3454 4948 3619 5015 recipi

2050 5044 2220 5097 tacitis
2246 5052 2300 5096 et
2349 5041 2626 5095 custodiri.
2658 5040 2921 5094 Praeterea
2961 5041 3100 5092 scire
3136 5048 3365 5091 vestram
3394 5038 3617 5105 gloriam

2049 5142 2319 5200 volumus,
2351 5136 2474 5204 quia
2523 5137 2659 5189 sicut
2714 5136 2766 5189 in
2814 5134 3085 5201 Scriptura
3137 5148 3287 5185 sacra
3329 5149 3393 5187 ex
3447 5134 3621 5187 verbis

2051 5223 2255 5279 Domini
2307 5225 2689 5293 omnipotentis
2736 5224 3104 5291 agnoscimus,
3139 5222 3411 5287 pnescntis
3442 5207 3621 5276 mutuli

2046 5315 2153 5383 jam
2186 5318 2439 5369 terminus
2468 5327 2549 5369 est
2570 5316 2720 5381 juxta
2746 5352 2761 5376 ,
2794 5322 2848 5366 et
2893 5320 3195 5365 sanctorum
3241 5325 3458 5379 regnum
3490 5327 3623 5365 ten-

2053 5416 2225 5458 turum
2254 5419 2355 5468 est,
2378 5408 2518 5474 quod
2546 5404 2690 5458 nullo
2716 5417 2947 5469 unquam
2973 5403 3169 5470 poterit
3196 5402 3299 5456 line
3321 5403 3620 5455 terminari.

2050 5495 2524 5565 Appropinquante
2551 5504 2732 5549 autem
2761 5493 2947 5545 eodem
2980 5493 3159 5546 mundi
3184 5492 3431 5553 termino,
3456 5492 3621 5544 multa

2052 5586 2348 5651 imminent,
2372 5600 2491 5654 qum
2517 5594 2673 5638 antea
2702 5599 2811 5636 non
2843 5584 3053 5638 luerunt
3077 5603 3089 5645 ;
3127 5592 3205 5637 tot
3237 5582 3487 5637 videlicet
3516 5583 3616 5634 im-

2054 5676 2374 5730 mutationes
2407 5675 2566 5738 aeris,
2586 5683 2923 5743 terroresque
2951 5675 3017 5730 de
3048 5686 3214 5739 coelo,
3240 5684 3293 5728 et
3320 5682 3503 5728 contra
3534 5689 3624 5723 0r-

2053 5765 2229 5825 dinem
2275 5775 2572 5839 temporum
2621 5774 2989 5838 tempcstates,
3020 5769 3156 5827 beila
3183 5810 3197 5835 ,
3231 5765 3424 5832 fames,
3458 5764 3619 5833 pcat-
