3874 6224
229 387 297 444 π
1463 381 1624 439 νιτΑ
1680 374 1925 437 ΒᾹΝΟΤΙ
1964 374 2350 434 ΑυϐυδτζΝΙ.
3453 387 3522 454 π

234 497 609 566 “terra:
636 508 826 557 motus
856 513 957 569 per
988 498 1141 553 loca:
1165 511 1282 567 qua:
1304 505 1484 552 tamen
1516 511 1624 551 non
1660 491 1840 548 omnia
1871 492 1921 551 A
1946 488 2287 546 dilectionem
2344 487 2661 545 Christiana:
2717 487 2837 545 fidei
2890 490 3267 549 adhortatione
3315 496 3526 555 assidua

242 586 432 646 nostris
468 590 668 647 diebus
712 599 949 645 ventura
977 597 1107 643 sunt
1134 630 1149 657 ,
1186 588 1281 644 sed
1325 596 1449 659 post
1486 594 1703 641 nostros
1730 581 1847 636 dies

241 680 657 753 subsequentur.
694 680 808 736 Vos
854 679 1041 749 itaque
1065 719 1083 744 ,
1114 680 1160 735 si
1205 694 1310 749 qua
1336 694 1402 735 es
1433 678 1516 733 bis
1544 674 1764 732 evenire
1794 674 1847 727 in

243 779 388 829 terra
412 782 591 830 vestra
610 771 966 840 cognoscitis,
989 770 1138 827 nullo
1160 771 1320 827 modo
1345 779 1581 825 vestrum
1611 767 1847 822 animum

247 862 755 933 perturbetis:quia
786 861 990 917 idcirco
1037 863 1153 918 bxc
1202 862 1349 931 signa
1398 859 1468 913 de
1515 857 1621 913 line
1666 855 1848 912 smculi

248 955 671 1023 prmittnntur,
694 961 755 1007 ut
782 952 852 1008 de
879 953 1160 1007 animabus
1186 950 1383 1005 nostris
1411 948 1700 1005 debeamus
1728 962 1850 1003 esse

247 1042 467 1100 solliciti
495 1082 511 1109 ,
537 1040 607 1097 de
635 1041 825 1098 mortis
857 1041 992 1098 bora
1021 1039 1257 1111 suspecti
1289 1080 1305 1105 ,
1326 1051 1384 1094 et
1409 1047 1640 1093 venturo
1681 1034 1847 1105 judici

248 1134 304 1190 in
348 1135 511 1191 bonis
546 1134 755 1189 actibus
801 1133 1143 1189 inveniamur
1186 1142 1308 1188 esse
1354 1130 1663 1201 prmparati.
1722 1128 1848 1185 ιιωο

249 1240 415 1287 nunc,
445 1223 684 1292 gloriose
705 1224 798 1289 liii,
818 1222 1007 1295 paucis
1038 1221 1249 1277 locutus
1275 1227 1490 1287 snm,ut
1514 1234 1637 1275 cum
1665 1218 1847 1275 Chris-

250 1316 395 1369 tiana
418 1313 552 1369 lida
573 1314 627 1370 in
656 1329 823 1385 regno
849 1320 1033 1369 vestro
1052 1311 1381 1378 excreverit,
1414 1319 1601 1367 nostra
1628 1325 1847 1382 quoque

248 1404 394 1475 apud
422 1421 522 1460 vos
554 1406 756 1463 locutio
785 1405 949 1464 latior
977 1412 1290 1471 excrescat;
1321 1412 1378 1461 et
1423 1412 1575 1460 tanto
1617 1404 1844 1474 amplius

258 1497 407 1566 loqui
456 1497 618 1553 libeat
645 1537 661 1564 ,
711 1504 916 1568 quanto
943 1511 1006 1555 se
1032 1498 1088 1554 in
1116 1504 1296 1552 mente
1334 1504 1519 1552 nostra
1553 1494 1748 1565 gaudia
1779 1497 1848 1550 de

251 1586 431 1654 gentis
449 1597 645 1644 vestra:
660 1585 896 1656 perfecta
908 1587 1262 1645 conversione
1277 1584 1657 1655 multiplicant.
1673 1584 1847 1640 Parva

248 1685 435 1731 autem
469 1678 625 1733 xenia
661 1677 934 1733 transmisi
956 1716 973 1742 ,
1013 1691 1134 1747 qua:
1159 1675 1316 1731 vobis
1342 1689 1510 1745 parva
1535 1690 1645 1729 non
1664 1682 1844 1740 erunt,

249 1781 376 1823 cun
417 1782 452 1823 a
494 1768 647 1824 vobis
671 1782 743 1824 ex
777 1766 926 1823 beati
976 1765 1124 1823 Petri
1151 1764 1388 1836 apostoli
1437 1763 1637 1820 fuerint
1683 1764 1848 1821 bene-

1948 580 2229 646 roboratc,
2261 588 2435 635 vestra
2466 578 2541 635 il-i
2586 579 2891 636 sollicitudo
2941 590 3286 653 augmentum
3317 584 3373 640 in
3415 585 3528 641 Deo

1947 668 2147 723 amoris
2187 668 2457 737 infundat;
2489 678 2652 741 atque
2699 670 2774 725 ita
2813 671 3021 729 animos
3056 673 3175 745 ejus
3212 674 3377 731 etiam
3432 692 3530 747 pro

1949 758 2204 828 subjecta:
2230 761 2329 816 sibi
2367 761 2542 829 gentis
2570 760 2883 833 plenissima
2911 765 3265 822 conversione
3299 782 3529 824 succen-

1948 850 2040 904 dat
2067 891 2084 919 ,
2113 858 2172 905 ut
2198 860 2255 907 et
2281 866 2533 922 magnum
2581 853 2939 923 omnipotenti
2967 854 3079 911 Deo
3104 857 3407 918 devotionis
3434 876 3534 917 ve-

1948 952 2073 1001 stra:
2109 946 2286 1002 studio
2313 944 2641 1002 sacrificium
2668 946 2929 1015 oneratis,
2952 958 3005 1004 et
3036 964 3098 1005 ea
3130 966 3251 1022 qua:
3278 952 3346 1009 de
3382 954 3538 1011 vobis

1948 1045 2165 1091 narrata
2188 1045 2334 1099 sunt,
2366 1045 2423 1091 et
2449 1046 2696 1093 crescant
2715 1078 2731 1104 ,
2762 1046 2819 1093 et
2846 1052 2973 1094 vera
3000 1055 3119 1098 esse
3148 1042 3323 1099 modis
3348 1046 3527 1101 omni-

1948 1126 2049 1181 bus
2087 1124 2472 1196 approbentur.
2510 1125 2644 1193 Quia
2684 1126 2828 1183 bona
2872 1138 3050 1186 vestra
3078 1147 3186 1189 non
3214 1133 3390 1191 solum
3415 1135 3531 1205 jam

1949 1214 2091 1286 apud
2116 1215 2515 1288 Romanos,qui
2544 1232 2643 1288 pro
2667 1218 2775 1274 vita
2798 1226 2976 1275 vestra
3005 1219 3195 1279 fortius
3215 1234 3529 1291 oraveruut,

1949 1308 2043 1365 sed
2073 1308 2235 1363 etiam
2266 1324 2363 1380 per
2384 1308 2597 1365 diversa
2625 1309 2744 1367 loca
2770 1318 2829 1367 et
2858 1326 3025 1382 usque
3049 1315 3114 1368 ad
3148 1314 3532 1373 Constantino-

1950 1397 2113 1468 polim
2143 1398 2212 1454 ad
2230 1382 2634 1457 serenissimum
2664 1400 2961 1473 principem
2981 1414 3363 1473 pervenerunt.
3388 1404 3541 1464 Unde

1951 1497 2037 1554 ut,
2067 1489 2208 1544 sicut
2235 1488 2393 1545 nobis
2420 1489 2489 1546 de
2514 1490 2922 1547 christianitatis
2952 1502 3143 1549 vestra:
3169 1493 3373 1552 solatiis
3402 1496 3542 1553 ιιιίι

1952 1574 2025 1630 tia
2051 1575 2188 1632 facta
2218 1583 2333 1644 est,
2381 1577 2454 1632 ita
2484 1591 2701 1649 quoque
2729 1578 2798 1635 de
2825 1579 3067 1650 perfecta
3091 1584 3411 1653 operatione
3438 1602 3537 1643 vc-

1950 1671 2064 1720 stra
2092 1666 2296 1735 angelis
2322 1666 2415 1721 ttat
2438 1667 2691 1737 gaudium
2724 1670 2777 1724 in
2805 1670 2979 1738 cmlis;
3007 1672 3086 1729 sic
3116 1688 3212 1729 vos
3242 1676 3294 1731 in
3323 1677 3536 1745 adjuto-

1952 1751 2090 1806 rium
2130 1752 2424 1823 supradicti
2463 1756 2885 1811 reverentissimi
2934 1757 3115 1816 fratris
3143 1769 3200 1815 et
3226 1762 3536 1836 coepiscopi

248 1857 493 1913 dictione
518 1864 791 1927 suscepta.
820 1852 1175 1927 Omnipotens
1213 1854 1395 1925 itaque
1424 1854 1567 1910 Deus
1605 1853 1659 1909 in
1692 1852 1846 1909 vobis
1879 1868 1923 1930 Β
1957 1843 2167 1912 nostri,
2190 1852 2247 1901 et
2273 1859 2554 1901 servorum
2583 1844 2680 1901 Dei
2707 1860 2846 1916 quos
2869 1847 2997 1905 illuc
3022 1848 3293 1921 misimus,
3324 1854 3379 1909 in
3404 1869 3540 1911 con-

249 1948 484 2018 grariam
509 1962 693 2013 suam,
724 1962 885 2018 quam
913 1948 1079 2019 erepit
1098 1988 1114 2016 ,
1159 1943 1408 2017 perficiat
1434 1985 1450 2011 ,
1480 1953 1647 2017 atque
1680 1943 1844 2001 vitam

250 2048 488 2094 vestram
539 2047 597 2094 et
640 2037 730 2095 hic
770 2052 869 2109 per
920 2037 1213 2094 multorum
1263 2052 1532 2092 annorum
1580 2035 1847 2091 curricula

249 2128 544 2195 extendat,
563 2136 622 2185 et
645 2136 765 2198 post
792 2129 951 2196 longa
981 2137 1226 2197 tempora
1257 2128 1309 2182 in
1340 2126 1578 2183 cmlestis
1624 2139 1721 2182 vos
1749 2142 1848 2196 pa-

250 2219 369 2273 tri:
412 2218 835 2288 congregatione
881 2217 1165 2288 suscipiat.
1221 2215 1549 2273 Incolumem
1578 2214 1851 2271 excellen-

250 2310 386 2364 tiam
416 2317 652 2364 vestram
679 2308 853 2379 gratia
882 2321 1119 2378 superna
1161 2306 1465 2373 custodiat,
1496 2304 1722 2361 Domine
1752 2303 1847 2359 illi.

251 2400 385 2455 Data
434 2400 524 2457 die
574 2400 788 2457 decima
834 2398 1198 2455 Kalendarum
1237 2396 1497 2455 Juliarum
1546 2400 1851 2469 imperante

249 2492 477 2549 domino
502 2502 690 2549 nostro
726 2492 992 2549 Mauricio
1022 2491 1240 2548 Tiberio
1263 2533 1280 2560 ,
1308 2491 1555 2563 piissimo
1581 2500 1846 2562 augusto,

244 2597 394 2639 anno
419 2599 563 2639 nono
602 2583 815 2640 decimo
833 2622 850 2649 ,
908 2590 1030 2654 post
1057 2584 1366 2639 consulatus
1385 2583 1627 2653 ejusdem
1649 2581 1853 2639 domini

262 2691 410 2732 anno
436 2684 631 2731 octavo
656 2674 892 2741 decimo,
920 2674 1217 2731 indictione
1243 2683 1458 2746 quarta.

320 2764 409 2820 '50.
449 2764 828 2820 Venerabilem
853 2764 1196 2820 nihilominus
1216 2764 1453 2834 reginam
1484 2764 1699 2845 Bertgm
1733 2765 1851 2845 ipse

244 2855 775 2927 prmcellentissimus
791 2855 1085 2911 illustrator
1101 2854 1446 2912 ecclesiarum
1468 2854 1709 2927 gratillce
1734 2855 1850 2912 lau-

247 2946 343 3001 dat
361 2946 467 3002 hac
494 2946 776 3018 epistulari
803 2945 945 3003 serie
966 2987 984 3015 ,
1022 2954 1126 3000 tam
1154 2961 1254 3017 pro
1281 2947 1423 3017 regis
1451 2947 1809 3004 conversione
1829 2988 1846 3015 ,

248 3049 407 3104 qnam
437 3034 663 3106 propria
690 3048 819 3105 erga
844 3034 1063 3090 beatum
1085 3034 1438 3104 Augustinum
1461 3048 1696 3105 suosque
1717 3049 1849 3090 cono

252 3134 425 3181 sortes
451 3125 837 3194 procuratione
860 3162 877 3187 ,
907 3123 1260 3194 hortaturque
1284 3125 1397 3179 inec
1421 3123 1627 3181 famosa
1656 3124 1847 3181 merita

251 3215 505 3269 attentius
532 3228 737 3285 angere
756 3211 965 3286 (Lib._r,
986 3213 1135 3285 epist.
1162 3212 1273 3285 59).
1298 3212 1401 3281 Qui
1427 3221 1551 3283 post
1578 3222 1845 3270 terrenam
1872 3238 1923 3301 ο

250 3316 571 3377 potestatem
594 3306 1010 3376 cmlesustregni
1035 3305 1257 3375 gloriam
1284 3306 1433 3375 cupit
1457 3304 1758 3376 acquirere,
1780 3304 1850 3361 ad

252 3398 550 3455 faciendum
596 3397 812 3453 lucrum
854 3395 1089 3452 creatori
1137 3410 1236 3451 suo
1265 3394 1428 3452 debet
1455 3396 1666 3451 enixius
1704 3396 1852 3452 labo-

262 3502 378 3543 rare
402 3530 420 3557 ,
446 3497 509 3541 ut
535 3487 610 3543 de
631 3501 700 3543 ea
728 3501 851 3558 quae
876 3485 1148 3542 desiderat
1176 3486 1510 3557 operationis
1535 3501 1646 3542 sua:
1666 3486 1851 3555 gradi-

256 3576 354 3632 bus
380 3577 556 3647 possit
577 3575 896 3641 ascendere,
912 3575 1051 3631 sicut
1071 3591 1168 3631 vos
1192 3575 1380 3632 fecisse
1405 3576 1718 3645 gaudemus.
1746 3575 1851 3632 Re-

258 3676 497 3722 meantes
524 3668 693 3737 igitur
718 3665 1108 3722 dilectissimus
1135 3666 1274 3722 lilius
1318 3676 1502 3723 noster
1528 3664 1853 3723 Laurentius

256 3758 531 3827 presbyter
553 3764 614 3812 et
640 3756 835 3812 Petrus
860 3755 1364 3826 monachus,qnalis
1385 3769 1515 3825 erga
1536 3758 1853 3813 reverentis-

257 3847 441 3900 simum
471 3842 697 3901 fratrem
716 3853 772 3900 et
798 3845 1183 3917 coepisc0pum
1212 3856 1457 3902 nostrum
1495 3846 1849 3917 Augustinum

257 3935 420 4002 gloria
445 3942 629 3990 vestra
653 3934 929 4003 extiterit,
951 3944 1257 4005 quantaque
1284 3936 1359 3991 illi
1384 3936 1573 3992 solatia
1602 3936 1683 3992 vel
1712 3952 1849 4006 qua-

260 4023 358 4079 lem
384 4024 710 4080 cbaritatem
747 4024 1104 4095 impenderit,
1132 4025 1465 4095 retulerunt,
1497 4036 1553 4081 et
1597 4028 1847 4097 omnipo-

260 4123 455 4170 tentem
482 4114 654 4170 Deum
683 4116 1055 4171 benediximus
1082 4158 1097 4183 ,
1129 4116 1221 4186 qui
1250 4119 1653 4173 conversionem
1675 4120 1850 4188 gentis

262 4205 551 4274 Anglomm
582 4205 819 4260 mercedi
856 4215 1050 4261 vestra:
1077 4206 1325 4276 dignatus
1352 4216 1436 4263 est
1465 4209 1728 4278 propitius
1757 4226 1848 4265 re-

262 4312 488 4353 servare.
521 4296 658 4351 Nam
699 4296 838 4351 sicut
874 4313 969 4367 per
1004 4298 1349 4353 recdrdanda:
1376 4301 1651 4356 memoria:
1689 4301 1851 4357 llele-

265 4403 380 4441 nam
411 4426 427 4449 ,
458 4399 685 4443 matrem
736 4388 959 4458 piissimi
991 4388 1328 4445 Cortstantini
1369 4392 1711 4463 imperatoris
1732 4436 1745 4459 ,
1780 4394 1847 4448 ad

1948 1935 2200 1993 versione
2219 1935 2395 2006 gentis
2406 1944 2600 1993 vestr-te
2618 1936 2814 1995 devote
2827 1952 2893 1996 ac
2907 1940 3031 1996 totis
3042 1941 3245 2001 viribus
3265 1944 3428 2001 eahib
3465 1954 3542 2013 te;

1949 2034 2012 2083 ut
2037 2034 2093 2083 et
2130 2026 2218 2083 hic
2268 2026 2497 2084 feliciter
2523 2042 2651 2085 eum
2674 2029 2913 2099 glorioso
2943 2030 3052 2089 lilio
3071 2043 3281 2103 nostro,
3310 2037 3541 2109 conjuge

1948 2126 2169 2183 vestro,
2202 2117 2439 2187 regnetis
2462 2158 2478 2185 ,
2505 2127 2562 2175 et
2603 2129 2729 2191 post
2781 2120 2940 2193 longa
2990 2137 3257 2182 annorum
3300 2136 3543 2201 tempora

1951 2203 2142 2261 futurae
2168 2221 2385 2277 quoque
2411 2209 2605 2278 gaudia
2628 2210 2773 2281 vitae,
2790 2228 2908 2284 qua:
2936 2212 3097 2271 linem
3126 2215 3331 2275 habere
3354 2223 3535 2277 nesci-

1950 2294 2055 2361 vit,
2087 2296 2330 2367 capiatis.
2372 2298 2599 2355 Oramus
2644 2309 2826 2358 autem
2855 2303 3280 2376 omnipotentem
3328 2309 3498 2368 Deum
3521 2350 3543 2380 ,

1952 2393 2013 2440 ut
2056 2385 2245 2454 gloria:
2279 2397 2470 2444 vestra:
2496 2404 2594 2445 cor
2652 2400 2713 2447 et
2745 2393 2812 2447 ad
2857 2395 3129 2465 operando
3158 2412 3279 2469 qua:
3308 2398 3543 2457 diximus

1951 2475 2136 2545 gratia:
2162 2491 2275 2531 sua:
2301 2477 2593 2534 succendat
2617 2521 2633 2548 ,
2661 2488 2720 2535 et
2764 2489 2979 2539 interna:
3008 2486 3273 2543 mercedis
3308 2486 3543 2546 fructum

1951 2567 2108 2623 vobis
2144 2568 2212 2624 de
2240 2569 2436 2640 placita
2466 2570 2566 2627 sibi
2596 2574 2916 2644 oper'tione
2939 2577 3226 2635 concedat.

2021 2656 2113 2712 3|.
2154 2647 2268 2715 ll’os
2307 2658 2593 2716 melliﬂuos
2630 2662 2865 2732 llorigeri
2907 2662 3152 2736 Gregorii
3189 2667 3341 2725 favos
3366 2713 3382 2738 ,
3429 2671 3546 2730 lucc

1951 2747 2262 2818 apostolicae
2282 2756 2339 2804 et
2364 2748 2623 2807 Romane
2649 2751 3006 2809 allactationis
3034 2755 3359 2814 nutrimenta
3382 2776 3546 2832 quam

1951 2838 2041 2910 pia
2068 2838 2326 2895 aviditate
2338 2838 2668 2897 desideriosa
2685 2842 2965 2911 Augustini
2988 2839 3266 2915 ﬂagrantia
3284 2849 3545 2918 hauserit,

1954 2943 2158 3001 pauper
2176 2944 2365 2986 tensus
2386 2946 2487 2986 nec
2508 2946 2704 3002 (apere
2728 2948 2829 2989 nec
2847 2934 3100 3004 expedire
3118 2934 3332 2995 sufﬁcit.
3356 2939 3413 2997 In
3439 2942 3544 2999 hac

1950 3017 2131 3075 divina
2178 3030 2522 3092 paternarum
2572 3022 2872 3079 litterarum
2912 3032 3181 3083 armatura
3224 3028 3544 3099 jamdudum

1950 3110 2207 3167 emeritus
2248 3112 2493 3180 agonista
2538 3111 2635 3168 Dei
2679 3113 2821 3185 [Al.,
2847 3114 3055 3190 Deum]
3103 3133 3165 3175 se
3191 3120 3562 3191 oblectabat;‘

1951 3200 2006 3255 in
2037 3202 2140 3258 hoe
2180 3202 2551 3274 limpidissimo
2585 3206 2806 3276 speculo
2831 3247 2846 3272 ,
2872 3217 2998 3266 ante
3035 3212 3222 3270 oculos
3259 3213 3547 3285 elegantis-

1950 3293 2072 3349 simi
2101 3296 2243 3364 regis
2269 3297 2349 3351 sui
2372 3338 2388 3363 ,
2420 3296 2671 3355 decorem
2699 3307 2756 3355 et
2780 3309 2999 3358 ornatus
3026 3318 3153 3362 suos
3188 3309 3541 3378 consulebat:

1953 3386 2006 3446 in
2030 3388 2130 3443 hac
2158 3398 2309 3444 state.
2326 3405 2375 3453 a.
2390 3390 2521 3473 quid
2549 3395 2958 3465 vergeret,quid
2984 3408 3266 3468 superaret
3286 3400 3353 3457 de
3373 3404 3549 3473 pretio

1951 3492 2069 3544 suo,
2087 3478 2334 3533 librabat.
2350 3472 2450 3536 Cui
2478 3497 2601 3537 cum
2623 3492 2810 3539 sancta
2837 3487 3166 3544 conscientia
3191 3498 3273 3547 tot
3291 3472 3542 3559 virtutum

1952 3569 2241 3637 praeconiis
2272 3571 2643 3639 responderet,
2669 3575 2850 3630 omnia
2879 3576 2945 3631 ad
2972 3579 3403 3639 emolumentum’
3424 3601 3548 3656 grao

1952 3657 2147 3712 tiaram
2172 3659 2470 3730 reponebat
2497 3661 2549 3715 in
2590 3663 2766 3719 sinum
2816 3665 3086 3735 largitoris
3114 3669 3377 3729 bonorum
3404 3694 3419 3730 :
3445 3693 3544 3735 nec

1950 3749 2240 3805 verebatur
2267 3766 2335 3807 ne
2359 3768 2460 3809 suo
2490 3754 2756 3827 triumpho
2783 3758 3122 3828 obrueretur,
3147 3764 3239 3833 qui
3264 3780 3369 3821 non
3397 3768 3497 3825 sibi
3525 3813 3543 3837 ,

1951 3838 2047 3896 sed
2066 3842 2276 3898 auctori
2293 3858 2392 3899 suo
2413 3844 2761 3903 innitebatur.
2776 3847 2895 3905 Non
2910 3850 3085 3907 labem
3108 3854 3359 3922 timebat,
3385 3874 3545 3929 quem

1952 3932 2114 3989 timor
2136 3933 2349 3993 Domini
2368 3946 2583 3993 sanctus
2605 3938 2941 4011 possederat,
2963 3956 3122 4013 quem
3147 3959 3307 4016 supra
3340 3948 3545 4005 firmam

1952 4030 2159 4092 petram
2190 4022 2466 4081 fundatum
2490 4042 2591 4082 nec
2615 4028 2786 4097 gloria
2817 4045 2917 4087 nec
2946 4031 3234 4100 ignominia
3261 4034 3541 4103 flectebat,

1950 4113 2039 4182 qui
2063 4127 2169 4168 non
2196 4114 2249 4169 in
2272 4129 2349 4181 se,
2379 4116 2475 4171 sed
2496 4116 2546 4171 in
2562 4117 2789 4174 Domino
2808 4121 3014 4177 stabat:
3039 4136 3140 4179 nec
3168 4123 3384 4181 Petrum
3410 4144 3546 4199 pra:-

1950 4208 2257 4278 sumptione
2284 4209 2517 4275 labilem,
2547 4212 2643 4267 sed
2682 4212 2785 4269 [ide
2809 4216 3056 4273 stabilem
3080 4258 3095 4283 ,
3124 4218 3460 4292 Paulumque
3490 4224 3543 4279 in

1952 4299 2348 4357 infirmitatibus
2375 4304 2697 4373 gloriantem
2727 4306 2798 4362 ob
2825 4306 3021 4365 Christi
3052 4312 3307 4367 virtutem
3332 4353 3347 4380 ,
3374 4328 3545 4369 remu-

1951 4392 2162 4449 labatur
2185 4395 2252 4449 ad
2279 4394 2580 4451 claritatem
2609 4397 3077 4457 interminabilem.
3110 4400 3391 4461 Postremo
3418 4406 3548 4475 quid

265 4479 604 4533 cbrisxianam
630 4479 787 4534 fidem
810 4480 970 4535 corda
998 4480 1364 4538 Romanorum
1389 4484 1667 4551 accendit,
1698 4485 1771 4539 ita
1791 4495 1847 4540 et
1945 4485 2149 4553 jactare
2169 4487 2411 4552 deberet,
2434 4488 2523 4558 qui
2551 4503 2764 4544 omnem
2794 4499 2975 4561 typum
2992 4492 3265 4562 jactantize
3293 4496 3542 4565 eliserat,

268 4584 358 4638 per
398 4569 581 4639 gloria:
621 4578 815 4626 vestrae
852 4572 1088 4627 studium
1134 4572 1185 4626 in
1218 4573 1508 4641 Anglorum
1541 4587 1699 4643 gente
1729 4576 1843 4644 ejus

270 4660 681 4715 misericordiam
707 4662 1027 4718 conﬁdimus
1058 4665 1290 4733 Operari.
1310 4664 1376 4717 Et
1397 4666 1611 4733 quidem
1638 4666 1847 4735 jamdu-

272 4750 387 4803 dum
411 4751 625 4818 glorio.-i
652 4750 741 4805 lilii
772 4756 975 4818 nostri,
999 4754 1241 4823 conjugis
1262 4754 1423 4808 vestri
1449 4796 1464 4821 ,
1490 4758 1629 4809 anim
1655 4773 1695 4811 is
1721 4773 1850 4827 pru-

274 4842 456 4895 dentia:
486 4850 675 4895 vestrm
701 4842 847 4895 bono
866 4880 880 4903 ,
906 4843 1041 4895 sicut
1065 4858 1249 4898 revera
1276 4843 1611 4908 Christianas,
1636 4846 1851 4902 debuis-

277 4936 339 4987 tis
365 4936 448 4987 inti
464 4945 628 4989 uere
651 4976 664 4999 ,
690 4946 745 4988 ut
772 4950 872 5004 pro
894 4935 1039 5003 regni
1068 4943 1124 4990 et
1147 4938 1339 4991 animae
1358 4952 1469 4993 suae
1489 4939 1661 4993 salute
1691 4938 1851 4993 iidem

278 5040 424 5093 quam
472 5028 644 5083 colitis
686 5036 1036 5095 sequeretur;
1068 5037 1334 5096 quatenus
1375 5039 1430 5085 et
1468 5031 1535 5085 de
1563 5046 1627 5086 eo
1658 5041 1713 5087 et
1754 5049 1851 5102 per

281 5132 392 5169 eum
424 5160 438 5183 ,
462 5118 531 5173 de
577 5118 737 5173 totius
778 5119 951 5185 gentis
995 5122 1349 5177 conversione
1373 5162 1389 5189 ,
1422 5123 1579 5191 digna
1612 5126 1763 5179 νοω»
1795 5128 1846 5181 in

283 5209 579 5262 nniestihus
605 5210 812 5278 gaudiis
847 5211 1128 5264 retributio
1171 5224 1503 5269 nasceretur.
1535 5214 1665 5269 Nam
1701 5226 1849 5285 pest-

283 5312 464 5363 quam,
495 5300 632 5352 sicut
678 5301 950 5366 diximus,
984 5310 1038 5355 et
1093 5312 1238 5355 recta
1292 5302 1395 5358 ille
1449 5305 1615 5373 gloria
1671 5317 1846 5362 vestra

284 5391 468 5443 muniti
494 5432 507 5451 ,
537 5404 590 5443 et
620 5392 812 5447 litteris
844 5396 998 5447 docta
1032 5404 1113 5448 cst
1147 5435 1161 5458 ,
1195 5394 1297 5449 hoc
1327 5397 1478 5450 vobis
1509 5412 1606 5452 nec
1638 5401 1846 5453 lardum

286 5500 375 5536 nec
408 5482 587 5536 debuit
638 5500 757 5538 esse
787 5484 1023 5540 diflicle.
1070 5485 1132 5539 Et
1179 5488 1429 5554 quoniam
1481 5490 1589 5543 Deo
1634 5492 1847 5547 volente

288 5593 315 5628 a
340 5586 450 5629 tum
470 5592 607 5630 nunc
631 5586 842 5644 tempus
869 5587 969 5639 cst,
990 5580 1129 5649 agite
1165 5588 1219 5633 ut
1247 5580 1420 5633 divina
1452 5584 1620 5650 gratia
1647 5598 1846 5655 coope-

292 5679 425 5725 rante
474 5687 590 5725 cum
644 5683 938 5739 augmento
982 5674 1194 5741 possitis
1245 5674 1385 5743 quod
1443 5676 1741 5743 neglectiuu
1770 5687 1852 5731 est

292 5777 540 5830 rvi-arare.
583 5761 771 5827 itaque
801 5768 1041 5815 mentem
1081 5763 1298 5832 gloriosi
1336 5764 1574 5833 conjugis
1605 5766 1764 5820 vestri
1796 5767 1849 5821 in

550 5916 824 5979 Pst‘ttOL.
860 5912 1125 5979 LXXX.

1874 4604 1925 4664 Ι)
1950 4577 2039 4645 qui
2069 4586 2363 4645 egestatem
2393 4587 2449 4633 et
2468 4578 2728 4634 vilitatem
2751 4594 2855 4651 pro
2872 4582 3041 4651 gloria
3064 4587 3375 4655 appetebat,
3393 4588 3547 4658 cujus

1953 4666 2327 4725 architectura:
2356 4664 2695 4721 fundamenta
2737 4677 2882 4724 tanta
2928 4672 3239 4729 humilitatis
3268 4674 3549 4734 altitudine

1953 4768 2077 4811 sunt
2102 4757 2352 4827 depressa
2382 4773 2447 4812 ac
2472 4757 2700 4813 molibus
2722 4761 2834 4817 suis
2859 4762 3085 4818 solidata
3109 4804 3125 4831 ,
3149 4774 3205 4819 ut
3226 4766 3353 4822 dum
3382 4769 3549 4824 turris

1953 4848 2069 4916 ejus
2101 4865 2230 4903 auro
2258 4849 2457 4903 mundo
2486 4858 2541 4904 et
2575 4852 2722 4907 omni
2752 4851 2927 4922 lapide
2972 4856 3209 4924 pretioso
3237 4867 3543 4928 constructa

1955 4942 2007 4995 in
2038 4942 2229 4997 coelum
2262 4951 2581 5009 assurgeret,
2608 4944 2845 4999 omnium
2869 4952 3246 5014 tempestatum
3274 4948 3409 5002 ictus
3440 4948 3544 5003 im-

1954 5040 2098 5083 mota
2128 5039 2181 5084 et
2206 5029 2364 5085 illmsa
2387 5030 2586 5086 rideret
2606 5033 2628 5085 ἲ
2649 5030 2762 5087 Rex
2790 5047 3006 5101 quoque
3027 5032 3398 5092 :Etbelbertus
3428 5046 3548 5094 tan.

1956 5132 2067 5175 tum
2114 5122 2423 5190 apostolicis
2470 5124 2662 5178 summi
2691 5123 2933 5192 Gregorii
2966 5125 3260 5182 resultabat
3285 5128 3542 5185 exhorta-

1956 5212 2187 5267 tionibus
2211 5254 2224 5275 ,
2258 5221 2516 5280 quantum
2560 5230 2616 5269 se
2649 5215 2797 5267 novit
2824 5216 3118 5284 gratiarum
3156 5218 3455 5276 debitorem
3489 5222 3543 5275 in

1952 5304 2164 5358 Christo
2194 5304 2501 5373 redemptus
2530 5348 2543 5369 ,
2576 5307 2717 5375 quoi
2750 5306 2815 5360 de
2844 5316 3042 5360 aeterna
3072 5310 3371 5377 perdisione
3401 5311 3544 5366 illius

1954 5396 2256 5465 adoptionis
2304 5395 2397 5448 Dei
2444 5406 2584 5450 esset
2630 5395 2866 5450 ellecms.
2907 5395 3075 5461 Quem
3106 5397 3207 5451 nisi
3239 5399 3361 5466 quia
3394 5400 3542 5468 regia

1951 5490 2185 5558 potentia
2208 5487 2461 5541 dilatandi
2489 5488 2637 5555 regni
2659 5487 2851 5540 Christi
2877 5502 3219 5556 summopere
3244 5489 3546 5546 habebatur

1954 5580 2312 5639 necessarius,
2364 5576 2627 5631 credimus
2672 5579 2872 5632 servire
2913 5593 3071 5647 quam
3115 5581 3381 5649 imperare
3431 5598 3546 5636 ma-

1952 5674 2114 5727 luisse
2144 5669 2448 5725 monasticis
2489 5670 2940 5729 institutinnibus,
2972 5679 3129 5737 atque
3159 5687 3323 5726 coron
3344 5688 3371 5725 υ
3394 5676 3544 5741 regni

1953 5778 2209 5821 coronant
2255 5776 2563 5835 rrmponcrc
2617 5760 2780 5815 Petri.
2822 5762 3017 5816 Verum
3067 5763 3213 5827 qttml
3263 5774 3388 5817 tunc
3437 5751 3554 5817 ιηιῖ

3106 5917 3146 5976 3
