3874 6224
420 374 489 429 79
1247 374 1551 432 SANCTUS
1589 373 2026 433 AUGUSTINUS
2060 374 2428 434 ANCLtillUM
2469 378 2889 440 Al’OSTOLUS.
3619 384 3690 439 8ο

419 482 682 551 inermes,
721 498 856 554 quos
894 481 1224 550 tlclcnsaret,
1264 485 1454 555 gladiis
1481 486 1744 556 exposuit.
1769 484 1847 541 Ex
1876 503 1997 542 ora-
2027 490 2078 548 Α
2109 489 2358 554 vit-tores,
2390 492 2642 561 copiosos
2669 496 2896 565 populos
2925 498 3137 553 Christo
3179 498 3411 567 undique
3437 499 3689 567 acquire-

421 574 628 631 toribus
651 573 794 629 mille.
823 574 1031 627 ducenti
1056 575 1211 640 caesi,
1237 577 1612 646 quinquaginta
1641 584 1847 633 tantum
1869 577 1991 646 fuga

420 667 591 737 erepti
621 666 948 729 referuntur;
975 674 1084 719 tum
1112 674 1332 721 ceteras
1355 665 1565 735 pcrlida:
1590 665 1790 721 militia:
1809 668 1995 737 copias

419 756 561 825 iusta
590 753 809 810 victoris
835 754 1038 810 delevit
1084 755 1411 810 immanitas.
1450 755 1542 811 Sic
1592 769 1722 826 ergo
1754 759 1993 826 perversi

419 854 700 902 senserunt
751 845 803 900 in
856 860 1012 916 pinna
1060 862 1157 901 sua
1221 847 1622 915 Augustinum,
1666 847 1827 916 longe
1871 859 1995 919 post

420 939 739 1009 triumphata
768 938 943 993 sidera
978 940 1136 994 luisse
1165 939 1458 995 veridicum
1479 981 1494 1005 ,
1539 940 1693 1009 cujus
1729 940 1907 996 adhuc
1938 939 1992 993 in

417 1042 641 1098 corpore
666 1028 825 1097 positi
854 1038 1291 1098 contempserant
1333 1031 1642 1086 vaticinium
1668 1047 1683 1095 ;
1721 1030 1862 1101 quod
1890 1029 1996 1084 sci-

418 1120 540 1177 licet
565 1121 959 1176 dehellarentur
986 1121 1056 1175 ab
1086 1122 1271 1191 Anglis
1312 1123 1591 1189 hostibus,
1632 1138 1753 1181 cum
1802 1121 1997 1193 quibus

417 1213 467 1267 in
508 1211 722 1267 Christo
771 1226 962 1283 pacem
1008 1213 1215 1268 nollent
1266 1212 1543 1269 b-atribus.

1030 1301 1260 1359 CAPUT
1303 1302 1392 1359 Ν.

422 1392 732 1448 Ργωὰἱοαιὶο
773 1402 822 1448 et
861 1394 1124 1449 conversio
1181 1411 1275 1464 per
1329 1410 1561 1467 regnum.
1621 1392 1784 1448 Varia
1830 1394 1994 1448 mira-

1141 1486 1282 1541 cata.

482 1572 569 1628 36.
607 1574 702 1630 Ubi
730 1588 859 1642 ergo
905 1574 993 1629 ille
1021 1575 1261 1630 veritatis
1306 1583 1456 1630 vates
1484 1576 1599 1632 haec
1639 1586 1781 1631 mata
1805 1575 1998 1645 impla«

410 1665 669 1722 cubilibus
698 1664 946 1734 pra-dixit
975 1664 1313 1732 Britonibus,
1361 1665 1427 1720 ad
1474 1664 1771 1731 Eburacam
1816 1667 1999 1722 civita-

414 1765 542 1821 tem,
573 1762 634 1809 ut
656 1756 893 1810 omnium
921 1756 1206 1823 sollicitus,
1237 1766 1319 1812 est
1347 1757 1643 1827 profectus.
1668 1757 1865 1813 Totum
1896 1759 1998 1813 iter

2098 582 2220 646 bat;
2265 580 2400 635 adeo
2429 582 2593 636 scilict
2616 594 2657 648 t,
2686 598 2737 638 ut
2770 587 2823 640 iu
2856 588 2942 643 illa
2972 591 3163 643 natalis
3200 589 3408 645 lhuuiui
3434 589 3542 653 die,
3567 606 3691 644 out—

2100 670 2245 724 nium
2275 670 2534 725 coriorum
2574 676 2924 730 concentibus
2952 680 3249 745 celebrata,
3282 680 3564 749 plusquam
3591 678 3691 735 dc-

2096 776 2212 817 ceat
2243 762 2407 816 millia
2440 762 2731 833 Anglorum
2757 806 2773 832 ,
2804 768 3006 836 absque
3036 773 3375 839 parvulorum
3402 787 3467 825 ac
3493 771 3694 826 mulio»

2096 868 2213 907 rum
2244 852 2450 910 inliuito
2476 870 2723 924 numero,
2754 857 2806 911 in
2836 856 2997 913 lluvin
3028 862 3117 930 qui
3150 873 3174 899 ι
3206 864 3437 918 Sirarios
3478 862 3652 931 anglis
3671 878 3693 919 ι

2094 942 2333 1013 dicitur,
2383 958 2793 1003 renascerentur
2839 951 2978 1005 sacri
3030 950 3363 1022 baptismatis
3426 955 3643 1007 lavacro
3670 990 3690 1016 .

2096 1034 2241 1088 velut
2290 1051 2398 1091 uno
2448 1038 2689 1093 ecclesia:
2729 1049 2886 1109 partu
2936 1050 2990 1095 et
3030 1053 3200 1098 utero.
3253 1042 3352 1110 Qui
3400 1045 3467 1098 ad
3515 1044 3694 1113 impc-

2095 1122 2234 1177 rium
2282 1123 2443 1179 divini
2493 1127 2878 1197 przcceptiris,
2930 1136 3179 1199 tanquam
3230 1134 3297 1186 ad
3348 1148 3534 1186 vocem
3583 1149 3689 1187 au-

2095 1212 2203 1279 geli
2242 1214 2311 1270 de
2356 1216 2495 1271 cmlo
2522 1216 2823 1282 clamantis,
2859 1234 3049 1275 OllllleS
3078 1222 3277 1292 pariter
3307 1224 3415 1277 bini
3459 1232 3514 1276 et
3551 1224 3691 1288 bini,

2096 1302 2361 1359 minacem
2415 1304 2650 1360 ﬂuminis
2679 1308 3094 1376 profunditatem
3125 1328 3188 1367 ac
3212 1314 3257 1368 si
3282 1313 3509 1368 solidum
3535 1328 3657 1367 cam
3676 1343 3694 1356 -

2095 1406 2220 1461 pum
2266 1394 2667 1461 ingrediuntur;
2698 1396 2875 1465 ibique
2906 1399 2959 1453 iu
2990 1416 3112 1454 vera
3145 1400 3247 1456 lide
3266 1412 3319 1455 et
3348 1401 3696 1455 coulcssinne

2094 1494 2316 1535 summa:
2332 1482 2556 1537 invicem
2574 1483 2871 1554 Trinitatis,
2884 1486 3021 1541 alter
3041 1489 3108 1542 ab
3128 1489 3318 1553 altero,
3336 1506 3528 1559 aquam
3546 1490 3695 1545 duco

2095 1574 2391 1641 apostolch
2420 1575 2802 1640 henedi.:ente,
2854 1576 3213 1647 haptizantur.
3258 1580 3303 1633 0
3345 1588 3543 1648 quanta
3594 1596 3695 1635 so—

2096 1660 2203 1717 letu
2228 1663 2372 1717 ritas!
2404 1674 2663 1734 quantum
2688 1667 2973 1736 gaudium!
3006 1683 3167 1739 quam
3195 1669 3490 1740 jucundum
3537 1686 3696 1741 spee-

2102 1753 2337 1809 taculum
2382 1755 2580 1811 civium
2640 1758 2936 1813 cmicsﬁum
3011 1773 3075 1813 ac
3135 1759 3497 1815 terrestrium!
3562 1775 3692 1814 cum

413 1847 530 1913 ejus
577 1846 681 1901 hoc
732 1847 1013 1914 satagebat
1052 1847 1196 1915 quod
1235 1849 1471 1913 mansio,
1522 1856 1583 1902 ut
1623 1848 1823 1919 ubique
1855 1848 2001 1903 viam
2030 1844 2082 1904 -Β
2106 1845 2439 1913 capacissimi
2467 1846 2603 1901 alvei
2632 1847 2783 1901 sinus
2824 1856 2986 1903 tantm
3028 1849 3350 1905 multitudini
3400 1866 3507 1905 non
3540 1849 3694 1904 solli—

415 1946 619 1992 rectam
668 1944 725 1990 et
770 1935 979 2006 plebem
1020 1936 1311 2006 perfectam
1357 1944 1573 2006 pararet
1602 1936 1849 1991 Domino.
1878 1936 1996 1991 lbat

411 2041 625 2096 setrrper
652 2025 814 2096 pedes
868 2027 1072 2096 absque
1118 2026 1404 2093 vehiculo;
1455 2026 1664 2096 patiens
1710 2025 1994 2090 laborum,

411 2116 547 2186 (qui)
577 2123 634 2170 ut
656 2130 813 2171 verus
840 2114 1040 2169 asseela
1075 2124 1385 2169 sanctorum
1431 2114 1831 2185 apostolorum,
1862 2114 1995 2170 nihil

410 2224 594 2266 secum
624 2208 817 2263 tulerat
842 2208 895 2263 in
923 2207 1025 2264 hac
1054 2207 1237 2264 mundi
1258 2210 1343 2263 via
1389 2208 1458 2263 de
1502 2207 1797 2278 cupiditate
1840 2223 1997 2263 mun-

416 2301 577 2356 dana.
608 2300 769 2355 Liber
800 2308 856 2355 et
884 2298 1167 2371 expeditus
1189 2314 1286 2371 per
1311 2300 1690 2356 mandatorum
1710 2298 1806 2355 Dei
1834 2300 1998 2355 semi-

412 2399 496 2446 tas
523 2391 775 2448 currebat
819 2390 887 2446 ad
932 2390 1203 2457 caelestia,
1251 2392 1473 2446 trahens
1519 2406 1701 2447 secum
1745 2390 1996 2460 sequacia

414 2481 643 2551 agmina.
676 2480 964 2536 Vallahant
990 2478 1305 2536 Ethereum
1350 2480 1541 2538 ducem
1570 2481 1854 2537 auxiliaria
1878 2497 1999 2537 san-

412 2578 619 2628 ctorum
659 2568 881 2626 fratrum
911 2569 1159 2639 collegia,
1189 2585 1315 2627 cum
1360 2570 1694 2628 credentium
1722 2571 1917 2641 turba;
1943 2580 1999 2626 et

411 2679 519 2734 quo
549 2663 758 2731 longius
798 2662 1157 2733 procedebat,
1196 2679 1262 2719 eo
1309 2664 1554 2734 ampliori
1592 2666 1907 2737 smuentia,
1938 2672 1999 2720 ut

414 2755 553 2825 ignis
578 2756 718 2811 vires
746 2754 974 2825 acquirit
1000 2755 1198 2820 eundo,
1230 2756 1529 2812 crescebat.
1560 2753 1693 2824 Quis
1716 2755 1860 2812 enim
1889 2771 1995 2811 non

413 2845 730 2899 anhelanter
774 2852 1121 2899 concurreret
1165 2844 1232 2899 ad
1265 2853 1373 2901 tam
1418 2845 1505 2916 pia
1528 2846 1834 2911 consortia,
1867 2845 1999 2900 nihil

413 2934 480 2989 dc
508 2934 706 2988 muulo
766 2942 959 3003 praeter
1004 2934 1281 2990 hominum
1334 2935 1498 2991 etiam
1557 2935 1996 3007 persequentium

412 3021 638 3081 salutem
669 3021 1047 3088 desiderautia,
1089 3023 1155 3079 ad
1188 3034 1295 3080 tam
1344 3033 1491 3081 certa
1522 3020 1820 3082 cmlestium
1866 3040 1998 3096 gau-

414 3113 624 3168 diorum
671 3113 977 3182 proniissa?
1022 3113 1214 3183 quibus
1263 3114 1419 3170 tidem
1466 3116 1667 3172 dabant
1705 3124 1762 3171 et
1795 3125 1996 3173 sancta:

2098 1948 2223 1988 cete
2253 1934 2551 2001 videretur,
2583 1940 2793 2004 totque
2817 1946 3113 1992 turmarum
3142 1947 3199 1992 ct
3226 1938 3494 2006 agminum
3523 1952 3697 2008 gene-

2096 2024 2235 2079 ratio
2260 2025 2413 2092 quasi
2446 2040 2549 2078 una
2579 2025 2757 2095 proles
2788 2028 2942 2082 unius
2970 2027 3208 2097 parentis
3238 2030 3360 2084 alvo
3382 2027 3697 2084 enuniere-

2098 2122 2204 2184 tar,
2237 2124 2385 2171 tanta
2412 2116 2695 2186 progenies
2722 2116 2778 2172 in
2810 2118 3008 2174 caelum
3049 2117 3119 2174 de
3164 2118 3433 2190 profundo
3462 2119 3696 2188 gurgitis

2095 2206 2437 2269 nasceretur!
2466 2206 2691 2275 Quantis
2713 2217 2962 2265 natorum
2991 2210 3281 2267 luminibus
3296 2220 3425 2267 tunc
3446 2211 3694 2266 omnium

2100 2300 2433 2355 nascentium
2484 2300 2599 2356 dies
2644 2308 2700 2357 et
2744 2301 2914 2371 gloria
2962 2302 3139 2359 illuxit
3181 2304 3433 2359 nativitss
3452 2301 3692 2359 Christi!

2097 2398 2299 2459 quanta
2329 2389 2512 2445 lmtitia
2540 2404 2729 2446 omnes
2754 2392 2928 2460 angeli
2965 2391 3095 2458 Dei,
3124 2392 3217 2463 qui
3261 2392 3499 2463 gaudent
3523 2407 3696 2462 super

2097 2492 2207 2533 uno
2235 2478 2558 2548 pmuitente,
2591 2486 2717 2534 tunc
2745 2480 3087 2551 exsultabant
3121 2494 3285 2553 super
3304 2489 3455 2537 tanto
3494 2482 3695 2537 divina:

2098 2569 2287 2626 messis
2309 2570 2549 2639 germine
2571 2611 2587 2635 ,
2614 2578 2870 2627 canentes
2908 2572 2961 2628 in
3002 2580 3131 2628 nato
3171 2572 3472 2638 salvatore.
3501 2570 3692 2635 Gloria

2100 2659 2213 2717 D.o
2242 2660 2295 2715 in
2318 2659 2625 2728 altissimis,
2671 2668 2727 2718 et
2755 2661 2807 2716 in
2858 2672 2999 2719 terra
3038 2677 3143 2734 pax
3184 2662 3493 2720 hominibus
3531 2663 3693 2721 bona

2099 2750 2412 2806 voluntatis.

2168 2840 2257 2896 3S.
2289 2841 2423 2898 Cum
2448 2841 2639 2911 quibus
2669 2842 2947 2909 omnibus,
2975 2842 3027 2899 id
3064 2851 3150 2901 est
3174 2844 3423 2915 supernis
3453 2843 3687 2912 civibus,

2099 2931 2236 2987 adeo
2258 2931 2596 2988 beatissimus
2616 2948 2751 3004 papa
2787 2932 3077 3003 Gregorius
3123 2932 3601 3003 eongratulabatur
3630 2933 3685 2989 in

2097 3021 2301 3093 Spiritu
2325 3031 2538 3092 saneto,
2569 3036 2629 3078 ut
2654 3023 2724 3078 de
2751 3031 2860 3080 tam
2890 3024 3147 3096 praeclaro
3172 3022 3405 3078 lldelium
3434 3037 3686 3091 numero,

2104 3122 2295 3170 saneto
2322 3112 2416 3170 Dei
2470 3114 2667 3180 amico,
2693 3116 2896 3184 pariter
2920 3114 3380 3183 congratulaturo,
3407 3112 3693 3184 epistolam

416 3206 836 3263 conversationis
864 3206 1111 3277 exempla
1138 3246 1155 3274 ,
1182 3216 1240 3262 et
1287 3205 1465 3261 divina
1502 3207 1775 3277 signorum
1799 3208 1996 3275 gratia,
2030 3207 2074 3270 C
2108 3206 2348 3262 mitteret
2375 3205 2735 3261 Alexandrino
2759 3204 3076 3276 patriarchae
3106 3202 3353 3276 Eulogio.
3383 3202 3498 3260 Hoc
3523 3204 3688 3259 etiam

415 3308 470 3355 et
499 3298 823 3354 nnanimitas
850 3314 947 3369 pro
972 3299 1198 3354 veritate
1229 3299 1365 3355 mori
1407 3289 1618 3370 para'ta.
1644 3298 1811 3369 igitur
1854 3300 1999 3355 circa

416 3389 549 3445 lines
574 3386 864 3452 Eboracas,
890 3388 1042 3458 juxta
1064 3388 1165 3444 iter
1194 3403 1302 3459 quo
1330 3389 1742 3445 seminiverhius
1786 3388 2000 3443 Damini

416 3478 696 3541 tendebat,
725 3477 913 3543 homo,
946 3486 1061 3533 toto
1088 3492 1319 3547 corpore
1348 3477 1703 3549 paralyticos,
1750 3485 1806 3533 et
1850 3478 2001 3547 ipso-

417 3584 536 3625 rum
563 3568 840 3623 oculorum
878 3567 1079 3623 lumine
1104 3566 1393 3623 destitutus
1414 3582 1479 3624 ac
1502 3568 1781 3624 mendicus
1799 3608 1814 3635 ,
1839 3582 2000 3623 accu-

419 3652 618 3725 babat;
672 3658 764 3729 qui
809 3659 874 3713 ad
913 3657 1194 3728 strepitum
1239 3659 1611 3728 praetereuntis
1659 3658 1844 3729 populi
1899 3659 2001 3713 vim

416 3759 688 3805 auctorem
715 3746 1114 3818 percunctmdo
1143 3746 1386 3810 edoctus,
1418 3748 1621 3804 crebris
1648 3748 1701 3803 in
1754 3756 1999 3803 sanctum

418 3840 583 3896 fertur
601 3838 959 3895 clamoribus:
983 3836 1201 3902 Sancte,
1231 3838 1424 3907 inquit,
1448 3839 1765 3909 Augustine,
1788 3838 2003 3893 famosa:

420 3930 628 4001 pietatis
676 3938 777 3985 tua:
823 3929 1099 3998 largitate,
1144 3928 1268 3985 huic
1297 3930 1532 3997 homini,
1573 3946 1751 3987 rerum
1781 3938 1837 3984 et
1862 3929 2003 3985 salu-

421 4022 487 4075 tis
516 4020 717 4090 indigo,
745 4034 1015 4075 succurre.
1065 4019 1145 4073 Ad
1186 4019 1299 4075 base
1338 4019 1783 4077 clementissimus
1830 4028 2000 4090 pater,

421 4127 628 4168 memor
673 4112 877 4174 Domini
924 4125 1121 4165 (meum
1172 4111 1224 4165 in
1266 4109 1555 4179 Evangelio
1602 4110 1881 4176 curantis,
1936 4110 2003 4165 ad

421 4203 724 4272 languidum
754 4201 1009 4265 accessit;
1040 4208 1094 4255 et
1117 4216 1247 4256 voce
1275 4200 1539 4256 Dominici
1562 4202 1813 4270 clavigeri
1837 4200 2001 4268 Petri,

420 4306 578 4361 quem
609 4298 665 4345 nt
692 4290 980 4360 patrimum
1022 4289 1141 4358 (sic)
1172 4289 1532 4344 institutorem
1576 4297 1687 4344 tota
1717 4289 2003 4346 devotione

420 4382 793 4447 annulahatur,
814 4379 947 4434 dixit
971 4396 985 4433 :
1013 4378 1304 4449 Argentum
1321 4387 1381 4433 et
1401 4394 1587 4434 aurum
1614 4395 1719 4434 non
1742 4387 1827 4434 est
1852 4380 2001 4446 mihi,

422 4472 563 4543 quod
590 4484 767 4526 autem
807 4470 979 4525 habeo
1025 4469 1126 4523 hoc
1173 4468 1264 4523 tibi
1294 4468 1397 4534 do;
1449 4482 1609 4539 surge
1637 4484 1798 4525 sanus
1825 4470 1878 4525 in
1908 4484 2005 4525 no-

2099 3295 2353 3366 gauliunt
2394 3294 2652 3364 praeclaro
2691 3302 3051 3363 exaggeratur
3096 3292 3391 3359 miraculo;
3439 3290 3587 3361 quod
3636 3291 3691 3346 in

2100 3391 2249 3439 tanta
2280 3383 2595 3438 irruentium
2634 3383 2911 3437 turbarum
2942 3396 3223 3453 pressura,
3248 3381 3302 3437 in
3334 3391 3442 3436 tam
3473 3381 3691 3437 diverso

2099 3490 2261 3530 sexus
2290 3479 2343 3529 et
2367 3482 2584 3529 aatatum
2620 3480 2783 3543 atque
2810 3471 3143 3527 inﬁrmorum
3189 3470 3522 3537 discrimine,
3567 3485 3691 3527 cum

2100 3580 2289 3621 omnes
2317 3579 2414 3635 per
2452 3564 2582 3619 illud
2626 3561 3081 3619 intransvadabile
3123 3560 3447 3632 profundum
3494 3561 3693 3617 transi-

2100 3665 2240 3723 rent,
2248 3656 2420 3712 nullus
2433 3654 2656 3711 omnino
2669 3653 3030 3724 periit,nullus
3049 3666 3109 3708 se
3119 3659 3383 3708 arctatum
3400 3650 3485 3705 vel
3500 3650 3687 3706 Imaum

2102 3746 2346 3817 pltnxit;
2376 3744 2471 3801 sed
2491 3758 2679 3800 omnes
2707 3750 2925 3801 renatos
2953 3742 3006 3797 in
3037 3741 3282 3805 Christo,
3311 3748 3366 3796 et
3394 3747 3456 3795 ut
3498 3753 3695 3809 greges

2104 3845 2376 3893 tonsarum
2402 3834 2753 3890 ascendentes
2779 3832 2849 3889 de
2870 3832 3120 3899 lavacro,
3150 3844 3338 3885 manus
3387 3830 3606 3885 Domini
3636 3830 3692 3883 in

2104 3927 2420 3982 ulteriorem
2448 3926 2618 3996 ripam
2652 3923 2942 3979 transmisit
2965 3962 2980 3987 ,
3010 3932 3069 3977 ut
3098 3934 3285 3977 omnes
3314 3934 3477 3976 unum
3520 3919 3695 3975 habe-

2103 4026 2222 4074 rent
2250 4026 2305 4074 et
2331 4016 2527 4072 Christi
2556 4023 2612 4071 et
2634 4016 2914 4086 preprium
2941 4012 2997 4069 in
3022 4011 3238 4068 Christo
3260 4010 3458 4065 natale.
3494 4008 3694 4065 Parum

2112 4109 2242 4175 dixi,
2277 4108 2479 4162 nullum
2510 4107 2580 4162 ibi
2604 4107 2819 4173 lzesum;
2850 4120 3038 4161 omnes
3061 4104 3281 4173 :egroti,
3311 4102 3448 4157 sicut
3486 4116 3696 4157 amma-

2104 4216 2243 4264 rum.
2275 4200 2347 4255 ita
2373 4210 2428 4254 et
2456 4204 2739 4269 corporum
2782 4197 3055 4253 molestias
3080 4196 3132 4251 in
3182 4209 3320 4265 aqua
3349 4192 3691 4263 deposuere;

2106 4300 2161 4346 et
2189 4305 2309 4347 cum
2336 4290 2509 4343 salute
2539 4289 2812 4355 utriusque
2852 4287 3116 4350 hominis,
3162 4294 3221 4339 ut
3269 4283 3498 4353 populus
3528 4280 3695 4337 Israel

2106 4385 2171 4438 de
2200 4382 2382 4437 Rubro
2422 4378 2553 4433 mari
2582 4376 2661 4431 vel
2695 4378 2760 4431 de
2808 4376 2983 4429 medio
3030 4372 3278 4428 Iordanis
3316 4386 3437 4426 cum
3486 4370 3695 4426 cmleeti

2109 4473 2341 4544 tripudio
2367 4469 2631 4526 candidati
2661 4468 2927 4523 exercitus
2953 4479 3295 4536 processere.
3342 4462 3462 4517 Stat
3506 4463 3700 4517 hacte-

424 4564 565 4617 mine
611 4560 815 4616 Domini
854 4558 979 4615 ticali
1021 4558 1214 4614 Christi
1260 4558 1395 4628 (Act.
1428 4573 1505 4627 ill,
1532 4559 1609 4627 6).
1644 4559 1743 4613 Vix
1769 4559 2011 4614 elocutus
2040 4563 2090 4621 D
2115 4580 2213 4621 nus
2243 4565 2293 4617 iu
2322 4562 2509 4617 eodem
2540 4561 2659 4615 loco
2681 4558 2906 4615 ecclesia
2926 4596 2940 4620 ,
2986 4558 3036 4611 in
3070 4556 3229 4624 hujus
3252 4554 3488 4623 ριιωειπί
3517 4554 3695 4625 bapli-

425 4662 559 4718 crat,
591 4661 643 4707 et
666 4650 919 4714 infirmus,
942 4650 1111 4718 quise
1129 4650 1384 4705 hactenus
1404 4666 1620 4706 movere
1642 4668 1749 4706 non
1779 4660 2006 4721 poterat,

428 4752 573 4795 tanta
604 4741 749 4794 verbi
781 4740 1020 4808 potentia
1054 4748 1272 4794 curatus
1311 4742 1503 4794 cxsiliit
1529 4783 1544 4809 ,
1567 4742 1833 4810 simulque
1881 4757 1937 4796 re
1969 4744 2010 4795 i-

428 4829 676 4883 lientihus
714 4828 987 4882 oculorqu
1038 4827 1304 4897 palpebris
1341 4829 1541 4885 clarum
1600 4831 1738 4885 diem
1793 4833 2008 4895 hausit;

428 4918 756 4988 credensque
817 4916 1056 4988 gratilicc
1117 4919 1167 4972 in
1230 4934 1389 4988 quem
1444 4922 1770 4991 Augustinus
1832 4924 2013 4976 docuit

431 5009 787 5072 Salvatorem,
840 5024 959 5063 cum
1014 5010 1168 5077 pleno
1214 5011 1453 5079 corporis
1499 5012 1676 5081 vigore
1723 5012 2012 5068 feliciorem

433 5100 618 5151 anitum
646 5102 877 5170 suscepit
914 5103 1156 5155 salutem.

503 5187 591 5241 57.
634 5186 719 5241 Sic
750 5204 923 5258 pneco
970 5189 1193 5251 Domini,
1246 5197 1301 5243 ct
1350 5190 1400 5242 in
1449 5194 1808 5259 processione,
1857 5204 1911 5246 et
1964 5195 2013 5245 in

436 5278 755 5333 Eboracensi
812 5280 1047 5342 civitate,
1101 5290 1155 5333 et
1213 5282 1511 5349 ubicunque
1560 5284 1809 5350 devenit,
1870 5283 2012 5353 quod

434 5371 672 5424 doctrina
707 5370 999 5435 intonabat,
1033 5370 1409 5438 multiplicibus
1461 5372 1727 5443 signorum
1758 5390 2010 5428 corusca-

438 5463 667 5515 tionibus
714 5459 1064 5515 conlinnabat
1106 5480 1116 5514 :
1155 5463 1496 5532 gaudensque
1542 5482 1788 5520 successu
1814 5504 1827 5527 ,
1877 5466 2017 5518 sicut

440 5554 527 5622 qui
556 5556 794 5611 ιωιυιιιυτ
822 5558 871 5612 in
906 5572 1095 5622 messe,
1119 5567 1172 5612 ct
1193 5559 1329 5613 sicut
1356 5560 1624 5614 exsultant
1650 5570 1804 5630 capta
1832 5558 2013 5629 prmda

514 5716 537 5743 ο
580 5695 712 5759 Urbs
755 5708 1040 5761 libortmuu
1086 5719 1165 5763 cst
1207 5711 1269 5761 ad
1324 5711 1484 5764 Urunt
1554 5712 1794 5774 llnviunt,
1852 5714 2006 5776 vulgo

446 5774 602 5842 Casu,
635 5780 683 5828 in
714 5794 866 5843 llllt'lll
901 5780 1028 5833 uilli:
1060 5782 1227 5833 lllillUl'
1261 5781 1449 5834 ibidem
1491 5785 1660 5836 inlluit
1708 5781 1872 5836 [Vossu
1900 5774 2009 5851 jam

2117 4663 2213 4708 sta:
2243 4652 2518 4721 Augustini
2552 4653 2757 4705 honore
2782 4658 2837 4702 et
2866 4648 3080 4702 neruiue
3100 4646 3312 4700 condita
3341 4661 3403 4699 ac
3423 4644 3695 4709 dedicata,

2119 4760 2234 4811 qua:
2265 4751 2423 4797 tanta:
2450 4742 2633 4797 salutis
2682 4740 2987 4807 frequentes
3035 4737 3215 4791 turbas
3261 4733 3501 4790 curando
3547 4734 3697 4789 cele-

2120 4835 2345 4891 berrima
2370 4842 2589 4906 prmstat
2615 4831 2829 4885 indicia.
2861 4828 2965 4883 Sed
3018 4837 3073 4882 et
3120 4828 3186 4881 de
3212 4824 3512 4893 supradicta
3540 4837 3627 4891 pa;
3647 4839 3697 4876 τι

2120 4924 2360 4995 Gregorii
2387 4927 2451 4979 ad
2482 4924 2758 4991 Eulogium
2806 4920 3029 4988 cpistola
3073 4921 3184 4973 lucc
3213 4915 3523 4985 subjicitnus
3569 4914 3695 4970 ﬁdei

2120 5019 2284 5086 gratia
2319 5016 2452 5077 (Lib.
2488 5031 2591 5075 vn,
2623 5014 2771 5077 Epist.
2802 5012 2912 5078 50).

2185 5110 2270 5161 39.
2316 5109 2525 5162 Gratias
2565 5104 2912 5172 omnipotenti
2946 5100 3171 5153 Domino
3209 5099 3409 5167 agimus
3438 5099 3561 5164 quia
3592 5097 3694 5151 im-

2121 5202 2315 5267 plttnnt
2351 5202 2399 5253 in
2443 5198 2593 5251 vobis
2643 5196 2883 5247 videmus
2935 5208 3053 5243 esse.
3097 5189 3239 5256 quod
3282 5190 3536 5255 scriptum
3585 5198 3691 5253 est;

2119 5292 2205 5342 ubi
2240 5291 2478 5358 plnrinta:
2501 5294 2709 5354 segetes
2735 5327 2746 5347 ,
2775 5284 2840 5335 ibi
2875 5280 3149 5333 manifesta
3206 5276 3459 5330 fortitudo
3505 5280 3689 5332 boum.

2118 5387 2170 5437 Si
2217 5384 2354 5435 cnim
2406 5384 2500 5434 bos
2548 5380 2700 5431 lmtis
2747 5383 2981 5427 aratum
3025 5372 3212 5433 lingua:
3257 5370 3308 5421 in
3338 5380 3475 5424 terra
3512 5370 3693 5424 caulis

2120 5475 2439 5527 audientium
2466 5490 2570 5525 non
2597 5470 2869 5530 traxisset,
2892 5473 3030 5516 tanta
3052 5462 3280 5515 lidclt'um
3298 5474 3450 5528 seges
3472 5460 3694 5513 tniuitnc

2116 5566 2444 5617 surrexisset.
2478 5562 2740 5627 Quoniam
2775 5572 2900 5611 vero
2952 5557 3003 5607 in
3033 5553 3185 5609 bonis
3232 5568 3349 5623 qua:
3393 5550 3548 5618 agitis
3578 5552 3692 5607 scio

2114 5714 2274 5775 dictu,
2306 5723 2358 5767 et
2402 5712 2607 5767 videtur
2654 5710 2737 5764 hic
2784 5707 3004 5761 Suarios
3048 5702 3171 5781 dici.
3225 5702 3279 5757 ltt
3333 5701 3523 5755 Minori
3579 5700 3687 5753 vita

2112 5785 2343 5838 Sualuvi.
