3874 6224
186 432 240 485 81
1428 423 1578 482 νιτΑ
1618 422 1788 481 SANC

1896 422 2277 482 AUGUSTINI.
3387 429 3456 485 εξ

187 540 315 612 quod
357 542 472 597 aliis
512 538 1144 610 eongaudetis,vestra:
1176 538 1327 595 vobis
1373 539 1560 608 gratia.-
1608 537 1779 592 viceni
1809 535 1858 594 A
1886 536 2181 606 largitatem
2228 549 2537 592 sermonum
2585 537 2808 606 ambage
2865 535 3175 592 moremur?
3223 533 3458 598 Accessit

188 630 369 696 reddo,
410 641 467 686 et
507 645 622 684 non
670 629 966 684 dissimilia
1019 630 1226 684 nuntio.
1301 628 1434 696 Quia
1473 629 1601 683 dum
1650 641 1784 695 gens
1885 629 2106 697 supplex
2172 625 2482 689 morbidus.
2549 625 2706 696 eique
2752 625 3008 696 prodigus
3071 624 3459 685 benedictionis

189 719 482 790 Anglorum,
514 721 569 773 in
602 720 808 774 miindi
831 719 1030 788 angulo
1058 721 1251 790 posita,
1276 719 1495 774 incultu
1519 719 1783 786 lignorum
1888 714 2129 774 Pentifex
2191 717 2495 783 benedixit;
2545 715 2731 785 sicque
2792 716 2986 772 Christi
3032 718 3312 787 praesentia
3355 719 3462 774 ani-

193 825 246 866 ae
281 810 510 880 lapidum
551 806 775 877 perfida
813 826 960 866 nunc
990 826 1157 880 usque
1193 815 1529 866 remaneret.
1574 822 1640 862 ex
1689 820 1782 861 ve-

186 909 297 953 stac
343 897 471 950 mihi
521 898 810 952 orationis
856 899 1124 968 adjutorio
1172 898 1406 970 placuit,
1458 905 1517 951 ut
1566 896 1634 950 ad
1665 910 1784 951 eam

192 990 488 1047 maﬂerii
538 990 649 1046 mei
703 993 1070 1058 monachum,
1119 991 1429 1059 religiosum
1477 1003 1542 1044 ac
1569 987 1680 1044 Deo
1701 987 1783 1042 di-

191 1096 335 1150 gnum
396 1080 804 1149 Augustinum,
869 1082 924 1136 in
979 1079 1364 1150 prmdicatione
1418 1077 1786 1134 transmittere

195 1181 398 1228 auctore
425 1170 538 1226 Deo
584 1173 931 1227 debuissem.
961 1170 1086 1237 Qui,
1129 1170 1252 1223 data
1293 1185 1323 1224 a
1369 1183 1456 1224 me
1481 1167 1720 1233 licentia,
1752 1182 1784 1222 a

196 1271 218 1297 ι
258 1258 683 1314 Germaniarum
734 1260 1009 1329 episcopis
1049 1260 1336 1328 episcopus
1384 1256 1556 1312 factus
1595 1296 1613 1324 ,
1662 1273 1781 1311 cum

196 1365 360 1408 eorum
386 1367 612 1420 quoque
666 1351 889 1407 solatiis
917 1351 983 1405 ad
1012 1351 1317 1421 pnedictam
1342 1359 1555 1420 gentem
1596 1349 1648 1404 in
1680 1350 1786 1405 fine

197 1444 359 1497 mundi
388 1443 696 1511 perductus
722 1453 829 1499 est.
872 1442 938 1499 Et
962 1443 1072 1512 jam
1104 1458 1246 1498 nunc
1285 1443 1354 1500 de
1391 1442 1506 1512 ejus
1534 1442 1706 1498 salute
1730 1451 1785 1498 et

198 1546 344 1603 opere
369 1531 434 1584 ad
461 1547 562 1586 nos
591 1535 807 1604 scripta
839 1543 1225 1602 pervenerunt,
1269 1535 1392 1603 quia
1421 1533 1582 1588 tantis
1622 1533 1784 1588 mira-

199 1623 348 1687 culis,
370 1624 457 1678 vel
478 1625 636 1693 ipse,
677 1627 766 1680 vel
798 1627 833 1680 ii
853 1626 943 1692 qui
974 1640 1096 1680 cum
1123 1639 1190 1679 eo
1218 1624 1516 1678 transmissi
1544 1630 1697 1687 sunt,
1730 1622 1784 1677 in

199 1715 363 1769 eadem
401 1725 563 1784 gente
587 1725 927 1780 coruscant,
981 1724 1040 1770 ut
1075 1715 1444 1784 apostolorum
1480 1716 1706 1769 virtutes
1732 1714 1785 1769 in

201 1806 346 1874 signis
361 1821 478 1876 qm:
499 1808 778 1862 exhibent
807 1807 1000 1861 imitari
1027 1806 1330 1862 videantur.
1354 1806 1412 1860 In
1442 1806 1786 1863 solemnitate

1885 814 2058 860 matus
2075 804 2210 859 dixit
2243 823 2256 858 :
2288 803 2343 860 In
2375 803 2589 861 Domini
2613 802 2908 859 Salvatoris
2934 806 3168 871 nomine,
3203 806 3464 864 mundare

1886 892 1954 947 ab
1977 894 2122 948 omni
2153 893 2314 963 lepra:
2353 904 2456 948 tne
2488 893 2690 950 illuvie.
2745 892 2884 947 Dixit
2911 901 2964 948 et
2993 896 3249 951 continuo
3287 896 3465 953 oninis

1884 985 2160 1040 calamitas
2201 984 2370 1056 putidi
2400 984 2640 1040 humoris
2670 994 2727 1040 ut
2755 985 2921 1040 nubes
2952 986 3184 1053 aufugit;
3219 989 3464 1058 cutisque

1885 1076 2110 1141 munda,
2141 1077 2393 1146 absorpta
2426 1090 2641 1144 prorsus
2672 1074 3004 1130 immunditia
3028 1115 3042 1143 ,
3077 1085 3246 1132 totum
3286 1078 3461 1133 homi-

1886 1182 2009 1222 nem
2043 1167 2275 1222 vestivit.
2316 1165 2432 1244 Non
2469 1175 2575 1221 tam
2616 1167 2725 1222 cito
2771 1165 3053 1222 mundatus
3102 1175 3184 1222 est
3226 1167 3462 1223 Naaiuan

1886 1257 2074 1328 Cyrus,
2105 1270 2265 1325 quem
2294 1265 2450 1311 antea
2482 1258 2682 1327 septies
2710 1257 2871 1312 lavari
2900 1257 2951 1313 in
2979 1256 3210 1314 Jordane
3234 1261 3467 1326 iusserat

1886 1356 2106 1403 curator
2157 1345 2397 1402 Elisteus.
2448 1346 2644 1402 Verum
2676 1347 3020 1415 Augustinus,
3074 1347 3127 1402 in
3157 1348 3321 1402 verbo
3351 1348 3466 1416 ejus

1887 1439 1977 1507 qui
2006 1437 2140 1492 dixit
2169 1437 2220 1490 in
2249 1434 2558 1505 Evangelia,
2583 1435 2859 1502 Mundare,
2886 1436 3169 1492 velocitate
3192 1437 3468 1506 praevaluit

1889 1526 2077 1597 (Marc.
2111 1543 2148 1594 ι,
2193 1526 2306 1598 Η).
2349 1527 2631 1583 Obeatam
2677 1536 2732 1582 et
2780 1527 3101 1600 locupletem
3148 1527 3202 1581 in
3255 1525 3469 1581 Christo

1888 1619 2166 1689 apostolici
2225 1619 2589 1690 praedicatoris
2634 1621 2978 1691 pauperiem,
3025 1619 3273 1676 omnibus
3313 1627 3471 1674 terrm

1889 1709 2082 1777 opibus
2123 1708 2404 1766 ditiorem!
2431 1707 2476 1764 0
2496 1710 2807 1766 thesaurum
2835 1710 3298 1780 opulentissimum
3320 1749 3334 1774 ,
3376 1708 3467 1763 ubi

1890 1817 1998 1855 non
2028 1815 2218 1856 aurum
2245 1802 2414 1857 avidis
2449 1802 2787 1868 mortalibus,
2827 1817 3013 1858 verum
3037 1803 3471 1872 incomparabilis

202 1905 362 1950 autem
403 1897 702 1952 doininime
742 1896 1041 1952 Nativitatis
1068 1911 1187 1966 qua:
1215 1898 1316 1951 hac
1343 1895 1369 1932 ιι
1399 1897 1570 1967 prima
1616 1898 1788 1953 indic-
1821 1903 1869 1965 Β
1895 1905 2027 1946 auro
2048 1891 2278 1959 gratuita
2307 1891 2604 1946 animarum
2633 1900 2688 1946 et
2721 1907 3010 1962 corporum
3052 1889 3341 1948 effunditur
3381 1907 3470 1948 sa-

204 1987 332 2041 tione
357 1993 636 2042 transacta
666 1996 769 2052 est,
798 1988 1074 2058 plusquam
1119 1987 1306 2044 decem
1348 1988 1515 2043 millia
1539 1989 1696 2059 Angli
1721 1990 1790 2045 ab

203 2078 372 2131 eodem
396 2078 651 2133 nuntiata
682 2088 811 2134 sunt
834 2079 997 2134 fratre
1018 2089 1072 2134 et
1092 2080 1415 2151 coepiscopo
1445 2093 1632 2138 nostro
1656 2083 1792 2152 bap-

206 2165 353 2220 tizati.
376 2166 528 2232 Quod
559 2168 775 2223 idcirco
823 2169 1059 2234 narravi,
1103 2178 1164 2222 ut
1207 2170 1564 2238 cognoscatis,
1591 2169 1718 2240 quid
1739 2172 1792 2226 in

207 2255 550 2311 Alexandrino
612 2256 819 2326 populo
867 2256 1169 2327 loquendo,
1217 2266 1273 2312 et
1319 2259 1445 2325 quid
1503 2258 1556 2313 in
1609 2259 1794 2314 mundi

207 2347 381 2402 finibus
404 2349 572 2416 agitis
595 2348 828 2404 orando.
863 2347 1065 2403 Vestra:
1103 2347 1245 2404 enim
1283 2349 1561 2404 orationes
1585 2363 1711 2405 sunt
1738 2350 1793 2405 in

206 2451 264 2491 eo
289 2437 401 2492 loco
429 2437 522 2492 ubi
555 2454 666 2492 non
704 2440 871 2505 estis;
918 2454 1146 2508 quorum
1197 2439 1548 2508 operationes
1590 2448 1793 2494 sancta:

207 2537 564 2602 monstrantur
594 2529 650 2583 in
679 2544 746 2584 eo
784 2529 906 2584 loco
937 2529 1023 2584 ubi
1053 2531 1199 2585 estis.
1233 2530 1309 2586 De
1348 2531 1431 2585 his
1478 2532 1646 2586 etiam
1673 2546 1792 2601 qua:

208 2615 524 2671 Francorum
551 2619 829 2687 episcopis
863 2619 1076 2690 scripsit
1103 2620 1246 2674 idem
1292 2637 1430 2691 papa
1483 2621 1789 2689 mellifluus,

210 2702 311 2759 hac
335 2720 504 2775 pauca
528 2708 851 2776 excipimus.
882 2706 1030 2763 Sicut
1051 2709 1184 2776 ignis
1206 2723 1335 2764 aura
1364 2709 1527 2766 flante
1549 2711 1605 2765 fit
1631 2724 1794 2779 gran-

208 2794 343 2858 dior,
372 2795 440 2848 ita
475 2797 643 2850 bonae
673 2798 868 2852 ruentis
893 2797 1066 2852 studia
1116 2800 1583 2856 commendatione
1629 2799 1794 2873 profi-

209 2878 358 2939 ciunt.
389 2885 506 2954 Qua
541 2889 708 2957 igitur
740 2888 1116 2961 Redemptoris
1153 2891 1321 2948 nostri
1366 2894 1538 2962 gratia
1587 2909 1791 2964 coope-

212 2988 366 3044 rante,
397 2989 554 3033 tanta
585 2982 657 3035 de
686 2981 983 3051 Anglorum
1010 2991 1168 3051 gente
1211 2987 1277 3038 ad
1308 2986 1616 3041 Christianae
1666 2986 1789 3042 fidei

209 3071 419 3138 gratiam
457 3072 758 3130 multitudo
803 3075 1170 3139 convertitur,
1219 3085 1276 3130 ut
1315 3079 1791 3135 reverentissimus

211 3159 360 3217 frater
407 3171 466 3218 et
514 3165 879 3236 coepiscopus
918 3174 1105 3222 noster
1151 3168 1510 3238 Augustinus,
1559 3186 1656 3228 eos
1696 3173 1789 3244 qui

1897 1981 2003 2038 lus.
2060 1981 2142 2037 An
2189 1979 2341 2038 Cresi
2388 1981 2474 2038 vel
2532 1983 2674 2037 Darii
2729 1981 2946 2038 infinitis
3003 1982 3194 2051 Opibus
3245 1982 3472 2054 sospitas

1896 2073 2124 2127 mercari
2172 2081 2356 2144 posset
2411 2072 2830 2142 languentibus?
2893 2073 3170 2128 Attollitur
3223 2087 3352 2142 ergo
3404 2072 3472 2129 de

1896 2169 2044 2218 tanto
2072 2163 2225 2232 signo
2257 2163 2569 2219 admirantis
2593 2164 2773 2236 populi
2803 2164 3008 2220 clamor
3045 2165 3096 2219 in
3139 2164 3367 2232 cmlum,
3413 2173 3471 2220 et

1896 2250 2128 2320 undique
2153 2251 2489 2307 concurritur
2515 2252 2580 2305 ad
2626 2252 2945 2321 baptismum
2973 2251 3260 2306 vivificum.

1968 2340 2054 2393 tl.
2088 2340 2179 2395 Sic
2201 2349 2452 2411 operatus
2481 2340 2790 2396 Dominicus
2840 2343 3141 2411 negotiator
3179 2341 3232 2396 in
3265 2342 3474 2403 itinere,

1897 2430 1948 2486 in
1978 2430 2374 2487 Occidentalem
2430 2431 2496 2486 ab
2540 2432 2836 2500 aquilonari
2885 2433 3038 2502 plaga
3084 2432 3326 2499 dirertit;
3370 2448 3475 2486 non

1898 2531 2004 2576 tam
2028 2521 2247 2577 viatoris
2275 2537 2434 2593 quam
2464 2521 2735 2578 venatoris
2780 2531 2874 2576 ant
2901 2524 3124 2593 aucupis
3151 2538 3353 2578 morem
3382 2537 3475 2592 ge-

1896 2625 2050 2676 rens;
2081 2626 2187 2666 non
2215 2620 2322 2665 tam
2347 2611 2604 2668 festinans
2634 2613 2702 2669 ad
2731 2615 2944 2684 propria
2967 2654 2980 2678 ,
3029 2629 3188 2683 quam
3218 2624 3476 2685 expetens

1894 2701 2165 2758 dominica
2191 2703 2369 2769 lucra;
2401 2703 2512 2760 illic
2559 2706 2781 2761 tendens
2822 2706 2990 2772 retia,
3022 2721 3126 2775 qua
3166 2708 3477 2775 proveniret

1894 2791 2071 2846 divina
2103 2801 2342 2863 captura.
2374 2791 2614 2864 Cumque
2668 2793 2998 2865 provinciam
3022 2835 3036 2861 ,
3087 2809 3210 2864 quae
3257 2794 3480 2852 Dorst-te

1895 2884 2196 2955 appellatur
2216 2924 2232 2952 ,
2260 2884 2559 2953 attigisset,
2593 2896 2647 2941 et
2676 2887 2874 2957 ubique
2921 2896 2980 2941 ut
3006 2887 3227 2956 angelus
3267 2885 3479 2942 Domini

1894 2974 2244 3044 reciperetur,
2275 2974 2541 3045 simulque
2580 2977 2883 3032 auditorum
2931 2976 3034 3031 fide
3077 2991 3213 3047 quos
3240 2986 3480 3044 pasceret

1894 3073 2225 3134 pasceretur,
2270 3065 2459 3120 incidit
2480 3065 2532 3120 in
2554 3066 2840 3136 quamdam
2865 3066 3064 3128 villam,
3097 3065 3242 3119 velut
3274 3066 3324 3119 in
3345 3063 3476 3119 'l'ar-
3499 3059 3572 3129 ,β’

1894 3165 2098 3212 taream
2137 3155 2378 3212 Plutonis
2426 3157 2631 3213 sedem.
2687 3156 2760 3212 lbi
2808 3159 2960 3228 plebs
3001 3158 3191 3228 impia,
3245 3158 3480 3212 tenebris

209 3265 373 3307 tecm:
403 3263 536 3308 sunt
564 3256 632 3309 ad
665 3255 770 3312 hoc
797 3272 932 3326 opus
968 3260 1390 3327 exsequendum,
1439 3276 1538 3330 per
1584 3263 1794 3320 diversa
1824 3274 1864 3335 ρ
1899 3248 2008 3302 suis
2053 3255 2322 3302 excaecata
2343 3287 2359 3315 ,
2385 3255 2442 3302 et
2469 3247 2701 3302 divinam
2725 3247 2897 3302 lucem
2928 3262 3122 3313 exosa,
3158 3262 3264 3302 non
3303 3248 3476 3302 solum

213 3342 316 3400 ioca
343 3355 554 3401 asserat
576 3361 686 3401 non
718 3363 879 3417 posse
918 3347 1198 3417 sufficere;
1239 3351 1546 3420 aliquantos
1575 3354 1640 3408 ad
1669 3370 1794 3411 eum

213 3438 528 3502 monachos,
575 3453 700 3492 cum
745 3439 1106 3495 dilectissimia
1153 3449 1213 3496 et
1265 3443 1638 3499 communibus
1672 3445 1792 3502 filiis

216 3524 493 3584 Laurentio
525 3530 843 3601 presbytero
865 3540 922 3585 et
949 3530 1150 3588 Mellito
1193 3533 1417 3597 abbate,
1451 3535 1793 3604 prmvidimus

211 3617 650 3675 trammittendos
678 3619 817 3690 (Lib.
849 3637 922 3687 ix,
954 3623 1102 3693 epist.
1139 3621 1248 3693 52).
1280 3624 1345 3677 Et
1374 3625 1496 3680 ideo
1544 3624 1792 3681 fraterni-

215 3713 290 3762 tas
313 3717 490 3763 vestra
518 3711 598 3764 eis
621 3709 963 3778 charitatem,
988 3726 1146 3780 quam
1168 3713 1340 3778 decet,
1371 3714 1638 3771 exhibeat.
1665 3717 1791 3784 Qua:

215 3797 364 3852 etiam
393 3801 506 3868 regi
540 3799 872 3857 Francorum
903 3803 1179 3870 Lotbario,
1230 3807 1298 3861 de
1334 3817 1646 3864 sanctorum
1699 3824 1794 3865 su-

216 3890 518 3958 sceptione;
558 3907 679 3962 qua:
725 3894 923 3963 regina:
971 3895 1356 3965 Drunichildai,
1425 3900 1492 3956 de
1555 3901 1789 3970 ipsorqu

217 3977 402 4048 ubique
449 3985 595 4037 notis
635 3982 936 4050 miraculis,
986 3989 1243 4055 gratitieis
1301 3991 1517 4060 scriptis
1565 4005 1788 4060 sugges-

216 4071 362 4134 seril,
397 4086 560 4140 quam
613 4073 769 4130 dulce
815 4087 958 4131 esset
1002 4087 1285 4147 retexere,
1333 4090 1389 4135 et
1427 4082 1579 4136 avida
1626 4099 1789 4140 manu

217 4164 290 4211 tot
317 4163 631 4228 margaritas
661 4171 714 4216 et
745 4163 893 4220 favos
921 4165 1140 4234 legere?
1179 4167 1284 4223 Sed
1315 4170 1790 4240 obtemperantium

217 4258 292 4303 es:
312 4250 390 4303 vti
414 4251 683 4308 desidiose
712 4254 797 4309 vel
818 4254 1090 4312 fastidiose
1113 4259 1369 4324 audienti,
1389 4277 1509 4314 cum
1540 4262 1798 4332 pleraque

218 4339 544 4406 reperiantur
573 4341 633 4396 in
674 4343 902 4411 registro
933 4344 1098 4414 ipsius
1135 4349 1428 4404 beatissimi
1481 4366 1628 4420 papa:
1659 4350 1791 4408 Gre-

218 4441 361 4496 gum.

281 4519 362 4572 40.
411 4518 610 4587 Igitur,
658 4529 716 4576 ut
748 4523 996 4593 superius
1034 4524 1135 4580 iter
1181 4534 1517 4596 repetamus,
1573 4529 1789 4586 tandem

1898 3336 2084 3390 audire
2131 3336 2390 3406 nequibat
2436 3336 2644 3392 vivifica
2697 3337 3056 3401 documenta,
3113 3352 3299 3394 verum
3366 3347 3480 3394 tota

1898 3428 2245 3483 ludibriorum
2275 3435 2330 3483 et
2355 3427 2765 3498 opprobriorum
2813 3436 3132 3498 tempestate
3179 3428 3232 3482 in
3265 3437 3482 3484 sanctos

1896 3520 1990 3575 Dei
2017 3520 2344 3576 debacchata
2366 3561 2382 3587 ,
2417 3519 2574 3589 longe
2600 3520 2880 3589 proturbat
2928 3534 3024 3575 eos
3070 3520 3138 3574 ab
3179 3520 3322 3574 omni
3354 3535 3480 3588 pos-

1893 3611 2133 3668 sessione
2161 3625 2290 3676 sua;
2318 3625 2418 3665 nec
2443 3625 2603 3664 manu
2633 3609 2938 3681 pepercisse
2980 3610 3214 3666 creditur
3253 3608 3482 3664 elﬁ‘mnis

1895 3701 2142 3756 audacia.
2193 3703 2263 3755 At
2303 3700 2396 3755 Dei
2440 3701 2686 3766 nuntius,
2724 3699 2876 3769 juxta
2906 3699 3230 3755 dominicum
3275 3712 3481 3768 prauae-

1893 3799 2042 3862 ptum
2068 3799 2122 3846 et
2144 3790 2510 3862 apostolorum
2554 3789 2890 3860 exemplum,
2919 3804 3148 3845 excusso
3175 3791 3332 3845 etiam
3362 3789 3484 3859 pul-

1893 3895 2021 3936 vere
2046 3879 2243 3950 pedum
2276 3879 2327 3934 in
2352 3893 2469 3947 eos,
2497 3878 2709 3948 dignam
2758 3877 2869 3935 suis
2908 3878 3111 3934 meritis
3158 3878 3476 3934 sententiam

1897 3968 2039 4039 (non
2070 3966 2441 4023 maledicentis
2463 3975 2622 4033 voto,
2653 3966 2741 4034 qui
2784 3965 3019 4022 omnium
3048 3967 3274 4022 salutem
3319 3974 3478 4036 opta-

1893 4060 2002 4126 bat,
2033 4059 2128 4115 sed
2157 4059 2338 4114 divino
2360 4058 2564 4127 judicio
2608 4066 2667 4113 et
2691 4057 2818 4113 Elite
2859 4064 3007 4128 typo)
3035 4059 3308 4114 atrocibus
3342 4057 3478 4127 inje-

1895 4149 2006 4214 cit,
2029 4158 2293 4218 quatenus
2319 4156 2629 4202 sanctorum
2659 4156 3088 4217 contemptores,
3125 4157 3233 4201 tam
3264 4150 3316 4202 in
3349 4147 3479 4218 ipsis

1893 4253 2054 4308 quam
2087 4238 2139 4292 in
2171 4237 2418 4293 omnibus
2465 4237 2694 4305 posteris
2734 4237 2874 4303 suis,
2903 4236 3079 4291 debita
3110 4252 3266 4306 pmna
3292 4237 3478 4293 redar-

1893 4331 2221 4402 gueret.,qui
2243 4331 2362 4384 vita:
2384 4329 2634 4385 mandata
2648 4329 2992 4399 repulissent.
3031 4328 3194 4384 Fama
3222 4337 3323 4390 est,
3350 4329 3473 4386 illos

1894 4421 2328 4486 effulminandos,
2357 4421 2723 4492 prominentes
2753 4421 3079 4475 marinorum
3102 4422 3325 4492 piscium
3349 4435 3476 4477 cau-

1894 4516 1990 4570 das
2037 4514 2240 4569 sanctis
2287 4511 2639 4582 appendisse;
2688 4519 2745 4566 et
2810 4511 2914 4567 illis
2968 4512 3184 4580 quidem
3249 4511 3472 4579 gloriam

220 4604 508 4674 Evangelus
531 4608 738 4663 Domini
761 4611 1114 4680 Augustinus,
1145 4614 1422 4682 egrediens
1447 4616 1513 4671 ab
1545 4615 1788 4676 Eboraca

1896 4606 2274 4676 sempiternam
2324 4603 2627 4675 peperisse,
2690 4603 2742 4657 in
2815 4619 2873 4659 se
2937 4619 3066 4659 vero
3129 4602 3480 4672 ignominiam

220 4707 328 4750 eum
367 4707 676 4752 sanctorum
723 4700 993 4757 sociorum
1048 4713 1103 4758 et
1160 4703 1492 4760 assiduaruin
1540 4707 1788 4766 virtutum

1898 4714 2193 4771 perennem
2239 4695 2548 4760 rctorsisse,
2601 4704 2658 4749 nt
2699 4696 2802 4750 hoc
2846 4695 3077 4751 dedecus
3125 4693 3481 4762 degeneranti

216 4788 493 4853 comitatu,
523 4789 736 4843 obviam
785 4793 1007 4863 excepit
1040 4793 1323 4880 quemdam
1374 4795 1674 4866 leprosum,
1713 4800 1794 4854 ul-

217 4889 387 4932 cerosa
409 4893 472 4932 ac
498 4878 780 4948 purulenta
806 4879 1043 4937 foeditate
1072 4878 1450 4940 deformatum.
1487 4885 1793 4944 lnclamitat

218 4965 366 5022 miser
387 4969 779 5023 miserabiLbus
820 4971 1096 5039 questibus
1124 4967 1380 5030 ultronea:
1417 4975 1604 5032 salutis
1632 4979 1785 5047 baju-

222 5059 319 5115 lum
345 5063 715 5131 Augustinum.
745 5064 880 5129 Quid
913 5066 1052 5131 dixi,
1088 5068 1424 5125 inclamitat?
1451 5073 1539 5127 cui
1571 5075 1788 5143 pestifer

218 5153 425 5207 morbus
453 5170 643 5210 vocem
694 5155 1000 5222 ademerat,
1045 5159 1130 5212 cui
1181 5159 1370 5215 sibilus
1407 5176 1504 5229 pro
1551 5162 1785 5233 loquela.

217 5241 294 5294 cui
323 5251 553 5298 taratara
587 5260 687 5313 pro
729 5243 965 5300 clamore
1003 5257 1141 5302 erat.
1184 5248 1296 5303 Non
1339 5251 1562 5319 indiguit
1612 5253 1788 5310 indice

217 5340 418 5386 mirator
467 5334 788 5399 benevo‘ns,
841 5349 945 5390 non
993 5336 1158 5391 multa
1204 5355 1365 5408 prece
1417 5357 1551 5413 opus
1599 5343 1788 5399 habuit

218 5421 489 5476 miserator
528 5426 1112 5494 compatieutissiinus;
1179 5431 1478 5497 angustiam
1543 5432 1780 5501 languidi

217 5511 493 5574 sentiebat,
547 5527 712 5581 quem
749 5514 993 5579 videbat;
1040 5524 1093 5569 et
1143 5526 1200 5570 ut
1227 5533 1527 5575 mrumnoso
1555 5522 1782 5578 salutem

220 5610 513 5672 operaretur
533 5643 548 5667 ,
598 5603 842 5658 Charitas
870 5603 1064 5660 Christi
1093 5608 1335 5674 urgebat.
1387 5610 1522 5676 Quid
1553 5613 1784 5668 celerem

288 5765 308 5793 ι
345 5754 451 5811 lmo
477 5753 828 5826 Galliarum_:
849 5755 961 5826 sed
985 5764 1201 5826 propter
1243 5757 1511 5823 Francos,
1556 5777 1622 5816 ex
1650 5762 1785 5818 Gur-

222 5827 378 5950 ῧιιὲιιὶι
419 5827 702 5885 oriundos.
759 5823 935 5880 Gallia
987 5823 1100 5884 sub
1132 5825 1416 5886 Germania
1465 5834 1784 5896 contineba-

1896 4791 2112 4866 generi,
2145 4804 2253 4844 non
2291 4787 2562 4843 innocenti
2613 4795 2669 4842 et
2713 4799 2990 4856 generosae
3036 4787 3329 4856 imputetur
3375 4800 3474 4857 μς

1894 4883 2027 4937 ινὶίιξ.

1962 4971 2046 5025 42.
2083 4970 2178 5026 llic
2198 4970 2340 5025 enim
2369 4968 2726 5039 correptionis
2749 4979 3118 5038 argumentum
3139 4981 3474 5037 consequen-

1892 5075 1972 5121 ter
1998 5063 2419 5119 subnectendnni
2469 5062 2674 5118 videtur
2695 5105 2708 5129 ,
2739 5064 2879 5133 quod
2932 5065 2982 5117 in
3013 5063 3113 5116 alia
3171 5062 3477 5120 incredulo-

1892 5172 2007 5210 rnm
2035 5163 2192 5223 gente
2223 5170 2284 5208 ea
2315 5162 2638 5223 tempestate
2667 5153 2909 5207 salutifer
2928 5153 3254 5219 Augustinus
3280 5168 3473 5224 opera-

1893 5258 1976 5302 tus
2003 5247 2274 5300 recitatur.
2308 5245 2400 5298 llle
2439 5258 2654 5314 quoque
2694 5245 2952 5313 populus,
3002 5245 3296 5302 inveterata
3345 5261 3472 5315 pro—

1891 5337 2108 5392 fauitate
2122 5335 2453 5390 daemonibus
2474 5337 2867 5403 incorporatns,
2883 5335 3221 5391 tenebrarum
3240 5335 3469 5403 (amore)

1891 5427 2094 5482 amicos
2139 5426 2206 5479 1η(
2226 5426 2270 5480 is
2318 5440 2543 5488 exosus,
2597 5426 2686 5496 qui
2721 5427 2770 5479 in
2803 5427 3112 5481 infidelitate
3140 5441 3235 5479 sua
3266 5424 3474 5480 diceret

1894 5519 2041 5573 Deo:
2086 5516 2299 5572 Recede
2347 5533 2375 5571 a
2445 5517 2624 5583 nobis,
2668 5519 2944 5572 scientiam
3012 5519 3214 5570 viarum
3261 5525 3473 5572 tuarum

1892 5610 2170 5677 nolumus,
2200 5617 2412 5677 pactum
2443 5623 2563 5662 cum
2607 5618 2782 5663 morte
2827 5609 3045 5664 fecimus
3087 5607 3224 5679 (lsa.
3282 5621 3476 5677 xxvut,

1962 5767 1991 5807 δ
2030 5766 2244 5822 Scilicet
2269 5779 2409 5819 anno
2441 5761 2560 5816 δεμ.
2593 5762 2698 5818 Sed
2726 5763 2969 5818 videntur
2996 5765 3108 5820 haec
3131 5763 3199 5821 de
3232 5764 3473 5823 Cantua-

1894 5838 2146 5895 riensium
2175 5837 2524 5895 conversione
2551 5835 2728 5906 potius
2757 5835 3112 5905 intelligeinla.
