3874 6224
427 410 495 464 ες
1260 412 1568 470 SANCTUS
1596 412 2025 473 AUCUSTIXUS
2063 413 2439 471 ANCIDRUM
2480 414 2893 474 APOSTOLUS.
3611 418 3689 479 84

423 525 547 599 15).
598 528 891 597 angelicum
945 527 1252 596 doctorem,
1298 524 1548 598 'angelica
1595 531 2004 586 conversatione
2032 536 2079 591 A
2176 526 2263 580 45.
2312 528 2392 581 Ab
2432 528 2534 581 hoc
2581 544 2710 598 ergo
2756 531 2943 586 similis
2990 532 3140 591 furiae
3185 532 3448 605 iustqu
3499 549 3694 595 orm.

424 628 480 672 et
499 618 771 689 signorum
796 619 1103 675 fulminibus
1128 619 1427 675 doctrinam
1449 637 1627 676 veram
1657 621 1998 690 probantem,

425 724 533 764 non
584 709 754 765 solum
803 708 1190 778 repudiabant,
1237 726 1421 765 verum
1480 711 1639 765 etiam
1682 718 1774 765 aut
1812 712 2003 781 gladiis

424 799 689 864 excidere,
721 806 812 852 aut
853 798 1062 869 ignibus
1096 802 1217 855 vita:
1242 802 1442 856 latores
1480 800 1628 855 vivos
1656 815 1883 858 exurere
1911 818 2000 857 ar—

426 889 640 944 debant.
692 887 956 960 Quidquid
1006 892 1263 960 benignus
1307 890 1625 960 prmdicator
1662 890 2004 949 credentibus

420 978 808 1047 pollicebatur,
860 980 936 1035 illi
992 980 1328 1050 expuebant;
1385 980 1638 1050 quidquid
1685 982 2004 1051 prophetico

426 1082 550 1146 typo
578 1074 1034 1143 comminabatur,
1064 1074 1135 1128 illi
1165 1066 1583 1131 subsannabant.
1617 1077 1751 1143 Quid
1792 1076 1844 1133 in
1893 1086 2001 1133 tam

421 1164 837 1233 desperahilibus
868 1172 991 1221 tunc
1021 1164 1181 1220 faciat
1222 1166 1311 1221 illa
1342 1166 1452 1223 Deo
1498 1168 1739 1223 amabilis
1762 1168 2002 1224 omnium

422 1258 642 1310 salutem
673 1256 973 1325 parturiens
1003 1258 1181 1312 anima
1200 1296 1215 1321 ,
1243 1274 1363 1327 qum
1390 1275 1450 1315 se
1496 1262 1657 1315 etiam
1683 1276 1779 1331 pro
1811 1261 2005 1317 talibus

421 1348 549 1402 dare
572 1347 732 1402 vellet
755 1347 805 1402 in
833 1347 1099 1405 charltate
1126 1353 1421 1420 perpetua?
1460 1360 1515 1407 et
1544 1352 1670 1422 quid
1696 1360 1855 1408 tanta:
1883 1354 2002 1409 lidei

429 1436 756 1508 impossibile
803 1446 858 1492 et
888 1447 994 1493 tam
1025 1440 1144 1494 forzi
1193 1440 1477 1495 dilectione
1520 1441 1621 1495 erit
1668 1442 2003 1498 invincibile?

424 1528 611 1597 itaque
658 1527 967 1597 confugiens
1012 1530 1075 1583 ad
1124 1530 1488 1585 inexlteustam
1534 1530 1727 1585 Christi
1768 1530 2003 1588 clemen-

424 1621 589 1684 tiam,
621 1628 738 1675 orat
768 1629 825 1673 ut
872 1620 1013 1675 illam
1061 1620 1223 1675 ollam
1273 1622 1557 1675 mundialis
1595 1621 1897 1691 petulantia:
1941 1639 2004 1680 ac

427 1711 705 1766 diabolica:
754 1712 1003 1777 culturar,
1053 1713 1264 1782 qualem
1311 1714 1574 1784 propheta
1618 1715 1748 1771 vidit
1792 1730 1823 1771 a
1870 1714 2003 1773 faeie

423 1803 699 1871 Aquilonis
744 1803 1074 1869 ferventem,
1118 1806 1169 1860 in
1217 1805 1359 1874 virga
1411 1806 1579 1863 ferrea
1627 1816 1881 1877 tanquam
1908 1824 2003 1863 vas

2101 620 2174 685 pti
2216 619 2294 671 nis
2320 619 2655 683 diverticulo,
2688 631 2746 675 ut
2788 626 3120 693 superiorem
3158 627 3295 679 viam
3324 630 3690 696 peragendam

2101 718 2431 775 repetamus,
2500 709 2820 765 sanctissimi
2888 714 2980 769 Dei
3027 717 3293 770 veredarii
3358 717 3692 785 Augustinus

2102 799 2321 868 ejusque
2366 800 2558 854 sociia
2606 803 3084 871 suprame’moratis
3130 808 3532 875 injuriaturibus
3576 809 3692 865 suis

2102 892 2336 960 quinque
2367 891 2643 956 milliariis,
2674 906 2771 962 per
2800 893 2913 947 loca
2945 896 3185 951 solitaria
3224 899 3275 953 in
3305 908 3443 953 terra
3473 901 3690 956 deserta

2102 990 2157 1035 et
2187 980 2441 1049 inaquosa
2470 982 2689 1051 egressi,
2720 983 2866 1051 gravi
2897 983 2984 1037 siti
3029 995 3083 1039 et
3122 997 3254 1041 a-stu
3282 991 3380 1044 sub
3401 991 3523 1045 divo
3551 1006 3682 1045 cou-

2100 1076 2288 1128 selere
2316 1072 2527 1128 defessi.
2553 1072 2687 1144 Spes
2714 1076 3043 1131 moribundis
3075 1092 3178 1131 una
3206 1080 3419 1144 salutis,
3467 1082 3517 1135 in
3567 1082 3683 1135 Deo

2102 1173 2157 1218 et
2185 1162 2464 1234 Augustini
2491 1167 2573 1220 sui
2627 1168 2849 1223 meritis.
2882 1168 2992 1233 ille,
3025 1184 3130 1223 non
3162 1182 3266 1223 tam
3298 1187 3394 1239 pro
3410 1188 3488 1233 se,
3519 1188 3688 1242 quam

2103 1268 2202 1322 pro
2232 1252 2483 1309 fratribus
2504 1263 2754 1320 testuans,
2785 1257 2850 1311 ad
2875 1256 3173 1313 beneficum
3200 1259 3473 1313 dominum
3503 1278 3687 1323 suum,

2104 1344 2156 1397 in
2180 1344 2325 1399 omni
2349 1345 2606 1414 petitione
2628 1361 2841 1415 semper
2861 1360 3164 1419 expertum,
3195 1354 3320 1407 fecit
3357 1368 3475 1409 cum
3505 1356 3685 1408 omni-

2102 1431 2201 1486 bus
2226 1434 2484 1487 orationis
2514 1431 2839 1502 confugium.
2886 1438 3070 1493 Oranti
3106 1443 3283 1510 itaque
3310 1443 3567 1499 Dominus
3591 1443 3684 1499 Je-

2100 1536 2211 1586 sus,
2239 1524 2565 1591 compatiens
2594 1526 2811 1597 martyri
2840 1542 2937 1581 suo
2982 1532 3299 1601 (martyrem
3327 1536 3468 1589 enim
3489 1544 3545 1590 et
3570 1536 3692 1591 sine

2104 1612 2351 1679 passione
2398 1611 2526 1669 facit
2568 1616 2777 1670 animus
2824 1628 3041 1685 paratus
3088 1624 3343 1692 martyrio
3378 1643 3392 1677 :
3424 1626 3691 1697 hujusqne

2104 1707 2415 1778 martyrium
2444 1717 2583 1774 erat,
2613 1709 2751 1764 inter
2781 1711 3111 1769 insecutores
3140 1716 3349 1785 patiens
3377 1728 3430 1771 et
3459 1720 3691 1787 benigna

2104 1798 2477 1868 conversatio)
2530 1797 2780 1855 inetl'abili
2827 1801 3114 1856 clementia
3165 1804 3253 1859 hic
3301 1821 3358 1860 se
3401 1808 3693 1865 ostendere

421 1894 565 1963 ﬁguli
615 1904 887 1959 conterat;
935 1905 1027 1951 aut
1069 1896 1210 1951 illam
1275 1911 1503 1952 massam
1547 1912 1641 1952 sua
1692 1896 1909 1953 fornace
1953 1900 2005 1953 in
2042 1886 2081 1944 Β
2109 1894 2192 1940 est
2218 1888 2493 1957 dignatus,
2542 1891 2726 1960 sicque
2772 1907 2894 1947 eum
2941 1896 3185 1950 lamiliari
3238 1898 3562 1956 allocutione
3607 1910 3691 1957 est

423 1986 613 2041 melius
650 1994 949 2056 excoquat,
979 1994 1030 2040 et
1080 1985 1376 2057 perditione
1423 1986 1615 2055 dignos
1662 1986 2000 2056 correptione

421 2082 647 2135 redimat
693 2080 917 2147 (Jerem.
992 2085 1059 2137 tl.
1132 2078 1379 2133 Protinus
1438 2078 1691 2134 inusitato
1740 2078 1999 2148 supplicio

418 2172 705 2241 corripitur
737 2172 976 2223 universa
1010 2168 1093 2221 illa
1141 2166 1466 2236 conspiratio
1504 2182 1873 2237 perversurum
1895 2208 1911 2235 ,
1940 2174 1999 2221 ut

418 2261 531 2315 sola
580 2261 791 2315 vexatio
822 2260 1021 2314 auditui
1050 2258 1136 2315 det
1168 2258 1516 2313 intellectum.
1566 2256 1768 2314 Ardent
1810 2273 1997 2313 omnes

422 2362 446 2389 θ
499 2352 604 2415 igni
650 2351 932 2414 invisibili;
980 2366 1084 2403 non
1134 2354 1273 2405 sicut
1316 2350 1594 2419 quartanis
1642 2349 1877 2407 febribus
1908 2360 1998 2405 aut

421 2444 538 2497 aliis
590 2444 893 2496 morborum
966 2442 1223 2495 incontiis
1270 2450 1588 2503 aestuantes,
1636 2440 1757 2505 sed,
1804 2440 1994 2494 mirum

422 2533 562 2585 (lirtu
592 2540 645 2584 et
670 2530 910 2584 mirabile
940 2530 1052 2582 visu
1080 2529 1092 2579 ε
1117 2537 1305 2583 exusta
1327 2538 1450 2583 cute
1475 2538 1531 2583 et
1559 2528 1995 2584 crudescentibus

417 2625 663 2680 carnibus
690 2666 704 2687 ,
761 2624 1166 2693 sanguinolenta
1210 2624 1431 2690 vestigia
1476 2629 1531 2678 et
1579 2620 1779 2677 femora
1833 2637 1993 2677 exesa

417 2718 856 2773 ostendebantur.
908 2717 963 2771 in
1014 2725 1124 2769 tota
1166 2731 1293 2770 vero
1342 2715 1430 2770 illa
1482 2714 1678 2769 furiosa
1718 2714 1907 2784 plebe,
1939 2724 1995 2769 ut

416 2824 575 2863 nemo
599 2818 712 2862 erat
742 2810 829 2875 qui
871 2807 1228 2874 resipisceret,
1252 2808 1328 2861 sic
1368 2821 1523 2860 nemo
1551 2817 1665 2859 erat
1690 2805 1777 2873 qui
1802 2805 1994 2861 evade-

417 2906 517 2951 rel.
554 2896 702 2950 Λείας
731 2904 782 2949 et
822 2904 999 2962 sexus,
1039 2909 1192 2949 senes
1224 2902 1277 2948 et
1321 2894 1578 2949 lactantes
1603 2937 1616 2961 ,
1665 2902 1914 2963 parentes
1942 2904 1994 2948 et

420 2988 608 3053 liberi,
652 3001 753 3041 una
802 3002 987 3041 omnes
1033 3001 1203 3055 parum
1250 2986 1512 3040 sententia
1578 2984 1990 3055 plectebantur:

420 3079 615 3147 ubique
660 3078 897 3144 clamor,
939 3079 1207 3147 gemitus,
1256 3087 1309 3133 et
1362 3079 1592 3134 ululatus
1645 3078 1989 3133 crutiatuum

409 3171 728 3237 iactabatur.
765 3169 911 3225 Tunc
965 3170 1178 3224 demum
1232 3170 1515 3224 redeuntes
1557 3170 1990 3238 prmvaricatores

2103 1974 2411 2034 consolatus
2443 1996 2455 2031 :
2490 1980 2823 2044 Conlortare,
2855 1984 2925 2036 mi
2954 1986 3094 2039 bone
3138 2000 3292 2040 serve
3321 1997 3376 2042 et
3398 1988 3601 2055 fidelis,
3632 2001 3691 2045 et

2102 2070 2323 2129 viriliter
2350 2087 2447 2141 age
2481 2114 2495 2138 ,
2527 2074 2647 2141 quia
2701 2083 2879 2129 tecum
2919 2091 3035 2131 sum
3074 2077 3328 2134 Dominus
3374 2081 3512 2136 Deus
3543 2091 3687 2146 tuus,

2102 2161 2326 2218 inomni
2378 2173 2466 2219 tua
2506 2162 2819 2232 effectione;
2886 2160 2940 2220 et
2979 2184 3133 2223 aures
3188 2186 3320 2226 mem
3384 2173 3452 2227 ad
3500 2188 3690 2243 preces

2100 2260 2237 2316 tuas,
2276 2264 2540 2321 quatenus
2594 2270 2808 2325 semper
2845 2272 2943 2328 pro
2988 2259 3391 2331 quibuscunque
3447 2266 3689 2333 petieris,

2099 2342 2359 2398 obtinens.
2396 2343 2510 2399 Tibi
2550 2346 2690 2401 enim
2732 2346 2891 2415 ianua
2938 2359 3083 2419 patet
3127 2359 3341 2407 :eternae
3393 2354 3546 2419 vite,
3599 2356 3689 2409 ubi

2096 2446 2305 2486 mecum
2334 2434 2589 2499 gaudebis
2627 2436 2743 2491 sine
2795 2436 2919 2492 line.
2968 2438 3135 2493 Tanta
3194 2440 3481 2498 Dominiem
3525 2444 3690 2499 v?sio-

2097 2525 2176 2578 nis
2230 2532 2284 2578 et
2336 2526 2676 2582 allocutionis
2726 2528 3047 2585 charismata
3100 2540 3210 2587 tota
3266 2536 3685 2605 prmeordiorum

2095 2618 2282 2673 beatus
2329 2620 2653 2687 Augustinus
2694 2622 2915 2678 ebibens
2960 2623 3266 2693 ﬂagrantia,
3319 2627 3519 2683 oblitus
3562 2644 3688 2683 cor-

2094 2722 2272 2776 porca:
2318 2710 2460 2771 sitis,
2493 2710 2659 2777 magis
2705 2725 2769 2767 ac
2813 2712 2981 2780 magis
3008 2715 3223 2771 sitiebat
3268 2725 3535 2785 gustatam
3566 2717 3685 2774 dulo

2096 2798 2364 2865 cedinem,
2413 2800 2627 2868 suisque
2667 2800 2915 2873 lacrymis
2962 2788 3235 2871 gratanter
3280 2819 3681 2876 occurrentem,

2096 2890 2430 2945 uberioribus
2463 2890 2670 2949 lletibus
2700 2895 3126 2963 prosequebatur
3152 2898 3457 2955 abeuntem.

2165 2977 2252 3033 44.
2287 2980 2526 3035 Adorans
2556 2996 2684 3036 vero
2706 2982 2932 3047 ibidem,
2962 2987 3305 3057 sentiensque
3328 2988 3402 3042 illi
3434 2989 3554 3044 loco
3582 2990 3674 3046 ubi

2093 3076 2358 3121 steterunt
2383 3071 2569 3139 pedes,
2593 3070 2799 3127 Domini
2819 3087 3049 3143 superna
3074 3074 3330 3131 beneficia
3347 3077 3680 3146 redundare;

2096 3173 2196 3213 nec
2223 3159 2366 3215 illam
2398 3172 2593 3217 terram
2624 3166 2734 3232 pati
2786 3165 3123 3233 ariditatem,
3172 3169 3226 3223 in
3276 3184 3380 3239 qua
3429 3172 3680 3239 apparuit

416 3262 481 3314 ad
527 3276 647 3323 cor,
693 3261 1069 3315 intellexerunt
1110 3259 1236 3327 quid
1299 3258 1402 3313 illis
1450 3259 1685 3314 caelestia
1726 3260 1987 3326 promissa
2015 3238 2059 3299 (ἶ
2095 3248 2211 3305 fons
2241 3252 2393 3318 νίιτρ.
2425 3253 2567 3309 illico
2610 3256 2815 3312 itineris
2842 3258 3092 3314 baculum
3122 3260 3318 3316 ibidem
3347 3262 3538 3317 aﬂlxit.
3567 3263 3677 3321 Nec

414 3350 873 3407 contemnentibus
919 3350 1261 3420 propheticus
1304 3350 1630 3418 Augustinus
1671 3350 1736 3404 sit
1767 3350 1988 3404 commi-

416 3450 590 3495 natus.
616 3440 715 3505 Qui
762 3439 915 3493 simul
947 3440 1274 3507 conglobati,
1309 3439 1373 3493 ad
1407 3439 1553 3494 illum
1584 3454 1740 3509 quem
1769 3455 1988 3509 spreve-

414 3539 533 3585 rant
552 3540 893 3594 concurrunt,
922 3530 986 3583 ad
1014 3530 1157 3584 illum
1190 3545 1345 3599 quem
1364 3531 1670 3600 repulerant
1693 3529 1986 3599 refugiunt;

414 3621 840 3691 ejus-vestigiis,
914 3622 1063 3690 cujus
1134 3636 1319 3691 preces
1379 3631 1431 3675 et
1499 3623 1698 3676 monita
1758 3623 1988 3678 riserant

412 3713 640 3767 luctuosi
686 3712 1065 3776 succumbunt;
1119 3713 1384 3765 lavacrum
1435 3710 1702 3779 salutare,
1731 3711 1870 3780 quod
1893 3727 1989 3767 ex-

410 3813 806 3875 pugnaverant.
852 3802 1171 3871 efﬂagitant;
1202 3812 1513 3868 mutatoque
1548 3801 1742 3857 ardore
1791 3802 1985 3871 pmnali

410 3896 461 3949 in
510 3894 751 3949 ardorem
807 3892 963 3956 fidei,
1004 3906 1192 3946 omnes
1248 3891 1533 3959 implerant
1576 3905 1634 3945 se
1682 3890 1733 3944 in
1776 3888 1989 3946 ChriSto

408 3983 633 4040 renasci.
663 3982 785 4037 llzec
813 3982 1039 4035 mutatio
1088 3978 1325 4033 dextera:
1366 3978 1599 4043 excelsi;
1648 3994 1745 4034 nec
1766 3987 1990 4047 possunt

406 4076 514 4139 jam
558 4088 673 4128 esse
714 4072 974 4128 increduli
1022 4072 1317 4141 Augustino
1356 4072 1716 4141 promittenti,
1767 4072 1887 4141 quia
1934 4072 1986 4127 in

410 4162 675 4232 baptismo
694 4172 1141 4229 regenerarentur
1164 4162 1352 4217 mentis
1375 4171 1427 4217 et
1447 4162 1685 4231 Corporis
1704 4163 1879 4217 saluti.
1905 4162 1990 4217 Fit

410 4270 537 4323 ergo
565 4258 747 4325 ingens
767 4256 1080 4311 solemnitas
1096 4256 1369 4324 cteligenis
1390 4268 1442 4312 et
1465 4258 1764 4326 terrigenis,
1793 4258 1879 4313 ubi
1911 4265 1989 4314 tot

410 4348 569 4401 millia
585 4348 1189 4415 renatorumjunguntur
1202 4348 1403 4402 civibus
1416 4353 1657 4419 supernis
1675 4368 1688 4403 :
1708 4360 1871 4421 utque
1886 4352 1989 4407 hoc

412 4436 720 4505 tripudium,
744 4437 950 4491 detersa
977 4439 1117 4493 nube
1146 4438 1386 4493 dolorem
1420 4439 1499 4511 [Ρ.
1532 4440 1821 4512 dolorum],
1843 4456 1988 4499 sere-

415 4530 537 4583 nius
562 4526 841 4595 eil‘u’geat,
870 4528 954 4582 ille
983 4528 1221 4598 pntridas
1251 4544 1441 4586 carnes
1465 4530 1725 4586 devorans
1768 4531 1987 4603 pestifer

2093 3356 2262 3405 mora,
2301 3343 2617 3408 purissimus
2648 3344 2763 3400 fons
2813 3347 2959 3402 velut
3011 3349 3114 3404 icta
3143 3365 3278 3405 vena
3306 3340 3535 3419 exsiliit,
3584 3355 3679 3424 qui

2090 3444 2279 3485 omnes
2310 3433 2539 3488 ubertim
2576 3436 2784 3505 refecit,
2814 3447 2867 3492 et
2899 3449 3005 3493 tam
3031 3440 3288 3497 miraculo
3316 3456 3477 3516 quam
3504 3443 3679 3501 salute

2090 3520 2433 3589 exhila'avit;
2483 3533 2643 3595 atque
2670 3527 2862 3583 exinde
2909 3544 3078 3599 usque
3126 3532 3179 3585 in
3220 3542 3570 3603 perpetuum,
3621 3538 3675 3592 in

2090 3625 2276 3668 amnes
2303 3621 2356 3669 et
2383 3615 2587 3671 rivulos
2616 3617 2921 3687 derivatus,
2960 3621 3073 3678 haec
3119 3622 3237 3679 loca
3268 3625 3576 3682 habitabilia
3608 3643 3671 3683 ac

2091 3703 2502 3773 populosie‘sima
2541 3708 2685 3764 fecit.
2742 3709 2861 3778 1,158
2904 3727 3035 3769 vero
3082 3713 3293 3770 divinus
3335 3724 3523 3786 pater,
3566 3725 3674 3773 tam

2090 3792 2259 3849 beatae
2306 3798 2779 3866 contemplationis
2822 3815 3084 3871 compos,
3131 3804 3199 3859 ad
3225 3812 3479 3861 sternam
3513 3814 3676 3862 tanta

2089 3887 2272 3954 gratie
2302 3890 2639 3957 memoriam,
2666 3890 2840 3947 locum
2868 3908 2899 3947 a
2946 3894 3219 3950 cernendo
3267 3894 3431 3951 Deum
3455 3896 3677 3955 Cernhel

2091 3979 2396 4048 appellavit.
2421 3980 2574 4047 Quod
2603 3997 2798 4038 nomen
2822 4000 2891 4039 ex
2916 3984 3084 4041 latino
3114 3987 3433 4057 hebrteoque
3452 3988 3674 4046 confec-

2091 4077 2201 4124 tum
2234 4070 2391 4139 (nam
2423 4080 2480 4125 ut
2508 4073 2675 4141 prima
2706 4073 2909 4145 syllaba
2940 4089 2966 4127 a
3015 4076 3303 4142 cernendo,
3336 4078 3505 4133 visum
3532 4119 3549 4146 ,
3600 4080 3675 4133 ita

2089 4174 2339 4230 sequens,
2368 4161 2469 4225 hei,
2495 4160 2663 4217 Deum
2693 4164 2887 4234 sonat)
2921 4164 3277 4220 iudelebiliter
3299 4165 3400 4221 sibi
3427 4166 3671 4222 inolevit.

2091 4250 2169 4304 Ad
2197 4252 2300 4307 hoc
2328 4253 2488 4306 etiam
2519 4254 2743 4309 ecclesia
2776 4255 2830 4310 in
2862 4256 3078 4312 nomine
3112 4256 3320 4313 Domini
3356 4256 3677 4327 Salvatoris,

2090 4344 2233 4411 quod
2262 4356 2321 4397 se
2353 4344 2546 4399 ibidem
2578 4346 2820 4399 revelare
2848 4346 3097 4415 dignatus
3122 4356 3227 4415 est,
3259 4352 3592 4406 construitur
3621 4361 3677 4407 et

2091 4440 2481 4487 consecratur:
2511 4447 2573 4487 ac
2620 4433 2814 4489 deinde
2854 4434 2879 4471 δ
2919 4438 3303 4492 monasterium
3328 4477 3342 4503 ,
3382 4439 3494 4507 jam
3546 4439 3677 4495 olim

2092 4522 2145 4577 in
2177 4523 2385 4578 honore
2406 4523 2549 4579 beati
2581 4524 2724 4579 Petri
2751 4526 2979 4595 apostoli
3003 4526 3240 4582 aediliciis
3260 4536 3317 4581 et
3338 4543 3517 4583 rerum
3540 4544 3677 4600 opu-

412 4621 565 4685 ignis,
596 4620 844 4673 erunibus
874 4622 1021 4687 aquis
1050 4620 1487 4689 inevtinguibilis,
1514 4622 1761 4678 omnibus
1781 4623 1986 4679 artibus

2098 4614 2251 4667 lentia
2280 4614 2649 4681 sublimatum,
2688 4617 2986 4687 conspicuo
3020 4619 3500 4687 impraesentiarum
3529 4631 3675 4677 coetu

412 4710 844 4772 immelicabilis,
891 4710 1007 4763 solo
1046 4710 1387 4779 baptismate,
1420 4712 1717 4781 Augustino
1758 4714 1987 4769 interve-

412 4801 619 4859 niente,
671 4801 720 4853 in
776 4800 1035 4855 universis
1084 4800 1153 4853 ibi
1202 4801 1483 4870 baptizatis
1534 4804 1877 4874 extinguitur.
1906 4806 1987 4860 Ab

410 4891 497 4943 illa
529 4905 737 4959 quoque
764 4892 847 4945 die
890 4892 1002 4945 luce
1051 4892 1245 4961 pestis,
1278 4907 1393 4961 quae
1441 4896 1490 4947 in
1522 4894 1640 4949 aliis
1673 4895 1825 4950 terris
1855 4911 1988 4952 non-

413 4998 677 5052 nunquam
724 4994 1023 5053 grassatur,
1055 4985 1349 5056 Augustino
1380 4987 1766 5057 patrocinante,
1812 5005 1841 5043 a
1873 4999 1985 5045 tota

412 5072 516 5125 hac
543 5075 709 5140 patria
761 5077 1165 5131 exterminatur.
1218 5076 1472 5130 Poterant
1503 5086 1625 5132 tunc
1667 5079 1737 5132 illi
1781 5079 1872 5134 Dei
1927 5080 1994 5134 li-

411 5162 549 5216 horti
579 5165 812 5230 gratilicc
852 5167 1085 5222 clamare
1119 5186 1130 5221 ε
1164 5166 1273 5222 Nisi
1325 5168 1577 5222 Dominus
1622 5184 1720 5223 nos
1772 5170 1991 5225 liberas-

410 5259 493 5306 svt
534 5266 627 5320 per
659 5252 1039 5321 Augustinum,
1070 5266 1163 5311 aut
1191 5256 1515 5323 Augustinus
1545 5272 1639 5323 per
1686 5259 1992 5321 Dominum,

409 5346 559 5412 quasi
614 5345 847 5401 Sodoma
894 5349 975 5403 vel
1016 5348 1313 5405 Gomorrbs
1365 5348 1677 5415 fuissemus,
1727 5362 1817 5406 aut
1864 5352 1991 5408 Eliac

408 5436 614 5502 ignibus
631 5454 752 5493 cum
785 5438 1253 5510 quinquagenariis
1300 5440 1540 5496 hostibus
1582 5442 1771 5496 merito
1798 5445 1986 5512 periis-

408 5539 606 5583 sumus.

482 5685 502 5753 ετ
549 5679 621 5733 De
649 5681 749 5737 hoc
777 5683 895 5753 igne
932 5700 1084 5739 sacro
1114 5686 1319 5753 egimus
1348 5688 1413 5741 i7
1442 5686 1675 5741 Januarii
1709 5692 1772 5742 ad
1820 5688 1983 5743 mira-

405 5746 729 5823 φημι-κωμιιὶ
760 5746 1001 5816 Antonii,
1036 5756 1064 5823 ᾗ
1114 5746 1161 5808 ίξ

483 5816 508 5854 δ
539 5815 613 5872 De
641 5820 740 5876 Ιιυς
771 5815 1089 5879 monasterio
1119 5825 1447 5882 Cernclimtsi
1489 5828 1707 5883 consule
1753 5841 1962 5882 monas-

2090 4703 2257 4773 pollet
2294 4707 2703 4761 monachorum.
2754 4705 2898 4763 Fons
2924 4715 3102 4761 autem
3136 4707 3224 4762 ille
3259 4722 3431 4775 sacer,
3462 4709 3676 4779 Augus-

2092 4795 2189 4849 tini
2220 4794 2663 4851 administratoris
2708 4797 2925 4851 nomine
2962 4797 3305 4863 celebratur;
3353 4814 3461 4854 non
3498 4801 3677 4855 solum

2091 4886 2400 4955 potantibus
2429 4888 2673 4955 praebens
2700 4902 2854 4957 aqua:
2882 4903 3037 4942 usum
3063 4928 3079 4957 ,
3128 4890 3221 4943 sed
3252 4888 3413 4943 etiam
3438 4888 3677 4945 diverso-

2093 4993 2212 5035 rum
2239 4979 2548 5033 morborum
2579 4980 2927 5034 credentibus
2953 4978 3247 5034 remedium
3280 4996 3293 5031 :
3327 4978 3473 5034 unde
3506 4994 3679 5048 nuper

2100 5071 2234 5139 gesti
2267 5071 2507 5125 miraculi
2540 5071 2625 5126 hic
2650 5070 2841 5126 damus
2872 5071 3152 5138 indicium,
3196 5071 3339 5139 quod
3372 5069 3442 5123 ibi
3491 5084 3556 5125 ac
3583 5085 3679 5141 per

2098 5161 2262 5228 ipsam
2295 5160 2622 5229 provinciam
2652 5159 2759 5216 late
2788 5160 3020 5214 habetur
3045 5159 3475 5213 celeberrimum.

2164 5251 2254 5305 45.
2288 5250 2723 5307 EstCerneliensi
2753 5252 2929 5305 abbati
2982 5250 3343 5305 eruditissimo
3392 5248 3675 5320 presbyter

2094 5346 2468 5416 parochianus,
2503 5347 2589 5417 qui
2622 5346 2820 5415 populo
2851 5345 3027 5399 divina
3070 5343 3244 5396 officia
3290 5342 3343 5395 in
3390 5342 3507 5412 ipso
3560 5358 3675 5397 mo-

2096 5438 2329 5490 nasterio
2355 5452 2513 5505 agere
2541 5446 2622 5490 est
2651 5436 2862 5489 soli:us.
2896 5435 3047 5488 ilunc
3072 5432 3299 5501 languor
3323 5432 3391 5487 ad
3429 5442 3673 5488 extrema

2092 5531 2423 5595 perductum,
2458 5528 2831 5585 monachicum
2862 5539 3084 5595 poscere
3114 5526 3373 5594 compulit
3404 5525 3671 5581 habitum.

2088 5686 2245 5736 tit-um
2272 5685 2636 5754 Anglicanam,
2677 5696 2800 5751 pag.
2857 5680 2964 5733 2’55
3010 5676 3355 5758 otioqucnti.
3403 5676 3573 5758 Datur
3600 5675 3668 5730 ibi

2085 5756 2268 5807 charta
2301 5747 2642 5819 l'imtiatiouis,
2678 5747 2825 5805 ἰιιριν
2851 5766 2991 5802 anno
3023 5747 3147 5813 987,
3190 5764 3310 5802 cum
3338 5750 3438 5802 sub
3462 5748 3667 5801 inttium

2083 5834 2220 5880 esset
2247 5825 2603 5882 tatuubiolum
2636 5823 2791 5877 trium
2825 5824 3225 5875 monachorum.
