3874 6224
394 407 462 462 87
1161 402 1471 461 SANCTL'S
1513 402 1941 461 AUGUSTINUS
1977 401 2346 459 ANCIﬁRUM
2383 403 2794 463 APOSTOLllS.
3574 412 3647 465 88

392 533 572 590 regem
604 529 627 557 η
655 518 850 577 Srotize
876 518 1268 574 Colomannum
1308 519 1545 573 omnium
1588 517 1743 572 saluti
1772 530 1962 572 consu-
1994 522 2038 575 Λ
2071 516 2266 579 tinum;
2297 515 2445 569 venit
2482 518 2727 582 angelico
2755 519 2917 571 durtu
2949 519 3097 574 velut
3124 518 3192 572 ad
3229 518 3459 575 alterum
3484 534 3649 590 ange-

394 612 510 667 lens
530 611 764 675 venerit,
810 617 863 664 et
890 608 1104 663 beatum
1141 606 1383 672 Livinum
1415 618 1540 664 tunc
1580 621 1807 676 puerum
1837 622 1958 662 cum

396 710 579 757 sancto
627 698 926 755 Monalcbio
954 699 1206 767 pontilice
1252 697 1617 765 baptizaverit,
1669 706 1836 767 utque
1864 712 1961 751 rex

392 800 447 847 rt
477 790 655 858 regina
685 789 942 858 regnique
970 790 1259 858 optimates
1284 788 1426 842 illum
1450 801 1481 841 a
1525 785 1673 841 fonte
1700 802 1960 858 suscepe-

393 881 518 937 rint.
563 876 713 933 Tunc
759 880 979 950 insuper
1042 879 1367 948 baptizatum
1416 875 1609 931 solaris
1656 876 1962 946 splendoris

390 970 640 1025 columna
689 986 869 1026 coram
921 972 1167 1026 omnibus
1202 970 1425 1035 allusit,
1475 978 1531 1024 et
1576 969 1629 1024 in
1674 968 1961 1039 splendore

389 1076 555 1121 aurea
598 1062 714 1117 sole
760 1062 1041 1117 micantior
1079 1060 1269 1115 dextra
1316 1076 1583 1134 apparens
1608 1070 1691 1116 ter
1729 1076 1958 1131 puerum

390 1152 563 1221 signo
599 1152 770 1206 crucis
818 1150 1120 1213 benedixit,
1172 1158 1336 1221 atque
1376 1167 1479 1207 vox
1533 1151 1715 1207 cmliea
1764 1151 1817 1204 in
1846 1151 1961 1206 btet:

391 1260 473 1299 vet
490 1244 553 1297 ba
582 1242 799 1297 sonuit:
832 1241 1067 1297 Dilectus
1094 1242 1205 1299 Deo
1231 1252 1285 1298 et
1314 1243 1641 1310 bominibua,
1670 1242 1823 1313 cujus
1855 1257 1964 1297 me-

390 1333 557 1389 moria
608 1332 661 1387 in
699 1332 1073 1388 benedictione
1118 1342 1219 1388 est.
1252 1333 1388 1389 Hinc
1433 1334 1722 1404 prteelarus
1750 1334 1959 1402 Augus-

388 1428 533 1481 t'nus
560 1424 844 1481 Dominum
895 1424 1249 1493 glorificavit,
1297 1435 1353 1481 et
1396 1425 1604 1481 cunctis
1626 1423 1956 1494 glorificandi

388 1516 765 1572 documentum
795 1514 958 1569 dedit.
1005 1513 1211 1569 Interea
1242 1516 1439 1569 sanctis
1468 1515 1587 1568 vita:
1616 1515 1959 1570 incrementis

388 1606 700 1661 adolescens
726 1604 815 1658 ille
838 1641 853 1666 ,
897 1619 1023 1657 suus
1052 1612 1106 1658 et
1131 1618 1248 1657 :nvo
1270 1612 1323 1657 et
1347 1604 1540 1658 merito
1569 1592 1783 1669 filiolus,
1818 1604 1956 1660 adeo

386 1697 610 1751 dilectus
663 1702 781 1749 erat
821 1692 934 1761 regi
982 1701 1040 1746 et
1075 1692 1361 1759 omnibus,
1419 1701 1477 1746 ut
1506 1694 1644 1747 miro
1670 1692 1865 1749 aﬂectu
1894 1709 1958 1750 ac

386 1787 630 1858 precibus
655 1800 778 1841 eum
809 1785 1045 1839 retinere
1074 1792 1365 1839 tentarent.
1393 1782 1491 1857 Cui
1535 1785 1741 1839 timenti
1790 1786 1955 1840 retia-

2066 604 2201 668 lum,
2242 602 2309 657 de
2358 603 2548 656 ﬂorido
2589 606 2780 661 itinere
2830 608 2893 659 ad
2949 609 3251 675 llorigerum
3292 609 3641 678 paradisum,

2062 693 2128 747 de
2164 694 2249 746 via
2303 694 2464 746 maris
2493 694 2558 745 ad
2607 693 2809 749 fontem
2859 697 3200 763 melliﬂnum,
3231 698 3300 751 de
3329 698 3647 765 perniciosis

2063 784 2252 853 opibus
2280 782 2344 835 ad
2374 782 2852 852 incorruptibilium
2879 787 3181 841 divitiarum
3230 787 3643 856 tbrsaurarium,

2061 876 2144 928 rui
2172 874 2239 929 de
2268 875 2517 931 rubicqu
2545 877 2655 930 veri
2706 878 2844 946 regis
2892 878 3152 933 inﬁnitam
3192 881 3523 951 opulentiam
3556 895 3640 933 re-

2061 981 2178 1019 rum
2208 973 2264 1023 et
2303 966 2797 1023 immareescibilem
2844 969 3291 1037 pulchritudinem
3334 971 3641 1041 specierum

2061 1058 2345 1126 depromat
2362 1059 2622 1115 omnium.
2656 1064 2698 1111 υ
2725 1075 2888 1130 quam
2919 1062 3166 1116 festivum
3194 1073 3368 1116 ortum
3397 1072 3480 1117 est
3507 1077 3639 1130 gan-

2059 1146 2203 1200 dium
2241 1155 2349 1201 tam
2397 1148 2657 1219 prmcelso
2706 1150 2915 1205 doctori
2962 1160 3268 1207 sanctorum
3292 1192 3310 1214 .
3350 1154 3437 1207 ubi
3473 1154 3638 1208 talem

2059 1239 2162 1294 sibi
2190 1240 2443 1295 divinitus
2479 1242 2806 1297 destinatum
2837 1246 3049 1314 excepit
3076 1246 3428 1315 discipulum,
3478 1262 3643 1315 quem

2060 1330 2261 1401 Spiritu
2291 1341 2479 1387 saneto
2507 1335 2847 1414 pnesciverat
2867 1346 3173 1403 venturum,
3197 1339 3288 1407 qui
3315 1339 3504 1406 dignus
3524 1349 3645 1392 erat

2061 1421 2316 1487 magister
2344 1421 2613 1476 aliorum?
2659 1421 2766 1477 Sed
2812 1438 3073 1492 generosa
3124 1426 3332 1483 indoles
3371 1427 3580 1491 Livini,
3613 1441 3646 1481 a

2060 1519 2168 1564 tam
2208 1511 2462 1565 divinitus
2507 1512 2766 1582 inspirata
2820 1514 3024 1568 mavult
3078 1516 3286 1571 discere
3330 1518 3643 1585 humiliter,

2058 1603 2201 1674 quod
2228 1612 2417 1673 postea
2445 1604 2641 1661 doceat
2673 1603 3013 1660 fiducialiter.
3046 1606 3209 1660 Audit
3238 1606 3385 1662 illum
3404 1648 3421 1675 ,
3470 1610 3562 1678 qui
3590 1610 3643 1663 in

2060 1695 2198 1750 cmlo
2224 1696 2400 1765 posuit
2428 1710 2490 1750 os
2514 1710 2671 1750 suum
2692 1739 2707 1763 ,
2754 1696 2998 1765 angelico
3028 1712 3125 1753 ore
3168 1697 3528 1766 disputantem
3574 1698 3646 1753 de

2061 1786 2267 1842 infinita
2337 1786 2678 1842 multitudine
2733 1796 2789 1843 et
2835 1786 3069 1856 gloriosa
3126 1803 3472 1858 supemarum
3527 1788 3641 1843 vir-

386 1875 502 1929 a-nla
534 1875 716 1930 mundi
746 1882 800 1929 et
830 1874 933 1930 hoc
954 1890 1118 1943 super
1146 1875 1302 1929 anxie
1332 1872 1630 1939 ﬂuctuanti,
1650 1883 1704 1929 et
1732 1875 1954 1944 angelus
1988 1880 2032 1940 Β
2061 1885 2229 1931 tutum
2249 1918 2265 1942 ,
2316 1876 2382 1930 de
2414 1877 2903 1946 prtecellentissima
2952 1877 3261 1946 apostolica:
3304 1877 3645 1932 sublimitatis

387 1966 522 2021 lucis
548 1965 743 2021 allulsit
760 2007 773 2028 ,
806 1966 1128 2035 proprioque
1149 1980 1271 2018 eum
1294 1964 1506 2018 nomine
1526 1964 1760 2019 salutans
1784 1982 1798 2018 :
1823 1964 1956 2030 Ave,

387 2057 556 2126 inquit
582 2098 596 2119 ,
639 2056 799 2109 frater
846 2053 1050 2117 Liviae,
1099 2054 1283 2108 desine
1312 2054 1584 2121 tribulari,
1614 2062 1668 2108 et
1696 2053 1818 2107 audi
1848 2068 1956 2123 quo

385 2148 579 2200 debeas
600 2144 883 2199 consolari.
914 2143 1055 2198 Vade
1078 2144 1201 2197 hinc
1231 2143 1295 2197 ad
1323 2143 1612 2211 Anglorum
1645 2142 1956 2211 pontiﬁcem

386 2238 770 2306 Augustinum,
803 2245 856 2292 et
896 2237 962 2290 ab
991 2253 1057 2292 eo
1087 2236 1301 2306 percipe
1331 2237 1497 2290 totius
1522 2246 1721 2291 sancta:
1748 2237 1956 2293 institu-

386 2328 547 2383 tionis
596 2328 1011 2392 documentum,
1068 2342 1164 2396 per
1216 2341 1397 2396 quem,
1449 2327 1557 2380 Deo
1601 2327 1953 2395 provehente,

383 2433 643 2475 summam
691 2418 923 2485 attingas
976 2419 1248 2471 virtutum.
1284 2417 1379 2471 Ast
1424 2416 1632 2470 Domini
1682 2417 1959 2471 confessor

383 2510 637 2565 festinans
672 2508 929 2576 angelicis
972 2508 1208 2575 jussibus
1257 2510 1632 2575 obtemperare
1662 2547 1676 2571 ,
1718 2506 1954 2575 expetita

382 2599 521 2669 regis
549 2598 858 2653 dimissione
896 2605 953 2651 et
995 2596 1162 2667 ruptis
1191 2596 1457 2650 fautorum
1505 2611 1722 2649 suorum
1750 2595 1954 2650 retina-

381 2689 513 2743 culis
537 2702 634 2743 ceu
662 2687 784 2743 telis
807 2701 1045 2750 araneae,
1100 2702 1222 2741 cum
1256 2687 1423 2740 tribus
1470 2686 1640 2740 beatis
1680 2684 1955 2754 discipulis

382 2778 623 2842 Foilano,
676 2777 839 2850 Ilelya
865 2788 919 2832 et
944 2775 1166 2847 Kyliano
1207 2777 1333 2849 [qui
1376 2776 1537 2831 etiam
1588 2775 1955 2831 describendis

382 2872 551 2941 ipsius
595 2871 756 2938 gestis
802 2869 1160 2939 probatissimi
1209 2878 1460 2924 auctores
1499 2864 1779 2938 claruere]
1811 2868 1955 2922 ultro

380 2961 655 3016 contendit
682 2959 749 3013 ad
779 2974 950 3022 mare,
979 2974 1086 3028 quo
1112 2968 1295 3029 posset
1327 2959 1393 3013 ad
1439 2957 1951 3013 desideratissimam

380 3061 589 3123 patrem
618 3050 967 3119 Augustinum
1010 3051 1431 3119 transnavigare.
1463 3049 1568 3104 Sed
1596 3048 1829 3103 occurrit
1857 3064 1955 3102 an-

380 3142 529 3212 gelus
557 3142 761 3195 Domini
811 3140 861 3193 in
893 3141 1084 3195 itinere
1110 3183 1122 3203 ,
1160 3140 1381 3207 juvenili
1430 3141 1643 3204 decore,
1674 3138 1951 3208 splendida

384 3232 538 3293 facie,
574 3229 839 3299 gratiosus
870 3230 1077 3283 incessu
1102 3271 1116 3293 ,
1148 3228 1318 3283 dulcis
1365 3228 1641 3283 alTamine:
1691 3226 1912 3283 Confide
1934 3270 1949 3295 ,
1980 3256 2023 3315 ο

381 3321 479 3381 ait.
522 3320 705 3385 frater,
755 3319 877 3389 quia
908 3320 1165 3374 Dominus
1214 3336 1299 3372 me
1342 3320 1433 3373 t’bi
1486 3320 1629 3373 misit
1659 3320 1849 3373 ducem
1896 3328 1953 3373 et

379 3414 655 3469 custodem
690 3412 1097 3481 inseparabilem
1148 3411 1198 3464 ἱ·ι
1244 3414 1388 3464 οιηηὶ
1423 3411 1501 3463 via
1533 3422 1640 3463 tua.
1667 3410 1745 3465 Tu
1788 3411 1950 3465 modo

382 3505 753 3559 incunctanter
774 3515 997 3568 sequere
1022 3515 1105 3551 me
1127 3517 1138 3551 :
1164 3500 1284 3567 quia
1310 3502 1375 3552 ad
1409 3500 1553 3553 illum
1584 3500 1657 3554 tui
1685 3499 1953 3569 profectus

381 3592 657 3652 ductarent
690 3607 846 3662 quem
875 3592 1044 3661 petis.
1094 3589 1211 3647 fave
1256 3600 1307 3647 te
1356 3589 1608 3654 Domina,
1662 3591 1949 3661 perducam

382 3701 435 3741 te
463 3687 793 3743 successibus
833 3684 1123 3755 prosperis.
1175 3686 1483 3749 Agnoscens
1539 3697 1670 3749 ergo
1718 3684 1950 3749 [rudens

384 3777 597 3831 Livinus
627 3775 881 3843 Spiritum
916 3775 1151 3826 veritatis
1182 3773 1293 3825 lucc
1316 3774 1413 3826 sibi
1443 3774 1727 3832 dicentem.
1763 3786 1952 3840 prosc-

378 3872 557 3941 qni'ur
582 3869 899 3923 liducialiter
940 3881 1061 3919 cum
1094 3865 1325 3933 pnrfatis
1350 3864 1621 3932 discipulis
1649 3864 1953 3932 praeceden-

380 3973 517 4026 tem,
563 3972 615 4017 et
669 3960 795 4015 illud
844 3974 993 4012 mare
1045 3971 1293 4023 magnum
1343 3971 1407 4009 ac
1449 3957 1741 4024 spatiosum
1794 3955 1953 4008 siccis

381 4054 579 4123 patitor
635 4060 905 4103 transeunt
943 4046 1196 4113 vestigiis.
1256 4044 1547 4097 Videbatur
1606 4052 1782 4096 autem
1844 4052 1949 4095 tam

380 4142 740 4197 sacratissimo
772 4140 955 4191 Livino
984 4153 1143 4204 quam
1175 4136 1345 4187 beatis
1370 4136 1532 4188 sociis
1556 4137 1683 4196 suis,
1721 4144 1834 4187 toto
1863 4134 1951 4186 illo

382 4235 592 4293 itinere,
622 4246 727 4298 quo
767 4228 999 4299 pedestri
1044 4228 1254 4279 incessu
1314 4225 1448 4279 vasti
1502 4224 1725 4293 gurgitis
1764 4222 1954 4278 (luctus

380 4340 442 4379 ac
468 4324 511 4377 si
535 4323 757 4377 solidam
784 4334 964 4373 aream
996 4318 1303 4381 calcabam,
1344 4318 1487 4386 quod
1528 4332 1625 4385 per
1674 4324 1825 4384 prata
1867 4316 1951 4369 vel

381 4413 698 4484 campestria
730 4412 915 4476 vireta,
948 4410 1086 4464 rosis
1114 4423 1179 4463 ac
1210 4408 1353 4474 liliis,
1386 4412 1637 4478 omnique
1666 4407 1950 4461 herbarum

382 4522 443 4562 ac
489 4506 675 4559 ﬂorum
709 4502 1066 4573 pulcherrima
1111 4498 1372 4553 varietate
1419 4498 1723 4561 vernantia,
1776 4506 1953 4555 trans»

381 4599 536 4651 irent.
558 4594 656 4650 Ubi
675 4610 803 4650 vero
822 4592 1059 4646 sidereus
1082 4590 1189 4644 dux
1208 4603 1466 4657 sequaces
1482 4602 1609 4642 suos
1634 4597 1745 4643 tuto
1770 4588 1949 4642 littore
1983 4628 2034 4685 Β

382 4685 606 4739 feliciter
652 4681 920 4752 exposuit,
961 4694 1081 4734 cum
1134 4678 1385 4734 indicibili
1430 4679 1620 4747 jubare
1666 4687 1721 4733 et
1772 4679 1950 4747 ampla

381 4775 512 4829 locis
537 4774 925 4835 coruscatione,
950 4771 1079 4839 ipsis
1107 4770 1450 4829 intuentibus.
1482 4768 1647 4824 oculos
1697 4769 1951 4836 repetiit;

384 4876 443 4920 ut
465 4867 566 4919 hoc
595 4865 875 4933 Splendore
902 4852 1175 4918 videretur
1200 4862 1377 4917 dicere
1401 4880 1414 4915 :
1445 4862 1559 4918 Huc
1588 4877 1674 4917 me
1698 4904 1712 4927 ,
1750 4860 1843 4916 lilii
1873 4864 1954 4917 lu-

382 4960 455 5011 eis
477 5000 492 5025 ,
543 4956 738 5026 spretis
767 4956 948 5010 mundi
977 4954 1214 5010 tenebris
1234 4992 1249 5017 ,
1304 4954 1453 5023 sequi
1481 4963 1789 5023 properate.
1824 4954 1953 5019 Quis

382 5052 559 5115 itaque
590 5049 698 5101 haec
729 5056 837 5101 tam
870 5045 1052 5099 ﬂorida
1084 5061 1146 5098 ac
1178 5043 1372 5112 fulgida
1430 5044 1682 5098 miracula
1731 5048 1949 5112 gloriosi

385 5135 658 5204 Augustini
705 5134 908 5187 meritis
935 5133 1142 5186 dubitat
1170 5132 1255 5186 vel
1285 5132 1555 5186 ascribere
1582 5134 1667 5186 vel
1714 5150 1956 5188 commu~

385 5230 595 5281 nicare.
648 5234 706 5275 ut
740 5224 1085 5289 Augustinum
1134 5222 1493 5290 qumrentibus
1537 5225 1675 5277 unda
1717 5225 1953 5286 vireret,

386 5328 579 5383 pontus
606 5314 840 5377 ﬂoreret,
873 5314 1061 5369 ﬂuctus
1088 5324 1366 5380 vernaret;
1396 5323 1448 5367 ct
1480 5318 1593 5381 ipse
1635 5329 1825 5384 gurges
1855 5317 1955 5369 sub

384 5406 606 5476 pedibus
656 5403 1136 5470 evangelizatorom
1191 5406 1338 5473 paris
1392 5406 1713 5473 petentium,
1781 5422 1839 5461 se
1895 5417 1958 5459 ut

385 5496 483 5550 soli
504 5498 608 5550 lum
641 5511 886 5565 campum
919 5496 1227 5550 exhiberet?
1259 5497 1413 5549 Venit
1442 5511 1569 5565 ergo
1597 5514 1714 5551 cum
1743 5514 1953 5568 pramo-

388 5584 598 5640 miuatis
625 5586 791 5639 tribus
818 5593 1011 5638 sanch
1042 5583 1313 5641 Trinitatis
1344 5587 1761 5652 confessoribus,
1811 5589 1953 5642 desi-

385 5674 626 5729 deriosus
670 5677 905 5731 Livinius
954 5674 1021 5728 ad
1070 5674 1473 5731 desiderabilem
1505 5686 1713 5746 patrem
1744 5678 1951 5746 Augus-

384 5855 418 5912 b
457 5795 480 5909 ἱ·
512 5782 565 5838 Id
598 5795 676 5840 Cal
699 5784 960 5842 “tbt‘rnltl:
982 5785 1277 5853 hodiernae,
1305 5801 1422 5856 quae
1450 5796 1575 5844 tunc
1601 5789 1783 5846 Scotia
1809 5790 1959 5847 dicc-

424 5874 449 5910 J
481 5870 560 5909 ur.

424 5870 560 5910 atur.

2059 1960 2399 2031 ltierarchia,
2445 1966 2513 2019 de
2565 1966 2941 2020 innumerabili
2972 1967 3213 2021 exercitu
3248 1976 3303 2021 et
3331 1968 3640 2037 triumphali

2060 2062 2353 2125 martyrum
2405 2055 2611 2123 palma,
2661 2054 2728 2109 de
2765 2054 3141 2109 candidissima
3173 2054 3544 2111 eonfessorum
3576 2072 3643 2111 ac

2058 2147 2325 2213 virginum
2357 2160 2601 2211 corona;
2650 2159 2863 2201 omnem
2894 2145 3073 2199 mundi
3116 2160 3325 2212 pinnam
3369 2161 3477 2202 non
3519 2162 3644 2201 esse

2057 2235 2375 2303 condignam
2414 2235 2481 2288 ad
2513 2242 2660 2288 tanta
2693 2234 2942 2302 prtemia;
2994 2234 3123 2288 nihil
3152 2235 3474 2305 comparari,
3507 2235 3641 2290 nihil

2059 2324 2350 2395 appretiari
2393 2338 2555 2393 posse
2582 2324 2647 2377 ad
2677 2323 2818 2377 illam
2846 2321 3335 2393 pulchritudinem;
3382 2324 3449 2377 ad
3493 2324 3639 2380 illam

2057 2414 2368 2483 dignitatem
2396 2451 2413 2477 ,
2460 2413 2525 2467 ad
2560 2413 2702 2466 illam
2730 2410 3121 2467 indeficieotem
3150 2412 3545 2467 solemnitatem
3578 2422 3636 2467 et

2057 2503 2267 2572 gaudia,
2304 2502 2449 2556 omni
2477 2516 2674 2571 genere
2703 2502 2944 2556 laborum
2969 2538 2987 2566 ,
3039 2500 3183 2555 omni
3215 2498 3501 2570 fragrantia
3527 2501 3642 2555 vir-

2059 2603 2263 2659 tutum,
2298 2608 2440 2648 nunc
2486 2607 2604 2648 esse
2632 2592 2971 2647 currendum.
3005 2591 3087 2645 Ad
3130 2591 3259 2645 illud
3304 2592 3643 2662 sempiternae

2058 2686 2401 2741 beatitudinis
2447 2685 2689 2738 bravium
2738 2684 2968 2738 ducebat
2996 2684 3358 2737 avidissimum
3386 2685 3639 2741 tumulum

2059 2790 2155 2845 per
2184 2775 2361 2832 omnia
2394 2771 2580 2827 ﬂoreta
2610 2780 2882 2827 Sacrarum
2914 2771 3345 2840 Seripturarum;
3376 2771 3644 2841 pandebat

2057 2864 2107 2917 ci
2136 2864 2323 2917 :eraria
2354 2871 2409 2917 et
2430 2862 2645 2917 cellaria
2674 2860 2869 2918 Christi
2908 2868 2963 2914 et
2991 2859 3245 2915 Ecclesia:
3267 2899 3282 2924 ,
3333 2860 3385 2914 in
3429 2861 3642 2916 deliciis

2058 2953 2585 3009 etoblectatimiibus
2631 2950 3015 3006 dominicarum
3066 2963 3315 3017 gazarum
3362 2965 3425 3005 ac
3472 2954 3637 3005 vitam

2056 3044 2373 3113 spirantium
2421 3050 2756 3105 aromatum,
2802 3041 2854 3095 in
2906 3040 3231 3109 sempiterna
3282 3039 3543 3094 charitate
3581 3050 3634 3094 et

2056 3133 2299 3187 c'aritate
2342 3140 2673 3186 sanctorum.
2730 3130 2822 3184 His
2849 3131 3074 3196 aliisque
3102 3130 3341 3198 plurimis
3386 3131 3639 3185 exhorta-

2060 3221 2293 3291 tionibus
2312 3222 2417 3273 dnx
2450 3220 2678 3290 inclytus
2703 3219 3095 3274 dominicorum
3126 3228 3425 3275 castrorum
3455 3236 3635 3275 arma-

2058 3314 2149 3367 bat
2176 3312 2429 3366 athletam
2459 3310 2657 3365 Christi
2690 3310 3058 3376 fortissimum,
3090 3311 3415 3366 accendi-bat
3444 3313 3637 3366 arden-

2058 3402 2351 3456 tissimum:
2383 3402 2600 3469 jamque
2624 3401 2916 3455 secundum
2952 3400 3213 3470 przeducis
3258 3401 3429 3467 angeli
3518 3404 3635 3472 pol-

2057 3496 2404 3549 licitationem
2473 3494 2541 3547 ad
2612 3495 2918 3563 apostolica:
2972 3494 3397 3551 conversationis
3460 3496 3636 3554 evexit

2055 3586 2465 3655 prrfeetionem.
2498 3596 2555 3640 ut
2582 3596 2637 3640 et
2676 3586 2906 3655 palmam
2938 3587 3221 3656 attingeret
3252 3588 3631 3658 martyrialcm.

2055 3681 2239 3749 Itaque
2294 3694 2391 3748 per
2442 3679 2863 3748 quinquennium
2916 3687 2969 3735 et
3025 3694 3236 3735 menses
3290 3689 3399 3736 tres
3447 3696 3630 3736 secum

2056 3774 2362 3835 detentum,
2412 3771 2761 3827 sanctissimis
2791 3772 3051 3841 exemplis
3081 3787 3143 3828 ac
3172 3773 3543 3829 itntrumeutis
3575 3775 3628 3829 in

2055 3865 2201 3917 omni
2230 3864 2517 3917 sanctitate
2544 3876 2855 3932 provectum
2876 3904 2891 3927 ,
2942 3878 3057 3917 (evo
3087 3871 3354 3929 tenerum,
3384 3864 3479 3919 sed
3507 3864 3637 3919 reli-

2056 3957 2201 4020 gima
2268 3956 2575 4007 maturitate
2633 3954 3016 4024 grandaevum,
3084 3953 3296 4007 tandem
3357 3962 3641 4009 consecrat

2055 4044 2382 4098 sacerdotem
2409 4042 2621 4096 Christo
2660 4042 3066 4099 electissimum.
3110 4044 3208 4097 Dat
3255 4044 3417 4097 etiam
3445 4044 3640 4098 libera-

2058 4136 2089 4188 li
2123 4136 2289 4189 simus
2334 4135 2360 4171 ί)
2402 4134 2628 4205 ετηξπιπιει
2678 4134 2728 4187 in
2782 4135 2890 4203 ipsa
2922 4134 3099 4189 dileCIi
3132 4134 3377 4202 discipuli
3420 4134 3639 4188 ordina-

2058 4231 2200 4283 tione
2241 4229 2381 4283 dulci
2414 4229 2607 4281 simum
2658 4227 2847 4295 pignus
2905 4235 2957 4280 et
3008 4225 3318 4280 memoria'e
3364 4234 3641 4295 perpetere

2055 4321 2355 4375 dilectionis
2392 4336 2520 4380 sun,
2553 4318 2787 4372 casulam
2818 4318 3067 4373 videlicet
3114 4332 3436 4385 purpuream
3462 4356 3479 4380 ,
3523 4316 3641 4384 glo—

2054 4410 2180 4464 riosi
2239 4410 2476 4479 martyrii
2522 4421 2853 4477 praesagam,
2911 4422 3043 4461 auro
3092 4418 3147 4463 et
3196 4407 3419 4476 gemmis
3474 4408 3641 4461 instar

2057 4503 2367 4556 riteritorum
2420 4508 2735 4570 przetextam
2772 4516 2785 4551 :
2818 4499 2963 4553 addit
3016 4498 3209 4555 stolam
3262 4506 3318 4553 et
3363 4498 3639 4565 orarium,

2058 4593 2296 4647 similiter
2326 4607 2485 4648 aurea
2536 4606 2599 4645 ac
2628 4592 2982 4661 pretiosarum
3011 4605 3345 4659 gemmarum
3375 4590 3643 4646 sideribus

2058 4683 2305 4737 decorata
2324 4681 2805 4752 insigniaJamque
2827 4682 3148 4751 imprecatus
3163 4684 3261 4737 sibi
3276 4684 3452 4737 omnia
3468 4684 3647 4748 bona,

2058 4783 2111 4826 et
2142 4773 2650 4827 mutuaorationum
2692 4771 2970 4839 suifragia,
3023 4787 3130 4826 non
3178 4774 3293 4826 sine
3335 4772 3534 4827 mutuis
3564 4773 3640 4825 Ia-

2058 4863 2275 4932 crvmis.
2306 4864 2527 4917 remittit
2554 4878 2676 4917 eum
2710 4862 2819 4929 regi
2850 4876 2912 4916 ac
2940 4862 3086 4930 genti
3115 4878 3225 4917 sum
3249 4862 3639 4917 desideratissi-

2060 4969 2202 5007 mnm
2235 4953 2557 5008 creditorem
2578 4994 2593 5017 ,
2640 4969 2761 5008 cum
2792 4952 3214 5022 pra-memoratis
3242 4954 3444 5006 sanctis
3472 4944 3642 5007 conii-

2061 5044 2201 5097 tibus
2250 5044 2375 5097 suis.
2433 5045 2669 5112 Denique
2700 5044 2837 5097 sicut
2866 5057 2995 5113 apes
3041 5041 3352 5097 mellillunm
3406 5026 3637 5110 liorem,

2062 5142 2113 5184 et
2144 5133 2277 5186 sicut
2304 5135 2445 5187 cervi
2477 5150 2626 5199 aquze
2673 5133 2873 5189 fontem
2897 5173 2913 5200 ,
2965 5135 3043 5188 sic.
3075 5133 3423 5201 Augustinum
3470 5148 3636 5205 appc.

2062 5225 2243 5277 tebant
2273 5226 2502 5291 tmdipte
2530 5225 2763 5280 caelestia
2793 5224 3207 5279 mellificantem.

2132 5316 2217 5370 49.
2253 5317 2373 5371 Erat
2410 5319 2625 5386 quidam
2664 5326 2970 5377 veteranus.
3017 5319 3107 5387 qui
3151 5318 3425 5371 asserebat
3476 5332 3634 5371 avum

2061 5423 2215 5460 suum
2245 5423 2339 5475 per
2369 5418 2613 5460 sanctum
2664 5405 3011 5473 Augustinum
3068 5407 3393 5472 baptizatum
3448 5406 3637 5470 fuisse,

2062 5510 2117 5551 et
2146 5498 2246 5551 hoc
2274 5514 2427 5551 avum
2478 5499 2616 5565 patri
2668 5512 2788 5562 suo,
2832 5504 3147 5565 patremque
3189 5497 3289 5551 sibi
3342 5498 3433 5551 tali
3478 5497 3638 5552 modo

2062 5589 2325 5642 retulisse.
2356 5588 2490 5642 Cum
2546 5603 2717 5641 essem
2742 5627 2761 5653 ,
2789 5588 3004 5651 aiebat,
3061 5588 3529 5653 adolescentulus,
3583 5596 3639 5645 et

2065 5678 2309 5731 vidissem
2360 5682 2425 5733 ad
2476 5681 2622 5734 illum
2670 5695 2864 5733 novum
2896 5689 2950 5733 ct
2992 5679 3286 5734 inauditum
3325 5687 3521 5735 nostra:
3549 5695 3635 5735 sa-

2137 5792 2157 5826 ι·
2182 5790 2333 5865 (ἰδῇς
2356 5803 2419 5844 -ta
2448 5792 2621 5865 Papia:
2636 5800 2715 5846 est
2732 5792 2926 5855 doctor,
2955 5803 3043 5865 aut
3071 5793 3261 5865 rhetor,
3284 5790 3469 5849 Graec
3494 5795 3638 5853 καθι-

2066 5867 2239 5933 γητῄς.
2264 5862 2550 5934 l’erperam
2582 5864 2897 5935 impressum
2929 5863 3178 5935 mrigera.
