3874 6224
209 424 273 474 κε,
1416 410 1570 465 vm
1613 403 1856 461 sucu
1898 401 2287 461 annosum.
2588 473 2593 474 ί
3420 411 3492 468 oo

209 493 225 547 Ι
256 473 322 544 tis
347 486 807 559 protruloctorem
842 486 1215 554 Augustinum,
1237 482 1390 552 quasi
1420 484 1484 535 :ul
1514 478 1798 551 qiieimtam
1829 479 1874 535 Α
1902 478 2249 543 generatione
2279 473 2333 529 in
2361 473 2763 542 generationem
2789 484 3141 548 propagatam
3166 521 3180 541 ,
3226 478 3336 536 Deo
3362 498 3493 551 pm.

197 584 459 652 angelum,
496 584 903 637 concurrentia
937 580 1255 650 pepulerunt
1290 577 1535 646 agmina;
1566 587 1687 641 ego,
1716 571 1803 625 cui

210 676 401 731 vanitas
425 691 631 729 corona
659 715 677 739 ,
736 676 835 729 cui
882 673 1135 742 gaudium
1182 672 1440 734 stultitia,
1484 669 1569 725 cui
1600 666 1805 723 deliéim

210 774 349 823 erant
399 765 666 824 ridicula.
722 766 870 820 mira
914 780 1104 821 sensus
1136 764 1459 820 hebetudine
1494 761 1805 818 deridebam

211 858 377 911 omnia
392 897 410 921 ,
433 856 587 909 velut
609 854 1009 924 phantasmata
1036 873 1052 922 ;
1080 869 1377 925 omnesque
1402 867 1585 908 errare
1612 863 1807 921 ιιι-πιαι-

213 961 288 1001 me
315 958 575 1012 meosque
622 958 977 1001 coerroneos
1025 959 1214 1014 magna
1256 942 1539 998 credebam
1585 942 1805 1011 ineptia.

212 1038 332 1089 Cum
357 1048 488 1088 vero
515 1032 806 1090 audissem
864 1034 1013 1096 illum
1062 1032 1241 1088 omnia
1270 1031 1522 1086 debilium
1552 1044 1615 1085 ac
1647 1031 1809 1086 mori-

213 1120 501 1176 bundornm
533 1135 741 1179 curare
793 1136 1049 1192 corpora,
1079 1120 1328 1190 ampliori
1372 1119 1676 1175 incredulus
1720 1134 1812 1175 ca-

216 1214 527 1267 rbinnabam
582 1216 844 1271 vesania.
902 1213 1141 1282 Concepi
1195 1210 1410 1267 tandem
1468 1210 1809 1266 dolositatem

216 1302 434 1358 lascivia:
459 1318 599 1358 mea:
625 1346 643 1370 ,
698 1314 761 1361 et
792 1312 852 1361 ut
891 1313 1014 1359 uter
1040 1311 1298 1358 ventosus
1325 1301 1446 1357 veni
1474 1301 1620 1355 illum
1658 1300 1811 1370 quasi

216 1396 594 1464 sycophantam
628 1396 849 1461 videre,
881 1404 976 1450 aut
1001 1393 1436 1451 seminiverbium
1468 1392 1657 1447 audire
1683 1409 1695 1456 ;
1743 1391 1810 1446 ad

220 1488 310 1541 hoc
336 1486 614 1552 videlicet,
648 1498 712 1542 ut
746 1488 984 1557 aliquam
1026 1486 1304 1556 str0pham
1333 1499 1576 1555 raperem
1604 1483 1671 1538 ab
1694 1482 1812 1551 ejus

218 1591 303 1631 ore
325 1576 410 1632 vel
437 1577 770 1647 curatione,
799 1579 941 1633 unde
969 1592 1185 1647 possem
1209 1576 1343 1630 meis
1362 1574 1626 1629 similibus
1646 1572 1811 1627 risum

219 1680 443 1721 movere.
472 1664 739 1735 Cumque
772 1683 859 1723 me
884 1666 1150 1737 pressanti
1180 1664 1382 1729 turbat,
1438 1671 1497 1717 ut
1525 1660 1813 1723 insidiosas

219 1765 269 1811 et
296 1756 658 1817 latrunculos.
690 1756 1104 1816 immersissem,
1153 1753 1377 1823 ejusque
1420 1758 1702 1820 paternum
1748 1763 1813 1804 ac

1905 563 2119 633 palante
2139 564 2208 618 ad
2225 562 2468 619 notitiam
2493 561 2889 633 Scripturarum
2906 579 3211 624 sanctarum
3231 573 3501 641 potuerint

1906 653 2207 721 pervenire,
2262 668 2383 723 quae
2411 662 2466 709 et
2492 653 2674 725 qualia
2720 670 2827 710 non
2876 667 2960 713 est
3008 658 3203 729 injuria
3251 662 3495 719 credere.

1908 740 2026 797 .lam
2058 753 2184 813 post
2209 744 2424 799 llumina
2452 754 2509 800 et
2532 742 2676 801 feras
2700 744 2943 817 repulsas
2969 749 3188 817 gloriosi
3210 750 3500 822 Augustini

1906 833 2227 905 palmarium
2256 836 2608 903 explicemus.

1980 922 2066 979 50.
2089 923 2411 979 Jamdndum
2433 940 2564 982 vero
2589 926 2678 983 ille
2700 943 2967 1000 supernus
2993 929 3192 995 incola,
3216 949 3501 1001 percussus

1908 1019 2028 1083 illa,
2060 1035 2180 1090 qum
2226 1018 2382 1075 fortis
2407 1029 2491 1074 est
2516 1028 2574 1074 ut
2600 1037 2777 1088 mors,
2823 1023 3047 1091 superni
3076 1025 3277 1078 amoris
3302 1026 3455 1095 plaga
3480 1064 3498 1091 ,

1910 1112 2237 1168 abhorrebat
2287 1114 2468 1169 omnia
2504 1121 2719 1168 terrena
2764 1114 3162 1170 oblectamenta
3216 1114 3355 1170 sicut
3378 1117 3500 1172 vita:

1909 1200 2262 1267 detrimenta;
2314 1214 2368 1256 et
2421 1201 2749 1257 mundanam
2797 1201 3026 1269 gloriam
3071 1204 3216 1259 sicut
3249 1204 3501 1271 vincula,

1909 1290 2047 1345 sicut
2071 1292 2359 1359 ergastula,
2407 1294 2549 1347 sicut
2575 1292 2867 1363 supplicia;
2895 1306 3014 1361 qua:
3037 1302 3216 1350 tamen
3242 1311 3363 1351 cum
3389 1296 3501 1366 ipsa

1912 1391 2089 1435 morte
2116 1381 2274 1436 dulce
2329 1392 2474 1438 rsset
2516 1398 2613 1451 pro
2664 1381 2949 1438 Salvatore
2988 1383 3096 1453 pati
3144 1387 3343 1440 omnia.
3371 1385 3502 1443 Solo

1912 1472 2092 1540 itaque
2120 1488 2351 1542 corpore
2398 1472 2595 1541 ligatos
2651 1472 2704 1527 in
2760 1485 2923 1536 terra,
2975 1475 3081 1528 imo
3126 1473 3239 1528 sola
3285 1476 3504 1544 gignen-

1911 1558 2100 1613 dorum
2130 1568 2187 1615 et
2236 1559 2702 1615 informandorum
2755 1561 2865 1617 Deo
2910 1560 3139 1616 filiorum
3171 1571 3393 1634 paterna
3427 1581 3507 1620 as-

1914 1649 2102 1705 trictus
2127 1666 2278 1713 cura,
2333 1651 2403 1706 de
2449 1652 2660 1722 reliquo
2692 1659 2838 1708 totus
2878 1653 3303 1737 convegabatur
3327 1654 3381 1710 in
3414 1655 3503 1710 illa

1914 1749 2115 1795 aeterna
2166 1741 2372 1810 patria;
2428 1750 2539 1797 tota
2595 1749 2803 1808 mente,
2855 1750 2973 1796 tota
3029 1743 3238 1809 anima,
3284 1743 3397 1813 jugi
3441 1759 3506 1801 ac

222 1843 563 1898 reverendum
644 1844 906 1898 intuitum
970 1842 1144 1897 oculis
1201 1848 1514 1904 notassem;
1565 1837 1811 1906 protinus
1840 1835 2149 1906 Bviolenta
2201 1836 2451 1889 instantia
2498 1835 2755 1905 captabat
2804 1835 3066 1891 cmlestia.
3109 1835 3241 1904 Qua:
3284 1852 3503 1907 precum

223 1932 412 2002 ingenti
438 1931 714 1989 confusus
746 1942 959 1989 terrore
987 1933 1181 2001 dirigui
1206 1974 1225 2000 ,
1274 1939 1332 1985 ut
1374 1930 1647 1985 videretur
1676 1929 1727 1983 in
1753 1943 1817 1984 eo

223 2024 387 2077 divina
434 2023 691 2092 quadam
753 2024 1152 2080 animadversio
1207 2021 1501 2091 impuritati
1553 2035 1685 2074 mea:
1731 2020 1816 2073 in-

224 2113 435 2182 dignari.
463 2114 535 2166 At
564 2114 661 2168 ille
693 2124 890 2170 sancto
922 2113 1017 2170 Dei
1047 2114 1247 2183 Spiritu
1278 2113 1469 2183 plenus
1506 2114 1587 2185 (ut
1626 2110 1819 2167 claruit

224 2203 493 2271 hactenus)
526 2204 773 2259 invisum
794 2205 945 2273 quasi
980 2205 1316 2260 notissimum
1336 2204 1573 2273 respexit
1597 2220 1610 2256 :
1635 2203 1820 2255 misso-

225 2306 320 2359 que
345 2293 618 2358 ministro,
667 2293 853 2358 illum,
903 2294 1170 2362 inquiens,
1201 2292 1600 2348 adolescentem
1645 2291 1820 2346 adduc

226 2384 342 2436 mihi
362 2426 378 2450 ,
408 2399 493 2439 me
518 2384 630 2438 sibi
653 2384 729 2439 de
755 2385 931 2440 medio
959 2384 1130 2454 plebis
1154 2383 1407 2456 praecepit
1438 2382 1649 2438 adduci.
1681 2381 1818 2437 Tum

229 2487 344 2528 vero
387 2474 552 2529 altius
605 2474 903 2529 intendens
931 2474 1075 2543 quod
1128 2474 1244 2528 sine
1282 2473 1462 2527 indice
1491 2471 1815 2527 innotuerim

230 2562 323 2628 illi,
351 2571 502 2618 tanto
531 2571 775 2634 stupore
800 2564 1126 2629 contremui,
1172 2578 1236 2618 ac
1259 2564 1304 2617 si
1333 2579 1455 2617 cum
1483 2571 1669 2617 exerta
1698 2578 1815 2615 ina-

230 2654 388 2707 chatra
433 2661 776 2724 quimssorem
831 2668 895 2707 ac
940 2653 1241 2723 punitorem
1289 2652 1540 2708 vidissem
1595 2652 1819 2707 sceleris

231 2741 343 2797 mei.
365 2740 651 2797 Continuo
678 2740 747 2797 ad
773 2742 906 2796 tanti
933 2741 1069 2797 vatis
1098 2741 1436 2797 clementiam
1479 2740 1723 2809 confugi,
1756 2755 1819 2796 ac

231 2832 546 2886 sobstractns
578 2846 776 2887 sacros
798 2830 967 2902 pedes
1002 2832 1245 2887 astrinxi.
1270 2830 1346 2885 lbi
1376 2846 1595 2886 omnem
1622 2839 1817 2886 vento-

232 2920 387 2975 sitatis
408 2928 689 2975 timorem
712 2920 864 2991 quasi
884 2929 1205 2989 compuncta
1228 2921 1405 2976 vesica
1430 2920 1602 2987 emisi,
1628 2936 1819 2977 omnes

232 3011 401 3066 sordes
426 3010 593 3067 iluxze
625 3011 863 3067 levitatis
888 3011 1123 3077 evomui,
1147 3018 1316 3065 totum
1344 3027 1430 3067 me
1460 3020 1573 3065 tam
1602 3011 1819 3080 benigni

234 3101 385 3170 patris
430 3102 737 3172 praeceptis
790 3115 858 3155 ac
900 3098 1240 3156 documentis
1287 3100 1433 3155 dedi.
1489 3100 1585 3156 Ille
1610 3082 1818 3170 pﬁcide

1920 1926 2179 1990 incensa,
2250 1940 2371 1995 qua:
2424 1934 2737 1979 sanctorum
2788 1924 3180 1980 desideriorum
3231 1926 3505 1993 lamenta,

1918 2034 2080 2090 quam
2131 2018 2513 2072 inenarrabilia
2560 2015 2810 2071 mittebat
2856 2017 2998 2072 cmlo
3044 2016 3306 2087 suspiria!
3338 2016 3503 2084 Quis,

1917 2108 2123 2177 inquit,
2157 2107 2305 2161 dabit
2334 2106 2460 2160 mibi
2505 2121 2709 2176 pennas
2736 2105 2876 2161 sicut
2904 2098 3192 2173 columbae,
3216 2114 3273 2160 et
3310 2106 3507 2161 volabo

1917 2207 1971 2251 ct
2000 2198 2335 2267 requiescam
2362 2200 2385 2251 ἳ
2424 2205 2501 2263 et,
2527 2195 2751 2262 Quando
2776 2196 2986 2251 veniam
3011 2204 3064 2250 et
3089 2196 3360 2265 apparebo
3380 2204 3509 2251 ante

1918 2284 2109 2339 faciem
2140 2286 2234 2340 Dei
2259 2286 2365 2339 mei
2391 2286 2413 2338 ?
2437 2284 2759 2353 Concupivit
2789 2291 2846 2338 et
2872 2283 3068 2338 defecit
3095 2286 3273 2337 anima
3302 2297 3421 2337 mea
3451 2284 3507 2337 in

1917 2376 2051 2430 atria
2068 2375 2299 2430 Domini.
2324 2375 2413 2430 Sic
2431 2373 2738 2443 irrequietis
2758 2372 3083 2429 clamoribus
3100 2376 3511 2444 pmoccnpahat

1917 2464 2107 2521 faciem
2140 2466 2350 2521 Domini
2378 2508 2394 2533 ,
2422 2474 2476 2520 et
2502 2466 2608 2520 vim
2634 2464 2873 2521 faciebat
2902 2466 3061 2531 caelo,
3090 2467 3297 2523 crebris
3326 2468 3509 2538 pulsu

1919 2556 2063 2612 tibus
2081 2571 2279 2626 rogans
2301 2557 2546 2623 admitti,
2577 2557 2801 2627 cupiens
2821 2556 3041 2613 dissolvi
3063 2566 3119 2613 et
3142 2574 3265 2613 cum
3294 2558 3510 2615 Christo

1918 2664 2058 2705 esse.
2085 2649 2323 2705 Tandem
2349 2666 2480 2707 vero
2504 2650 2806 2718 intelligens
2831 2666 2898 2705 ex
2928 2651 3164 2721 Spiritus
3192 2651 3363 2707 sancti
3396 2668 3513 2709 res-

1919 2756 2092 2810 ponso
2136 2740 2444 2796 exauditam
2501 2756 2659 2797 suum
2714 2741 3065 2807 desiderium,
3126 2750 3183 2797 ut
3226 2744 3411 2798 veniat
3440 2743 3510 2800 ad

1919 2833 2093 2903 ipsum
2126 2832 2376 2887 omnibus
2402 2833 2567 2887 rectis
2596 2833 2761 2887 corde
2787 2832 3155 2889 desideratum
3181 2851 3195 2911 ἦ
3227 2834 3390 2905 οωρη
3415 2850 3512 2904 pa-

1920 2924 2216 2981 rentalibus
2245 2923 2543 2979 visceribus
2570 2923 2728 2977 anxie
2752 2923 3161 2993 pertimescere,
3191 2939 3259 2979 ne
3298 2934 3423 2994 post
3452 2940 3514 2981 se

1919 3016 2095 3072 lactea
2128 3025 2267 3069 natm
2299 3013 2380 3069 vel
2413 3014 2687 3069 nascentis
2729 3011 2981 3069 Ecclesia:
3030 3012 3276 3078 infantia,
3323 3014 3512 3069 orbata

1922 3116 2170 3177 pastore,
2200 3106 2444 3174 luporum
2475 3103 2867 3186 dilapidaretur
2896 3102 3197 3159 invasione.
3232 3102 3366 3159 Illuc
3392 3103 3514 3159 bea-

236 3194 556 3265 increpatum
588 3202 651 3251 ct
694 3195 1020 3249 instructum
1063 3193 1303 3264 paternis
1332 3192 1471 3247 ulnis
1492 3192 1771 3263 amplexus
1793 3231 1809 3257 ,

1921 3209 2030 3256 tum
2065 3197 2431 3263 Laurentium,
2458 3196 2771 3266 apostolica:
2799 3196 3104 3251 sanctitatis
3125 3196 3321 3261 virum,
3348 3210 3513 3264 apos-

234 3284 528 3341 credentem
562 3286 623 3341 in
654 3283 925 3340 Christum
951 3298 1037 3339 me
1066 3283 1379 3353 baptizavit,
1410 3292 1570 3352 atque
1600 3283 1653 3337 in
1677 3282 1816 3337 filios

238 3376 448 3429 filiomm
491 3384 520 3412 ⁸
562 3374 833 3444 producta
882 3373 1223 3440 longzevitate
1270 3374 1561 3428 benedixit.
1607 3373 1732 3427 limo
1761 3380 1817 3428 et

237 3464 309 3519 his
335 3465 481 3534 plura
512 3465 778 3536 putatus
806 3463 1040 3529 vetulus,
1088 3465 1155 3519 ab
1182 3479 1283 3519 avo
1312 3479 1413 3520 suo
1440 3465 1581 3535 patri
1612 3464 1812 3533 audita,

237 3564 512 3627 etapatre
560 3556 669 3612 sibi
720 3567 959 3621 narrata,
1014 3556 1433 3626 repraesentabat
1473 3556 1816 3612 audientibus

239 3646 344 3701 fidei
368 3648 699 3712 assertione,
747 3647 901 3715 quasi
950 3644 1020 3700 ab
1050 3646 1155 3701 alio
1200 3645 1396 3702 smculo
1421 3646 1655 3716 cognita.
1687 3645 1817 3700 Inti-

238 3736 399 3791 ntabat
446 3747 641 3791 autem
694 3751 723 3790 a
765 3737 1082 3806 parentibus
1128 3736 1229 3791 sibi
1274 3735 1599 3791 insinuatam
1649 3736 1815 3805 ipsius

236 3824 362 3879 beati
406 3824 700 3895 Augustini
756 3824 985 3882 formam
1038 3838 1090 3881 et
1149 3841 1437 3896 personam
1487 3826 1767 3895 patriciam
1796 3866 1811 3891 ,

238 3924 482 3969 staturam
537 3931 826 3985 proceram
856 3925 912 3970 et
933 3916 1175 3983 arduam,
1230 3915 1365 3971 adeo
1392 3923 1451 3970 ut
1497 3930 1529 3970 a
1577 3916 1815 3986 scapulis

238 4005 416 4073 populo
456 4006 928 4075 superemineat,
968 4004 1286 4059 et’Saulem
1322 4005 1669 4073 proceritate,
1702 4021 1811 4061 non

238 4096 528 4159 atrocitate,
562 4094 865 4151 exhiberet.
918 4093 1105 4149 Facies
1134 4093 1380 4149 amabilis
1408 4103 1464 4149 et
1484 4096 1775 4149 reverenda
1796 4134 1812 4161 ,

239 4182 367 4237 frons
389 4186 672 4239 mediante
698 4199 854 4239 coma
883 4185 994 4239 suis
1021 4184 1284 4241 columnis
1320 4184 1619 4241 resnltabat
1642 4186 1817 4242 fenes-

238 4283 381 4330 trata.
427 4276 599 4346 Signa
656 4291 787 4333 vero
838 4284 894 4331 et
939 4279 1218 4345 sanitates,
1247 4292 1367 4348 qua:
1395 4280 1447 4333 in
1480 4281 1677 4351 populo
1708 4279 1815 4336 fre-

235 4369 597 4435 quentantinm
640 4375 894 4439 cretaque
921 4368 1177 4424 debilium
1228 4370 1557 4436 assiduahat,
1608 4371 1815 4425 nullum

235 4472 472 4514 enarrare
525 4474 631 4514 nec
672 4474 995 4515 enumerare
1022 4475 1181 4529 posse
1210 4462 1504 4516 astruebat.
1549 4462 1812 4517 Memora-

1918 3294 2094 3349 tolicis
2123 3293 2289 3361 signis
2317 3292 2634 3363 przeclarum
2661 3332 2678 3359 ,
2726 3306 3056 3361 suorumque
3084 3292 3339 3347 comitum
3369 3305 3511 3361 prte-

1915 3386 2157 3454 cipunm,
2188 3384 2401 3439 dicente
2443 3384 2542 3438 sibi
2578 3382 2803 3438 Domino
2834 3384 2884 3437 in
2928 3382 3157 3453 spiritu:
3192 3380 3345 3437 Hunc
3377 3382 3513 3436 mihi

1918 3490 2054 3544 uage
2083 3476 2134 3529 in
2156 3474 2496 3530 sacerdotem
2524 3474 2778 3539 electum,
2818 3473 3121 3543 perspicaci
3162 3474 3342 3527 animo
3388 3488 3511 3528 cum

1914 3581 2154 3636 superno
2182 3566 2442 3622 instinctu
2465 3565 2698 3621 intendit
2723 3580 2819 3634 pro
2842 3581 2899 3622 sc
2924 3564 3295 3619 ordinandum.
3324 3563 3511 3619 Refert

1916 3657 2029 3712 haec
2048 3655 2114 3711 ad
2142 3656 2347 3712 clerum
2368 3696 2385 3722 ,
2408 3656 2473 3711 ad
2497 3670 2700 3725 regem,
2725 3657 2792 3711 ad
2816 3656 3071 3726 populum
3098 3673 3112 3709 :
3138 3656 3313 3726 placet
3335 3656 3513 3711 omni-

1914 3748 2033 3813 bus,
2054 3747 2238 3805 favent
2253 3763 2461 3813 omnes,
2480 3748 2637 3803 simul
2656 3749 3051 3803 benedicuntet
3070 3755 3345 3818 expetunt.
3362 3746 3511 3819 Rege

1916 3838 2098 3906 itaque
2125 3853 2245 3894 cum
2269 3836 2482 3894 conﬂuo
2506 3838 2707 3908 populo
2728 3839 3044 3894 immensum
3076 3840 3506 3907 congratulante.

1916 3929 2278 3985 ordinatcum
2325 3929 2473 3983 omni
2504 3928 2732 3984 solemni
2761 3928 2955 3998 gaudio
3009 3927 3354 3984 Laurentium
3404 3930 3509 3986 sibi

1916 4035 2285 4076 successorem
2328 4040 2340 4074 :
2388 4028 2449 4075 ut
2506 4020 2780 4091 quondam
2837 4020 3205 4091 apostolorum
3254 4020 3507 4091 princeps

1917 4109 2108 4166 Petrus
2136 4110 2464 4167 Clementem
2486 4151 2500 4175 ,
2528 4112 2598 4166 ob
2614 4112 2973 4181 supradictam
3004 4111 3256 4167 videlicet
3280 4112 3508 4167 novellas

1918 4200 2318 4255 informationis
2345 4201 2725 4256 necessitatem
2754 4218 2767 4253 :
2800 4201 2944 4270 quod
2974 4210 3152 4255 tamen
3198 4201 3505 4270 exemplum

1919 4294 2050 4349 nulli
2104 4294 2454 4363 imposterum
2485 4294 2649 4348 debet
2696 4308 2815 4349 esse
2860 4292 3306 4364 praesumendum.
3337 4292 3509 4347 Nemo

1917 4386 2021 4439 rite
2074 4385 2177 4440 hoc
2218 4384 2343 4439 fecit
2392 4393 2517 4454 post
2564 4384 2815 4448 Petrum,
2872 4398 3033 4438 nemo
3079 4384 3511 4451 incompetenter

1920 4476 2081 4531 faciat
2131 4486 2254 4546 post
2300 4477 2677 4545 Augustinum.
2720 4476 2853 4531 Nam
2904 4493 3043 4532 unus
3091 4476 3367 4543 Christus,
3403 4494 3508 4533 una

234 4547 371 4602 batur
398 4548 605 4619 jugiter
632 4548 876 4619 pedestri
918 4550 1149 4613 incessu,
1195 4551 1392 4619 smpins
1419 4552 1810 4617 discalceatus,

1922 4569 2181 4634 Ecclesia,
2233 4585 2374 4625 unus
2423 4571 2745 4639 episcopus,
2802 4585 2904 4625 nec
2958 4570 3213 4626 dividitur
3262 4586 3401 4627 unus
3456 4582 3513 4627 et

234 4640 521 4706 provincias
548 4640 849 4711 apostolica
895 4639 1181 4696 devotione
1220 4642 1507 4704 lustrasse,
1560 4652 1616 4697 et
1642 4644 1812 4699 callos

234 4743 447 4797 genuum
475 4729 655 4787 fratris
687 4731 900 4789 Domini
926 4730 1113 4788 Jacobi
1160 4734 1213 4788 in
1259 4736 1458 4804 plantis
1486 4737 1805 4792 attraxisse:

234 4812 395 4889 plures
420 4836 647 4893 quoque
672 4832 982 4878 sanctorum
1013 4824 1267 4878 comitum
1306 4824 1421 4893 ejus
1448 4825 1663 4905 easdem
1694 4827 1805 4879 vir-

234 4911 456 4969 tutesvel
475 4911 674 4968 imitari
700 4910 782 4967 vel
798 4916 1131 4984 :nquiparare
1146 4914 1336 4969 solitos
1358 4916 1651 4976 asserebat.
1670 4913 1805 4970 lliuc

232 5000 417 5072 itaque,
440 5017 565 5058 cum
586 5002 823 5058 charitas
853 5003 1031 5057 omnia
1062 5004 1353 5073 probabilia
1376 5004 1579 5070 credat,
1604 5015 1802 5060 etcum

235 5094 354 5149 ultro
379 5097 659 5152 credimus
688 5097 834 5168 quod
877 5113 1121 5153 amamus
1144 5138 1159 5164 ,
1207 5100 1349 5169 quod
1378 5115 1509 5154 vero
1539 5116 1647 5153 non
1680 5118 1802 5157 crc-

232 5184 388 5242 dimus
408 5188 591 5244 odisse
614 5203 715 5243 nos
740 5187 826 5243 vel
847 5204 1103 5260 spernere
1125 5192 1449 5261 probamus;
1473 5193 1807 5263 perpendant

234 5274 311 5331 filii
332 5279 635 5335 dilectionis
662 5289 721 5335 et
742 5295 851 5334 non
874 5281 1053 5347 alieni,
1085 5282 1225 5350 quod
1258 5298 1320 5336 ea
1350 5297 1467 5352 qua:
1492 5283 1662 5338 sancti
1691 5298 1807 5352 ges-

232 5377 401 5423 serunt
456 5370 508 5424 in
564 5372 694 5435 vita,
748 5372 837 5427 vel
884 5386 981 5440 per
1029 5372 1266 5441 scripta,
1298 5373 1380 5425 vel
1412 5387 1506 5441 per
1538 5374 1805 5441 longarvds

231 5464 474 5529 seniores,
506 5464 592 5518 vel
622 5481 725 5533 per
770 5466 967 5519 famam
1016 5467 1169 5536 (qua:
1193 5476 1275 5521 est
1319 5469 1404 5521 le‘x
1446 5468 1724 5541 historiae)
1781 5486 1811 5525 a

294 5648 317 5673 ⁸
345 5637 397 5710 In
423 5636 537 5692 Vita
574 5636 798 5710 minore
833 5637 954 5710 inec
982 5639 1281 5692 accuratius
1319 5639 1387 5693 ita
1433 5641 1807 5710 explicantur:

234 5708 456 5764 armabat
496 5708 642 5762 enim
676 5705 939 5760 enindcm
992 5722 1149 5761 avum
1199 5719 1337 5762 n'tra
1383 5705 1599 5765 cent'tnn
1637 5728 1810 5769 annos

237 5779 429 5850 vixisse,
456 5780 757 5852 ipsamque
793 5775 1147 5846 lettngitatis
1176 5778 1608 5836 benedictionem
1633 5783 1685 5838 in
1713 5800 1807 5855 pa-

1916 4659 2113 4714 unitas.
2147 4657 2535 4715 Consecratum
2560 4674 2690 4728 ergo
2720 4659 2957 4715 destinat
2984 4660 3050 4715 ad
3080 4660 3259 4716 omnia
3289 4676 3506 4732 promp-

1915 4750 2199 4816 tissimum,
2229 4759 2290 4805 ut
2316 4750 2510 4804 Paulus
2540 4749 2906 4815 Timotheum,
2933 4751 2983 4805 in
3024 4766 3161 4819 opus
3191 4752 3498 4816 ministerii,

1911 4841 1963 4896 in
1992 4841 2403 4897 aedificationem
2432 4842 2683 4911 corporis
2711 4840 2937 4905 Christi;
2966 4850 3023 4895 ut
3068 4842 3356 4907 discurrat,
3388 4840 3497 4897 fes-

1912 4932 2074 4997 tinet,
2102 4933 2264 4986 instet
2285 4941 2613 5003 opportune,
2638 4932 2979 5001 importune;
2998 4940 3210 4999 arguat,
3229 4931 3497 4997 obsecret,

1910 5022 1961 5077 in
1991 5022 2135 5077 omni
2161 5021 2419 5091 patientia
2467 5028 2523 5075 et
2566 5020 2834 5075 doctrina.
2889 5019 3010 5089 lpsc
3058 5034 3182 5073 vero
3231 5018 3504 5073 theoricus

1909 5112 2329 5183 contemplator,
2387 5122 2447 5167 ut
2501 5111 2686 5166 mundi
2739 5112 3093 5181 opprimentis
3136 5109 3388 5179 perfuga,
3451 5120 3509 5165 ut

1909 5219 2093 5273 passer
2122 5203 2395 5259 solitarius
2422 5202 2475 5257 in
2506 5212 2671 5268 tecto,
2720 5203 2987 5273 gaudebat
3030 5202 3278 5269 nimium,
3326 5203 3499 5272 ruptis

1909 5309 2088 5351 rerum
2119 5292 2458 5361 retinaculis,
2481 5293 2673 5363 pennis
2692 5293 2877 5347 aeterni
2898 5292 3097 5348 amoris
3127 5292 3193 5347 ad
3214 5292 3500 5347 Dominum

1911 5386 2151 5452 evolare,
2183 5385 2235 5438 in
2259 5384 2463 5454 Optima
2490 5394 2644 5455 parte
2667 5384 2846 5437 Maria:
2875 5385 3237 5453 requiescere,
3269 5382 3367 5438 soli
3396 5382 3512 5439 Deo

1917 5490 2132 5545 vacare,
2164 5476 2405 5533 revelata
2433 5474 2569 5533 facie
2597 5476 2782 5545 gloria:
2812 5475 3023 5531 Domini
3054 5476 3328 5543 assistere,
3355 5476 3507 5543 ejus-

1916 5662 2049 5707 trem
2098 5667 2253 5708 suum
2302 5649 2676 5716 desc'ndissc;
2738 5650 2790 5705 in
2836 5666 2894 5706 se
2948 5650 3110 5704 etiam
3164 5648 3507 5705 centenarias

1912 5723 2315 5795 progenitorutn
2343 5736 2513 5776 annos
2544 5722 2702 5791 longe
2728 5718 2970 5778 exercitis
2999 5734 3051 5775 e.
