3874 6224
356 362 419 418 91
1545 352 1699 407 “TA
1741 349 1983 407 SANCTI
2024 349 2155 406 AUC
2165 348 2398 408 USTINL
3544 345 3623 403 92

351 490 462 544 que
484 481 735 544 perpetua
760 469 903 541 pasci
923 468 1222 525 dulcedine.
1249 466 1398 522 Tunc
1421 464 1633 520 demum
1660 477 1719 517 se
1739 462 1922 517 vivere
1946 464 1997 522 Δ
2022 468 2258 525 auctore,
2282 463 2587 518 condiderat
2615 464 3073 534 praetentus-iuius
3097 460 3438 529 Laurentius,
3464 461 3614 517 facta

355 578 421 620 ac
448 576 688 627 regnare,
736 570 861 614 tunc
904 559 1136 628 primum
1178 574 1261 633 sex
1283 556 1512 624 cmpisse
1560 552 1763 608 servire
1802 551 1918 607 Deo
2020 550 2296 619 magniﬁca
2326 550 2681 618 dedicatione,
2713 570 2836 609 cum
2862 552 3207 609 devotissimu
3237 567 3364 617 rege
3398 550 3616 606 [Ethel-

356 652 622 707 crcdebat.
670 648 952 720 Nunquam
1009 658 1186 703 tamen
1233 644 1430 700 defecit
1473 641 1745 697 dominica
1773 640 1919 701 lucra
2020 644 2173 698 bcrm
2194 652 2247 696 et
2267 642 2492 697 conﬂuis
2531 644 2732 711 Anglia:
2752 646 2984 715 populis,
3006 642 3297 699 recondidit
3319 642 3372 696 in
3394 642 3613 711 aquilo-

358 754 571 809 augere,
614 738 667 792 in
698 739 1066 794 conveniendo
1096 736 1319 807 populos
1358 734 1413 789 in
1457 748 1624 789 unum
1671 742 1729 789 et
1779 734 1924 805 ipsos

359 842 512 895 rcges
540 838 600 881 ut
642 829 881 885 serviant
912 828 1133 883 Domino
1159 844 1169 877 :
1204 837 1464 893 nusquam
1488 822 1695 890 deerat,
1722 823 1809 879 ubi
1839 822 1919 877 di-

358 916 477 969 vina
518 930 605 971 res
633 918 956 987 postulabat.
998 915 1164 978 Nunc,
1187 922 1245 967 ut
1259 911 1455 982 aquila,
1478 910 1543 966 ad
1568 926 1798 981 superna
1828 927 1925 967 vo-

358 1007 533 1073 labat;
556 1024 713 1069 nunc,
734 1008 994 1063 domin‘ca
1020 1014 1503 1076 poscente,pascua
1519 1004 1623 1058 ima
1637 1003 1924 1059 revisebat.

428 1096 513 1152 5t.
559 1100 692 1163 Quid
731 1099 883 1166 longa
930 1095 1374 1164 tergiversatione
1415 1094 1614 1149 exitum
1652 1093 1927 1164 praesentis

354 1190 488 1247 lueis
523 1191 649 1244 dare
680 1188 927 1243 fu'midat
958 1191 1168 1243 oratio?
1196 1188 1433 1243 Tandem
1466 1185 1931 1241 victoriosissimus

356 1282 554 1336 athleta
586 1279 815 1342 Domini,
847 1280 899 1334 in
924 1280 1068 1334 omni
1090 1278 1374 1335 sanctitate
1396 1286 1449 1331 et
1471 1280 1781 1332 meritorum
1810 1290 1931 1346 per—

359 1369 587 1424 lectione
617 1385 839 1425 excurso
868 1370 991 1423 vita:
1011 1368 1205 1434 stadio,
1228 1368 1467 1438 pervenit
1496 1365 1565 1420 ad
1601 1366 1839 1420 bravium
1869 1377 1930 1419 ac

355 1458 445 1512 diu
473 1460 772 1513 desiderata
798 1460 986 1514 :cterni
1009 1458 1155 1525 regni
1176 1457 1408 1527 praemia.
1439 1454 1556 1510 Iam
1579 1455 1805 1525 pulsanti
1836 1468 1931 1523 per

354 1547 717 1617 mgritndinem
744 1547 971 1601 Domino
999 1546 1227 1614 aperuit,
1254 1561 1374 1601 cum
1401 1544 1740 1600 inenarrabili
1764 1544 1931 1614 tripu-

356 1639 445 1692 dio
472 1646 527 1691 et
553 1637 849 1691 ποιητικο
870 1636 1159 1705 gratiarum
1186 1633 1469 1703 sacriﬁcio.
1502 1633 1637 1688 Tum
1656 1634 1931 1701 magnani-

354 1745 441 1785 mo
467 1737 701 1797 paterna:
728 1727 1029 1784 dilectionis
1056 1726 1249 1783 allecto
1276 1725 1680 1787 exhortabatur,
1711 1736 1821 1779 tam
1850 1739 1937 1779 re-

2022 732 2125 787 nali
2169 732 2419 789 videlicet
2459 732 2698 801 ejusdem
2737 750 2903 789 sacra:
2952 736 3085 790 aula:
3126 735 3358 805 porticu,
3410 734 3503 786 uhi
3557 733 3621 788 in

2020 832 2221 879 :cterna
2250 823 2507 880 memoria
2547 823 2781 879 cmlestis
2807 826 2959 893 regni
3002 825 3309 896 depositum
3336 823 3619 878 thesauri-

2025 916 2189 969 zavit.
2428 928 2432 932 ·

2096 1005 2180 1059 55.
2205 1004 2310 1060 Sed
2332 1006 2455 1060 dum
2482 1006 2794 1059 festinamus
2813 1014 2920 1059 tam
2950 1004 3092 1075 piam
3116 1005 3395 1059 historiam
3425 1003 3611 1065 linire,

2027 1097 2196 1150 adhuc
2207 1096 2472 1150 obstinate
2498 1106 2761 1159 tenemur,
2780 1106 2835 1149 et
2851 1095 3004 1162 hujus
3030 1096 3263 1163 Angelici
3286 1095 3387 1150 loci
3404 1094 3619 1163 gratio-

2026 1200 2083 1239 sa
2106 1185 2386 1239 dulcedine
2403 1196 2773 1239 etsanctorutn
2800 1185 3073 1239 charilatis
3091 1185 3295 1238 inﬁnito
3322 1182 3622 1238 charisma-

2030 1283 2101 1339 te,
2135 1276 2274 1343 quod
2297 1274 2447 1329 sedet
2480 1282 2722 1339 saturos,
2760 1275 3359 1337 saturetdesideriusos,
3381 1273 3623 1327 dulciter

2030 1362 2161 1434 [Αἰ.ν
2177 1363 2330 1415 dulce
2347 1361 2447 1433 cst]
2464 1362 2956 1431 recolerc,qualiter
2971 1366 3113 1418 illam
3131 1365 3393 1433 porticum
3420 1373 3499 1417 tot
3514 1363 3621 1429 pri-

2031 1466 2237 1505 morum
2260 1450 2589 1505 eruditorum
2620 1450 2925 1515 llritannize,
2958 1454 3065 1507 imo
3084 1464 3161 1507 tot
3183 1456 3494 1522 angelorum
3521 1451 3620 1504 "ei

2032 1542 2266 1599 ccclestia
2296 1541 2636 1611 impleverint
2664 1542 2972 1596 utausolaaa.
3008 1541 3067 1594 lu
3098 1543 3291 1611 quibus
3336 1550 3625 1610 gratanter

2033 1641 2115 1689 est
2141 1633 2691 1699 animadvertendum,
2740 1648 2899 1701 quam
2929 1647 3188 1702 generosa
3220 1634 3443 1703 pignora
3492 1632 3623 1687 uni-

2037 1726 2257 1781 versalis
2303 1734 2474 1779 mater
2508 1724 2678 1780 Roma
2727 1725 2973 1789 ediderit,
3004 1741 3123 1795 quae
3153 1725 3249 1793 ipsi
3304 1723 3626 1779 Britannico

355 1834 475 1886 gem
498 1828 553 1874 et
579 1817 868 1889 principes,
912 1833 1069 1887 quam
1099 1818 1297 1872 clerum
1329 1826 1384 1872 et
1410 1817 1685 1887 populum,
1727 1815 1929 1871 servire
1959 1813 2004 1873 Β
2031 1816 2241 1873 Oceano
2270 1825 2448 1888 patres
2478 1828 2532 1873 et
2564 1817 2897 1871 institutores
2937 1818 3265 1871 existerent:
3310 1829 3448 1884 quos
3488 1812 3624 1867 dum

358 1906 582 1962 Domino
611 1908 663 1961 in
685 1907 909 1972 timore;
932 1916 987 1961 et
1016 1905 1307 1975 profanatis
1326 1902 1740 1959 dmniouicorum
1763 1902 1927 1958 sacri—

356 1996 595 2053 ticiOrum
621 1996 886 2064 sordibus,
915 1997 967 2051 in
998 1996 1099 2051 lide
1118 1995 1313 2051 Christi
1340 1994 1587 2049 divinitus
1606 1994 1705 2049 sibi
1738 1994 1929 2048 tradita

359 2086 701 2142 iinmobiliter
728 2100 1109 2157 perseverare;
1150 2092 1205 2139 et
1240 2084 1330 2139 uni
1375 2084 1484 2138 Deo
1530 2083 1650 2138 vivo
1679 2089 1735 2137 et
1776 2096 1925 2146 vero,

360 2178 462 2232 tide
483 2186 539 2232 et
557 2192 740 2231 amore
782 2184 1043 2247 perpetuo
1082 2174 1384 2237 adhaerere;
1414 2173 1635 2243 ejusque
1658 2172 1927 2237 mandata,

356 2283 450 2337 per
478 2268 752 2322 inunctum
775 2262 1079 2336 pontiﬁcem
1110 2278 1174 2319 ac
1198 2262 1498 2319 dominicus
1525 2262 1817 2326 ministros,
1847 2261 1931 2315 di-

360 2356 586 2424 ligenter
608 2357 912 2411 observare.
940 2353 1097 2410 Venit
1120 2368 1249 2423 ergo
1280 2353 1399 2409 linis
1426 2352 1771 2408 mundialium
1802 2364 1929 2420 pro-

357 2448 637 2513 cellarum,
663 2454 719 2501 et
748 2446 917 2500 illuxit
946 2460 1137 2500 aurora
1160 2453 1481 2499 :cteruarum
1505 2443 1807 2497 lmtitiarum
1840 2459 1852 2494 :
1876 2450 1933 2497 et

359 2536 637 2592 benedicto
653 2550 799 2605 rege,
818 2545 875 2591 et
898 2534 1211 2591 conﬁrmata
1227 2534 1279 2590 in
1305 2533 1516 2590 Christo
1537 2533 1802 2605 primitiva
1825 2547 1932 2587 sua:

357 2628 614 2697 geniturae
644 2625 907 2691 Ecclesia,
930 2626 1241 2695 relinquens
1271 2624 1518 2680 omnibus
1548 2632 1820 2695 perpetuae
1847 2622 1932 2678 di-

360 2720 606 2781 lectionis
654 2718 871 2789 pignora
921 2718 1198 2785 beateque
1244 2718 1369 2770 vitm
1417 2714 1761 2779 documenta,
1794 2712 1933 2768 inter

358 2818 661 2863 sanctorum
683 2808 949 2864 sociorum
972 2807 1465 2875 discipulorumque
1495 2804 1790 2874 lacrymosa
1808 2817 1934 2857 exa-

362 2901 521 2963 nu‘na,
554 2909 727 2953 stante
755 2900 911 2954 beato
939 2896 1224 2953 Laurentio
1247 2911 1368 2951 cum
1401 2894 1584 2965 populi
1612 2893 1931 2963 frequentia,

362 2992 607 3062 deposita
632 2993 838 3046 sarcina
861 2990 1037 3044 carnis
1063 2989 1349 3049 assumitur
1377 2986 1428 3041 in
1451 2986 1667 3051 ctutum,
1698 3002 1817 3041 cum
1843 3000 1934 3038 su-

371 3099 652 3151 peruarum
683 3083 938 3136 virtutum
985 3079 1253 3149 triumpho
1284 3085 1339 3133 et
1366 3076 1554 3145 gloria,
1588 3092 1712 3131 cum
1734 3075 1935 3129 inesti-

365 3174 544 3227 mabili
560 3172 796 3227 omnium
817 3186 1045 3225 occursu
1067 3178 1122 3223 et
1142 3176 1361 3237 receptu
1383 3165 1928 3236 sempiternaquelm-
1957 3166 2003 3231 ο

361 3265 496 3317 lilia.
530 3262 575 3317 Ο
594 3270 795 3331 quanto
823 3260 1085 3315 solemnio
1103 3259 1393 3313 adornatur
1418 3265 1473 3311 et
1504 3264 1792 3312 coronatur
1808 3265 1931 3312 tunc

360 3370 517 3409 omne
528 3351 994 3418 ctelum,videlicet
1016 3349 1083 3404 ad
1098 3359 1200 3402 tam
1218 3348 1460 3418 praeclari
1480 3347 1610 3403 civis
1622 3347 1932 3402 adventum.
1958 3381 1962 3390 -

361 3446 614 3502 Aniliiunt
635 3445 881 3499 mtherete
902 3450 1089 3497 turmae
1117 3442 1370 3495 victorem
1394 3440 1761 3510 palmigerum,
1790 3438 1928 3492 invi-

364 3543 477 3589 tant
490 3533 717 3604 apostoli
735 3536 788 3586 in
814 3546 939 3587 suas
959 3532 1114 3587 sedes
1124 3530 1326 3586 socium
1341 3528 1712 3597 apostolicum,
1730 3526 1935 3581 vallant

362 3637 655 3697 purpurata
687 3634 861 3682 castra
890 3632 1182 3694 martyrum
1207 3621 1568 3691 martyrialem
1602 3620 1930 3688 signiferum,

364 3717 763 3787 amplectuntur
786 3716 1042 3783 insignem
1072 3712 1406 3768 liierarcham
1428 3710 1759 3783 splendentia
1772 3709 1937 3779 agmi-

366 3821 430 3861 na
459 3808 825 3862 confessorem
854 3805 1243 3861 etvenerabilis
1269 3802 1422 3857 turba
1452 3800 1939 3864 saccrdotum,can-

366 3904 477 3950 tant
503 3896 746 3951 dulcibus
770 3895 981 3967 hymnis
993 3896 1285 3949 candentes
1299 3892 1450 3948 chori
1471 3893 1729 3959 virginum
1750 3894 1937 3947 ducem

366 3987 659 4053 virgineum
681 4004 695 4051 ;
717 3997 883 4055 utque
909 4001 1007 4041 usu
1033 3984 1247 4040 mortali
1269 3985 1550 4054 loquamur
1580 3983 1669 4037 illa
1694 3981 1937 4037 ineffabi-

370 4078 438 4133 lia
460 4086 789 4134 sacramenta
811 4092 1165 4147 supernorum
1191 4083 1705 4134 concentuunt.tunc
1731 4074 1817 4128 illa
1831 4089 1939 4128 ma-

366 4184 467 4234 gna
486 4167 779 4224 Jerusalem
801 4169 977 4238 magni
996 4168 1140 4237 regis
1166 4168 1354 4223 civitas
1383 4166 1539 4221 simul
1564 4166 1694 4221 vidit
1716 4164 1941 4235 populos

366 4266 424 4313 ot
448 4260 613 4313 tribus
633 4274 781 4325 suas,
806 4257 966 4312 simul
986 4258 1036 4312 in
1061 4257 1338 4324 Augustini
1366 4256 1632 4325 triumpho
1658 4267 1947 4323 personan-

375 4357 454 4404 tes
479 4350 701 4409 “catino
730 4350 927 4417 gratias
955 4357 1010 4403 et
1036 4348 1220 4403 laudes
1245 4346 1553 4417 indefessas.
1584 4344 1730 4411 Quos
1758 4358 1943 4399 omnes

370 4454 468 4494 nos
493 4439 678 4501 intimi,
705 4440 828 4494 licet
842 4444 949 4492 ta’m
965 4438 1162 4507 indigni
1182 4452 1342 4507 quam
1370 4438 1598 4507 impares
1614 4436 1938 4497 laudatores,

2034 1926 2170 1965 unus
2199 1925 2351 1963 amor
2387 1924 2494 1963 uno
2539 1907 2787 1963 cubiculo
2816 1906 2971 1960 simul
2998 1907 3339 1975 astringeret,
3367 1904 3620 1974 singulos

2032 2011 2285 2069 patronos
2314 1999 2583 2067 sigillatim
2606 1998 2883 2052 distinctos
2908 1996 3089 2066 plures
3116 1996 3361 2069 nationes
3382 1995 3626 2064 prepriis

2030 2090 2191 2145 radiis
2220 2088 2502 2159 praiclaros
2531 2087 2810 2142 haberent.
2841 2086 3041 2139 Horum
3089 2067 3626 2154 pnecellentissimus

2032 2181 2377 2249 Augustinus,
2400 2176 2742 2232 Laurentium
2767 2176 2881 2244 ejus
2910 2172 3493 2243 templidedicatnrem,
3513 2173 3625 2227 sibi

2035 2284 2405 2326 successorem
2442 2271 2524 2338 (ut
2554 2275 3023 2335 pra-monstratum
3056 2266 3159 2333 est)
3191 2262 3427 2327 ereavit;
3452 2260 3624 2315 Melli-

2044 2372 2152 2417 tum
2181 2361 2491 2426 laindonir,
2532 2357 2742 2413 Justum
2794 2354 3030 2411 ltoﬂ‘cnsi
3075 2353 3316 2408 ecclesiae
3340 2352 3628 2422 episcopos

2035 2451 2337 2515 ordinavit;
2369 2463 2503 2517 quos
2546 2454 2711 2516 utque
2761 2453 2981 2514 propter
3023 2443 3295 2497 Christum
3346 2440 3627 2503 exiliatus,

2034 2547 2220 2601 tertius
2243 2544 2487 2609 Mellitus,
2507 2550 2729 2612 quartus
2747 2539 2773 2595 δ
2784 2549 2929 2594 ustus
2957 2551 3239 2593 successor
3267 2536 3501 2603 excepit.
3530 2532 3630 2588 His

2036 2648 2061 2676 ⁸
2077 2636 2339 2693 Honorius
2362 2636 2543 2706 etipse
2561 2636 2812 2687 Romanis
2844 2629 3231 2685 informationis
3252 2628 3426 2681 honor
3447 2626 3587 2681 decu
3602 2656 3619 2667 -

2038 2744 2215 2796 rosus,
2239 2740 2476 2781 annexus
2500 2732 2580 2779 est
2609 2723 2845 2791 quintus.
2874 2720 3067 2774 Sextus
3096 2716 3385 2772 Deusdedit
3406 2714 3627 2781 ordine,

2035 2818 2127 2875 sed
2144 2819 2341 2889 primus
2358 2818 2453 2872 llos
2477 2817 2647 2885 gentis
2671 2814 2921 2883 Anglicas.
2944 2814 2994 2867 in
3021 2812 3382 2866 Romanorum
3404 2816 3623 2879 patrum

2038 2910 2247 2964 transiit
2273 2907 2718 2977 conscriptionem
2745 2921 2759 2958 :
2785 2904 2933 2975 cujus
2954 2903 3199 2973 primitiis
3228 2918 3296 2956 ex
3320 2898 3511 2967 Anglia
3539 2897 3627 2952 ni-

2036 3000 2109 3055 hil
2133 3000 2335 3078 ggatius
2359 2998 2593 3053 habuere
2642 2994 2983 3049 Dorohernire
3032 2992 3271 3046 Romana
3326 2986 3617 3059 principia.

2035 3091 2303 3161 Septimus
2331 3102 2545 3159 quoque
2572 3084 2910 3146 Theodorus,
2942 3083 3196 3137 Romana:
3240 3079 3617 3149 praecellentia:

2038 3184 2353 3238 subsecutor
2391 3178 2663 3248 egregius,
2704 3176 2845 3231 almo
2878 3174 3170 3241 Augustino
3198 3187 3225 3227 a
3248 3172 3439 3227 dextro
3479 3183 3613 3223 cono

2040 3276 2279 3345 sepultus
2322 3281 2403 3327 est
2441 3270 2638 3333 latere,
2687 3283 2790 3321 una
2835 3276 3039 3320 tantum
3085 3259 3482 3318 monasterialis
3512 3256 3620 3313 alvi

2038 3362 2267 3419 maceria
2298 3360 2582 3423 interstite,
2611 3358 2733 3425 quia
2764 3356 2997 3410 nontlum
3026 3352 3349 3423 ampliﬁcata
3381 3349 3624 3419 porticus

2037 3468 2227 3509 omnes
2269 3452 2547 3520 nequierat
2598 3447 2923 3515 suscipere:
2969 3459 3074 3513 qua
3124 3451 3311 3512 postea
3369 3439 3619 3500 dilatata,

2039 3544 2121 3597 his
2150 3542 2348 3596 sanctis
2377 3538 2713 3593 consortibus
2743 3528 3059 3605 adjungitur‘
3083 3532 3329 3589 omnibus
3364 3530 3625 3585 amandus

2038 3633 2247 3703 sacculis
2273 3632 2557 3696 Adrianus,
2589 3627 2823 3697 ejusdem
2852 3627 3159 3681 monasterii
3190 3626 3355 3680 ahbas
3384 3624 3619 3679 clemen-

2038 3725 2301 3785 tissimus;
2344 3724 2434 3792 qui
2478 3722 2543 3776 ab
2587 3720 2881 3789 apostolico
2927 3718 3112 3773 Romae
3158 3717 3516 3771 electissimus
3568 3717 3622 3769 in

2042 3814 2467 3885 archiprzesulem
2488 3812 2846 3875 Dorobernize,
2866 3794 3033 3879 ipsum
3050 3812 3264 3864 beatum
3280 3807 3624 3862 Theodorum

2040 3906 2259 3961 adduxit
2286 3921 2381 3976 pro
2410 3920 2490 3972 se,
2512 3898 2658 3960 "cum
2685 3918 2793 3973 quo
2822 3902 3021 3971 Anglos
3044 3901 3173 3956 fecit
3223 3900 3483 3955 docibiles
3526 3898 3623 3954 Dei

2040 4005 2148 4051 tam
2175 3994 2357 4051 Gmca
2374 4011 2532 4065 quam
2565 3994 2753 4049 Latina
2779 3992 3103 4051 eruditione.
3134 3990 3264 4045 item
3294 3989 3619 4045 candidissi-

2042 4103 2184 4141 mum
2213 4102 2279 4139 ex
2308 4086 2487 4153 Anglis
2509 4084 2676 4138 lilium
2699 4083 2843 4152 regia
2886 4080 3081 4136 Christi
3113 4081 3261 4149 virgo
3306 4078 3619 4139 Mildretha,

2043 4194 2139 4231 suo
2165 4176 2397 4230 candore
2447 4174 2747 4243 gratissime
2786 4173 3015 4227 illustrat
3038 4169 3313 4240 splendida
3344 4177 3617 4222 tantorum

2045 4274 2251 4337 patrum
2274 4272 2607 4320 ornamenta.
2633 4262 2831 4315 llorum
2856 4262 3013 4328 igitur
3032 4261 3267 4314 omnium
3288 4268 3479 4313 auctor
3494 4260 3623 4313 bea-

2044 4358 2276 4412 tissimus
2301 4368 2433 4423 papa
2464 4346 2771 4420 Gregorius,
2799 4350 3001 4403 habens
3022 4348 3192 4401 altare
3216 4347 3447 4401 medium
3477 4347 3625 4401 velut

2047 4448 2324 4519 patricium
2346 4445 2559 4509 solium,
2586 4444 2859 4513 ipsamque
2880 4454 3097 4495 servans
3118 4439 3224 4494 Deo
3246 4439 3472 4493 dicatam
3495 4453 3624 4508 por-

370 4544 751 4599 prosequamur
790 4536 849 4585 ut
875 4542 1156 4597 possumus
1186 4542 1294 4583 non
1340 4526 1735 4592 exsequialibus
1762 4525 1934 4593 planc-

2052 4540 2233 4605 ticum,
2266 4545 2465 4591 :cterna
2517 4534 2805 4588 dilectione
2850 4532 3318 4601 circumplectitur,
3352 4545 3459 4583 non
3513 4539 3624 4583 tam

372 4627 529 4692 tibus,
550 4625 641 4681 sed
668 4623 751 4679 bis
772 4622 1172 4692 triumphalibus
1191 4620 1435 4675 cantibus
1460 4636 1474 4673 τ
1503 4612 1729 4687 Bagoas,
1747 4618 1949 4687 Augus-

374 4716 502 4779 tine,
540 4713 758 4783 Augusti
801 4712 982 4768 seculi
1021 4711 1237 4765 nomine
1278 4720 1333 4764 et
1358 4709 1613 4775 dignitate
1641 4708 1940 4774 sublimior,

368 4807 459 4873 qui
486 4803 677 4859 auxisti
697 4818 806 4857 rem
822 4801 1017 4857 Christi
1038 4801 1323 4869 publicam,
1341 4808 1395 4852 et
1413 4799 1667 4853 lloinanze
1691 4795 1941 4853 Ecclesiae

371 4898 607 4966 adiecisti
639 4894 957 4950 Britanniam
978 4936 993 4960 ,
1034 4892 1222 4948 melius
1264 4906 1424 4960 quam
1460 4892 1637 4945 Caesar
1667 4891 1939 4957 Augustus

374 4987 625 5041 Romanis
648 4986 837 5054 opibus
867 4983 1262 5037 Alexandriam.
1290 4980 1365 5034 Te
1394 4994 1547 5048 reges
1573 4990 1630 5035 ct
1664 4980 1935 5051 principes

373 5088 425 5130 et
453 5088 667 5132 senatus
710 5076 1023 5143 Anglorum,
1052 5081 1107 5127 et
1146 5073 1299 5129 turba
1330 5073 1566 5140 gentium
1611 5072 1937 5127 comitantur

376 5168 426 5221 in
452 5167 679 5231 coelum;
711 5175 763 5221 te
784 5163 956 5234 angeli
986 5171 1041 5217 et
1068 5162 1368 5231 archangeli
1391 5163 1809 5231 triumphantem
1845 5161 1937 5215 de-

373 5261 595 5321 ducunt.
631 5260 804 5314 throni
825 5268 881 5318 et
905 5258 1297 5314 dominationes
1317 5258 1617 5329 excipiunt,
1645 5267 1697 5313 te
1718 5266 1943 5314 coronat

377 5349 487 5405 Rex
507 5364 713 5419 regum.
1710 5414 1713 5415 ν

449 5439 535 5496 52.
571 5441 1010 5498 Pretiosissimam
1036 5456 1162 5496 vero
1182 5441 1299 5509 ejus
1320 5439 1559 5510 corporis
1583 5439 1943 5507 margaritam,

382 5532 433 5587 in
452 5532 564 5603 ipso
580 5535 875 5604 apostolico
894 5541 949 5588 et
968 5533 1127 5599 regali
1145 5532 1490 5599 monasterio,
1507 5531 1648 5601 quod
1675 5532 1806 5602 ipsc,
1836 5530 1945 5585 Deo

455 5695 477 5720 ³
526 5684 781 5739 Coluntur
828 5693 1158 5755 sequentes:
1189 5683 1450 5755 Honorius
1492 5682 1560 5735 30
1590 5681 1941 5755 Septemliris,

388 5755 665 5813 Deusdedit
686 5758 752 5810 δυ
776 5751 936 5820 Junii,
962 5753 1257 5808 Theodorus
1288 5755 1347 5806 l‘J
1371 5752 1723 5822 Septembris,
1755 5751 1940 5803 .ldria-

2049 4627 2231 4683 funera
2261 4626 2719 4695 consepultorum,
2741 4637 2901 4692 quam
2927 4622 3151 4676 triclinia
3180 4621 3579 4677 convivantium
3606 4636 3620 4671 :

2047 4727 2171 4773 ante
2195 4732 2381 4773 omnes
2408 4730 2538 4770 vero
2590 4714 2691 4769 sibi
2721 4714 2966 4781 astringit
3012 4712 3383 4782 Augustinum.
3424 4721 3486 4765 ut
3511 4725 3620 4765 sua:

2044 4807 2392 4863 in-titutionis
2415 4804 2791 4874 primicerium,
2822 4819 2928 4857 sua}
2958 4803 3323 4873 parturitionis
3353 4802 3622 4872 priinugc.

2042 4900 2231 4959 nilum,
2264 4909 2318 4952 et
2345 4897 2453 4950 vita
2482 4902 2535 4949 et
2559 4894 2749 4949 ordine
2782 4895 3027 4963 primum.
3050 4893 3240 4947 Czeteri
3269 4905 3485 4961 quoque
3518 4889 3609 4943 lilii

2040 4995 2126 5063 qui
2155 4998 2559 5061 protoparentcs
2586 4988 2930 5042 ecclesiastici
2972 4996 3098 5041 sunt
3142 4985 3359 5052 Angliai,
3410 4998 3625 5036 acomn-

2040 5086 2321 5139 huntsicut
2344 5081 2564 5135 novellae
2585 5080 2841 5133 olivarum
2864 5080 3162 5132 in‘circuitu
3189 5092 3384 5130 menszn
3410 5090 3538 5128 suae.
3569 5074 3623 5127 ln

2040 5177 2337 5229 autlicntica
2388 5191 2484 5244 pro
2534 5172 3045 5242 ['irgncminentissimi
3104 5168 3385 5236 Augustini
3435 5169 3619 5221 tUniha

2042 5266 2362 5335 epitaphium
2381 5264 2634 5332 scriptum
2662 5272 2742 5317 est
2769 5264 3081 5328 hujuscemo
3100 5260 3133 5313 li
3169 5277 3181 5311 :
3211 5259 3303 5311 llic
3334 5259 3624 5325 requiescit

2044 5355 2285 5409 dominus
2340 5357 2680 5424 Augustinus,
2728 5352 3147 5407 Dorohernensis
3193 5349 3625 5418 archiepiscopus

2050 5444 2267 5509 primus,
2290 5445 2376 5511 qui
2404 5442 2527 5495 olim
2552 5443 2651 5495 huc
2672 5456 2700 5493 a
2724 5440 2882 5493 beato
2908 5438 3165 5505 Gregorio
3192 5438 3448 5491 Romana:
3472 5440 3617 5491 urbis

2050 5532 2297 5601 pentiﬁce
2322 5534 2571 5591 directus,
2597 5540 2650 5584 et
2677 5546 2705 5581 a
2738 5532 2844 5582 Deo
2876 5530 3196 5595 operatione
3235 5528 3619 5585 miraculorum

2053 5700 2141 5737 una
2170 5686 2201 5734 tl
2225 5682 2481 5747 lanuuii,
2514 5682 2792 5735 Mildrctha
2827 5679 2888 5731 13
2918 5677 3059 5732 Julii.
