3874 6224
374 399 447 456 95
1052 402 1297 463 stacrt
1326 397 1689 459 annosum
1726 396 1948 454 AttcLo

2058 397 2107 453 δί
2134 397 2464 455 Αῐιοδτυιι
2499 400 2917 458 MONUHENTA
2929 441 2944 455 .
3554 397 3627 449 9G

376 520 688 578 ostensione
714 537 840 577 vera
872 536 989 577 esse
1033 526 1399 590 perspexerat,
1431 518 1482 573 in
1529 514 1631 568 fide
1661 512 1947 568 roboratus
1976 518 2021 575 Α
2048 513 2380 579 construxit,
2409 522 2465 569 ct
2513 517 2807 569 monachos
2836 515 2962 569 inibi
2994 512 3263 583 perpetuis
3286 510 3627 579 temporibus

378 613 643 668 catholica
673 626 793 668 cum
821 610 932 665 suis
975 610 1429 667 commilitonibus
1457 605 1760 673 baptizatus
1786 610 1870 657 est
1896 601 1950 658 in

378 702 464 758 die
492 703 831 757 Pentecostes
866 701 968 757 sub
994 716 1138 755 anno
1166 697 1375 754 Domini
1402 693 1527 751 597.
1575 693 1724 762 Rege
1770 692 1953 761 itaque

379 790 650 858 baptizata
678 798 733 843 et
758 788 810 843 in
852 788 956 844 fide
983 788 1301 845 continuato
1331 783 1655 854 Augustinus
1675 780 1743 836 ad
1764 780 1953 836 civita-

378 890 485 933 tem
501 878 793 934 Galliarum
815 877 1180 934 Arelatensem
1198 889 1388 946 pregre
1408 874 1533 928 litur
1553 880 1610 927 et
1628 870 1696 926 ab
1711 869 1953 939 ejusdem

376 969 523 1023 urbis
543 969 801 1040 episcopo
842 967 1059 1023 Etherio
1086 967 1139 1022 in
1184 966 1494 1037 episcopum
1524 962 1822 1027 ordinatur,
1852 961 1953 1016 sub

375 1056 460 1111 die
486 1073 571 1111 xvi
596 1056 858 1111 Kalendas
882 1054 1212 1121 Decembris,
1230 1054 1612 1124 ordinatosque
1628 1050 1955 1120 Augustinus

378 1146 623 1217 Angliam
652 1145 830 1211 rediit,
854 1153 909 1201 et
938 1161 1059 1202 cum
1082 1145 1251 1215 gloria
1278 1153 1333 1200 et
1352 1145 1497 1200 omni
1525 1158 1628 1213 qua
1656 1141 1833 1197 decuit
1860 1156 1955 1196 so-

375 1235 652 1290 lemnitate
672 1251 703 1289 a
727 1250 851 1304 rege
873 1244 930 1291 et
948 1236 1148 1306 popqu
1168 1244 1467 1306 susceptus,
1483 1243 1644 1304 atque
1665 1232 1716 1286 in
1739 1230 1957 1287 civitate

380 1327 682 1381 Cantuaria:
734 1325 922 1382 sedem
977 1326 1340 1407 episcopalem
1389 1324 1651 1394 adeptus,
1699 1321 1956 1377 continuo

380 1417 724 1475 Laurentium
749 1420 1144 1490 presbyterum,
1171 1426 1227 1473 et
1255 1418 1467 1472 Petrum
1492 1415 1815 1470 monachum
1848 1412 1958 1465 Ro-

379 1524 520 1562 mam
568 1508 747 1571 misit,
794 1509 887 1578 qui
917 1509 1079 1563 beato
1114 1507 1355 1577 pontifici
1401 1505 1660 1575 Gregorio
1693 1502 1956 1557 referrent

376 1613 555 1667 regem
580 1614 700 1651 cum
732 1614 901 1667 regno
929 1600 1083 1653 iidem
1105 1597 1307 1653 Christi
1338 1598 1655 1669 suscepisse,
1688 1606 1743 1652 et
1770 1610 1829 1652 se
1855 1596 1955 1667 ipsi

374 1689 517 1758 genti
542 1688 832 1757 Anglorum
863 1690 1174 1760 episcOpum
1207 1689 1321 1745 fore
1349 1688 1683 1756 ordinatum,
1714 1688 1873 1744 simul
1903 1695 1957 1742 et

375 1781 443 1834 de
471 1781 534 1835 iis
560 1796 682 1851 quae
722 1780 1023 1837 necessaria
1060 1782 1384 1837 videbantur
1414 1781 1813 1851 .qumstionibus
1840 1777 1957 1845 ejus

2053 603 2416 659 descrvituros
2443 602 2495 657 in
2510 603 2700 659 eadem
2730 604 2953 662 ecclesia
2978 604 3259 659 instituens
3277 599 3439 653 donis
3463 598 3628 654 variis

2053 702 2109 747 et
2126 691 2548 764 possessionibus
2568 690 2774 746 dotavit
2799 692 3063 757 eamdem,
3086 702 3139 747 et
3165 692 3216 747 in
3237 690 3426 745 eadem
3455 689 3629 744 cccle-

2052 783 2129 838 sia
2158 782 2407 852 przefatus
2436 796 2531 835 rex
2554 781 2655 836 sibi
2686 788 2743 836 ct
2781 784 3181 838 successoribus
3205 780 3626 839 Cantuariorum

2054 875 2268 943 regibus
2294 873 2621 945 sepulturam
2646 872 2827 943 elegit.
2859 872 2917 927 In
2947 874 3046 929 hac
3069 876 3230 929 etiam
3261 872 3489 929 ecclesia
3520 872 3629 925 Au—

2054 965 2299 1033 gustinus
2326 978 2387 1021 se
2413 973 2471 1020 et
2491 977 2621 1021 suos
2639 977 3012 1026 successores,
3042 964 3464 1019 Cantuaricnses
3493 978 3627 1032 pou-

2055 1053 2247 1118 tilices,
2277 1052 2465 1110 statuit
2503 1053 2720 1125 sepel‘ri

2127 1142 2449 1213 Enwnnus,
2478 1143 2573 1200 Dei
2614 1146 2785 1214 gratia
2815 1158 2912 1201 rex
2962 1144 3191 1211 Anglize,
3226 1153 3367 1208 etc...
3420 1144 3631 1199 archic-

2055 1236 2332 1306 piscOpus,
2358 1245 2465 1292 etc.
2482 1259 2513 1303 ,ο
2541 1238 2795 1295 salutem.
2835 1225 3162 1306 inspeximus
3186 1236 3427 1291 chartam
3476 1238 3631 1291 bona:

2054 1326 2329 1380 memorias
2357 1326 2681 1394 Atbelberti,
2705 1328 2977 1397 quondam
3009 1329 3149 1396 regis
3178 1328 3409 1396 Anglia‘,
3436 1328 3488 1381 iu
3517 1328 3631 1381 hate

2056 1416 2219 1470 verba
2255 1434 2270 1469 :
2300 1416 2357 1471 In
2383 1418 2603 1474 nomine
2631 1418 2841 1473 Domini
2867 1418 2993 1474 Jesn
3022 1418 3242 1474 Christi.
3272 1414 3501 1471 Otum-nt
3533 1418 3633 1470 ho-

2055 1508 2253 1564 minem
2280 1508 2372 1579 qui
2397 1510 2689 1565 secundum
2724 1509 2890 1564 Deum
2920 1511 3084 1575 vivit,
3128 1519 3182 1565 ct
3230 1510 3566 1564 remunerari
3597 1524 3627 1561 a

2055 1596 2166 1653 Deo
2193 1606 2375 1668 sperat
2393 1606 2449 1653 et
2470 1606 2642 1669 optat,
2666 1607 2884 1669 oportet
2908 1608 2967 1653 ut
2992 1601 3095 1670 piis
3116 1598 3366 1670 precibus
3402 1614 3632 1653 consen-

2057 1701 2175 1742 sum
2206 1688 2447 1743 hilariter
2471 1696 2527 1743 et
2546 1703 2613 1742 ex
2633 1688 2813 1743 animo
2839 1688 3101 1757 praebeat.
3127 1689 3382 1759 quoniam
3422 1695 3630 1742 certum

2058 1788 2143 1835 est
2177 1787 2327 1835 tanto
2356 1779 2565 1835 facilius
2585 1795 2647 1835 ea
2691 1796 2811 1850 qua:
2838 1780 2950 1851 ipse
2978 1797 3007 1835 a
3033 1782 3142 1837 Deo
3164 1782 3470 1851 poposcerit
3496 1797 3631 1835 cou-

376 1870 621 1924 consulta
650 1869 974 1939 efflagitans.
1009 1870 1139 1937 Quae
1166 1871 1211 1925 si
1240 1872 1360 1940 quis
1409 1871 1617 1941 plenius
1643 1870 1780 1925 scire
1803 1870 1948 1925 desi-
1984 1869 2029 1930 Β
2053 1868 2203 1936 sequi
2228 1883 2400 1934 posse,
2424 1878 2626 1938 quanto
2646 1879 2702 1925 et
2728 1872 2841 1940 ipse
2867 1870 3119 1925 libentius
3147 1871 3258 1929 Deo
3279 1871 3475 1939 aliquid
3500 1885 3633 1925 con-

376 1959 556 2025 derat,
581 1959 775 2014 Bedam
805 1961 871 2015 de
898 1962 1063 2030 gestis
1089 1961 1381 2029 Anglorum
1408 1962 1569 2030 legat,
1583 1969 1638 2015 et
1662 1961 1731 2015 ibi
1750 1961 1954 2017 deside-

375 2058 492 2102 rata
522 2049 766 2118 reperiet.
798 2048 1005 2104 Interea
1030 2050 1325 2117 Augustino
1344 2051 1526 2105 sedem
1555 2051 1917 2119 episcOpalem
1935 2092 1951 2117 ,

375 2149 434 2193 ut
460 2154 622 2210 supra
646 2139 891 2201 diximus,
925 2141 977 2193 in
1018 2140 1237 2196 civitate
1276 2139 1582 2195 Cantuaria:
1612 2140 1829 2211 adepto,
1860 2156 1953 2197 reo

372 2230 650 2300 cuperavit
681 2230 733 2285 in
756 2246 817 2285 ea
849 2230 1156 2298 ecclesiam,
1179 2232 1325 2300 regio
1354 2230 1515 2285 fultus
1535 2232 1757 2298 auxilio,
1790 2247 1952 2301 quam

376 2320 574 2375 ibidem
602 2323 822 2391 antiquo
869 2320 1098 2377 ﬁdelium
1147 2322 1513 2376 Romanorum
1562 2337 1728 2392 opere
1759 2321 1951 2376 factam

374 2424 497 2464 esse
528 2410 819 2475 didicerat,
848 2420 901 2464 et
929 2425 1047 2464 eam
1093 2411 1147 2464 in
1193 2410 1408 2464 nomine
1456 2411 1627 2464 sancti
1658 2409 1952 2465 Salvatoris

375 2500 469 2555 Dei
500 2509 553 2554 et
577 2500 784 2555 Domini
818 2501 982 2555 nostri
1007 2499 1133 2556 Jesu
1163 2500 1362 2556 Christi
1388 2501 1756 2568 consecravit;
1787 2508 1953 2571 atque

372 2590 569 2646 ibidem
602 2590 987 2646 habitationem
1018 2591 1119 2645 sibi
1148 2591 1369 2655 statuit,
1399 2599 1455 2645 et
1497 2592 1705 2646 cunctis
1734 2606 1952 2645 succes-

371 2682 580 2737 soribus
601 2683 730 2745 suis,
756 2697 875 2751 qu:e
904 2696 1076 2751 usque
1120 2681 1171 2736 in
1196 2682 1517 2739 hodiernum
1542 2681 1685 2737 diem
1728 2690 1953 2736 vocatur

372 2774 603 2829 Ecclesia
630 2774 823 2829 Christi
847 2774 1246 2831 Cantuaricnsis
1275 2776 1437 2831 totius
1466 2775 1668 2844 Anglia:
1699 2776 1875 2830 nutrix
1898 2784 1954 2830 et

372 2866 706 2932 metropolis.
762 2863 889 2918 Erat
916 2872 1097 2920 autent
1140 2881 1245 2919 non
1280 2865 1439 2934 longe
1468 2866 1535 2920 ab
1565 2866 1679 2933 ipsa
1710 2866 1950 2932 civitate,

371 2954 437 3007 ad
487 2952 837 3017 orientalem,
891 2954 1045 3025 quasi
1093 2954 1270 3008 medio
1323 2954 1516 3009 itinere
1557 2954 1625 3009 ad
1668 2955 1950 3010 ecclesiam

372 3046 541 3098 sancti
573 3044 781 3101 Martini
813 3053 866 3099 et
897 3061 1079 3100 muros
1107 3046 1341 3101 civitatis
1368 3046 1559 3108 situm,
1590 3044 1805 3109 fanum,
1834 3046 1951 3102 sive

370 3131 573 3186 Idolum
593 3173 607 3197 ,
639 3134 690 3188 iu
721 3149 829 3203 quo
857 3134 999 3188 idem
1036 3151 1127 3189 rex
1175 3134 1520 3191 Athelhertus
1548 3136 1840 3191 secundum
1875 3137 1946 3190 ri-

2056 1956 2297 2011 cesserit.
2330 1955 2594 2022 Quocirca
2621 1970 2722 2025 ego
2753 1958 3117 2021 Atbelbertus,
3149 1973 3241 2012 rex
3270 1958 3485 2013 Kancia:
3509 1974 3629 2013 cum

2054 2061 2319 2105 consensu
2341 2048 2662 2103 venerabilis
2680 2049 3071 2119 archiepiscopi
3087 2049 3389 2118 Augustini,
3410 2064 3474 2105 ac
3492 2049 3635 2120 princ

2054 2138 2231 2205 cipum
2263 2153 2528 2205 meorum,
2556 2138 2628 2195 do
2654 2147 2710 2195 et
2734 2141 2974 2197 concedo
3003 2140 3113 2195 Deo
3143 2140 3196 2194 in
3224 2142 3430 2196 honore
3457 2142 3631 2196 sancti

2058 2230 2223 2299 Petri,
2254 2232 2486 2302 aliquam
2517 2240 2723 2303 partem
2754 2242 2911 2288 terra:
2931 2233 3066 2301 juris
3094 2234 3227 2298 mei,
3255 2248 3375 2302 qua:
3408 2233 3553 2302 jacet
3575 2232 3629 2286 in

2055 2322 2262 2377 oriente
2289 2323 2523 2377 civitatis
2551 2322 2907 2387 Doroberuite,
2940 2325 3008 2377 ita
3038 2323 3301 2377 duntaxat
3324 2331 3383 2376 ut
3412 2335 3628 2377 monas-

2055 2413 2247 2467 terium
2292 2422 2661 2483 construatur,
2706 2421 2761 2468 et
2803 2428 2889 2467 res
2916 2428 3034 2482 quas
3059 2428 3215 2482 supra
3256 2411 3547 2466 memoravi
3577 2411 3628 2465 in

2053 2512 2321 2574 potestate
2344 2505 2551 2559 abbatis
2571 2507 2681 2560 sint
2708 2505 2799 2573 qui
2829 2503 2900 2559 ibi
2948 2504 3105 2559 fuerit
3132 2504 3429 2559 ordinatus.
3460 2502 3626 2571 Igitur

2054 2593 2243 2663 adjuro
2285 2605 2341 2651 et
2368 2596 2621 2666 pra'cipio
2651 2596 2702 2651 in
2755 2596 2971 2651 nomine
3019 2594 3227 2649 Domini
3260 2595 3352 2650 Dei
3378 2595 3627 2665 omnipo-

2055 2685 2233 2747 tentis,
2266 2686 2355 2753 qni
2387 2697 2469 2740 est
2507 2686 2743 2741 omnium
2784 2701 2963 2741 rerum
2984 2684 3148 2753 judex
3171 2684 3369 2753 justus,
3402 2692 3460 2739 ut
3490 2698 3627 2756 pra:-

2053 2775 2162 2831 fata
2208 2785 2349 2831 terra
2385 2777 2686 2847 subscripta
2740 2777 3030 2832 donatione
3069 2775 3521 2846 sempiternaliter
3557 2775 3628 2831 sit

2053 2866 2385 2931 confirmata,
2419 2867 2490 2921 ita
2523 2877 2579 2921 ut
2623 2883 2721 2923 nec
2748 2867 2896 2930 mihi,
2929 2882 3029 2921 nec
3055 2866 3210 2922 alicui
3254 2880 3627 2920 successorum

2053 2972 2329 3022 meorum,
2354 2970 2538 3025 regum
2568 2966 2659 3011 aut
2690 2957 3006 3027 principum,
3036 2956 3148 3011 sive
3176 2955 3461 3024 cujuslibet
3486 2970 3622 3011 con-

2050 3043 2290 3112 ditionis,
2339 3046 2689 3114 dignitatibus
2720 3054 2774 3100 et
2819 3044 3195 3101 ecclesiasticis
3239 3042 3524 3115 gradibus,
3557 3043 3623 3100 de

2049 3136 2248 3205 aliquid
2279 3134 2521 3190 fraudare
2551 3136 2728 3189 liceat.

370 3233 479 3277 tum
510 3225 683 3293 gentis
707 3240 814 3280 suae
843 3218 1052 3281 solebat
1080 3240 1256 3291 orare,
1282 3234 1337 3281 et
1362 3240 1464 3280 una
1494 3242 1614 3281 cum
1637 3227 1794 3295 plebe
1820 3242 1939 3293 sua,
1970 3235 2016 3298 ο
2120 3225 2173 3280 Si
2204 3227 2323 3295 quis
2352 3241 2481 3281 vero
2512 3226 2579 3281 de
2606 3228 2708 3280 hac
2735 3225 3030 3280 donatione
3058 3232 3240 3280 nostra
3292 3224 3490 3294 aliquid
3524 3226 3627 3281 mi-

368 3314 645 3368 dzemouiis
673 3315 843 3383 magis
870 3329 1028 3385 quam
1065 3314 1174 3368 Deo
1206 3313 1490 3368 immolare
1522 3331 1535 3367 :
1569 3314 1713 3384 quod
1744 3314 1948 3382 fanum,

366 3406 546 3461 statim
571 3414 628 3459 ut
655 3405 721 3459 ab
746 3404 961 3460 Etherio
991 3404 1290 3460 Arelatensi
1312 3405 1639 3473 Augustinus
1662 3408 1946 3475 episcopus

366 3495 665 3561 ordinatus,
687 3504 744 3549 ut
764 3496 1137 3561 subscribitur,
1171 3495 1413 3565 Angliam
1444 3503 1527 3550 est
1554 3509 1847 3565 regressus,
1876 3497 1945 3550 ab

368 3588 783 3656 inquinamentis
811 3597 864 3642 et
909 3588 1155 3643 sordibus
1182 3589 1457 3657 gentilium
1489 3589 1754 3658 purgavit,
1789 3597 1843 3643 et
1870 3588 1944 3643 si-

368 3680 607 3732 mulacro
637 3678 780 3747 quod
809 3680 859 3733 in
889 3694 951 3733 ea
983 3688 1099 3733 erat
1127 3682 1433 3745 conti-acto,
1462 3694 1788 3751 synagogam
1820 3695 1942 3733 mu-

368 3770 498 3822 tavit
524 3770 575 3822 in
601 3769 905 3833 ecclesiam,
933 3778 988 3824 et
1007 3785 1124 3823 eam
1148 3770 1197 3823 in
1220 3770 1439 3825 nomine
1466 3770 1637 3825 sancti
1670 3768 1937 3823 Pancratii

366 3862 612 3929 martyris
633 3859 927 3923 dedicavit;
960 3868 1014 3914 et
1043 3861 1157 3915 haec
1186 3868 1269 3915 est
1294 3861 1464 3928 prima
1492 3860 1717 3916 ecclesia
1742 3861 1808 3914 ab
1838 3860 1941 3914 Au-

364 3949 575 4015 gustino
604 3948 866 4004 dedicata.
892 3946 1082 4004 ExStat
1105 3948 1279 4005 adhuc
1296 3949 1463 4004 altare
1492 3949 1543 4003 iu
1568 3950 1775 4019 porticu
1804 3947 1943 4017 ejus-

366 4040 486 4092 dem
518 4040 756 4094 ecclesia:
784 4040 1005 4095 australi
1038 4040 1089 4094 in
1118 4055 1226 4109 quo
1257 4039 1397 4094 idem
1443 4040 1773 4109 Augustinus
1799 4039 1938 4095 sole-

377 4133 471 4188 bat
538 4130 829 4193 celebrare,
859 4132 946 4186 ubi
979 4130 1123 4200 prius
1144 4139 1373 4186 steterat
1400 4130 1745 4187 simulacrum
1776 4130 1938 4199 regis.

370 4220 462 4274 llis
487 4221 663 4290 itaque
692 4223 873 4288 gestis,
904 4222 1232 4289 Augustinus
1262 4222 1569 4291 prmdictam
1596 4221 1763 4277 sancti
1796 4219 1941 4275 Pan-

368 4314 518 4367 ciatii
559 4313 839 4367 ecclesiam
865 4355 880 4378 ,
922 4328 1024 4369 una
1066 4329 1187 4367 cum
1223 4319 1385 4367 terra
1410 4312 1689 4381 adjacente
1711 4354 1725 4378 ,
1757 4327 1788 4367 a
1818 4325 1944 4381 rege

368 4404 625 4467 obtinuit;
656 4405 705 4458 in
737 4405 887 4473 cujus
915 4403 1077 4458 fundo
1102 4404 1387 4475 priedictus
1417 4404 1779 4469 Athelbertus,
1814 4405 1943 4460 hor-

372 4503 479 4548 tatu
537 4495 676 4549 beati
729 4493 900 4549 Patris
942 4496 1253 4564 Augustini,
1305 4495 1588 4551 ecclesiam
1635 4497 1687 4551 in
1733 4497 1944 4554 honore

369 4593 671 4640 stricturum
702 4586 1068 4656 apostolorum
1099 4584 1238 4641 Petri
1270 4596 1323 4640 et
1349 4583 1499 4640 Pauli
1530 4601 1559 4639 a
1583 4584 1944 4641 fundamentis

2050 3319 2227 3372 nuerit
2256 3326 2349 3371 ant
2377 3317 2585 3371 irritum
2616 3316 2790 3370 facere
2820 3314 3125 3381 tentaverit,
3177 3315 3247 3370 sit
3294 3316 3345 3368 in
3374 3316 3625 3385 praesenti

2047 3418 2327 3475 separatus
2344 3420 2372 3458 a
2394 3412 2578 3461 sancta
2607 3404 2984 3460 communione
3011 3404 3252 3473 corporis
3273 3412 3329 3459 et
3348 3404 3625 3473 sanguinis

2044 3495 2260 3559 Christi,
2290 3504 2345 3550 et
2372 3495 2422 3549 in
2471 3494 2559 3548 die
2584 3492 2792 3562 judicii,
2825 3494 2894 3548 ob
2925 3493 3175 3546 meritum
3206 3493 3423 3547 malitia:
3451 3508 3561 3548 sua:
3591 3507 3621 3547 a

2045 3586 2319 3642 consortio
2348 3594 2654 3639 sanctorum
2705 3582 2941 3638 omnium
2994 3590 3326 3650 segregatus.
3373 3579 3618 3636 Circum-

2044 3678 2219 3734 cincta
2247 3685 2330 3732 est
2365 3676 2480 3731 hate
2520 3683 2659 3729 terra
2692 3674 2773 3728 his
2801 3672 3043 3728 terminis
3078 3691 3089 3725 :
3126 3674 3177 3726 in
3207 3671 3415 3725 oriente
3442 3673 3617 3728 eccle-

2035 3768 2137 3844 sia:
2163 3766 2330 3821 sancti
2384 3764 2614 3828 Martini,
2663 3763 2716 3817 in
2767 3763 2988 3817 meride
3030 3762 3114 3816 via
3168 3760 3237 3816 de
3286 3759 3621 3828 Bnrgate,in

2042 3858 2319 3915 occidente
2347 3864 2399 3911 et
2430 3857 2480 3909 in
2503 3855 2753 3925 aquilone
2781 3854 3222 3923 Drutingestrete.
3254 3859 3385 3907 Acta
3409 3852 3462 3907 in
3490 3851 3622 3906 civi-

2045 3959 2154 4004 tate
2202 3947 2569 4007 Dorobernim.
2600 3945 2838 4000 annoab
2867 3944 3239 4000 incarnatione
3267 3943 3463 3998 Christi
3493 3941 3619 4009 605,

2043 4041 2340 4103 indictione
2372 4038 2424 4091 6.
2468 4043 2507 4103 σῖ-
2550 4036 2662 4107 Ego
2694 4035 3059 4099 Athelheitus,
3091 4050 3184 4089 rex
3232 4032 3459 4097 Kantim,
3489 4046 3622 4087 sana

2044 4143 2222 4185 mente
2253 4133 2567 4199 integroque
2594 4128 2819 4184 consilio
2838 4166 2853 4191 ,
2882 4126 3226 4181 donationem
3259 4138 3434 4179 meam
3465 4124 3622 4195 signo

2044 4230 2243 4274 sanetae
2267 4219 2440 4273 crucis
2470 4218 2681 4289 propria
2713 4232 2873 4271 manu
2905 4214 3152 4269 roboravi
3180 4213 3623 4282 confirmavique.

2047 4310 2159 4378 Ego
2182 4309 2509 4379 Augustinus
2534 4309 2704 4377 gratia
2736 4306 2827 4361 Dei
2857 4306 3291 4375 archiepiscopus
3312 4306 3464 4359 testis
3492 4320 3624 4360 eou-

2044 4402 2282 4458 sentiens
2308 4400 2533 4454 libenter
2555 4398 2872 4467 subscripsi.
2908 4395 3202 4461 Edhaldus,
3258 4393 3622 4462 llanngisilus,

2046 4492 2446 4563 Angemuudus,
2474 4489 2905 4554 lleferendarius,
2936 4485 3127 4553 ﬂocta,
3146 4484 3368 4558 Gracys,
3394 4484 3626 4557 Tougyl,

2048 4586 2242 4649 Peuca,
2274 4581 2461 4638 Geddi.

3391 4700 3626 4719 —

1506 4796 2358 4906 PRIVILEGIUM

977 4966 1343 5030 ABBATUE
1386 4964 1969 5029 CANTUARIENSI
2012 4965 2057 5023 A
2105 4963 2166 5021 S.
2216 4958 2660 5022 AUGUSTINO
2709 4956 2980 5018 DATUM

1597 5068 1912 5132 (Monastleou
1936 5064 2295 5127 Anglicanam.)

446 5172 762 5239 Augustinus
782 5212 795 5235 ,
828 5171 1111 5242 cpiscopus
1140 5169 1483 5225 Doroberniaz
1512 5169 1653 5225 sedis
1678 5167 1937 5230 famulus,
1973 5176 2017 5233 ῃ
2044 5163 2241 5219 Christi
2271 5175 2436 5231 regno
2465 5168 2726 5225 sacratus,
2774 5169 2957 5212 nostra
2992 5153 3243 5210 instantia
3277 5162 3332 5207 et
3357 5168 3452 5205 sua
3502 5169 3627 5224 pru-

369 5280 528 5332 queut
580 5278 809 5331 superna
867 5263 1160 5333 inspirante
1222 5261 1546 5323 clementia,
1604 5258 1941 5315 beatissimus

372 5374 507 5428 papa
537 5353 829 5422 Gregorius
854 5356 1085 5423 Anglicas
1112 5354 1256 5421 genti
1287 5352 1398 5408 Deo
1425 5351 1762 5422 acquirendze
1795 5351 1941 5418 lega-

374 5450 559 5505 tarinm
592 5447 735 5502 misit
784 5446 1204 5513 amministrum;
1254 5446 1502 5502 omnibus
1546 5442 1945 5500 successoribus

371 5540 481 5593 suis
509 5539 790 5608 episcopis,
841 5535 1152 5605 cunctisque
1200 5534 1403 5606 Anglia:
1426 5535 1641 5604 regibus
1678 5547 1800 5587 cum
1831 5530 1945 5587 suis

376 5629 600 5697 posteris
651 5637 811 5699 atque
858 5625 1106 5683 omnibus
1161 5627 1252 5681 Dei
1304 5626 1548 5682 fidelibus
1576 5632 1632 5680 et
1675 5625 1727 5678 in
1763 5620 1863 5676 fide
1892 5630 1947 5676 et

373 5717 541 5787 gratia
569 5732 751 5787 pacem
798 5727 855 5774 et
897 5717 1146 5773 salutem.
1192 5715 1344 5773 Patet
1381 5716 1629 5771 omnibus
1658 5713 1801 5786 quod
1834 5711 1945 5767 Deo

378 5806 624 5865 amabilis
648 5823 742 5865 rex
772 5806 1146 5873 Atbclbcrtus,
1178 5803 1378 5877 primus
1409 5803 1701 5876 Anglorum
1759 5813 1941 5871 regum

2046 5252 2164 5321 diga
2196 5251 2570 5308 benevolentia
2598 5250 2738 5304 inter
2782 5257 3004 5303 ceteras
3048 5244 3307 5299 ecclesias
3335 5258 3468 5311 quas
3498 5246 3628 5301 let-it

2047 5354 2101 5399 et
2136 5343 2403 5413 episcopis
2428 5383 2443 5409 ,
2495 5340 2877 5395 monasterium
2908 5343 3059 5389 extra
3092 5333 3429 5401 metropolim
3468 5351 3623 5388 suam

2048 5434 2454 5498 Doroberniam,
2498 5432 2550 5486 in
2574 5433 2781 5486 honore
2808 5425 3105 5496 principum
3134 5424 3503 5493 apostolorum
3532 5424 3628 5480 l’e-

2047 5528 2113 5582 tri
2142 5536 2195 5582 et
2240 5526 2393 5581 Pauli
2431 5523 2684 5592 regaliter
2734 5516 2975 5575 condidit
3016 5524 3072 5568 et
3116 5516 3382 5584 regalibus
3430 5515 3628 5583 opibus

2050 5617 2346 5689 amplisqne
2376 5611 2805 5685 possessionibus
2833 5606 3045 5673 ditavit,
3089 5605 3468 5675 magnitieavit,
3501 5620 3625 5675 per-

2050 5722 2317 5782 petuaque
2345 5712 2612 5773 libertate,
2644 5714 2701 5761 et
2725 5703 2868 5758 omni
2896 5701 3016 5769 jure
3044 5702 3192 5770 regio
3220 5716 3343 5756 cum
3372 5699 3624 5755 omnilms

2049 5800 2208 5857 rebus
2232 5809 2288 5858 et
2303 5798 2537 5872 judiciis,
2569 5797 2713 5852 intus
2736 5803 2790 5850 et
2812 5792 2938 5849 foris
2962 5791 3045 5848 illi.
3065 5789 3477 5863 pertinentibus,
3503 5806 3622 5847 tnu-
