3874 6224
245 382 315 437 υ
1356 376 1665 436 εΑκατυδ
1704 378 1852 433 ΒΟΝΙ

1964 377 2110 435 ειυε
2148 374 2328 433 mea
2368 374 2453 431 tv.
3459 386 3528 442 93

250 492 396 556 uivit,
425 505 636 561 suoque
665 494 820 555 regio
852 489 1139 561 privilegio
1184 501 1239 543 et
1272 490 1489 559 superni
1515 490 1705 559 judicii
1748 490 1848 543 im-
1878 493 1924 551 Α
1954 489 2174 550 tributa,
2203 487 2283 543 sic
2311 486 2427 556 ipsc
2454 483 2709 541 Dominus
2733 486 2928 542 concln
2948 487 3029 550 lit,
3063 497 3195 554 ergo
3225 483 3375 539 liberi
3403 496 3532 541 sunt

250 580 579 654 precantium,
633 592 809 651 atque
861 581 1161 650 aluistnliea
1204 581 1377 635 sancti
1407 596 1558 651 papa‘
1602 578 1853 648 Gregorii

252 672 699 726 interminatione
757 670 1316 724 exeonnnnnicatoria
1341 710 1357 734 ,
1397 678 1583 727 eontra
1634 682 1852 723 omnem

250 760 502 829 iujnriam
524 760 902 814 cmitﬁnnavit.
935 758 1049 828 Ego
1079 774 1295 830 quoque
1315 758 1555 829 ejusdem
1588 756 1855 812 libertatis

252 851 463 919 adjutor
486 860 547 905 et
568 850 948 919 patrocinatur
976 866 1166 906 omnes
1192 863 1536 905 successores
1586 862 1736 902 meos
1762 861 1854 900 ar-

250 942 661 1009 chiepisaqms,
695 956 1001 1010 oumosque
1027 939 1423 995 ecclesiasticas
1449 938 1539 992 vel
1566 935 1855 992 steculares

254 1038 554 1099 [mutes
582 1046 683 1098 per
712 1029 1002 1084 lloininurn
1030 1028 1213 1083 Iesum
1252 1025 1524 1082 Christum
1551 1033 1606 1079 et
1635 1034 1858 1095 aposto-

254 1123 425 1173 lorum
473 1118 599 1186 ejus
645 1120 1008 1174 reverentiam
1046 1117 1309 1180 obtestor,
1355 1122 1518 1184 atque
1556 1113 1855 1184 apostolica

254 1210 542 1264 inemorati
573 1207 754 1264 l'atris
779 1209 953 1265 nostri
989 1206 1427 1262 interminationc
1448 1204 1712 1261 interdico
1737 1242 1755 1272 ,
1786 1219 1856 1260 ne

253 1303 544 1371 quisquam
560 1318 803 1372 unquam
826 1301 992 1355 ullum
1010 1308 1367 1370 potentatum,
1383 1309 1475 1353 aut
1495 1298 1851 1364 dominatum,

254 1400 347 1447 aut
389 1394 689 1461 imperium
736 1394 791 1446 in
838 1391 944 1447 hoc
990 1390 1318 1446 dominicum
1363 1388 1447 1445 vel
1496 1388 1851 1459 apostolicum

254 1484 679 1550 latonastcrium,
713 1483 797 1539 vel
828 1494 1019 1551 terras,
1047 1483 1132 1539 vel
1148 1482 1403 1539 ecclesias
1430 1482 1499 1536 ad
1528 1479 1660 1535 illud
1684 1479 1855 1551 perti-

248 1585 450 1632 nentes
499 1592 767 1647 usurpare
811 1584 1131 1648 puesumat,
1180 1590 1281 1630 nec
1332 1575 1438 1629 ulla
1486 1572 1705 1644 prorsus
1726 1572 1857 1627 sub-

252 1666 554 1738 jugationis
622 1677 718 1723 aut
768 1668 1077 1733 servitutis,
1143 1674 1236 1720 aut
1294 1664 1479 1719 tributi
1525 1664 1855 1729 conditione,

256 1759 340 1814 vel
374 1759 429 1814 in
457 1773 687 1827 magno,
730 1758 813 1811 vel
846 1758 899 1812 in
929 1758 1176 1821 minimo,
1205 1755 1298 1810 Dei
1340 1754 1616 1811 ministros
1644 1754 1857 1825 inquie-

257 1857 335 1902 tat
360 1855 457 1901 aut
484 1847 789 1917 opprimat.
830 1845 1093 1900 Abbatem
1133 1860 1165 1899 a
1192 1844 1303 1900 suis
1346 1842 1599 1900 fratribus
1625 1842 1857 1899 electum

259 1938 312 1993 iu
335 1938 531 1992 eodem
556 1936 895 1991 IIIOlIasIelIO
919 1953 1025 1992 non
1047 1936 1115 1991 ad
1138 1951 1293 1992 suum
1316 1934 1649 2000 latamlatam,
1676 1933 1768 1989 sed
1788 1935 1856 1990 ad

258 2026 479 2081 dominii
499 2042 591 2080 um
621 2026 984 2081 ministerium
1005 2025 1236 2091 ordinet,
1256 2040 1355 2082 nec
1384 2025 1487 2080 sibi
1511 2026 1655 2081 hunc
1689 2025 1861 2080 obau-

258 2119 373 2173 ilim
398 2119 499 2173 sed
538 2117 655 2174 Deo
685 2121 943 2184 suadeat;
976 2132 1077 2173 nec
1104 2132 1235 2173 vero
1262 2118 1361 2172 sili
1388 2116 1715 2187 subjectum.
1758 2115 1859 2172 sed

263 2209 297 2263 Ii
309 2218 507 2276 atreus,
523 2211 623 2265 sed
644 2219 983 2277 consortem,
1004 2209 1099 2264 sed
1115 2208 1474 2278 collegam,et
1487 2210 1860 2265 coministrum

263 2298 316 2354 in
364 2313 509 2370 opus
555 2299 898 2356 dominicum
945 2313 1069 2356 eum
1116 2307 1353 2368 reputet.
1405 2298 1523 2353 Non
1552 2298 1625 2354 ibi
1672 2299 1863 2355 atinas

260 2390 413 2461 qusi
438 2388 511 2445 ad
538 2404 661 2445 sum
707 2390 931 2446 ditionis
982 2390 1153 2447 altare
1206 2405 1308 2447 nec
1352 2390 1723 2449 ordinationes
1776 2392 1862 2447 vel

264 2479 675 2536 benedictiones
703 2479 1014 2552 usurpative
1058 2479 1177 2536 sine
1217 2478 1449 2548 abbatis,
1507 2480 1593 2537 vel
1636 2480 1860 2536 fratrum

269 2569 525 2639 petitione
555 2579 838 2638 exerceat,
860 2570 1066 2626 nullum
1088 2570 1191 2626 sibi
1212 2570 1304 2641 jus
1327 2570 1733 2626 consuetudins
1750 2572 1860 2625 ium

272 2660 351 2715 vel
392 2660 445 2715 in
474 2660 740 2717 vilissima
776 2675 837 2717 re
866 2661 1049 2732 exigat
1086 2668 1352 2732 quatenus
1399 2660 1862 2732 pacisconcordia

272 2765 429 2806 unum
456 2749 570 2806 sint
598 2751 657 2807 in
685 2751 930 2808 dominio
958 2752 1231 2823 utrinque,
1257 2766 1359 2809 nec
1381 2752 1687 2822 quisquam,
1716 2752 1861 2821 quod

273 2840 426 2906 absit,
449 2839 775 2897 dominandi
800 2842 1023 2899 dissidio
1050 2843 1104 2898 in
1126 2841 1386 2913 judicium
1414 2842 1617 2899 incidat
1635 2843 1856 2909 diaboli,

271 2928 359 2998 qui
383 2931 657 3002 superbia:
685 2932 973 3002 tyrannide
1016 2932 1220 2988 corruit
1242 2932 1311 2989 de
1336 2932 1497 2989 ctelo.
1530 2932 1703 3003 Reges
1730 2946 1863 3003 gen-

277 3022 620 3092 tium(inauit
650 3023 942 3094 Dominus)
982 3024 1293 3081 dominatur
1319 3040 1531 3090 eorum,
1554 3041 1651 3082 vos
1678 3033 1859 3082 autem

275 3131 379 3171 non
405 3116 508 3172 sic.
560 3116 810 3187 Cumque
838 3120 906 3171 ah
933 3117 1122 3172 alienis
1150 3132 1257 3172 non
1301 3131 1331 3170 a
1370 3101 1491 3171 liliis
1530 3121 1863 3186 accipiantur

1958 575 2071 633 tilii.
2120 577 2235 644 Qua
2281 588 2411 643 ergo
2461 573 2811 631 irreverentia
2851 575 3039 632 Patres
3078 574 3430 631 ecclesiarum
3488 576 3536 628 in

1960 666 2096 722 ﬁlios
2116 667 2264 735 regni
2287 665 2384 720 Dei
2412 665 2513 721 sibi
2542 664 2813 720 vindicant
2838 664 3283 731 dominationem,
3306 664 3539 718 maxime

1958 766 2138 813 autem
2166 759 2218 813 in
2248 758 2387 814 hanc
2412 756 2708 814 Ecclesiam
2739 764 3051 812 sanctorum
3098 754 3491 812 thesaurarium
3522 794 3539 819 ,

1958 850 2013 905 in
2038 849 2189 920 cujus
2218 858 2464 906 materno
2516 857 2673 905 utero
2724 855 2805 903 tot
2851 845 3161 918 pontiﬁcum
3194 844 3541 902 Dorobernia:

1956 956 2252 1014 regumque
2278 956 2343 999 ac
2372 941 2673 1012 principum
2712 953 2942 1012 corpora
2975 952 3254 1008 speramus
3282 937 3421 1003 alma
3454 952 3538 991 re—

1959 1036 2186 1092 ’ovenda
2243 1033 2535 1105 sepulturae
2584 1032 2800 1102 requie,
2855 1046 2925 1087 ex
2972 1030 3296 1085 auctoritate
3336 1028 3542 1082 SCIIIth.

1958 1124 2279 1195 apostolica,
2301 1131 2357 1178 et
2379 1121 2505 1176 hinc
2524 1121 2591 1175 ad
2610 1133 2865 1176 aeternam
2894 1120 3119 1192 gloriam
3150 1117 3539 1174 rcsuscitanda.

1958 1213 2119 1269 Tales
2145 1212 2381 1283 supremi
2403 1209 2602 1281 judicia
2645 1211 2847 1265 amicos
2873 1212 2917 1264 si
2960 1209 3080 1279 quis
3118 1208 3392 1266 offendere
3435 1223 3541 1264 non

1958 1313 2210 1361 metuens
2239 1302 2398 1372 hujus
2428 1300 2692 1372 privilegii
2718 1308 2921 1355 statuta
2966 1300 3277 1366 violaverit,
3309 1298 3397 1354 vel
3421 1298 3541 1354 vio-

1959 1397 2189 1453 latorem
2221 1392 2484 1449 imitando
2506 1393 2615 1447 vim
2645 1406 2801 1447 suam
2846 1391 3103 1453 tenuerit,
3133 1391 3270 1445 sciat
3295 1404 3356 1445 se
3384 1404 3542 1461 apos-

1959 1489 2127 1545 tolico
2155 1486 2299 1543 beati
2332 1485 2476 1542 Petri
2516 1484 2696 1556 gladio
2744 1499 2840 1555 per
2867 1498 3024 1538 suum
3056 1482 3312 1537 vicarium
3340 1479 3545 1551 Gregoo

1959 1578 2096 1631 rium
2120 1576 2447 1647 puniendum
2475 1575 2575 1629 nisi
2604 1572 2995 1629 emendaverit.
3026 1569 3152 1627 Haec
3176 1585 3305 1641 ergo
3333 1570 3541 1640 omnia,
3568 1599 3574 1605 ·

1960 1667 2038 1721 uti
2069 1667 2154 1721 hic
2186 1677 2332 1732 sunt,
2382 1667 2581 1737 scripta
2604 1705 2621 1730 ,
2676 1665 2972 1735 apostolica
3010 1664 3179 1735 ipsius
3223 1663 3546 1719 institutoris

1961 1757 2132 1812 nostri
2144 1755 2389 1825 Gregorii
2407 1771 2582 1826 comp:
2596 1755 2855 1810 obatione
2874 1763 2931 1809 et
2950 1756 3275 1809 auctoritate
3285 1755 3545 1809 servanda

1964 1854 2274 1917 sancimus,
2304 1866 2513 1921 suoque
2550 1865 2648 1907 ore
2691 1849 3095 1914 conﬁrmamus,
3128 1860 3395 1919 prasente
3439 1849 3549 1917 glo-

1961 1946 2110 2001 rioso
2140 1958 2267 2014 rege
2313 1943 2630 1999 Athelberto
2659 1957 2783 1998 cum
2834 1940 2945 1996 lilio
2974 1955 3075 1995 suo
3124 1939 3369 1995 Ethelbal
3388 1946 3463 2005 to,
3492 1950 3548 1996 et

1962 2036 2394 2094 collaulantibus
2416 2050 2537 2091 cum
2568 2035 2686 2105 ipso
2717 2033 2969 2089 omnibus
2998 2032 3227 2103 oplitual
3246 2031 3346 2087 bus
3366 2030 3546 2100 regils,

1961 2136 2126 2197 atque
2155 2128 2299 2182 ultro
2353 2125 2664 2182 volentibus
2693 2122 3142 2179 reverentissimis
3169 2120 3421 2177 fratribus
3452 2136 3550 2176 nec

1965 2219 2091 2273 stris
2119 2232 2149 2272 a
2176 2227 2361 2273 sancta
2394 2216 2579 2272 Romze
2608 2215 2862 2271 Ecclesia:
2884 2215 2989 2271 huc
3015 2229 3225 2269 mecum
3254 2213 3338 2268 vel
3363 2211 3429 2267 ad
3459 2225 3546 2266 mo

1965 2310 2018 2364 in
2049 2307 2398 2376 Evangelium
2426 2306 2637 2363 Domini
2664 2304 2970 2368 destinatis,
2998 2302 3207 2359 scilicet
3227 2301 3545 2367 Laurentio,

1963 2413 2125 2469 Quem
2157 2398 2335 2463 nobis,
2360 2398 2469 2452 Deo
2494 2395 2731 2463 favente,
2756 2409 3125 2451 successorem
3147 2393 3547 2456 ροιιειίιυίιιιυε,

1964 2498 2022 2545 et
2083 2488 2288 2544 Melite
2342 2486 2636 2543 Lundonia:
2687 2470 2966 2575 episcopo,
3022 2491 3080 2538 et
3127 2481 3281 2539 Iusto
3332 2482 3549 2537 ltolensi

1962 2579 2260 2651 episcopo,
2290 2587 2347 2635 et
2388 2577 2552 2634 Petro
2602 2576 2901 2635 venerabili
2952 2575 3192 2647 ejusdem
3234 2574 3550 2630 monasterii

1963 2672 2267 2744 principum
2317 2669 2691 2743 apostolorum
2718 2669 2916 2725 abbate
2943 2668 3143 2741 primo,
3173 2681 3297 2724 cum
3343 2666 3552 2723 caeteris

1963 2763 2021 2819 in
2051 2762 2281 2819 Domino
2323 2762 2659 2833 adjutoribus
2689 2760 2825 2817 meis
2873 2761 3077 2816 obnixe
3118 2758 3514 2831 postulantibus
3535 2799 3549 2824 ,

1967 2856 2235 2925 simulque
2278 2854 2334 2910 in
2362 2869 2459 2911 eos
2488 2854 2581 2925 qui
2624 2853 2743 2909 hrec
2772 2852 3001 2911 ﬁdeliter
3026 2850 3363 2911 servaverint
3391 2850 3543 2907 bene~

1967 2946 2278 3013 dictionem,
2328 2953 2423 3001 aut
2474 2947 2529 3002 in
2588 2944 3009 3016 impmiitentea,
3065 2946 3212 3016 quod
3266 2945 3549 3009 nolumos,

1967 3048 2393 3109 transgressores
2416 3038 2818 3094 damnat.onem
2849 3038 3245 3095 exercentibus.

276 3203 3553 3253 mm

1576 3286 1747 3331 ANNO
1788 3283 2025 3329 ΒΘΗ-Νι
2062 3281 2261 3331 DCV“.

442 3390 634 3549 S.
742 3384 2184 3555 BONIFACIUS
2320 3381 2960 3546 PAPA
3079 3381 3383 3543 IV.

286 3687 770 3774 NOTITIA
869 3684 1682 3774 BIOGRAPHICA
1741 3688 2004 3821 ΙΝ
2068 3684 2821 3771 BONIFACIUM
2892 3686 3293 3769 PAPAM
3398 3684 3555 3770 Ν.

1302 3838 1569 3909 (Ex-Libro
1590 3842 1872 3895 I'ontiﬁcali.
1895 3844 1986 3895 Ed.
2012 3844 2263 3895 Blanchini
2288 3856 2401 3895 tom.
2428 3844 2535 3907 IV.)

353 3984 377 4014 ι
407 3971 739 4036 Bonifacius,
761 3969 980 4025 natione
1008 3968 1328 4033 Marsorum,
1369 3967 1437 4023 de
1460 3967 1678 4024 civitate
1705 3967 1867 4023 Vale-
1893 3977 1941 4038 ο
1972 3985 2185 4026 nienses
2224 3979 2348 4027 octo
2367 4012 2384 4039 ,
2433 3970 2548 4026 dies
2575 3970 2857 4049 tredecim.
2923 3969 3092 4041 Hujus
3162 3970 3492 4041 temporibus
3516 3971 3545 4009 δ

287 4071 359 4126 ria
384 4110 403 4140 ,
478 4080 549 4121 ex
598 4070 755 4133 patre
799 4059 1007 4117 Joanne
1052 4060 1282 4123 medico,
1333 4058 1473 4115 sedit
1524 4073 1695 4115 annos
1742 4074 1860 4128 sex,

350 4189 375 4216 ι
404 4176 883 4248 Βοκῆαεὶωρ-ὶ.
929 4175 1144 4248 Decima
1172 4182 1363 4230 octava
1389 4173 1478 4248 die
1502 4172 1860 4248 Septembris,

287 4248 403 4303 anni
427 4244 691 4317 an;th
713 4248 1075 4317 interregnum
1098 4247 1282 4317 decem
1306 4244 1743 4317 mensiumetsex
1761 4245 1867 4300 die-

290 4335 395 4373 rum
409 4312 627 4374 creatus
643 4326 726 4370 est
743 4312 979 4386 pontifex
1006 4312 1313 4386 Bonifacius
1327 4313 1443 4383 ejus
1454 4314 1689 4369 nominis
1708 4330 1861 4386 quarf

290 4397 383 4451 tus,
419 4383 757 4456 temporibus
804 4384 1014 4441 Phocze.
1066 4386 1139 4439 De
1166 4384 1345 4439 Phoca
1366 4392 1693 4456 imperatore
1718 4383 1860 4456 apud

288 4454 580 4513 Cedrenuin
612 4465 666 4509 et
696 4455 1055 4525 Nicephorum
1083 4454 1430 4508 memorabile
1454 4454 1668 4525 legitur
1693 4454 1859 4521 illud,

291 4529 421 4594 quod
448 4526 719 4579 monacho
748 4522 1026 4594 quaerenti,
1050 4540 1148 4594 pur
1178 4532 1281 4575 tam
1309 4525 1520 4593 impium
1550 4522 1858 4594 Christianis

292 4596 573 4665 imposuisti
610 4593 1005 4663 unpermurem?
1045 4593 1184 4647 Deus
1212 4593 1551 4665 responderit
1580 4610 1593 4645 :
1628 4593 1859 4665 Deterio-

292 4663 387 4717 mu
412 4666 500 4718 illo
525 4665 689 4716 alium
728 4666 945 4717 inveniri
974 4680 1075 4717 non
1105 4663 1329 4731 patuisse
1349 4663 1509 4716 ullum
1528 4702 1542 4727 ,
1566 4671 1614 4715 et
1644 4664 1738 4717 hoc
1762 4680 1861 4717 nte-

293 4737 445 4788 ruisse
483 4734 1173 4801 Constantinopolitanorum
1197 4733 1419 4803 ﬂagitia.
1458 4733 1663 4803 limus.

356 4836 424 4845 -
450 4804 505 4855 ἳ.
541 4804 616 4858 De
644 4803 1059 4871 interpontilieio
1106 4804 1242 4855 tqus
1276 4801 1417 4855 inter
1454 4801 1761 4858 Boniheios
1794 4801 1855 4856 lll

296 4884 345 4926 et
376 4874 435 4928 IV
467 4888 655 4927 omnes
684 4872 851 4926 Codd.
880 4873 1183 4939 eatalogiqn
1206 4892 1215 4906 -
1238 4872 1337 4925 sibi
1367 4882 1638 4936 constant,
1670 4876 1859 4928 decem

298 4946 531 4998 videlicet
560 4943 823 4998 mensium
855 4959 918 4997 ac
946 4944 1149 4997 dierum
1176 4956 1269 4997 sex
1294 4958 1309 5007 ;
1339 4942 1669 5011 totidemque
1698 4959 1726 4995 a
1759 4943 1861 4995 Bo-

1967 4060 2155 4129 famis,
2211 4062 2557 4129 pestilentiaz,
2601 4071 2657 4117 et
2700 4061 3080 4117 inundationes
3125 4076 3387 4131 aquarum
3433 4076 3555 4133 gra-

1972 4170 2150 4226 nifacii
2189 4170 2255 4225 III
2276 4171 2424 4227 obitu
2464 4171 2532 4224 20
2562 4173 2800 4227 octobris
2829 4187 2918 4226 an.
2944 4172 3047 4226 607
3101 4172 3169 4227 ad
3198 4171 3455 4229 Bonifacii
3485 4173 3548 4229 IV

1972 4242 2365 4297 ordinationem
2409 4241 2480 4295 25
2519 4242 2741 4311 Augusti
2786 4242 2892 4297 605
2937 4252 3305 4311 numerantur,
3340 4244 3556 4298 inclusis

1973 4315 2042 4367 de
2067 4327 2217 4365 more
2246 4322 2522 4368 extrems.
2551 4310 2697 4367 Diem
2728 4329 2857 4368 vero
2882 4310 2953 4365 25
2981 4313 3205 4382 Augusti
3234 4328 3352 4371 esse
3382 4316 3549 4382 ipsam

1969 4383 2324 4437 ordinationis
2377 4381 2666 4449 Bonifacii,
2730 4399 2837 4437 non
2886 4388 3047 4437 molo
3082 4381 3177 4437 lit.
3223 4383 3369 4438 dom.
3402 4381 3451 4437 7F
3481 4398 3549 4438 eo

1968 4467 2107 4523 anno
2154 4468 2435 4507 recurrens
2475 4453 2841 4523 demonstrat,
2883 4452 2976 4507 sed
3017 4463 3165 4508 certa
3194 4454 3547 4523 depositionis

1966 4522 2080 4576 dies
2110 4532 2425 4591 certumque
2454 4522 2596 4576 sedis
2645 4521 2763 4589 ejus
2794 4534 3023 4593 tempus,
3058 4533 3116 4577 ut
3144 4521 3277 4578 intra
3308 4524 3545 4592 esplica-

1966 4593 2131 4657 h.tur,
2155 4594 2488 4662 apertissme
2514 4594 2819 4647 ostendunt.
2850 4591 3001 4648 Nunc
3026 4609 3171 4657 vero,
3204 4603 3259 4648 ut
3283 4591 3440 4648 facile
3460 4609 3550 4647 as-

1968 4665 2122 4731 sequi
2154 4678 2342 4717 omnes
2370 4663 2610 4728 valeant,
2645 4664 3003 4732 nequidquam
3031 4680 3058 4716 a
3094 4666 3252 4732 Pugio
3282 4665 3539 4731 virgulam

1970 4747 2091 4787 esse
2118 4732 2409 4787 adhibitam
2440 4734 2684 4801 augendo
2708 4750 2771 4787 ac
2800 4734 3106 4795 minuendo,
3139 4744 3193 4787 ut
3223 4734 3392 4798 libuit,
3422 4744 3552 4788 tem-

1969 4804 2101 4871 pora
2129 4804 2195 4856 ab
2218 4802 2405 4873 eodem
2447 4806 2781 4872 pra-scripta.
2814 4805 2983 4858 oculis
3011 4804 3394 4873 subjiciendum
3426 4819 3549 4859 reor

1969 4874 2235 4927 Anastasii
2269 4872 2524 4942 l’agiique
2554 4874 2982 4944 cbronologiam.

1585 5050 1840 5090 CHRONOL‘
1866 5050 1951 5089 οιΑ
1989 5047 2273 5088 Λκλδτλειι.

2897 5118 3052 5157 ΡᾹΕΙΙ.

532 5198 603 5253 12
670 5197 825 5251 Mart.
867 5196 971 5249 υοι
1191 5195 1415 5263 Gregor.
1630 5196 1727 5249 Ol).
1808 5196 1849 5251 γ

2177 5211 2208 5246 v
2247 5210 2319 5248 ιη.
2356 5209 2479 5249 xvm
2521 5194 2573 5246 d.
2880 5210 2926 5246 γι
2972 5212 3038 5247 ιιι.
3192 5210 3205 5247 l
3245 5194 3294 5249 ιν.

534 5271 604 5322 50
679 5274 811 5333 Aug.
871 5267 976 5319 ϋυι
1190 5266 1374 5321 Subiit.
1636 5268 1765 5321 0rd.

2002 5281 2134 5319 Iall.
2178 5282 2207 5316 V
2428 5281 2477 5318 IV
2658 5279 2672 5317 Ι
2715 5280 2804 5317 ειη.
2901 5280 2931 5317 ν
3146 5282 3197 5319 ιχ

560 5340 594 5390 ξ).
667 5338 970 5392 Febr.l501i
1192 5338 1375 5389 thiu.
1626 5338 1723 5389 Ut.
1806 5337 1858 5390 Υ.

2161 5352 2210 5389 XI
2358 5351 2479 5390 XXVI

535 5408 603 5461 29
675 5410 797 5464 Jan.
865 5408 964 5459 bii"!
1189 5406 1358 5459 Iinuil'.
1398 5406 1479 5459 III.
1628 5408 1751 5459 (ira.

2121 5422 2208 5459 νιιι
2376 5423 2482 5460 XXII

531 5480 598 5531 20
668 5480 789 5533 Oct.
863 5479 965 5529 liti?
1184 5476 1469 5529 Bouilllll.
1624 5476 1722 5529 Oli.
1800 5476 1858 5532 ν.

2174 5494 2205 5528 Χ
2432 5494 2477 5529 VI
2880 5492 2930 5531 IX
3115 5492 3198 5529 XIV

530 5548 596 5601 25
667 5553 807 5616 Aug.
861 5550 967 5602 008
1186 5547 1468 5599 Βοηιιιιν.
1621 5546 1747 5600 0rd.

1980 5563 2029 5601 IV
2175 5562 2204 5599 ν
2388 5564 2475 5601 λιν
2898 5558 2901 5561 ’

372 5663 492 5717 llnic
518 5675 778 5715 annorum
810 5669 1071 5726 quatuor.
1103 5663 1357 5711 mensium
1389 5670 1625 5723 quinque
1658 5673 1718 5709 ac
1746 5658 1859 5712 dic-

309 5748 411 5784 rtun
441 5748 517 5788 ιιν
563 5746 785 5787 summa:
824 5730 872 5782 si
917 5728 1186 5781 addantur
1228 5728 1347 5781 anni
1396 5742 1532 5783 DtZIV.
1567 5741 1778 5790 incuses
1808 5744 1863 5792 ll,

310 5805 407 5855 ὠεδ
435 5818 483 5871 ιι,
513 5800 796 5860 etnottuali
826 5798 1081 5867 Gregorii
1114 5798 1314 5853 inclusa
1341 5814 1354 5861 ',
1390 5796 1671 5853 habebitur
1700 5814 1869 5855 annus

1973 5655 2095 5731 (308,
2142 5655 2456 5731 (li‘csqneflii
2486 5658 2726 5731 augusti,
2759 5676 2929 5731 quam
2966 5658 3193 5731 diximus
3224 5675 3343 5715 esse
3385 5661 3553 5731 ipsam

1974 5727 2325 5782 ordinationis
2371 5726 2627 5780 Iiunil'ncii
2661 5728 2749 5791 IV,
2779 5726 2837 5782 ut
2884 5728 3020 5782 idem
3064 5730 3255 5795 l'agins
3286 5726 3555 5798 agnusttit.

1976 5803 2044 5855 At
2066 5798 2216 5868 juxta
2241 5798 2644 5869 cltrunulugiam
2680 5800 2824 5869 l’ugii
2856 5809 2977 5853 sunt
3006 5804 3130 5857 anni
3164 5818 3235 5871 tv,
3256 5819 3325 5857 tu.
3348 5820 3395 5869 ν,
3415 5806 3465 5855 d.
3490 5816 3555 5867 s',
