3874 6224
216 408 305 464 συθ

1540 396 1901 459 εηδτοιλε
1940 395 2141 455 τω.

3410 403 3507 458 Illi

213 529 284 580 uti
310 523 514 595 per-uia
540 528 896 594 pra-paretur,
929 531 1029 573 not
1058 518 1327 577 veraciter
1362 522 1424 570 ut
1463 512 1791 569 contulimus
1824 526 1865 578 Α
1897 525 2001 581 tas.
2054 513 2110 571 in
2154 508 2598 570 Christianorum
2650 522 3012 582 provocarent
3067 515 3344 573 domvire.
3400 520 3513 577 Nec

212 632 306 671 una
344 631 458 672 cum
506 611 853 669 beatitudine
882 619 1064 667 ves'ra
1092 610 1409 681 sospitatem
1446 604 1802 677 reciprocatis

212 712 424 765 tenuare
444 704 685 777 jubeatia
707 700 1021 758 Iﬂ‘ectibtts.

763 791 1115 852 spissum.
1141 794 1205 851 tt.
1228 778 1241 837 .‘

236 920 356 982 At...
380 887 488 945 Etsi
513 885 803 943 universus
829 900 939 943 axe
963 885 1067 943 sub
1091 903 1121 939 a
1139 891 1329 942 tueteo
1355 884 1512 941 limes
1536 893 1805 941 terrarum

215 968 421 1038 Dehinc
461 979 709 1034 cernitur
737 978 938 1048 opilioe
962 978 1311 1041 constitutos.
1338 985 1396 1031 et
1422 978 1665 1034 omnium
1710 990 1809 1046 po-

218 1081 393 1129 testate
412 1069 731 1141 poiientiutn
757 1070 932 1142 ipsius
956 1068 1204 1127 mirabile
1222 1077 1439 1127 constet
1463 1066 1809 1125 ordinatione

218 1165 435 1223 divisus.
490 1175 723 1217 necesse
775 1172 861 1219 est
920 1173 982 1219 ut
1035 1154 1156 1234 ejus
1198 1159 1569 1228 evangelicam
1620 1170 1807 1214 vocem

218 1252 581 1317 nutodientrs,
613 1254 700 1310 vel
728 1268 981 1324 querere
1021 1268 1120 1317 eos
1143 1268 1283 1322 quos
1308 1267 1413 1307 una
1453 1251 1508 1305 in
1534 1248 1808 1307 Christum

222 1342 339 1400 lides
360 1344 657 1409 consociat,
706 1345 795 1399 vel
818 1343 1081 1413 diligere;
1110 1353 1167 1401 et
1193 1342 1491 1414 quamlibet
1519 1357 1550 1396 a
1595 1350 1809 1414 tempo-

223 1435 306 1492 rali
349 1436 718 1493 dominatione
752 1448 1109 1507 scgregemur
1155 1435 1389 1511 imperii,
1440 1441 1705 1504 congruct
1752 1441 1812 1488 ut

224 1530 479 1601 νεαρῆς
523 1528 790 1601 principis
838 1545 947 1585 non
992 1530 1352 1589 dissocientur
1394 1533 1617 1603 attejni.
1659 1524 1812 1580 Unde

226 1620 589 1677 beatitudinem
635 1632 871 1677 vestram
918 1622 1093 1691 gratia
1137 1620 1347 1678 caelesti
1391 1616 1676 1674 dili'usione
1715 1614 1815 1671 llo.

226 1724 433 1785 notua,
479 1723 538 1772 et
577 1715 849 1787 spirituali
896 1714 1180 1782 largitione
1209 1714 1602 1769 oxuberautem
1648 1725 1813 1781 quam

230 1806 435 1864 Domino
478 1808 817 1877 propitiante
860 1807 1259 1862 intercurrente
1297 1803 1443 1875 ston
1487 1800 1625 1859 ettici
1655 1801 1813 1857 vola-

229 1913 334 1955 ntes
356 1898 617 1953 ciuitate
644 1896 980 1963 devinctum,
1010 1895 1096 1954 bis
1120 1895 1413 1953 destinatis
1448 1910 1573 1951 cum
1600 1909 1815 1951 summo
1848 1904 1891 1965 Β

231 1988 474 2046 detulerit)
500 1988 735 2055 litteris;
787 2003 897 2045 nou
924 1987 1104 2048 solum
1134 1988 1479 2060 inquirimus,
1528 1987 1624 2044 sed
1652 1996 1711 2043 et
1736 2001 1821 2043 sa-

234 2082 344 2139 lutis
368 2097 487 2138 cum
513 2080 700 2139 debito
729 2079 1163 2139 necessariarum
1209 2096 1392 2136 rerum
1432 2080 1675 2150 alloquio
1716 2080 1821 2135 int-

233 2171 489 2239 pertimus.
513 2168 651 2237 Quia
677 2186 789 2225 nou
818 2169 1095 2227 immerito
1119 2170 1451 2241 pmcipuutn
1474 2176 1527 2224 te
1549 2175 1824 2241 pastorem

234 2262 577 2319 suot‘bristus
602 2262 879 2319 dedicavit
919 2264 1070 2331 ovili,
1118 2272 1179 2320 ut
1203 2278 1328 2321 cum
1372 2262 1519 2319 velut
1544 2261 1825 2333 sanguinis

236 2353 570 2425 generositate
599 2353 757 2419 mihi,
786 2350 1102 2411 beatissime
1139 2351 1325 2431 Pater,
1358 2352 1709 2427 praepollens,
1749 2352 1823 2407 ita

237 2445 297 2501 de
335 2462 543 2507 suam
593 2444 910 2504 innumeras
958 2447 1141 2503 ovium
1192 2462 1351 2519 geras
1401 2444 1821 2504 sollicitudinem

577 2535 700 2594 Tali
743 2539 948 2609 quippe
974 2539 1029 2594 iu
1058 2553 1161 2596 usu
1189 2540 1481 2615 persistere
1510 2538 1709 2609 quibus
1734 2536 1822 2591 vel

240 2626 394 2696 major
417 2627 499 2681 vel
524 2628 707 2683 minor
734 2643 865 2683 cura
896 2630 949 2684 in
980 2628 1198 2701 populis
1220 2628 1527 2687 adhibenda
1566 2630 1821 2684 commit-

241 2719 409 2773 titznt
434 2728 692 2787 quantum
739 2718 925 2776 divina
971 2718 1279 2775 elliciuntur
1324 2720 1379 2775 in
1430 2719 1691 2792 pensione
1732 2733 1823 2772 su-

240 2809 509 2882 bliuiores.
556 2820 765 2875 tantum
809 2811 1015 2871 debent
1060 2813 1204 2871 circa
1250 2813 1334 2873 bis
1380 2812 1578 2883 quibus
1606 2800 1819 2889 primi.

241 2911 414 2957 nuntur
468 2904 702 2960 existere
762 2905 1135 2962 indesinenter
1195 2906 1505 2975 pervigiles.
1568 2903 1632 2959 Et
1693 2905 1819 2973 quia

240 2996 388 3050 latere
430 2994 813 3052 beatitudinem
861 3008 1101 3053 vestram
1133 3015 1241 3054 nou
1292 2998 1527 3054 arbitror
1562 2996 1709 3067 quod
1755 2996 1819 3049 ii.

241 3086 328 3144 lius
351 3098 522 3145 vester
546 3088 797 3147 dominus
824 3088 1209 3149 Theutibertus
1252 3105 1374 3147 cum
1417 3098 1582 3161 gente
1607 3089 1820 3146 Gotho-

240 3195 342 3234 rum
368 3196 397 3235 a
423 3180 790 3237 decidentibus
814 3181 968 3236 velut
998 3182 1126 3238 olim
1159 3182 1343 3238 existit
1386 3181 1639 3251 colligata
1672 3180 1819 3252 prin-

1901 598 2177 662 credimus
2200 602 2400 660 eos-ab
2424 602 2530 659 illis
2553 602 2793 660 existere
2822 605 3095 672 meliores,
3126 609 3223 663 sed
3244 609 3318 664 ita
3340 614 3486 666 mani
3504 646 3517 656 ο

1905 696 2043 750 teste
2089 690 2277 750 socios
2297 692 2718 767 comprobemus
2760 694 2852 765 qui
2900 695 2967 752 de
3018 697 3274 753 mundum
3320 700 3517 758 debitis

1904 786 2172 845 scelerum
2220 784 2493 841 ministrat
2542 795 2844 843 retatuenta
2892 802 3175 860 personas.
3208 791 3323 848 Hoc
3355 793 3517 865 igitur

1906 886 2087 935 vestra
2128 878 2392 935 sanctitas
2435 876 2480 933 si
2528 877 2811 934 evidenter
2836 882 3078 950 agnovit,
3106 883 3254 955 quod
3284 899 3349 939 ex
3380 899 3519 957 pra:-

1904 970 2177 1027 dietoruut
2224 982 2413 1040 regunt
2454 969 2689 1025 consilio
2726 984 2893 1041 super
2938 974 3227 1032 orthodoxi
3260 977 3518 1050 prittt'ipis

1906 1062 2186 1133 regionem
2210 1060 2372 1133 impia
2397 1075 2456 1118 te
2476 1060 2921 1122 fudithostilitate
2942 1076 3182 1133 caterva,
3213 1085 3311 1141 per
3338 1083 3518 1129 VCull'O

1908 1155 2066 1211 nobis
2113 1151 2394 1210 declarare
2434 1153 2683 1224 jubeatis'
2718 1154 2907 1229 styio,
2952 1166 3012 1212 ut
3058 1158 3159 1216 hac
3208 1162 3302 1219 lilii
3351 1165 3519 1220 vestri

1909 1246 2128 1316 gloriosi
2149 1245 2353 1302 domini
2384 1247 2492 1302 mei
2513 1245 2845 1304 Gundemari
2872 1250 3013 1319 regis
3033 1252 3098 1305 ad
3121 1253 3517 1313 ordinationem

1912 1349 2155 1396 nostram
2178 1338 2486 1409 pertinente
2509 1340 2811 1409 provincia,
2836 1340 3033 1398 indicta
3061 1347 3377 1403 sacerdotes
3398 1364 3517 1404 cum

1910 1430 2116 1503 popqu
2152 1429 2516 1500 omnipotenti
2560 1430 2839 1487 celebrent
2860 1433 3187 1502 jejuniorum
3216 1438 3518 1504 solemnia;

1914 1534 1974 1579 ut
2000 1524 2376 1581 accedentium
2407 1522 2605 1593 injuste
2632 1534 2795 1595 atque
2825 1526 2984 1594 longe
3032 1543 3061 1581 a
3107 1528 3331 1585 domino
3356 1535 3519 1585 corda

1910 1614 2172 1680 virorum,
2218 1614 2425 1671 siderea
2474 1613 2779 1684 confringat
2828 1618 3026 1673 virtute
3076 1618 3413 1683 bellantium,
3466 1634 3521 1678 ct

1911 1716 2074 1777 gente
2099 1703 2423 1761 Christiana:
2450 1704 2573 1761 tidei
2600 1707 2792 1775 dogma
2822 1709 3145 1767 custodienti
3195 1710 3520 1767 laudabilem

1912 1796 2121 1855 cmlesti
2149 1795 2351 1869 pietate
2386 1796 2626 1868 jubeatis
2661 1797 2917 1853 conferre
2952 1792 3304 1869 impacatis...

2487 1886 2815 1945 EPISTULA
2856 1888 2942 1946 Ill.

1998 1982 2355 2040 Dilectissimo
2380 1989 2545 2053 atque
2570 1982 2625 2037 in
2652 1980 2871 2039 Christo
2901 1985 3354 2043 reverendissimo
3377 1986 3521 2044 Patri

1926 2079 2183 2151 episcopo
2212 2077 2568 2148 Bulgaranus.

2138 2170 2334 2229 Notum
2378 2178 2462 2227 est
2502 2170 2731 2226 Domino
2777 2172 3135 2243 omnipotenti
3183 2176 3274 2244 (ιυί
3317 2178 3519 2245 justum

1925 2264 2129 2321 iudicat
2175 2260 2417 2329 servum,
2462 2272 2518 2318 et
2558 2262 2816 2333 injustam
2855 2263 3001 2333 justa
3053 2265 3416 2324 daumatinnis
3442 2272 3523 2327 ul-

1924 2356 2075 2412 tione
2120 2353 2371 2425 perimet,
2402 2354 2528 2423 quia
2572 2362 2702 2409 ante
2743 2354 2843 2411 hos
2873 2353 3005 2417 dies.
3034 2356 3180 2425 quod
3228 2365 3372 2413 tuam
3417 2378 3522 2420 non

1924 2464 2051 2505 reor
2086 2444 2307 2503 latuisse
2334 2443 2745 2510 beatitudinem,
2776 2445 2994 2502 chartas
3016 2446 3523 2515 gloriosiSsimoruut

1923 2554 2111 2610 regum
2159 2538 2413 2609 idemque
2443 2535 2675 2593 filiorum
2725 2548 3034 2595 vestrorum
3068 2538 3403 2611 Brunigildes
3431 2562 3522 2601 rc-

1923 2632 2061 2701 giute
2104 2638 2161 2685 et
2207 2629 2529 2686 Theuderici
2596 2631 2759 2700 regis,
2805 2647 2904 2700 per
2946 2634 3135 2689 eodem
3170 2635 3324 2691 nobis
3375 2638 3523 2695 fuere

1926 2723 2289 2779 transmissae.
2321 2719 2390 2776 Et
2426 2731 2488 2776 ut
2517 2736 2610 2777 eas
2640 2722 2757 2790 ipso
2786 2723 3201 2793 prmciperemus
3244 2729 3520 2795 tradente,

1924 2825 2347 2875 memoratarum
2376 2815 2548 2871 series
2581 2815 2916 2883 scriptorum
2967 2815 3398 2889 denuntiavisse,
3430 2826 3521 2896 qui

1921 2909 2115 2965 eadem
2143 2924 2362 2965 suorum
2394 2910 2595 2977 scripta
2618 2908 2961 2966 dominorum
2991 2927 3095 2967 una
3121 2929 3243 2969 cum
3271 2932 3423 2973 suam
3452 2922 3519 2974 ad

1924 3015 2024 3057 nos
2047 3015 2220 3070 usque
2246 3001 2644 3069 suggestionem
2675 2999 2891 3065 deduxi,
2926 3012 2978 3057 et
3008 3012 3065 3059 ut
3089 3006 3290 3061 aditum
3321 3008 3389 3063 ad
3422 3025 3519 3066 nos

1922 3091 2226 3162 perciperet
2246 3089 2582 3147 commeandi
2607 3092 2841 3169 supplex
2862 3093 3147 3152 scribendo
3170 3106 3407 3154 nostram
3432 3117 3517 3152 or-

1923 3184 2255 3241 dinationem
2296 3183 2497 3255 poscit.
2520 3179 2654 3239 Nam
2686 3184 2839 3241 nullo
2866 3200 2991 3241 cum
3018 3186 3313 3256 desiderio,
3343 3206 3518 3260 neque

239 3273 457 3343 cipibus,
498 3288 633 3330 nunc
659 3289 759 3345 per
784 3274 1085 3346 peritorum
1124 3274 1448 3345 allegatione
1492 3289 1681 3345 pacem
1722 3288 1819 3344 per
1845 3302 1893 3365 ρ
1924 3276 2207 3365 exquirere
2232 3275 2398 3365 elegit
2418 3290 2555 3341 -nos,
2604 3291 2781 3345 neque
2825 3277 2893 3329 ab
2936 3277 3096 3330 nuliis
3125 3278 3409 3347 indigimus
3439 3284 3519 3337 in-

239 3362 406 3432 legati:
448 3364 682 3433 ejusdem
730 3366 910 3434 gentis
938 3364 1156 3420 devovit
1181 3365 1441 3420 roborare
1469 3370 1811 3435 perpetuam.

1922 3364 2061 3419 tueri
2092 3363 2371 3430 materiis;
2405 3371 2462 3418 et
2488 3377 2650 3432 quam
2684 3379 2860 3431 neque
2898 3366 2941 3419 si
2971 3367 3211 3422 venisset
3253 3370 3351 3439 pro
3399 3389 3516 3430 res-

240 3451 305 3509 ει
347 3470 447 3525 quo
492 3456 705 3524 aliquod
750 3454 939 3523 gratiae
985 3456 1180 3510 merito
1224 3454 1484 3524 pecuniae,
1533 3470 1816 3510 numerum
1918 3467 2094 3522 ponso
2114 3452 2454 3510 dominorum
2476 3468 2696 3510 suorum
2718 3454 3087 3513 denuntiando
3116 3475 3511 3520 annueramus:

240 3543 448 3617 (ἵστω,
495 3541 795 3601 Ᾱηινοτυιη
822 3542 840 3617 ]
868 3544 1049 3614 gentis
1094 3544 1369 3617 pollicitus
1411 3554 1496 3602 est
1540 3546 1818 3617 impertire
1917 3551 2128 3599 tantum
2165 3545 2292 3615 quia
2344 3546 2567 3601 minime
2613 3549 2947 3620 properavit,
2996 3551 3353 3621 nequissimus
3391 3572 3516 3611 nam

241 3632 559 3692 Francorum.
596 3634 771 3707 Unde
791 3635 906 3705 jam
959 3650 1049 3693 me
1094 3645 1339 3705 constat;
1370 3648 1676 3695 memoratu
1706 3637 1817 3695 tilio
1917 3635 1987 3690 dc
2016 3634 2233 3693 homine
2268 3646 2509 3693 vestrum
2538 3636 2688 3692 illum
2730 3638 2887 3707 cujus
2924 3640 2990 3693 ad
3034 3643 3376 3710 praesentiam
3423 3644 3516 3701 titii

240 3736 397 3783 vestro
419 3728 628 3783 domino
659 3727 1018 3785 Theutiberto
1046 3745 1146 3801 per
1174 3730 1546 3787 venerabilem
1592 3731 1815 3788 iratrem
1916 3728 2083 3783 vestri
2135 3727 2356 3796 gloriosi
2393 3728 2598 3784 domini
2639 3726 2968 3785 Gundemari
3024 3731 3169 3800 regis
3222 3733 3517 3803 eiﬂagitarc

242 3828 448 3875 testrum
488 3820 760 3876 dominum
792 3820 932 3878 etin
958 3821 1174 3879 Christo
1204 3824 1331 3878 mibi
1370 3834 1580 3895 patrem
1627 3839 1816 3878 verum
1918 3817 2175 3873 videmini
2226 3818 2471 3885 aditum,
2517 3819 2681 3875 debet
2734 3836 2887 3877 meos
2952 3831 3133 3878 vestra
3193 3824 3246 3879 in
3303 3843 3516 3885 summo

242 3911 525 3981 episcopum
550 3912 855 3967 destinasse
882 3914 1105 3982 scripta,
1138 3929 1235 3984 per
1262 3929 1399 3985 quas
1437 3915 1645 3969 innotui
1672 3914 1817 3984 quod
1918 3906 2311 3979 propositionis
2349 3907 2631 3965 tabescere
2660 3911 2908 3977 exordio,
2958 3912 3081 3970 dum
3121 3916 3321 3972 veritas
3360 3920 3513 3977 vobis

243 4002 334 4069 jam
384 4002 589 4071 pecunia
618 4018 647 4055 a
682 4000 792 4055 ﬁlio
821 4010 1008 4057 vestro
1054 4003 1257 4061 domno
1304 4020 1428 4061 meo
1473 4002 1821 4061 Gundemaio
1920 4006 2148 4071 experto
2195 3999 2399 4058 lumine
2449 3998 2674 4071 fulgeat,
2703 4010 2759 4058 et
2804 4002 3066 4074 justitiam
3092 4022 3256 4079 quam
3294 4014 3517 4083 speculo

243 4106 350 4159 rege
378 4091 585 4147 directa.
619 4091 719 4148 ilic
748 4093 879 4147 mibi
912 4094 965 4147 in
994 4090 1197 4151 Gallias
1224 4110 1347 4153 esse
1372 4097 1724 4167 dignoscitur,
1759 4104 1821 4152 ut
1922 4092 2169 4149 interiori
2214 4092 2551 4164 prospicitis,
2585 4093 2783 4163 injusta
2831 4096 3118 4155 verborum
3162 4104 3518 4161 excusatione

246 4182 504 4252 prudentes
547 4201 610 4238 ex
661 4200 763 4239 suo
806 4184 1007 4257 dirigat
1032 4196 1332 4259 conspectu
1381 4189 1708 4259 legatoszet
1753 4201 1818 4242 ea
1922 4186 2293 4243 dissimulatis.
2328 4186 2459 4255 Quis
2497 4195 2693 4244 vestras
2735 4204 2843 4245 nou
2877 4191 3177 4261 prospiciat
3214 4195 3519 4253 sanctitatis

246 4290 345 4343 utre
372 4275 434 4329 ob
459 4276 775 4330 charitatem
825 4289 960 4344 geus
997 4275 1300 4333 Gothorum
1330 4289 1515 4347 sperat
1545 4280 1818 4345 universa,
1924 4278 2219 4346 ingenium,
2268 4286 2326 4333 et
2372 4293 2437 4333 ea
2472 4292 2595 4347 quae
2639 4281 2850 4336 actibus
2888 4284 3252 4353 exasperastis
3281 4285 3517 4355 illicitis,

248 4367 481 4433 promittit
504 4367 841 4422 tradentibus
872 4368 1069 4437 placita
1097 4369 1291 4426 saltem
1311 4370 1693 4427 cnntradautus
1724 4373 1821 4428 bo-
1924 4366 2139 4424 blandis
2163 4367 2443 4425 intenditis
2467 4368 2810 4439 eloquiortnu
2853 4371 3025 4428 lenire
3057 4370 3381 4431 tendiculis?
3410 4377 3517 4433 Ta-

251 4457 469 4512 minibus.
497 4456 703 4513 Obinde
752 4468 905 4514 tuam
934 4462 1279 4516 sanctitatem
1310 4463 1488 4520 debita
1519 4463 1822 4525 humilitate
1923 4459 2029 4516 lem
2055 4459 2201 4516 enim
2240 4468 2499 4524 vestram,
2530 4460 2575 4515 si
2606 4461 2819 4518 veniam
2850 4463 3101 4529 tribuitis,
3133 4463 3518 4526 dissimulatio-

249 4550 473 4620 deposeo,
518 4560 578 4604 ut
624 4558 891 4620 quantum
944 4550 1228 4609 Dominum
1279 4552 1456 4625 diligis
1490 4553 1696 4623 Jesum,
1727 4559 1820 4629 qui
1926 4567 2047 4609 nem
2077 4566 2385 4610 censemus.
2423 4551 2595 4621 Quale
2646 4553 2691 4609 si
2736 4555 2969 4625 quisque
3016 4554 3233 4614 debitor
3280 4559 3519 4617 bumann

250 4653 408 4744 pacem
452 4640 737 4711 prmteritis
783 4642 997 4697 seculis
1042 4642 1335 4715 dereliquit
1382 4646 1611 4716 futuris,
1662 4649 1819 4719 ltujus
1853 4686 1899 4744 υ
1923 4641 2134 4713 ι)υάοη
2161 4641 2397 4707 sublato.
2421 4642 2709 4713 Pl‘Olel‘Via‘:
2746 4642 3117 4710 incitamento,
3149 4652 3520 4720 prmrogativit

250 4727 617 4785 conﬁrmatione
636 4746 737 4801 pro
758 4731 905 4801 pacis
927 4741 1135 4789 tantum
1158 4736 1435 4791 intendere
1460 4736 1697 4806 digneris
1723 4741 1819 4797 dc-
1853 4727 1896 4744 ”
1924 4734 2286 4791 feneratorem
2313 4735 2491 4805 pulset
2511 4734 2907 4804 objectionibus
2926 4745 2983 4793 et
3004 4740 3283 4796 veritatem
3315 4744 3521 4800 habens

251 4818 544 4878 iectabiliter.
573 4822 642 4878 Et
665 4825 712 4879 si
740 4826 1033 4893 agnoscitis
1058 4843 1176 4883 eam
1198 4845 1361 4899 quam
1412 4829 1705 4889 direximus
1749 4834 1817 4889 ad
1921 4831 2222 4902 pusilentus
2277 4831 2515 4887 cmditor
2568 4841 2749 4901 tegat,
2803 4848 2966 4904 quam
3022 4834 3381 4892 calumniator
3442 4838 3521 4891 In.

252 4912 470 4969 domuum
499 4914 911 4975 Tbeutibertum
964 4924 1211 4992 paginam
1242 4926 1584 4993 pervenisse;
1632 4935 1727 4983 aut
1771 4927 1816 4983 si
1919 4921 2138 4991 quendo
2179 4926 2394 4994 penitus
2447 4924 2758 4979 erubescat.
2796 4924 2978 4982 Manet
3005 4928 3148 4983 enim
3199 4928 3309 4985 (ilio
3338 4940 3520 4985 vestro

253 5017 303 5056 ea
337 5020 441 5074 qua:
468 5023 560 5075 per
592 5009 785 5078 legatis
822 5009 1127 5066 Gothorum
1179 5023 1303 5067 sunt
1350 5017 1451 5069 sub
1497 5016 1813 5073 deﬁnitione
1919 5013 2159 5082 glorioso
2205 5013 2406 5070 domno
2452 5030 2578 5069 uteo
2616 5014 2962 5071 Gundetnaro
3023 5020 3135 5087 regi
3203 5029 3519 5089 cuncta‘que

254 5092 375 5161 inita,
425 5098 467 5153 si
494 5099 795 5155 manebunt
828 5101 1096 5159 veraciter
1141 5104 1368 5171 aiiegata
1392 5144 1407 5169 ,
1440 5105 1523 5160 vel
1553 5116 1810 5176 quantum
1918 5104 2065 5169 genti
2092 5101 2388 5158 Gothorum
2432 5118 2538 5159 non
2566 5107 2758 5175 exigua
2799 5107 2893 5162 sed
2937 5124 3128 5177 magna
3160 5110 3401 5177 pecunia:
3434 5127 3518 5165 re-

255 5184 651 5250 pudietusﬁlius
670 5198 854 5245 vester
878 5191 931 5245 in
951 5190 1470 5265 Abaturutulforte,
1496 5194 1817 5269 Avarorum]
1924 5192 2150 5263 petitio,
2200 5201 2259 5247 ut
2306 5194 2516 5249 nobiles
2560 5195 2800 5263 ejusdem
2858 5198 3037 5265 gentis
3089 5200 3296 5265 legatos
3340 5212 3516 5255 vestra

256 5275 411 5333 bellica
439 5276 793 5349 triumphatos
822 5290 908 5335 est
935 5282 1071 5344 acie,
1107 5283 1300 5338 vestris
1330 5298 1637 5339 mereamur
1686 5286 1817 5341 all'e-
1924 5285 2457 5353 magniﬁcentissime
2484 5303 2606 5342 cum
2628 5291 2913 5345 consolato
2939 5292 3179 5346 veritatis
3206 5296 3374 5363 gratia
3406 5296 3515 5351 ἀίε-

257 5368 403 5423 (tibus
424 5370 719 5426 informari.
752 5368 885 5425 Nam
917 5382 975 5427 et
1000 5372 1154 5426 nobis
1183 5375 1422 5429 currenti
1450 5386 1533 5430 est
1561 5376 1819 5448 opinione
1890 5364 1893 5365 ν
1924 5387 2205 5431 currentes
2225 5379 2293 5431 ab
2325 5387 2505 5433 vestro
2536 5379 2734 5447 injuste
2765 5382 3007 5452 principe
3036 5386 3197 5453 capti.
3229 5386 3515 5443 (ietuiuata

260 5456 397 5523 plebis
421 5473 779 5531 compertum,
810 5465 953 5532 quod
987 5463 1320 5533 Brunigildes
1342 5470 1539 5536 regium
1559 5480 1614 5522 et
1638 5467 1819 5522 Thcu-
1925 5471 2141 5529 malitia“:
2192 5474 2443 5544 largitate
2473 5474 2714 5528 dedecus
2754 5491 2915 5530 omne
2955 5478 3299 5546 relegationis
3339 5479 3515 5551 pet-fe-

259 5552 391 5605 derit'i
434 5558 566 5624 regis
596 5558 743 5626 ipsos
779 5558 981 5611 Abates
1022 5556 1226 5630 βοτη,
1258 5560 1479 5631 Avares]
1512 5564 1577 5615 ad
1607 5560 1817 5615 bellan-
1924 5569 2048 5617 rant
2090 5564 2347 5634 egestatis
2388 5566 2704 5634 opprobrio.
2738 5564 2923 5620 Pateat
2970 5583 3099 5623 vero
3127 5568 3430 5625 'l‘otilauetn
3465 5578 3517 5625 et

260 5640 357 5694 dum
383 5642 914 5703 dntuui'l'bcutiberti
941 5658 1270 5706 convocatos
1311 5662 1366 5707 et
1408 5654 1475 5707 de
1518 5652 1629 5708 suis
1674 5652 1818 5708 sedi-
1922 5652 2324 5709 Gundrimirum
2371 5654 2517 5709 viros
2560 5656 2795 5711 illustres
2840 5673 2870 5711 a
2916 5660 3263 5715 serenissiuto
3292 5658 3519 5714 domino

261 5730 338 5788 bus
376 5740 745 5809 transmigrare
792 5740 1129 5810 provinciam
1159 5744 1340 5812 :quod
1382 5745 1667 5801 enuntiare
1728 5760 1821 5800 ca-
1924 5762 2048 5801 meo
2076 5746 2425 5803 Gundemaro
2453 5761 2582 5817 rege
2610 5749 2861 5813 directos,
2909 5752 2961 5805 in
3012 5751 3209 5806 ﬁnibus
3237 5751 3434 5804 vestris
3462 5751 3516 5805 iu

261 5820 533 5882 tholicoruru
560 5828 841 5885 infa'tdutu
868 5840 952 5886 est
979 5832 1217 5896 auribus.
1266 5844 1324 5888 ut
1368 5833 1670 5891 Christiana
1720 5836 1821 5892 sub
1922 5837 2102 5894 locum
2128 5838 2368 5909 lrapiuas
2397 5848 2522 5909 post
2545 5840 2744 5894 illatam
2774 5856 2959 5897 eorum
2990 5842 3395 5911 despectiouetu
3434 5842 3513 5896 itt-

262 5913 477 5985 felisionc
516 5936 781 5995 personas
810 5938 998 5981 revera
1030 5926 1217 5997 procul
1247 5942 1275 5982 a
1306 5927 1532 5987 Domino
1560 5930 1821 5987 constitu-
1923 5938 2009 5987 ter
2034 5930 2394 6001 prteccptioue
2415 5928 2701 5999 clausistis,
2725 5939 2783 5987 et
2805 5931 2871 5987 ad
2898 5948 2993 5989 vos
3024 5945 3192 6000 usque
3220 5930 3511 5987 succedere
