3874 6224
381 369 474 424 iii

1444 382 1720 441 PAULUS
1763 385 2210 443 EMERITANUS
2264 386 2614 444 DlACONUS.

3586 372 3683 426 H2

378 485 676 540 loculcnter
705 484 902 539 aditum
928 485 1247 554 denegastis.
1285 482 1426 539 Ecce
1463 498 1583 553 qua
1626 499 1751 554 pars
1797 492 1977 539 vestra
2005 491 2057 548 Λ
2083 497 2186 554 est,
2212 489 2278 544 ad
2309 497 2650 560 praesentiam
2679 490 2904 562 gloriosi
2933 490 3138 547 domini
3164 491 3272 547 mei
3308 489 3533 546 libertas
3564 507 3682 544 nin-

376 576 707 630 t-onunisrrit
748 577 937 632 vestris
981 591 1086 631 non
1115 583 1241 629 sunt
1270 575 1541 644 incognita
1571 574 1843 629 mentibus
1869 591 1884 639 ;
1915 581 1970 627 et

375 675 581 719 tantum
613 681 641 719 a
674 665 823 721 vobis
850 665 1060 735 injuria:
1080 665 1433 720 acerbitatem
1473 662 1792 719 vehentibus
1820 661 1970 717 insu-

375 770 470 824 per
500 763 801 810 vestrorum
821 755 889 810 ad
912 755 1197 826 pratsentia
1228 753 1414 826 inclyti
1442 752 1646 810 domini
1675 753 1781 808 mei
1818 753 1968 822 lega-

376 858 573 913 torum,
604 847 769 901 vestri
810 845 1112 902 simulando
1156 845 1373 913 litteris,
1405 845 1547 900 viam
1590 845 1804 915 aperire
1835 859 1970 899 con-

373 942 615 1006 queritis.
644 941 838 996 Videat
879 941 1173 996 altissimus
1215 955 1246 995 a
1281 938 1492 995 celesti
1539 938 1678 994 solio
1718 939 1970 1009 princeps

373 1034 510 1090 hanc
533 1050 780 1100 causam;
805 1044 861 1090 et
883 1035 1063 1090 divina
1090 1041 1299 1104 partem
1337 1031 1545 1086 ultione
1571 1029 1849 1086 confodiat
1875 1028 1967 1100 qui

376 1126 572 1195 injuste
603 1128 740 1196 parti
790 1127 1012 1182 alterius
1039 1127 1186 1182 visus
1222 1132 1306 1179 est
1345 1120 1595 1178 conferre
1624 1122 1966 1186 molestiam,

373 1226 426 1268 et
452 1217 542 1285 qui
573 1218 893 1271 charitatem
916 1213 1221 1284 respuendo
1250 1228 1439 1282 pacem
1469 1212 1699 1274 excelsas
1728 1220 1969 1282 potesta—

375 1308 443 1360 tis
469 1307 752 1361 violaverit
793 1306 1036 1377 captiose
1080 1307 1353 1360 dilectam.
1391 1305 1540 1360 Licet
1567 1306 1692 1359 dum
1733 1303 1968 1360 ﬁliorum

373 1411 558 1465 regum
607 1396 855 1465 idemque
897 1409 1200 1451 vestrorum
1247 1397 1455 1450 litteras
1482 1396 1835 1466 accepissem,
1867 1410 1967 1451 eo-

374 1505 491 1541 rum
522 1488 766 1558 protinus
806 1487 1095 1543 refortnavi
1140 1489 1463 1559 rescriptum
1493 1489 1638 1559 quod
1674 1489 1719 1545 si
1751 1504 1962 1545 memo-

374 1578 474 1631 rati
498 1579 720 1648 gloriosi
755 1579 1023 1649 principes
1050 1589 1396 1649 acceperunt,
1427 1581 1541 1635 sive
1568 1581 1618 1634 in
1643 1590 1821 1636 vestra
1850 1580 1968 1636 fue-

373 1670 441 1724 rit
471 1671 781 1739 cognitione
802 1670 1117 1737 deductum,
1143 1672 1288 1725 nullo
1317 1672 1674 1726 denuntiante
1701 1674 1968 1741 comperi-

370 1777 506 1815 mus.
527 1761 630 1815 Sed
657 1771 712 1814 et
733 1767 925 1815 vestrae
947 1761 1128 1831 itaque
1153 1745 1585 1817 honorilicentize
1607 1763 1966 1830 declaramus,

2069 590 2199 637 neat
2255 583 2465 639 itineris
2515 586 2842 654 legatorum.
2882 584 3018 639 Nam
3063 584 3134 640 de
3173 584 3310 639 locis
3361 582 3509 638 unde
3557 582 3683 636 inti-

2071 676 2255 729 mastis
2282 675 2573 734 Jubiniano
2627 688 2682 734 et
2722 677 3076 744 Corneliano,
3119 692 3239 746 quae
3289 677 3342 730 in
3399 675 3682 746 provincia

2070 763 2370 821 Gothorum
2400 770 2642 825 noscitur
2669 769 2868 826 domna
2894 768 3232 838 Brunigildes
3255 770 3592 838 possedisse,
3626 775 3683 821 ut

2069 858 2181 913 suis
2210 867 2334 928 post
2361 859 2477 928 ejus
2501 861 2625 929 jure
2648 862 2854 916 adittun
2882 862 3180 916 tribuamus
3211 861 3558 924 hominibus;
3593 877 3683 914 ore

2070 946 2357 1003 dinandam
2377 952 2636 1006 miramur
2652 960 2798 1007 tuam
2813 952 2892 1008 sic
2908 968 3008 1008 nos
3028 954 3245 1007 hortare
3264 950 3685 1018 beatitudinem,

2073 1054 2131 1100 ut
2154 1043 2272 1100 loca
2298 1060 2418 1116 qua:
2447 1062 2547 1119 pro
2576 1047 2876 1102 stabilitate
2904 1046 3211 1102 concordia:
3236 1053 3440 1101 sancta:
3475 1059 3688 1100 memo-

2071 1141 2164 1197 riae
2193 1141 2445 1198 dominus
2490 1152 2676 1198 noster
2713 1141 3064 1202 Recharedus
3093 1157 3192 1196 rex
3223 1145 3276 1195 in
3313 1140 3438 1207 jure
3469 1155 3684 1193 metuo-

2071 1240 2202 1288 rata:
2230 1217 2556 1295 contradidit
2584 1233 2798 1288 domum
2832 1233 2938 1301 (ut)
2963 1246 2994 1284 a
3021 1230 3266 1300 partibus
3296 1227 3498 1283 vestris
3527 1241 3687 1280 scan—

2070 1325 2252 1380 dalum
2293 1327 2656 1382 nutrientibus
2694 1325 2870 1382 fmdus
2913 1325 2985 1379 sit
3021 1323 3301 1378 charitatis
3330 1321 3642 1390 disruptum
3672 1336 3686 1372 :

2071 1427 2128 1473 et
2154 1434 2281 1488 pars
2308 1417 2429 1488 jura
2469 1434 2589 1489 quae
2624 1420 2900 1473 stimulum
2932 1416 3118 1472 illicite
3143 1414 3393 1475 suscitat,
3423 1411 3549 1481 jura
3586 1411 3686 1465 de-

2071 1512 2195 1566 beat
2238 1514 2417 1579 gentis
2462 1510 2742 1582 possidere
2769 1508 3091 1564 Gothomm.
3143 1507 3397 1582 Arbitror
3443 1505 3597 1558 enim
3631 1511 3690 1557 ut

2070 1615 2134 1656 ea
2181 1575 2302 1670 qua:
2343 1575 2477 1671 pars
2509 1608 2687 1656 vestra
2740 1598 2938 1669 injuste
2989 1597 3233 1652 noscitur
3275 1575 3596 1657 admisisse;
3642 1591 3688 1645 si

2072 1692 2365 1746 emendare
2394 1691 2714 1756 malueritis,
2750 1691 2950 1758 poterit
2996 1696 3214 1756 gentem
3245 1693 3602 1752 vestramque
3635 1682 3689 1736 in

2072 1783 2335 1836 charitate
2365 1794 2692 1843 connexam,
2726 1778 2913 1833 eadem
2945 1792 3046 1830 suo
3079 1777 3203 1844 jure
3242 1774 3442 1828 dotnna
3481 1770 3686 1826 Bruni-

371 1854 417 1904 si
447 1860 659 1906 remoto
693 1851 1051 1908 simulationis
1082 1867 1268 1923 pacem
1296 1862 1424 1925 typo
1453 1859 1671 1909 sertiare
1692 1854 1966 1910 desidera-
1999 1879 2047 1940 Β
2074 1877 2242 1944 83M“
2289 1875 2582 1930 defendere
2639 1873 2782 1928 loca,
2813 1869 2892 1926 Το
2939 1870 3166 1939 quippe,
3215 1867 3533 1922 beatissime
3578 1865 3686 1927 vir,

368 1941 455 2033 tis,
489 1956 609 2010 quae
638 1947 878 1996 dominio
932 1947 1167 1997 maxima
1207 1958 1326 1999 sors
1355 1960 1475 2000 esse
1517 1947 1883 2014 cognoscitur,
1915 1957 1970 2001 et
2070 1941 2196 2024 (ium
2231 1968 2493 2022 hactenus
2522 1965 2768 2033 benignis
2789 1962 3004 2027 animis,
3035 1969 3092 2016 οι
3120 1956 3468 2014 πραπίδας
3500 1954 3682 2022 evasi-

367 2031 639 2088 Christum
667 2033 937 2104 diligenda
967 2037 1266 2091 concordes
1295 2052 1416 2093 cum
1446 2038 1638 2093 Gothis
1678 2039 1843 2093 corde
1872 2054 1897 2092 a

2151 2067 2272 2112 item
2321 2056 2531 2117 studiis,
2582 2031 2851 2122 nimisque
2900 2048 3191 2105 formidare
3239 2046 3681 2114 omnipotentem

366 2126 494 2181 mus
539 2141 857 2196 Permanere
902 2125 1129 2194 ἀενοωῖ
1165 2144 1272 2184 ηυη
1305 2138 1523 2200 oportet
1553 2138 1613 2184 ιιι
1647 2145 1709 2184 ea
1757 2137 1965 2184 “imum
2071 2150 2458 2204 meminimus?
2509 2145 2795 2213 Quomodo
2839 2159 2998 2199 cures
3039 2143 3082 2196 si
3137 2141 3301 2195 tantis
3342 2135 3688 2207 tempOribns

365 2214 522 2270 labiis
563 2215 870 2272 ¹²¹¹θοίίδυ⁸
899 2216 1221 2288 Vorenus:
1266 2220 1360 2274 ⁵εά
1389 2231 1578 2290 Pacem
1607 2233 1769 2288 quam
1812 2221 1969 2275 Ποδίε
2072 2241 2314 2296 Charitas
2379 2239 2661 2307 utriusque
2718 2236 2883 2289 illam
2946 2232 3155 2300 agentis
3216 2247 3275 2285 es
3313 2228 3425 2282 Deo
3469 2227 3687 2280 dicatus

365 2308 710 2401 {ervamibuif
731 2309 832 2379 ίνδί
865 2312 1015 2401 Prius
1042 2311 1268 2376 ίπυθνθν
1305 2312 1561 2380 verrem“
1588 2313 1971 2368 dem°"5"3"'
2075 2334 2302 2389 antistes
2329 2347 2359 2385 a
2401 2330 2756 2401 principibus,
2788 2335 2846 2380 ut
2874 2340 2996 2394 quae
3023 2339 3130 2393 pax
3176 2321 3303 2377 olim
3347 2335 3378 2373 a
3411 2316 3688 2388 prioribus

366 2396 494 2496 dum
544 2399 800 2496 operibus
846 2400 1253 2458 demonstretis.
1296 2402 1521 2473 Dignum
1571 2415 1653 2461 est
1693 2405 1856 2460 vestri
1912 2415 1970 2462 ut
2076 2426 2316 2496 gentium
2353 2396 2593 2478 υίηπυηῆ
2643 2419 2896 2491 gentibus
2944 2417 3219 2485 colligata,
3267 2426 3410 2468 nunc
3461 2415 3688 2462 maneat

364 2487 597 2560 primum
640 2490 692 2545 iu
735 2506 830 2546 sua
869 2492 1130 2563 dignitate
1158 2493 1462 2550 Gothorum
1506 2497 1862 2552 restituantur
1889 2498 1968 2552 le-

367 2582 510 2648 gati;
569 2589 623 2636 et
652 2582 794 2638 inter
822 2583 1039 2640 afﬁnem
1084 2587 1361 2655 sanguinis
1402 2595 1620 2656 gentem
1658 2595 1968 2642 servantem

371 2684 577 2737 vacem,
621 2672 849 2729 Domino
899 2674 1212 2742 adiuvante,
1263 2685 1602 2741 vestrorum,
1653 2677 1700 2731 si
1746 2692 1970 2732 necesse

2077 2517 2356 2579 dissoluta,
2388 2515 2515 2569 dum
2550 2520 2734 2568 vestro
2779 2509 2966 2565 debuit
3008 2523 3078 2564 ex
3125 2505 3354 2562 consilio
3385 2503 3440 2558 ia
3479 2513 3687 2570 perpe-

2079 2622 2229 2666 tuum
2252 2609 2494 2664 existere
2527 2603 2820 2659 roborata?

1712 2947 1877 2992 ANNO
1923 2949 2146 2992 DOMINI
2195 2947 2316 2990 DCI
2333 2973 2347 2988 .

647 3047 1596 3216 PAULUS
1733 3042 3308 3212 EMEBITANUS
3351 3159 3390 3226 ,

1809 3303 1890 3362 Dl
1904 3302 2230 3364 AGONUS.

564 3471 1060 3558 NOTITIA
1136 3475 1788 3560 HISTOBICA
1863 3476 1982 3558 IN
2060 3476 2094 3556 Ι

1965 3477 1982 3554 l
2060 3471 2567 3556 PAULUM
2643 3472 3495 3560 EMERITANUM.

1425 3639 1640 3700 (Antonii
1667 3637 1793 3688 Bibl.
1816 3635 1952 3697 Ηιερ.
1979 3601 2094 3683 ἧι.
2116 3639 2150 3682 ι.
2177 3630 2216 3690 l,
2250 3632 2480 3693 [1373,11
2500 3629 2554 3677 at
2571 3629 2582 3676 I
2599 3628 2635 3689 .)

437 3835 607 3906 Hujus
637 3836 893 3907 temporis
919 3834 1119 3892 Paulus
1150 3837 1240 3892 ille
1266 3847 1349 3894 est
1397 3838 1747 3894 Emeritenxis
1775 3837 1962 3892 diaco-
1996 3832 2040 3898 C
2073 3847 2256 3902 parum
2309 3830 2523 3899 antiqua
2564 3833 2616 3885 in
2661 3831 2723 3886 S.
2757 3830 3011 3887 Ecclesia:
3061 3834 3327 3893 Toletum:
3365 3839 3688 3899 bibliotheca

372 3946 495 3993 nus,
527 3929 618 4000 qui
657 3929 724 3983 de
745 3928 868 3983 Vita
896 3935 953 3982 et
983 3929 1256 3985 miraculis
1295 3930 1512 3985 Patrum
1554 3931 1965 3986 Emeritensium

372 4021 571 4077 librum
619 4020 776 4075 nobis
823 4019 1058 4088 reliquit.
1112 4019 1264 4076 llunc
1310 4038 1338 4076 a
1386 4024 1568 4076 multis
1607 4022 1964 4077 desideratum

370 4113 575 4183 primus
621 4109 792 4165 edidit
841 4110 1113 4165 Barnabas
1158 4111 1379 4167 Moreno
1420 4116 1486 4168 de
1529 4113 1730 4181 Vargas
1762 4110 1967 4165 lintei-i3

371 4202 536 4257 tensis
584 4201 731 4254 urbis
768 4200 1006 4266 decurio,
1039 4202 1131 4270 qui
1158 4202 1396 4269 ejusdem
1428 4189 1645 4272 quoque
1689 4201 1967 4256 historiam

374 4293 725 4361 conscripsit,
759 4291 956 4345 Matrili
990 4307 1134 4348 anno
1164 4291 1295 4347 1651
1340 4293 1509 4348 ἱππ-4ο.
1550 4295 1752 4349 Deinde
1774 4297 1968 4347 iterum

373 4385 438 4441 ι).
471 4384 710 4440 Thomas
756 4384 1011 4440 Tamaius
1050 4387 1119 4440 de
1141 4385 1366 4456 Vargas,
1409 4387 1489 4441 vir
1516 4387 1867 4453 clarissimus,
1901 4387 1969 4442 ad

371 4483 586 4529 veteres
629 4489 750 4528 cum
799 4473 1042 4530 Gothica:
1072 4483 1186 4529 tum
1219 4474 1420 4531 Latium
1469 4477 1748 4547 scriptura:
1799 4493 1970 4532 mem-

371 4565 572 4622 branas
601 4565 882 4629 collatum,
915 4580 979 4620 ac
1019 4567 1251 4636 propriis
1290 4567 1433 4622 notis
1481 4567 1824 4631 illustratum,
1857 4568 1971 4622 An-

376 4659 600 4728 tuerpite
653 4658 794 4728 apud
827 4656 1086 4711 Joannem
1118 4655 1406 4712 lleursium
1438 4656 1579 4711 4658
1624 4655 1796 4711 ἰη-ιο.
1836 4655 1971 4714 Octo

373 4749 584 4806 scilicet
611 4749 860 4820 exempla
893 4749 936 4804 is
966 4749 1035 4804 ad
1081 4762 1273 4804 manus
1323 4749 1531 4816 habuit,
1587 4759 1822 4818 quatuor
1864 4747 1973 4806 Go-

360 4833 536 4899 thlcis
584 4841 801 4907 litteris,
842 4840 1067 4896 totidem
1121 4838 1326 4896 Latinis
1378 4850 1620 4897 exarata.
1654 4841 1976 4899 Ambrosius

375 4931 613 4992 Ionica
642 4931 695 4987 in
746 4931 970 4988 scholLis
998 4931 1064 4986 ad
1094 4933 1266 4988 sancti
1309 4930 1514 5001 Eulogii
1552 4929 1805 4988 Toletani
1855 4935 1970 5004 epi-

379 5020 537 5095 sﬂspl
575 5033 630 5081 et
659 5023 913 5096 martyris
961 5034 1125 5093 caput
1157 5023 1390 5093 primum
1430 5023 1549 5078 libri
1581 5038 1618 5080 η
1645 5021 1975 5081 Memorialis

380 5123 711 5179 sanctorum,
735 5115 958 5171 alterius
992 5127 1212 5184 quoque
1232 5112 1468 5183 ejusdem
1499 5115 1680 5186 operis
1707 5118 1969 5172 tueminit.

2072 3921 2344 3981 habentur,
2387 3921 2565 3972 eadem
2592 3922 2754 3974 multo
2777 3925 3054 3977 vetustiora
3079 3927 3130 3978 in
3157 3930 3421 3983 nonnullis
3451 3933 3574 3987 aliis
3609 3933 3688 3986 bi-

2073 4013 2340 4065 bliothecis
2365 4015 2743 4081 conspeximus.
2774 4010 3181 4070 LaudantPauli
3210 4017 3347 4073 hanc
3369 4020 3689 4091 historiam,

2073 4119 2193 4157 (.Um
2225 4102 2362 4156 idem
2392 4101 2622 4159 Morales
2661 4105 2778 4158 aliis
2809 4105 2939 4160 locis
2969 4105 3062 4172 (ln
3105 4106 3413 4180 Prolegom.
3444 4120 3585 4167 tom.
3622 4114 3687 4175 ll.

2073 4194 2174 4249 sub
2215 4193 2369 4247 titulo
2404 4193 2504 4248 Las
2553 4196 2752 4265 ayudos
2788 4215 2884 4266 que
2915 4208 3052 4265 tuvo,
3101 4211 3157 4256 et
3197 4202 3288 4256 lib.
3323 4220 3403 4271 ιι,
3461 4221 3512 4260 c.
3548 4205 3687 4276 72),

2075 4297 2189 4341 tum
2221 4287 2334 4352 alii,
2370 4293 2477 4340 tam
2522 4288 2692 4342 nostri
2747 4305 2906 4358 quam
2944 4292 3116 4346 exteri
3163 4295 3690 4366 scriptores(Baro-

2076 4378 2195 4434 nius
2223 4377 2292 4433 ad
2321 4393 2448 4432 ann.
2497 4375 2600 4432 589
2632 4389 2780 4434 tomo
2810 4379 2921 4435 Vll.
2954 4379 3194 4437 Mariana
3225 4383 3318 4438 lib.
3349 4401 3407 4453 v,
3436 4400 3559 4457 cap.
3589 4387 3688 4441 15.

2080 4466 2278 4524 Padilla
2336 4478 2480 4524 cent.
2532 4485 2622 4536 vn,
2657 4484 2778 4541 cap.
2812 4469 2902 4536 i7,
2943 4470 3233 4542 pluresque
3263 4472 3373 4539 alii,
3405 4489 3546 4544 quos
3575 4474 3692 4532 Ta-

2075 4562 2252 4616 maius
2299 4562 2521 4631 collegit
2569 4564 2622 4617 in
2674 4562 2941 4632 principio
2984 4561 3303 4633 Natarum).
3333 4564 3483 4622 later
3534 4582 3692 4639 quos

2075 4653 2440 4726 Hieronymus
2495 4654 2772 4710 Romanus
2815 4654 3240 4726 Augustinianus
3268 4657 3338 4714 de
3377 4659 3691 4732 Republica

2076 4745 2371 4802 christiana
2401 4759 2568 4816 agens
2588 4744 2680 4800 lib.
2714 4763 2748 4809 ι,
2782 4761 2903 4815 cap.
2930 4745 3016 4811 15,
3053 4747 3107 4802 in
3136 4748 3248 4805 suis
3277 4749 3461 4809 Mundi
3487 4752 3692 4810 rebuso

2076 4834 2323 4906 publicis,
2379 4835 2650 4908 quoddam
2702 4835 2865 4902 hujus
2913 4837 3097 4905 operis
3142 4840 3450 4911 exemplum
3481 4857 3590 4898 ms.
3625 4859 3692 4900 se

2076 4922 2372 4981 redemisse
2417 4925 2524 4990 ait,
2565 4933 2621 4981 et
2666 4924 2834 4981 veluti
2879 4941 2944 4981 ex
2975 4921 3099 4983 Orci
3140 4928 3386 4987 faucibus
3413 4931 3692 5000 eripuisse

2080 5034 2109 5074 a
2137 5018 2369 5090 quodam
2415 5020 2707 5089 bibliopola
2755 5017 3145 5089 Complutensi.
3177 5023 3304 5080 dum
3343 5023 3602 5094 perdere,
3629 5027 3690 5081 id

2075 5114 2186 5183 jam
2217 5110 2416 5181 vellet;
2439 5120 2604 5184 atque
2633 5129 2754 5168 cum
2785 5112 2904 5170 aliis
2947 5113 3097 5172 libris
3121 5115 3395 5170 Toletanie
3423 5112 3692 5176 Ecclesiae

384 5205 586 5262 Ρααιιη
639 5205 722 5260 hic
770 5205 1111 5263 Emeritensis
1153 5206 1310 5277 (Act.
1343 5204 1494 5276 Hisp.
1528 5207 1694 5263 illusi.
1729 5217 1839 5262 tom
1881 5208 1968 5272 ιν,
2005 5226 2052 5285 ο
2079 5203 2327 5259 donasse.
2364 5203 2548 5275 anue
2578 5219 2645 5259 eo
2667 5204 2876 5261 videtur
2905 5208 3184 5278 proposito
3207 5207 3276 5261 ab
3304 5215 3532 5264 auctore
3561 5208 3689 5266 foro

370 5315 437 5380 ἢν.
458 5296 602 5371 282)
632 5298 902 5361 diaconus,
934 5316 1050 5353 cum
1079 5297 1419 5353 Emeritensis
1447 5298 1695 5355 Erclesite
1739 5309 1789 5354 et
1834 5303 1969 5355 anti-

380 5381 556 5448 stium
579 5395 693 5464 ejus
736 5391 1006 5447 historiam
1054 5394 1363 5461 scripsisset,
1408 5401 1513 5447 tum
1552 5396 1707 5449 etiam
1749 5394 1812 5446 de
1852 5393 1970 5450 aliis

380 5486 577 5540 sanctis
617 5487 740 5540 siris
787 5486 1028 5559 qmzdam
1063 5485 1324 5558 adjunxit,
1369 5494 1535 5540 exstat
1559 5488 1715 5542 etiam
1742 5485 1970 5556 ejusdem

380 5577 640 5650 confessio
679 5577 938 5633 catholica
979 5576 1096 5648 (α).
1156 5577 1286 5644 Quae
1337 5577 1439 5632 duo
1471 5595 1630 5649 Opera
1680 5595 1807 5634 mss.
1867 5596 1970 5635 non

457 5733 557 5800 ta)
599 5734 892 5800 Diligenter
916 5734 1091 5791 evolvi
1127 5736 1200 5792 cl.
1244 5735 1471 5792 Andreae
1513 5735 1680 5794 Marci
1729 5738 1974 5796 Burrielil

384 5814 634 5878 excerpta
663 5821 694 5860 ο
713 5805 1041 5863 bibliotheca
1082 5805 1343 5862 Toletana
1369 5822 1491 5877 qua:
1543 5809 1596 5862 in
1624 5809 1827 5878 regiam
1865 5810 1976 5865 Ma-

387 5873 668 5932 tiitensetu
711 5891 1065 5948 concessere;
1106 5886 1218 5935 tum
1260 5873 1469 5948 nostra,
1522 5873 1977 5950 attjtte'Escui-ia-

2078 5309 2256 5362 mata,
2305 5309 2368 5354 ut
2417 5298 2679 5367 exemplis
2739 5314 2920 5355 rerum
2961 5299 3128 5364 domi,
3175 5298 3281 5354 hoc
3333 5305 3418 5355 est
3457 5299 3514 5356 in
3546 5305 3692 5359 urbe

2079 5388 2399 5445 Emeritensi
2467 5389 2784 5446 mirabiliter
2853 5399 3187 5462 patratarum
3262 5390 3420 5447 iidem
3484 5409 3690 5452 eorum

2078 5481 2446 5544 conﬁrmaret,
2501 5498 2620 5553 quae
2676 5484 2744 5542 de
2797 5483 2961 5539 italia:
2999 5497 3110 5538 suae
3156 5485 3427 5543 miraculis
3456 5497 3691 5546 saueius

2079 5573 2372 5646 Gregorius
2427 5574 2576 5632 libris
2629 5592 2682 5632 tv
2735 5577 3082 5646 Dialogorqu
3155 5577 3471 5649 collegerat.
3529 5577 3690 5646 Quos

2078 5740 2256 5798 lenaes
2283 5743 2743 5812 mss.,catalogos,
2791 5741 2834 5796 si
2867 5741 3008 5799 torte
3037 5744 3089 5799 in
3120 5743 3258 5800 hanc
3287 5741 3438 5812 Pauli
3471 5739 3694 5802 Emeri-

2078 5814 2244 5938 tensirs
2270 5811 2659 5894 Gonfcssionem
2686 5813 2994 5870 catholicam
3049 5814 3367 5872 inciderem.
3413 5811 3524 5871 Sed
3562 5814 3692 5875 fru-

2078 5897 2105 5939 s
2130 5898 2190 5940 ra
2233 5899 2305 5940 tu.
