3874 6224
365 360 467 414 H9

1583 357 1780 412 PAULI
1825 356 2194 413 EMERITANI
2238 360 2302 413 DI
2315 359 2506 415 \CUNI

3518 364 3623 422 ιεο

363 470 507 540 quod
536 469 585 525 ei
614 480 644 523 a
675 479 700 507 ³
732 471 1017 539 pmposito
1045 470 1222 532 celi-.e,
1252 468 1542 525 venerabili
1584 469 1737 535 viro,
1767 469 1939 521 fuerat
1968 474 2015 529 Α
2047 471 2224 525 multa:
2244 512 2259 537 ,
2282 470 2401 525 vela
2431 472 2731 529 holoserica
2759 479 3167 534 innumerabilia
3192 520 3208 542 ,
3239 487 3295 534 et
3321 493 3416 535 aer
3441 480 3622 537 tenuis

361 562 665 629 delegatum
685 602 700 627 ,
730 572 1041 628 perageret;
1070 569 1295 630 repente
1334 562 1473 613 hunc
1512 559 1740 626 contigit
1777 572 1941 625 πετο-

360 660 501 707 tasse
530 668 543 704 :
574 665 803 719 cumque
833 648 899 703 ad
924 647 950 685 δ
974 665 1095 705 eum
1141 648 1490 713 visitandum,
1521 655 1579 700 ut
1619 647 1785 701 moris
1826 655 1938 710 est,

360 742 512 797 multi
555 742 911 804 ambularent,
958 741 1309 810 crebriusque
1357 740 1470 809 ipse
1515 751 1816 809 pergerem,
1870 754 1937 793 en

361 832 554 885 accidit
593 839 751 884 nocte
780 828 1010 897 quadam
1040 828 1305 896 explicitis
1330 829 1630 897 vigiliarum
1660 827 1939 883 solemniis

298 983 307 992 ο
362 924 506 993 (nam
550 923 600 975 iu
625 922 811 975 eadem
843 930 1027 975 saneta
1066 920 1305 976 Ecclesia
1342 938 1459 978 mos
1500 930 1620 983 est,
1653 928 1710 973 ut
1747 920 1941 976 hiemis

360 1022 603 1080 tempore
652 1026 893 1065 seorsum
953 1024 1008 1072 ν,
1065 1008 1385 1064 Matutiuum
1456 1009 1728 1073 officium,
1796 1007 1940 1064 facto

362 1080 647 1152 intervallo
702 1099 915 1151 modico
963 1097 1282 1159 admittente
1335 1101 1561 1155 Domino
1614 1098 1937 1168 celebretur)

357 1205 468 1258 quo
516 1189 677 1257 igitur
731 1190 989 1258 temporis
1035 1189 1343 1255 intervallo,
1386 1204 1505 1244 eum
1553 1189 1619 1243 ad
1654 1188 1939 1242 videndum

357 1296 480 1334 eum
522 1279 878 1348 perrexissezn
905 1296 919 1339 ;
946 1280 1325 1349 ingressusque
1358 1281 1581 1341 cellam,
1618 1280 1668 1333 in
1693 1294 1797 1347 qua
1828 1278 1941 1347 ipse

356 1372 684 1433 recubabat,
714 1381 970 1433 cunctos,
1009 1372 1099 1439 qui
1130 1371 1354 1425 aderant
1373 1414 1389 1436 ,
1420 1371 1490 1423 ita
1530 1370 1704 1438 reperi
1746 1383 1939 1436 sopore

358 1463 662 1529 depressos,
686 1470 745 1515 ut
773 1462 945 1515 nullus
961 1476 1144 1515 eorum
1174 1460 1237 1511 ad
1258 1460 1508 1512 miracula
1538 1458 1719 1511 fuisset
1746 1471 1941 1524 exper-

358 1550 617 1615 gefactus.
666 1548 918 1609 Introivi,
952 1550 1129 1601 lumen
1176 1562 1303 1600 vero
1350 1546 1492 1613 quod
1539 1546 1608 1600 ibi
1653 1549 1937 1600 accensum

356 1646 471 1691 erat
514 1638 834 1700 tax-tinctum
886 1637 1106 1702 inveni;
1148 1636 1239 1705 qui
1286 1635 1530 1706 protinus
1578 1650 1766 1690 omnes
1814 1644 1940 1691 ante

358 1745 478 1783 eum
528 1729 766 1799 jacentes
820 1742 1150 1798 consurgere
1199 1731 1415 1792 intraui.
1464 1735 1520 1783 et
1571 1728 1748 1782 lumen
1795 1728 1939 1795 quod

2042 560 2253 617 ﬂabrari
2282 561 2479 631 frigore
2525 562 2652 619 ﬂatu
2706 582 2805 623 suo
2853 579 3045 626 cuncta
3101 570 3430 639 refrigerans
3476 588 3491 624 :
3546 572 3617 626 ibi

2042 652 2203 707 etiam
2231 652 2338 708 vidi
2367 654 2522 709 sedes
2552 655 2967 719 innumerabiles
3010 661 3213 732 positas
3258 658 3326 715 ad
3370 660 3619 715 dextram

2042 742 2336 813 laevamque
2360 786 2375 812 ,
2406 746 2461 801 in
2493 746 2671 803 medio
2697 762 2827 803 vero
2879 749 3104 805 multum
3133 750 3414 806 sublimior
3440 748 3619 819 posita

2040 839 2419 907 prteminebat;
2452 841 2523 896 ibi
2566 856 2797 909 namque
2834 841 3082 897 astabant
3120 844 3275 913 pueri
3312 843 3625 897 innumera-

2041 926 2195 993 biles,
2228 943 2416 984 omnes
2436 932 2638 993 ornati,
2666 938 2720 984 et
2748 930 2954 999 pulchri
2987 940 3350 999 praeparantes
3374 945 3621 995 mensas,

2042 1018 2413 1072 etconvivium
2437 1019 2687 1075 eximium
2706 1060 2722 1084 ,
2747 1034 2852 1073 non
2880 1018 2947 1074 de
2971 1020 3216 1089 qualibet
3245 1020 3452 1090 pecude
3473 1060 3490 1085 ,
3526 1018 3624 1075 sed

2044 1112 2246 1160 tan'um
2297 1108 2365 1161 de
2406 1107 2645 1162 altllibus
2698 1108 2876 1165 omnis
2933 1108 3229 1177 parabatur
3292 1108 3625 1165 ferculorum

2040 1194 2214 1263 copia,
2243 1204 2298 1249 et
2326 1198 2502 1249 omnia
2532 1212 2651 1265 qua:
2674 1198 2999 1266 parabantur
3024 1207 3179 1253 erant
3200 1197 3423 1253 candida
3445 1198 3625 1252 instar

2039 1282 2211 1344 nivis,
2260 1292 2314 1335 et
2354 1284 2800 1352 prmstolabantur
2845 1286 3128 1341 adventum
3158 1287 3238 1341 sui
3289 1287 3451 1355 regis.
3482 1286 3625 1341 Tum

2039 1374 2233 1429 deinde
2260 1388 2361 1441 ego
2393 1377 2634 1444 indignus
2666 1378 2864 1447 (opera:
2890 1380 3125 1447 pretium
3174 1381 3304 1435 mihi
3334 1379 3629 1434 arbitratus

2039 1462 2382 1531 forehtantm
2406 1465 2482 1518 rei
2511 1465 2825 1519 miraculum
2852 1506 2869 1528 ,
2900 1467 2943 1520 si
2977 1467 3185 1535 plenius
3225 1468 3491 1523 referente
3531 1467 3629 1520 illo

2040 1553 2301 1627 audirem)
2326 1556 2412 1610 aio
2433 1554 2498 1609 ad
2527 1570 2650 1609 eum
2684 1573 2697 1608 :
2728 1555 2821 1609 D'c
2850 1556 3007 1623 mihi,
3028 1557 3277 1620 obsecro,
3304 1559 3430 1612 dum
3456 1557 3628 1621 istud,

2040 1644 2183 1714 quod
2233 1653 2415 1699 narras
2454 1645 2743 1715 parabatur
2764 1687 2779 1712 ,
2814 1656 2868 1700 tu
2897 1647 3024 1717 quid
3055 1646 3289 1702 faciebas
3308 1648 3333 1700 2
3360 1646 3455 1701 Ille
3495 1662 3632 1701 vero

2042 1734 2362 1804 respOnilit:
2406 1734 2652 1789 Omnium
2697 1736 2860 1807 pedes
2915 1735 3230 1803 osculabar,
3268 1746 3325 1790 et
3360 1734 3433 1788 illi
3480 1735 3634 1789 dice-

358 1823 681 1877 exstinctum
748 1822 961 1887 fuerat,
1023 1825 1199 1878 denuo
1254 1825 1550 1879 arcenlere
1609 1824 1862 1893 imperavi
1920 1838 2011 1895 :B
2042 1821 2173 1876 bant
2204 1840 2217 1875 :
2248 1822 2567 1878 Benedictus
2596 1823 2758 1891 Deus,
2785 1825 2876 1893 qui
2919 1833 2971 1878 te
3019 1825 3157 1879 bene
3207 1822 3634 1879 adduxit..Dnm

363 1915 706 1985 adhibitoque
724 1932 844 1969 mox
869 1917 1090 1981 lumine,
1116 1917 1390 1984 pnefatum
1408 1917 1721 1981 Augustum,
1746 1930 1937 1983 quem-

359 2006 646 2061 admodum
701 2022 760 2060 se
808 2006 1049 2069 haberet,
1081 2006 1388 2059 sciscitatus
1425 2020 1561 2058 sum.
1595 2002 1661 2056 At
1709 2003 1797 2057 ille
1847 2004 1938 2055 in-

356 2096 508 2158 quit:
538 2093 794 2163 Equidem
843 2101 1102 2160 quantum
1150 2093 1216 2147 ad
1248 2094 1526 2162 praesentis
1560 2094 1791 2161 pertinet
1820 2092 1940 2145 vitae

356 2199 526 2252 spem,
561 2182 732 2236 fateor
754 2182 824 2235 ita
849 2180 960 2249 jam
989 2197 1178 2237 omnes
1203 2183 1448 2251 corporis
1479 2182 1583 2236 mei
1616 2192 1762 2235 artus
1791 2195 1939 2234 resoo

358 2276 533 2343 lutos,
557 2284 617 2329 ut
642 2276 771 2329 nihil
803 2276 995 2329 virium
1039 2278 1259 2329 omn’no
1301 2275 1648 2337 remanserit;
1682 2282 1937 2343 quantum

358 2382 485 2423 vero
508 2367 739 2434 pertinet
768 2366 832 2418 ad
862 2381 1012 2436 spem
1044 2367 1164 2418 vita:
1186 2373 1429 2429 mternm,
1456 2380 1559 2418 non
1590 2365 1763 2417 solum
1789 2377 1937 2415 snetn

358 2456 555 2510 habere
576 2469 661 2507 me
689 2454 898 2519 gaudeo
924 2495 939 2521 ,
967 2468 1152 2507 verum
1176 2452 1338 2505 etiam
1371 2453 1542 2521 ipsum
1575 2452 1697 2505 vita:
1726 2460 1941 2503 aeterna:

358 2557 547 2602 auctor
570 2562 632 2597 -m
670 2545 952 2599 Dominum
976 2542 1158 2599 Jesum
1180 2540 1454 2597 Christum
1477 2557 1597 2597 cum
1628 2540 1939 2609 angelorum

358 2641 627 2704 catervis,
672 2646 833 2704 atque
876 2636 1116 2689 omnium
1160 2644 1471 2690 sanctorum
1521 2633 1940 2695 innumerabiles

358 2726 758 2791 multitudines,
780 2740 863 2779 me
889 2725 1087 2781 vidisse
1110 2725 1392 2780 confiteor.
1425 2725 1665 2793 Dumque
1688 2724 1803 2779 lucc
1820 2738 1941 2791 qute

359 2818 585 2873 vilisset
614 2817 920 2879 audissem,
953 2818 1135 2871 statim
1180 2818 1235 2871 in
1265 2826 1542 2886 stuporem
1572 2830 1757 2870 versus
1782 2814 1943 2869 vehe-

364 2922 573 2968 menter
598 2912 922 2980 contremui,
947 2922 1109 2981 atque
1134 2923 1190 2965 ut
1219 2912 1349 2966 mihi
1372 2921 1560 2967 cuneta
1591 2926 1711 2980 qum
1743 2912 1944 2966 viderat

362 3004 635 3072 sigillatim
664 3012 928 3066 narraret,
952 3001 977 3038 ἀ
1001 3001 1311 3071 deprecavi.
1336 3002 1414 3054 Ad
1462 3002 1595 3066 haec,
1619 3002 1788 3069 inquit
1817 3001 1904 3055 ille
1928 3020 1941 3052 :

360 3094 553 3149 Testor
578 3092 859 3146 Dominum
881 3092 1003 3145 emli
1026 3100 1081 3145 et
1102 3099 1279 3153 terrae,
1328 3105 1414 3146 me
1435 3090 1527 3144 tibi
1553 3090 1942 3160 phantasticam

2040 1916 2154 1968 haec
2185 1928 2315 1968 vero
2344 1913 2587 1969 dicerent
2610 1954 2623 1978 ,
2654 1925 2710 1969 et
2748 1931 2909 1970 omne
2954 1916 3310 1970 ministerium
3358 1930 3635 1984 prmpara-

2040 2012 2181 2067 rent,
2211 2002 2388 2057 subito
2418 2004 2634 2057 advenit
2658 2004 2845 2071 ingens
2871 2004 3155 2059 multitudo
3185 2004 3633 2089 candidatorunr,

2039 2107 2226 2147 omnes
2254 2108 2385 2146 auro
2410 2104 2463 2148 et
2492 2092 2755 2161 lapidibus
2799 2093 3051 2163 pretiosis
3094 2093 3306 2157 ornati,
3330 2102 3387 2148 et
3411 2094 3637 2150 coronis

2039 2181 2378 2235 rutilantibus
2425 2182 2659 2236 rellimiti
2687 2200 2700 2248 ;
2732 2191 2787 2238 et
2814 2199 2917 2237 una
2947 2184 3088 2238 acies
3120 2184 3286 2253 ipsius
3326 2183 3635 2238 multitudi-

2043 2274 2124 2325 nis
2150 2273 2216 2325 ad
2244 2274 2483 2327 dextram
2505 2315 2519 2339 ,
2550 2275 2652 2328 alia
2682 2290 2809 2329 vero
2849 2275 2915 2328 ad
2958 2276 3143 2329 Levam
3178 2287 3386 2345 partem
3418 2277 3637 2345 gradie-

2040 2362 2236 2416 batur:
2269 2363 2320 2416 in
2353 2363 2530 2417 medio
2558 2374 2737 2418 autem
2786 2380 2971 2420 eorum
3003 2366 3255 2420 veniebat
3282 2366 3361 2419 vir
3389 2366 3636 2435 splendi-

2041 2453 2291 2507 dissimus
2316 2495 2333 2520 ,
2365 2454 2693 2523 nimiumque
2726 2455 3142 2524 pulcherrimus,
3172 2456 3340 2513 forma
3363 2457 3633 2525 decorus,

2042 2556 2262 2615 aspectu
2288 2544 2571 2615 gloriosus,
2599 2555 2804 2603 statura
2840 2550 3117 2619 procerior
3144 2554 3367 2617 eunetis,
3401 2552 3637 2608 lucidior

2042 2637 2177 2702 sole,
2210 2638 2486 2693 candidior
2508 2641 2662 2705 nive;
2685 2656 2916 2711 cumque
2936 2643 3309 2711 pervenissent
3328 2644 3394 2697 ad
3423 2660 3635 2715 praepa-

2043 2736 2190 2781 ratas
2234 2729 2425 2792 sedes,
2454 2728 2595 2783 sedit
2640 2731 2911 2797 pulchrior
2957 2732 3047 2785 ille
3080 2734 3162 2786 vir
3198 2733 3250 2787 in
3290 2734 3634 2790 eminentiOri

2044 2821 2200 2875 loco:
2228 2821 2405 2875 emteri
2450 2822 2790 2891 procidentes
2815 2823 3208 2895 adorantesque
3235 2841 3355 2880 eum
3373 2868 3389 2891 ,
3416 2829 3636 2884 resedeo

2047 2921 2171 2966 runt
2228 2910 2280 2966 in
2330 2910 2549 2967 sedibus
2592 2914 2721 2968 suis.
2791 2914 2983 2969 Statim
3043 2915 3279 2985 denique
3353 2918 3634 2972 benedixit

2047 3018 2265 3070 omnes;
2320 3014 2377 3058 at
2420 3004 2494 3059 illi
2543 3005 2901 3062 adoraverunt
2952 3009 3143 3064 semel.
3193 3017 3249 3064 et
3296 3011 3513 3076 iterum,
3564 3026 3635 3065 ac

2048 3092 2239 3158 tertio;
2290 3092 2482 3148 deinde
2532 3094 2852 3150 ferculorum
2902 3098 3221 3167 praeparatio
3259 3102 3501 3168 apposita
3546 3108 3633 3154 est

360 3185 617 3239 visionem
670 3181 870 3235 nullam
922 3180 1158 3243 referre;
1212 3180 1345 3245 sed,
1397 3190 1458 3235 ut
1513 3181 1681 3251 magis
1726 3180 1941 3240 eredas.
1977 3211 2020 3273 ρ
2052 3183 2147 3238 illi.
2182 3182 2313 3238 Dum
2342 3184 2629 3252 coepissent
2656 3186 2902 3255 epulari,
2941 3187 3188 3243 dixitille
3230 3190 3505 3258 speciosus
3544 3190 3633 3244 vir

360 3277 531 3331 fateor
559 3274 720 3327 etiam
751 3273 843 3326 tibi
868 3286 953 3327 me
978 3273 1082 3327 hac
1112 3282 1272 3327 nocte
1301 3272 1521 3329 minime
1550 3272 1851 3328 dormiisse.
1884 3272 1949 3327 Et

362 3368 483 3419 dum
516 3366 630 3419 haec
680 3364 937 3427 dixisset,
990 3362 1062 3415 ita
1121 3377 1349 3423 exorsus
1402 3371 1529 3415 est:
1579 3362 1671 3417 Fui
1728 3365 1779 3417 in
1828 3364 1951 3418 loco

366 3470 601 3515 ummno,
625 3454 714 3507 ubi
738 3460 893 3506 erant
932 3452 1082 3505 nmlti
1112 3450 1365 3505 odoriferi
1400 3448 1589 3518 tiores,
1616 3451 1685 3505 he
1716 3452 1796 3506 ba:
1824 3453 1951 3505 viri-

362 3545 621 3607 dissimzc,
654 3556 790 3597 rosa:
820 3541 996 3595 ctlilia
1016 3582 1032 3608 ,
1062 3550 1118 3595 et
1146 3556 1361 3595 corona:
1390 3555 1457 3594 ex
1485 3542 1707 3609 gemmis
1732 3550 1787 3595 et
1815 3558 1949 3597 auro

360 3704 442 3765 qui
473 3702 525 3753 in
552 3704 689 3752 clero
716 3698 930 3762 puberes
960 3711 1049 3749 aut
1088 3695 1435 3749 adolescentes
1475 3698 1739 3761 existunt,
1770 3715 1945 3751 omnes

361 3776 411 3825 ἰρι
446 3788 546 3823 uno
586 3770 812 3821 conclaui
844 3768 961 3820 atrii
991 3777 1387 3821 commorantur.
1439 3778 1493 3817 ut
1526 3768 1736 3819 lubrica:
1779 3769 1948 3820 relatis

360 3858 525 3895 mmos
556 3855 655 3891 non
704 3839 756 3891 in
808 3839 1014 3889 luxuria
1052 3837 1141 3889 sed
1184 3838 1236 3888 in
1277 3836 1563 3904 disciplinis
1592 3838 1947 3889 ecclesiasticis

363 3920 540 3973 ouant.
567 3908 794 3972 deputati
820 3906 1047 3963 probatis
1077 3908 1179 3958 imo
1207 3908 1397 3960 seniori
1420 3946 1433 3967 ,
1464 3922 1611 3973 quem
1643 3909 1945 3973 magistrum

363 3981 609 4033 dor-trinae
628 3987 678 4028 et
706 3988 881 4029 testem
904 3977 1022 4029 vita:
1043 3975 1283 4027 habeant.
1315 3974 1448 4027 Hinc
1476 3977 1696 4025 seminat
1716 3976 1745 4027 ii
1780 3976 1909 4027 Cleri
1928 4005 1942 4015 -

362 4068 392 4099 (τ
415 4065 546 4101 num
577 4048 839 4100 institutio
870 4055 1009 4107 nr-ta,
1041 4060 1200 4110 quam
1233 4043 1536 4097 Alexander
1564 4042 1650 4109 IV,
1675 4053 1729 4097 et
1750 4044 1939 4098 concil.

365 4120 613 4171 Laterani.
648 4132 683 4179 ι,
714 4132 834 4183 eap.
870 4114 957 4177 Η,
990 4114 1268 4181 disposuit.

435 4197 458 4222 κ
484 4188 524 4239 Α
542 4182 835 4256 prmposito.
865 4184 952 4256 Sic
974 4184 1121 4237 illum
1149 4192 1308 4256 vocat;
1329 4182 1521 4238 concil.
1554 4200 1589 4239 ιι
1607 4223 1627 4256 ,ν
1654 4182 1855 4256 Tolet..
1888 4199 1940 4238 c.

368 4258 418 4323 l,
446 4254 548 4323 Qui
570 4262 729 4308 etiam
764 4255 934 4307 senior
962 4265 1017 4307 et
1037 4254 1281 4323 magister
1301 4254 1350 4306 in
1370 4270 1438 4316 Iv,
1461 4270 1580 4323 cap.
1610 4254 1692 4311 H.
1723 4254 1939 4306 dicitur.

437 4328 462 4365 ι’
504 4324 833 4379 l'isitandum
872 4334 927 4375 ut
954 4325 1111 4377 moris
1145 4332 1238 4377 est.
1274 4324 1529 4377 Nnuirum
1560 4334 1615 4378 et
1655 4323 1945 4389 Sapientia:
1994 4378 2001 4384 ,

362 4398 673 4465 ιινιθδςτὶντρ
715 4410 764 4447 c.
796 4395 824 4444 7
846 4434 861 4458 ,
904 4392 1105 4465 Ecclus.
1144 4391 1322 4465 :WNou
1357 4403 1405 4445 te
1434 4396 1605 4465 pigeat
1628 4394 1835 4465 visitare
1861 4394 1945 4445 iu-

362 4460 607 4537 ﬁrmunt.
743 4465 821 4537 his
848 4464 1000 4537 enim
1030 4464 1081 4537 [η
1131 4463 1403 4516 dilectione
1423 4460 1943 4537 _]_i_rntaberis.hlinle

364 4530 542 4626 inqua:
562 4536 615 4626 hi
658 4533 836 4626 Nitri}:
864 4532 1005 4626 apud
1033 4533 1395 4626 §ozomenuut
1422 4531 1517 4626 lib.
1551 4548 1621 4591 rt.
1651 4547 1701 4587 c.
1733 4530 1847 4626 ?l‘:
1878 4533 1939 4626 Si
1967 4569 2020 4626 Β

365 4606 479 4677 quis
510 4607 640 4677 {orte
679 4603 833 4677 absit,
863 4617 979 4655 cum
1005 4602 1187 4677 abesse
1201 4602 1355 4668 plane
1378 4603 1591 4677 inuitum
1615 4610 1839 4677 constat,
1862 4602 1939 4654 rel

364 4670 693 4745 afﬂictatione
738 4674 912 4745 aliqua
951 4673 1029 4724 uel
1057 4671 1232 4725 morbo
1276 4673 1639 4745 prwpeditum,
1687 4670 1758 4723 ad
1795 4687 1940 4745 quem

364 4740 627 4799 riseudum
676 4740 1057 4811 curmidumque
1102 4757 1203 4794 non
1238 4740 1413 4795 eomes
1454 4744 1628 4795 statim
1676 4752 1825 4803 eum,
1852 4740 1943 4795 sed

364 4816 521 4868 rariis
558 4811 868 4881 temporibus
906 4812 1117 4880 singuli,
1144 4811 1389 4881 quidquid
1416 4811 1598 4863 habent
1623 4812 1693 4864 ad
1710 4811 1942 4865 morbum

364 4885 632 4938 levandum
658 4882 1119 4936 accommodatum.
1144 4898 1314 4933 secum
1337 4884 1591 4948 deferunt.

440 4963 462 4992 ε
487 4952 799 5006 Matutinum
830 4952 1066 5021 oﬂicimtt.
1095 4950 1323 5004 Isidorus
1360 4966 1411 5003 vt
1437 4987 1451 5009 ,
1477 4948 1621 5017 Orig.
1644 4992 1659 5015 ,
1689 4965 1807 5021 cap.
1842 4949 1938 5002 19:

369 5022 684 5077 Matutinum
709 5018 928 5091 ofﬁcium
955 5030 1033 5072 cst
1054 5021 1107 5073 iu
1126 5021 1258 5091 lucis
1297 5022 1442 5072 initio
1471 5020 1673 5091 usu-lla
1705 5018 1940 5091 Lucifero

364 5088 831 5162 appellaturum“:
849 5092 1015 5162 oritur
1028 5090 1299 5162 inchoante
1312 5088 1612 5162 mane._Nec
1628 5088 1945 5162 absimiliter

370 5157 624 5217 llabanus
668 5157 913 5225 mauros,
954 5174 969 5212 ι
1001 5158 1169 5214 Instit.
1202 5175 1322 5224 ean.
1356 5159 1440 5213 Η.
1474 5157 1578 5212 Pro
1605 5158 1799 5228 quibus
1834 5167 1945 5213 stat

366 5231 758 5286 vetustissime
770 5229 1190 5284 Christianorum
1212 5237 1444 5283 castuum
1463 5243 1607 5293 usus,
1628 5229 1695 5283 ab
1714 5229 1944 5285 ethnicis

368 5305 533 5356 etiam
560 5301 892 5357 observatus.
921 5297 1143 5362 Plinius,
1165 5300 1322 5365 epist.
1353 5298 1441 5363 97,
1469 5297 1621 5366 lib.x,
1640 5299 1705 5351 ad
1720 5297 1940 5366 Trajan.

367 5382 423 5424 et
450 5387 521 5427 ex
560 5386 629 5427 eo
656 5369 970 5423 Tertullian.
1003 5383 1121 5437 cap.
1154 5367 1217 5432 2,
1252 5368 1478 5437 Apolog.
1506 5384 1522 5431 ;
1548 5365 1825 5437 Eusebius
1855 5383 1941 5432 tu,

372 5440 515 5497 Eccl.
550 5440 676 5495 hist.
706 5439 805 5503 55.
837 5448 893 5493 et
933 5438 1221 5506 Nieephor.
1254 5437 1320 5502 5,
1352 5436 1472 5507 cap.
1507 5436 1595 5507 17.
1622 5438 1777 5492 Soliti
1804 5448 1943 5491 stata

368 5513 454 5565 die
502 5521 625 5565 ante
660 5509 826 5563 lucem
861 5508 1159 5578 conuenire,
1186 5506 1507 5578 carmenque
1534 5506 1767 5573 Christo,
1797 5508 1947 5578 quasi

371 5581 503 5647 Deo,
535 5582 703 5635 dicere
723 5595 894 5633 secum
918 5572 1148 5631 invicem.
1183 5576 1348 5642 Bene,
1373 5572 1470 5632 sed
1501 5577 1662 5647 etiam
1690 5578 1740 5631 in
1771 5572 1946 5631 media

372 5645 533 5706 nocte
582 5649 695 5704 fleri
745 5649 887 5715 apud
932 5648 1183 5715 antiquos
1230 5655 1393 5703 testes
1439 5656 1565 5701 sunt
1611 5645 1845 5701 Hilarius
1891 5648 1945 5701 in

376 5718 518 5773 Psal.
568 5734 727 5783 xvm;
776 5717 979 5772 Bernar
996 5718 1095 5785 lus.
1146 5716 1321 5771 Serm.
1352 5717 1419 5772 de
1465 5715 1671 5771 duobus
1722 5718 1947 5785 discip.;

374 5790 738 5860 gltrysologus
780 5804 945 5860 serui.
976 5784 1075 5849 '59;
1120 5785 1365 5860 Ephmn
1407 5786 1476 5860 de
1526 5785 1586 5860 Β.
1617 5784 1946 5860 Abrahanto;

380 5855 743 5916 l'all'adius'dc
771 5857 961 5914 Mulio
986 5858 1251 5913 monacho
1270 5872 1389 5927 cap.
1412 5855 1512 5920 50;
1541 5855 1725 5911 l’arad.
1754 5855 1947 5913 llcrae.

2052 3272 2142 3339 qui
2173 3272 2393 3327 sedebat
2422 3275 2717 3342 excelsior,
2748 3274 2815 3329 ad
2850 3290 2944 3330 eos
2970 3278 3059 3347 qui
3091 3277 3293 3332 circum
3323 3280 3577 3334 astabant
3614 3297 3628 3332 :

2052 3363 2257 3432 Aliquis
2310 3364 2396 3419 hic
2430 3366 2668 3419 rusticus
2719 3368 2837 3421 est?
2883 3364 2963 3421 Illi
3014 3381 3143 3423 vero
3189 3366 3631 3437 responderunt:

2052 3452 2236 3518 Adest,
2271 3453 2518 3513 Domine.
2550 3452 2685 3508 Tum
2715 3454 2928 3511 demum
2957 3456 3045 3511 ille
3075 3474 3089 3510 :
3116 3456 3478 3511 Praesentetur
3499 3471 3635 3528 con-

2048 3542 2259 3611 spectui
2286 3556 2428 3595 meo.
2459 3540 2569 3611 Ego
2590 3550 2769 3597 autem
2793 3544 2998 3598 stabam
3026 3560 3055 3597 a
3084 3543 3259 3615 longe,
3282 3552 3338 3600 ct
3359 3544 3632 3610 intuebar,

2050 3693 2272 3768 Basilius
2299 3693 2368 3749 de
2397 3695 2670 3768 Monacbis
2702 3706 2946 3765 tempore
2988 3696 3358 3768 Chrysostomi
3389 3698 3632 3753 viventi-

2048 3764 2168 3839 bus,
2198 3764 2498 3839 serm._20;
2522 3766 2589 3819 de
2605 3768 2734 3839 aliis
2768 3764 2877 3821 alii.
2914 3767 3045 3822 Nam
3074 3764 3208 3823 teste
3230 3767 3469 3837 Hispano
3498 3769 3632 3839 piis-

2044 3835 2185 3890 simo
2214 3842 2335 3889 vate
2363 3833 2653 3890 Prudentia
2680 3854 2693 3889 :

2416 3914 2531 3977 Post
2553 3914 2670 3962 solis
2690 3923 2847 3964 ortum
2871 3916 3036 3977 fulgidi

2413 3975 2591 4038 _S_erum
2616 3985 2693 4025 est
2713 3976 2874 4027 cubile
2898 3975 3001 4037 spei
3017 3990 3159 4038 nere,

2415 4035 2471 4083 Ni
2500 4043 2637 4096 parte
2661 4041 2813 4086 noctis
2834 4035 2987 4086 addita

2419 4096 2633 4157 Tempus
2664 4098 2814 4147 IabOrl
2840 4099 3096 4156 adieceris.

2046 4164 2215 4231 Quam
2266 4165 2707 4220 consuetudinem
2740 4166 2925 4221 Patres
2972 4166 3222 4221 Ecclesiae
3279 4169 3631 4225 Emeritensis

2048 4239 2371 4291 observasse
2398 4236 2521 4290 hinc
2553 4236 2753 4303 liquido
2782 4245 3016 4291 constat.

2117 4303 2142 4341 ά
2178 4305 2479 4375 Deprecari.
2515 4304 2582 4359 Ut
2622 4306 2782 4375 paulo
2820 4316 2947 4360 ante
2980 4308 3231 4361 δείκηαυὶ
3260 4309 3370 4371 ;ita
3401 4310 3453 4361 in
3502 4310 3630 4363 llas.

2046 4376 2312 4449 munibus,
2346 4391 2445 4449 nee
2476 4376 2769 4449 immutavi,
2810 4391 2929 4449 cum
2957 4378 3020 4429 ad
3053 4392 3171 4429 eam
3202 4381 3477 4449 scriptum
3509 4396 3641 4441 non

2048 4460 2186 4518 mam
2227 4445 2694 4518 animadverterim
2719 4484 2735 4511 ,
2762 4459 2883 4515 qua:
2916 4447 2969 4500 in
3018 4448 3243 4502 vetustis
3267 4445 3633 4518 scriptoribus

2047 4514 2244 4583 paSsitn
2269 4515 2536 4579 occurrit;
2568 4512 2844 4582 Afranius,

2213 4609 2641 4676 .ljlxperjurabant,
2664 4614 2985 4664 exsecrabant
3005 4627 3061 4663 se
3083 4625 3140 4663 ac
3160 4627 3274 4666 suos

2047 4672 2327 4729 Titenitius
2341 4712 2359 4741 ,

2224 4765 2394 4817 Laudo
2415 4763 2544 4827 quod
2566 4764 2777 4815 osculari
2800 4765 3036 4834 privignus
3057 4776 3219 4830 caput.

2047 4846 2290 4910 Plautus,

2233 4934 2405 4982 Invoco
2427 4947 2509 4982 \OS
2535 4932 2663 4983 lares
2684 4933 2872 4993 Diales,
2900 4943 2949 4981 ut
2974 4947 3053 4983 me
3079 4936 3265 4985 tutetis.

2050 5016 2117 5071 Et
2146 5017 2195 5071 id
2224 5031 2392 5085 genus
2419 5018 2691 5087 sexcentis
2714 5018 2851 5087 apud
2882 5018 3118 5080 Festum,
3148 5018 3437 5085 Nonnium,
3467 5020 3624 5075 alios.

2050 5088 2157 5143 Nisi
2214 5089 2320 5143 hoc
2373 5086 2669 5147 simplicius
2724 5086 3161 5157 interpretemur,
3210 5097 3269 5143 et
3304 5090 3627 5155 scriptorem

2051 5166 2293 5227 nostrum
2319 5173 2442 5227 eum
2471 5157 2529 5213 S.
2559 5158 2829 5227 Prospero
2846 5158 2899 5209 in
2927 5170 3040 5227 reg.
3065 5172 3333 5212 commun.
3365 5158 3523 5227 epist.
3558 5158 3627 5212 ad

2049 5225 2191 5297 Περ.
2224 5243 2280 5282 n.
2329 5226 2415 5291 15,
2458 5225 3102 5297 ahisque‘ecrlesiastieis
3147 5225 3497 5297 scriptoribus
3546 5228 3627 5297 sic

2053 5296 2361 5364 loquentem
2398 5298 2675 5351 audiamus
2705 5314 2718 5349 :
2756 5296 2832 5351 Dc
2868 5298 3196 5349 accuratione
3236 5296 3476 5349 dictionis
3512 5296 3627 5349 ela-

2050 5367 2231 5420 borata
2269 5384 2373 5421 non
2428 5376 2648 5437 satago;
2696 5382 2789 5419 nec
2840 5368 2965 5437 mihi
3007 5366 3193 5437 pudori
3232 5375 3313 5437 est
3360 5366 3403 5437 si
3445 5365 3627 5437 dispu-

2050 5445 2176 5509 tatzo
2197 5453 2331 5501 mea,
2357 5453 2469 5509 que
2497 5433 2628 5507 forte
2650 5437 2903 5509 probatur
2919 5436 2972 5488 in
2993 5433 3141 5488 rebus
3168 5436 3365 5509 aliquos
3388 5435 3627 5509 inanium

2048 5505 2310 5561 uerborum
2331 5504 2605 5562 sectatores
2649 5508 2864 5560 horrore
2886 5506 3159 5574 incompta:
3178 5504 3428 5574 orationis
3455 5504 3626 5572 ofen-

2047 5577 2159 5629 dat.
2207 5575 2339 5640 Quia
2392 5580 2556 5637 (teste
2602 5574 2862 5641 Gregorio
2914 5573 3125 5643 Magno,
3156 5573 3366 5642 ιιι-πῖθι.
3421 5574 3474 5643 iu
3529 5573 3625 5627 lib.

2049 5644 2263 5715 Μητρὶ.)
2300 5648 2568 5714 indignum
2614 5644 2931 5715 uehementer
2955 5642 3224 5715 existimo,
3254 5653 3309 5697 ut
3335 5642 3487 5715 verba
3524 5658 3624 5715 τφτ

2050 5716 2192 5770 lectis
2235 5710 2434 5785 oraculi
2463 5716 2771 5785 restringunt
2801 5714 2892 5767 sub
2920 5710 3441 5785 regulis/lcum,“
3468 5711 3625 5770 multi

2051 5801 2118 5839 ex
2143 5782 2670 5854 antiqttis'l’alribus'
2688 5784 3065 5853 opinabantur.
3111 5782 3254 5840 Suus
3290 5782 3484 5852 cuique
3524 5795 3624 5853 ιι-

2051 5856 2200 5922 nius;
2230 5870 2323 5910 sua
2348 5854 2604 5925 cujusque
2629 5854 2726 5908 arvi
2759 5856 2894 5909 ratio
2917 5854 3076 5911 ctiam
3106 5863 3206 5911 est.
