3874 6224
289 350 308 404 Ι
332 349 388 401 '27

1521 333 1723 392 PAULI
1762 330 2139 389 EMERITANI
2186 326 2449 384 DlACO-NI

3482 327 3586 383 128

276 478 538 526 morsum,
573 476 678 515 non
708 458 831 529 quia
862 456 1253 528 aspernabatur
1280 469 1491 521 sexum,
1522 451 1617 509 sed
1645 466 1711 507 ex
1741 465 1873 507 con-
1905 452 1952 510 A
1979 460 2163 501 sumus
2193 464 2207 499 :
2242 457 2470 513 cumque
2498 450 2722 497 inissent
2754 450 2811 497 et
2835 441 3095 499 vidissent
3123 457 3247 497 eum
3271 454 3425 500 veste
3454 460 3579 501 sor-

283 556 538 627 templata
583 551 768 619 specie
810 548 1127 603 teutatiouis
1173 546 1452 602 metuebat
1498 546 1775 599 incurrere
1804 541 1882 595 vi-

285 649 451 712 tium;
484 645 556 699 ita
588 643 785 698 etenim
817 649 875 693 nt
904 654 1230 709 quocunque
1261 638 1382 695 loco
1408 637 1687 705 pergebat,
1718 647 1884 687 unum

288 737 613 795 monachum
644 742 769 788 ante
797 747 882 799 se,
927 742 978 787 et
1010 730 1236 785 alterum
1265 737 1387 800 post
1414 743 1474 783 se
1497 728 1708 782 eminus
1734 722 1886 793 gradi

289 827 654 901 pracipiebat,
686 840 753 880 ne
795 840 921 880 eum
977 838 1072 894 per
1116 834 1496 891 quamcunque
1542 817 1886 873 occasionem

287 920 483 977 mulier
504 918 735 974 videret.
769 918 893 983 Qui,
920 926 979 970 ut
1005 929 1166 984 supra
1204 913 1455 978 diximus,
1487 926 1610 967 cum
1644 908 1711 964 ad
1745 907 1889 963 basi-

290 1012 449 1068 licam
485 1019 687 1067 sancta:
716 1007 936 1061 Eulalia:
983 1004 1205 1072 virginis
1248 1013 1304 1061 et
1348 1000 1599 1074 martyris
1627 997 1885 1061 venisset,

290 1099 798 1158 revereudissimum
841 1099 1011 1152 virum
1051 1096 1407 1167 Redemptum
1450 1095 1767 1155 diaconum,
1796 1088 1889 1161 qui

291 1194 365 1249 ibi
396 1199 648 1263 pmerat,
680 1189 863 1244 multis
902 1189 1154 1260 precibus
1194 1188 1457 1250 exoravit,
1492 1192 1550 1238 ut
1576 1180 1793 1252 quando
1824 1178 1890 1234 ad

292 1283 595 1337 orationem
646 1292 913 1335 nocturno
942 1286 1188 1349 tempore
1238 1277 1290 1331 in
1338 1276 1618 1331 ecclesiam
1648 1273 1715 1327 de
1756 1270 1891 1326 cella

293 1374 631 1446 procederet,
663 1374 735 1427 ita
766 1372 1039 1427 custodias
1065 1379 1311 1440 poneret,
1346 1378 1403 1422 ut
1427 1384 1550 1423 eum
1576 1366 1718 1421 nulla
1742 1364 1892 1435 peni-

294 1476 383 1522 tus
408 1466 606 1521 femina
640 1464 883 1529 videret;
937 1463 1033 1519 sed
1079 1464 1207 1517 dum
1249 1462 1453 1531 aliquot
1478 1460 1593 1515 dies
1623 1460 1673 1514 in
1703 1456 1892 1513 eadem

295 1566 481 1613 sancta
525 1555 753 1612 ecclesia
799 1568 980 1608 moras
1010 1553 1244 1616 fecisset,
1270 1550 1519 1619 qumdam
1562 1546 1893 1603 nobilissima

295 1660 351 1706 et
380 1650 714 1708 sanctissima
749 1648 929 1714 vidua,
960 1645 1181 1701 nomine
1224 1643 1476 1708 Eusebia,
1502 1641 1650 1698 omni
1680 1638 1897 1695 deside-

298 1746 381 1801 rio
411 1759 533 1799 eum
562 1742 747 1797 videre
774 1739 1045 1809 Cupiebat,
1076 1736 1171 1792 sed
1194 1736 1284 1791 ille
1323 1736 1629 1790 nullatenus
1650 1747 1710 1787 se
1737 1730 1805 1784 ab
1829 1744 1894 1784 ea

1986 536 2191 603 didum,
2238 535 2531 604 habituque
2595 533 2926 601 deformem,
2982 542 3393 591 contemnentes
3456 549 3580 591 eum

1986 627 2237 683 dixerunt
2270 633 2459 681 mutuo
2490 641 2506 679 :
2536 623 2725 680 Melius
2753 634 2835 681 est
2888 627 3045 682 nobis
3085 628 3242 691 mori,
3288 642 3455 696 quam
3489 629 3586 682 tali

1988 717 2209 775 domino
2254 717 2478 776 servire.
2510 716 2587 772 Ac
2624 715 2820 771 deinde
2848 727 2971 787 post
3020 718 3227 788 aliquot
3264 716 3403 783 dies,
3458 733 3587 773 cum

1990 809 2071 864 vir
2098 809 2193 865 Dei
2234 817 2453 866 sanctus
2496 808 2549 863 in
2589 806 2754 863 silvas
2775 807 2963 877 paucis
2993 808 3185 864 cvibus
3227 806 3589 878 depascendis

1990 900 2345 972 pervenisset,
2372 900 2705 971 reperientes
2728 913 2851 954 eum
2881 897 3058 953 solum
3086 897 3113 935 ι’
3148 898 3332 954 fractis
3360 898 3592 955 cervici-

1990 996 2094 1050 bus
2137 993 2427 1049 crudeliter
2457 998 2788 1049 necaverunt
2818 1008 2833 1047 :
2870 1000 2997 1063 post
3038 1007 3146 1045 non
3205 1007 3334 1047 vero
3365 990 3591 1061 longum

1993 1084 2255 1154 temporis
2283 1075 2625 1139 intervallum
2657 1084 2755 1155 ipsi
2786 1082 3069 1139 homicida:
3096 1084 3511 1155 comprehensi,
3536 1092 3598 1139 et

1996 1174 2310 1244 Leovigildo
2357 1175 2470 1242 regi
2524 1187 2650 1229 sunt
2694 1174 3002 1245 praasentati
3031 1190 3156 1230 cum
3198 1174 3450 1244 vinculis,
3503 1173 3595 1230 cui

1994 1265 2195 1320 dictum
2228 1275 2310 1321 est
2342 1268 2486 1336 ipsos
2515 1282 2638 1320 esse
2659 1268 2751 1336 qni
2781 1282 2995 1323 servum
3026 1266 3122 1323 Dei
3154 1267 3593 1330 interemissent;

1995 1358 2087 1412 ille
2134 1366 2312 1411 autem
2338 1356 2583 1425 quamvis
2632 1372 2739 1411 non
2772 1366 2929 1413 recte
2964 1346 3091 1413 lidei
3121 1366 3283 1423 esset,
3321 1368 3471 1414 recte
3510 1367 3595 1412 ta-

1998 1464 2122 1503 men
2154 1447 2511 1517 promulgavit
2538 1448 2861 1502 sententiam
2892 1450 3075 1504 dicens
3102 1468 3115 1502 :
3141 1451 3417 1505 Absolvite
3442 1466 3541 1507 eos
3563 1465 3597 1505 ι

2000 1540 2247 1606 vinculis,
2277 1549 2333 1594 et
2355 1540 2512 1593 sinite
2542 1540 2726 1607 abire;
2751 1549 2806 1595 et
2847 1541 2891 1596 si
2920 1558 3047 1597 vere
3076 1558 3291 1599 servum
3324 1544 3415 1600 Dei
3444 1546 3599 1601 occi—

2000 1631 2216 1697 derunt,
2247 1632 2364 1686 sine
2391 1641 2570 1687 nostra
2596 1631 2802 1688 ultione
2839 1629 3131 1689 ulciscatur
3157 1636 3418 1692 Dominus
3448 1653 3609 1692 tuor-

2002 1731 2111 1778 tem
2142 1722 2282 1777 servi
2323 1722 2404 1777 sui
2440 1739 2456 1778 :
2485 1732 2543 1777 at
2569 1723 2657 1777 ubi
2689 1723 2893 1779 dictum
2924 1734 3007 1780 est
3040 1725 3202 1791 istud,
3234 1736 3291 1781 et
3321 1728 3395 1781 illi
3436 1727 3608 1783 abso-

298 1836 471 1892 videri
503 1834 809 1905 patiebatur
836 1850 849 1896 ;
891 1831 1014 1885 dum
1048 1846 1178 1885 vero
1206 1830 1401 1901 saepius
1430 1844 1554 1884 eum
1584 1826 1779 1883 diversi
1809 1840 1900 1879 ro-
1929 1823 1977 1884 Β
2006 1815 2103 1869 luti
2148 1824 2295 1880 sunt,
2344 1815 2528 1905 statim
2568 1829 2664 1870 eos
2690 1815 2963 1871 daemones
2991 1818 3387 1889 corripuerunt,
3419 1828 3473 1873 et
3505 1834 3604 1887 per

298 1936 511 1996 garent,
546 1934 603 1979 ut
630 1940 748 1977 eam
780 1921 963 1976 videre
986 1919 1317 1989 dignaretur,
1355 1926 1411 1973 et
1441 1918 1530 1973 ille
1560 1915 1708 1971 nullo
1742 1915 1903 1968 modo

301 2019 672 2079 consentiret;
705 2022 761 2068 at
791 2013 879 2068 illa
909 2020 1257 2081 coassumpto
1285 2011 1511 2067 consilio
1537 2008 1904 2079 supradictum

306 2107 663 2177 Redemptum
722 2106 1010 2159 diaconum
1069 2103 1479 2172 deprecabatur,
1536 2108 1592 2153 ut
1638 2097 1905 2168 explicitis

308 2198 585 2254 matutinis
614 2195 890 2260 laudibus,
919 2194 1045 2247 dum
1078 2192 1166 2246 ille
1203 2191 1271 2245 de
1299 2192 1527 2246 ecclesia
1558 2190 1625 2245 ad
1657 2188 1903 2245 cellulam

309 2296 696 2352 reverteretur,
750 2287 837 2341 illa
876 2293 1054 2340 stante
1101 2283 1155 2338 in
1190 2283 1527 2339 abditissimo
1577 2283 1717 2348 loco,
1762 2282 1903 2334 circa

308 2380 560 2436 eumdem
589 2379 987 2435 sanctissimum
1034 2379 1205 2431 virum
1253 2378 1433 2431 lumen
1473 2372 1755 2431 cercurum
1792 2377 1906 2429 cla-

309 2472 582 2530 rissimum
635 2470 748 2526 fieri
796 2470 1133 2539 praeciperet,
1192 2476 1253 2521 ut
1306 2467 1495 2521 saltem
1527 2465 1744 2534 alonge
1782 2480 1911 2531 eum;

309 2562 519 2617 videre-
544 2568 883 2627 mereretur;
922 2558 1065 2627 quod
1120 2557 1341 2613 factum.
1400 2558 1469 2611 At
1501 2557 1590 2611 ubi
1628 2557 1909 2625 ignorante

310 2654 404 2708 illo
432 2651 698 2708 femineus
727 2651 954 2719 contigit
998 2657 1270 2720 aspectus,
1302 2650 1374 2704 ita
1407 2664 1527 2703 cum
1556 2649 1759 2719 gemitu
1790 2664 1909 2701 ma-

308 2756 417 2808 gno
443 2756 565 2798 sese
610 2741 664 2795 in
696 2750 898 2795 terram
952 2739 1280 2809 prostravit,
1322 2753 1386 2793 ac
1416 2739 1461 2794 si
1506 2737 1681 2805 magni
1719 2736 1911 2808 lapidis

313 2832 424 2887 ictu
454 2832 693 2903 graviter
723 2829 917 2887 fuisset
958 2845 1264 2900 percussus,
1313 2845 1437 2885 mox
1479 2829 1577 2898 ipsi
1610 2828 1910 2897 Redempto

309 2916 540 2973 diacono
569 2915 751 2972 dicere
778 2916 944 2985 coepit
988 2934 1002 2968 :
1033 2915 1315 2983 lndulgeat
1358 2915 1449 2969 tibi
1490 2914 1770 2978 Dominus,
1800 2912 1909 2967 fra-

314 3016 435 3075 ter;
465 3007 593 3077 quid
636 3014 719 3061 est
741 3007 885 3075 quod
933 3005 1105 3060 fecisti
1129 3008 1151 3056 τ
1174 3003 1301 3058 Post
1328 3004 1443 3058 lucc
1472 3004 1706 3073 denique
1726 3004 1909 3057 statim

314 3112 569 3169 egressus
597 3096 745 3163 inde,
786 3096 853 3151 ad
899 3096 1071 3151 eremi
1116 3095 1230 3150 loca
1262 3095 1450 3165 paucis
1486 3110 1607 3149 cum
1657 3094 1909 3148 fratribus

315 3187 581 3257 pervenit,
611 3186 793 3257 ibique
817 3186 921 3241 sibi
949 3186 1266 3243 vilissimum
1295 3185 1599 3241 construxit
1627 3185 1912 3239 habitacu—

310 3278 423 3334 lum
452 3296 465 3334 :
489 3278 584 3338 sed
604 3293 727 3335 cum
752 3278 959 3334 crebris
984 3277 1094 3334 illic
1121 3278 1414 3333 virtutibus
1443 3285 1779 3342 coruscaret,
1826 3291 1913 3331 re-

310 3378 566 3427 currente
608 3364 869 3442 opinione
915 3368 981 3422 ad
1026 3367 1267 3423 auditum
1310 3366 1607 3434 Leovigildi
1659 3366 1913 3434 principis

314 3458 577 3528 pervenit,
612 3468 641 3497 ι
669 3458 764 3527 qui
806 3457 1104 3527 quamlibet
1130 3466 1275 3513 esset
1324 3457 1585 3521 Arianus,
1621 3465 1797 3509 tamen
1853 3464 1912 3508 ut

310 3562 373 3602 se
406 3545 525 3617 οἱα
554 3544 817 3617 precibus
843 3545 1075 3599 Domino
1118 3545 1545 3610 commendaret,
1589 3544 1763 3598 eidem
1796 3545 1912 3597 viro

315 3637 640 3693 auctoritate
694 3637 1024 3707 conscripta,
1065 3637 1133 3691 de
1180 3636 1416 3705 quodam
1471 3637 1741 3705 praecipuo
1793 3637 1912 3691 loco

313 3728 423 3783 lisci
453 3726 670 3795 direxit,
708 3736 767 3781 ut
793 3727 1046 3781 alimenta
1075 3735 1170 3781 aut
1213 3728 1524 3783 indumenta
1564 3728 1760 3781 exinde
1788 3742 1911 3783 cum

311 3821 423 3876 suis
452 3820 704 3877 fratribus
732 3820 974 3885 haberet,
1008 3820 1152 3889 quod
1187 3821 1267 3874 vir
1290 3820 1381 3875 Dei
1414 3818 1634 3874 omnino
1665 3819 1914 3887 accipere

315 3912 614 3974 recusavit;
665 3910 762 3967 sed
805 3912 932 3966 dum
976 3911 1064 3968 ille
1108 3920 1380 3975 renueret,
1418 3910 1568 3975 etis,
1602 3911 1692 3979 qui
1725 3925 1755 3962 a
1787 3924 1913 3977 rege

314 4006 552 4060 directus
594 4005 664 4057 ad
707 4019 833 4059 eum
877 4010 1121 4068 v'enerat,
1169 4004 1411 4058 diceret:
1446 4001 1784 4055 Oblationem
1820 4000 1911 4055 lilii

317 4096 397 4148 tni
420 4094 697 4165 despicere
738 4111 842 4149 non
894 4094 1078 4159 debes,
1121 4095 1338 4148 tandem
1382 4094 1498 4161 ipso
1528 4094 1912 4162 compellente,

318 4186 578 4257 suscepit.
611 4184 742 4241 Post
780 4185 987 4255 aliquot
1017 4168 1147 4239 vero
1191 4184 1305 4238 dies
1334 4182 1581 4239 homines
1613 4182 1915 4239 habitantes

317 4280 368 4333 in
394 4279 583 4334 eodem
619 4277 742 4333 loco
773 4286 1053 4346 caeperunt
1079 4275 1144 4329 ad
1177 4276 1405 4330 invicem
1436 4277 1615 4331 dicere
1648 4295 1657 4328 :
1694 4275 1912 4340 Eamus,

317 4380 374 4425 et
403 4370 697 4433 videamus,
731 4367 904 4437 qualis
936 4368 1038 4423 iste
1062 4376 1141 4422 est
1176 4367 1435 4421 Dominus
1456 4376 1662 4430 noster,
1686 4369 1773 4422 cui
1802 4366 1915 4420 dati

390 4502 549 4575 {Qui
591 4503 869 4575 qualislibet
905 4512 1035 4557 esset
1065 4502 1347 4575 Arianus._
1373 4498 1447 4575 Ex
1480 4500 1579 4555 hac
1623 4498 1913 4575 Leovigildi

2008 1906 2190 1974 plures
2219 1905 2334 1959 dies
2364 1904 2690 1971 alllixerunt,
2721 1920 3002 1976 quousque
3024 1906 3227 1962 crudeli
3273 1917 3449 1964 morte
3477 1908 3602 1962 aui-

2008 2010 2125 2049 mas
2153 2010 2183 2049 e
2204 1994 2523 2065 corporibus
2545 2005 2922 2050 excusserunt.

2627 2106 2856 2163 CAPUT
2898 2109 2985 2162 IV.

2010 2202 2211 2256 Paulus
2244 2202 2473 2256 medicus
2506 2205 2715 2256 natione
2756 2202 2970 2257 Cra'cus
3001 2204 3061 2271 ﬁt
3090 2206 3361 2274 episcopus
3390 2204 3605 2261 Emeri-

2117 2274 2277 2327 tensis
2324 2290 2340 2325 :
2374 2274 2635 2326 mulierem
2674 2290 2737 2326 ea:
2777 2285 2931 2343 partu
2959 2275 3285 2330 laborantem
3318 2288 3493 2330 sanat.

2081 2362 2405 2418 Omittentes
2459 2375 2479 2401 ο
2534 2364 2839 2431 phaleratus
2895 2368 3181 2420 verborum
3234 2383 3503 2439 pompas,
3554 2380 3611 2426 et

2012 2454 2529 2526 praetermittentesd
2563 2456 2806 2524 garrulas
2854 2456 3118 2513 facundia:
3170 2476 3409 2530 spumas,
3462 2479 3613 2519 nunc

2011 2547 2173 2600 etiam
2205 2560 2289 2609 ea,
2322 2560 2441 2616 quae
2470 2546 2721 2601 omnibus
2748 2546 2923 2602 modis
2952 2563 3077 2603 vera
3109 2560 3257 2617 sunt,
3285 2552 3614 2622 simpliciter

2013 2638 2385 2707 veraciterque
2416 2654 2694 2693 narramus
2719 2655 2735 2706 ;
2767 2654 2889 2693 nam
2920 2639 2965 2694 si
2983 2655 3047 2695 ea
3077 2656 3198 2711 qua:
3220 2642 3340 2699 luce
3369 2644 3608 2701 clariora

2013 2741 2133 2782 esse
2166 2738 2461 2783 noscuntur
2486 2728 2728 2784 obscuris
2750 2730 3094 2786 sermonibus
3124 2733 3401 2789 involvere
3421 2735 3615 2793 volue-

2014 2823 2201 2893 rimus,
2234 2820 2564 2874 audientium
2594 2823 2807 2876 animos
2838 2837 2947 2877 non
2989 2823 3323 2889 instruimus,
3358 2826 3452 2881 sed
3482 2827 3616 2883 lati-

2012 2927 2220 2981 gamus,
2254 2912 2402 2979 quia,
2435 2926 2558 2965 cum
2588 2912 2881 2967 multorum
2922 2913 3293 2984 imperitorum
3323 2916 3501 2974 minus
3529 2918 3611 2973 in-

2016 3003 2206 3071 tel;igit
2246 3017 2461 3071 sensus,
2518 3002 2771 3073 fatigatur
2826 3005 3083 3073 auditus;
3138 3016 3194 3062 et
3248 3008 3412 3077 ideo,
3470 3010 3618 3069 sicut

2011 3098 2259 3168 superius
2306 3108 2327 3133 ε
2384 3097 2609 3167 polliciti
2656 3114 2866 3166 sumus,
2925 3101 3244 3172 simpliciter
3297 3118 3618 3165 sanctorum

1944 3196 1987 3258 ρ
2024 3184 2241 3241 Patrum
2272 3186 2413 3249 olim
2433 3196 2585 3257 gesta
2617 3190 2892 3257 miracula,
2933 3191 3091 3247 sicuti
3116 3194 3286 3251 relatu
3317 3198 3619 3255 multorum

2016 3278 2081 3331 ad
2112 3294 2209 3333 nos
2237 3277 2443 3347 perlata
2466 3286 2613 3343 sunt,
2638 3279 2964 3337 intimamus.
2996 3280 3259 3340 Referunt
3289 3287 3444 3343 multi
3486 3306 3619 3346 sano

2016 3378 2162 3423 etum
2216 3366 2392 3423 virum
2427 3368 2446 3407 ί
2480 3370 2700 3425 nomine
2756 3369 3003 3437 Paulum,
3063 3374 3287 3432 natione
3333 3376 3611 3447 Graecum,

2017 3470 2041 3507 ε
2072 3468 2189 3515 arte
2222 3460 2489 3516 medicum
2516 3502 2530 3527 ,
2562 3462 2629 3518 de
2674 3461 2910 3518 Orientis
2955 3469 3196 3535 partibus
3225 3469 3277 3524 in
3306 3468 3621 3528 Emeriten-

2014 3564 2129 3615 sem
2171 3550 2361 3604 urbem
2413 3552 2719 3621 alvenisse,
2750 3556 2997 3623 quicum
3049 3557 3123 3612 ibi
3162 3561 3334 3615 multo
3366 3571 3620 3635 tempore

2014 3640 2254 3707 degeret,
2287 3642 2573 3697 sanctimte
2618 3652 2673 3699 et
2725 3646 3012 3702 virtutibus
3038 3649 3221 3707 multis
3249 3652 3504 3721 polleret,
3556 3664 3619 3711 et

2013 3731 2317 3787 bumil.tate
2365 3742 2529 3803 atque
2556 3735 2890 3805 benignitate
2938 3750 3168 3797 cunctos
3220 3756 3523 3813 superaret,
3583 3762 3620 3802 a

2015 3825 2244 3881 Domino
2265 3826 2520 3883 collatura
2547 3838 2648 3895 est,
2670 3838 2725 3884 ut
2754 3832 3023 3901 prmdictzc
3044 3834 3281 3891 civitatis
3309 3847 3618 3894 mereretur

2015 3918 2406 3987 pontificatum.
2440 3920 2510 3974 At
2554 3921 2641 3976 ubi
2685 3924 2918 3992 eligeute
2965 3925 3195 3983 Domino
3224 3928 3505 3986 ordinatus
3534 3942 3622 3987 est

2016 4009 2319 4081 episcopus,
2363 4026 2553 4065 omnes
2582 4013 2764 4067 st-itim
2797 4013 2937 4069 Dens
2977 4018 3453 4074 conturbationum
3490 4037 3619 4091 pro-

2016 4102 2181 4157 cellas
2209 4116 2328 4171 quae
2350 4102 2595 4157 eamdem
2625 4102 2921 4159 Ecclesiam
2970 4114 3217 4177 tempore
3246 4110 3619 4178 praedecesso-

2019 4194 2091 4248 ris
2120 4192 2237 4262 ejus
2280 4194 2760 4257 conturbaverant,
2811 4197 3051 4263 abstulit,
3084 4207 3140 4253 et
3192 4199 3414 4254 nimiam
3468 4212 3621 4258 tran-

2018 4288 2340 4356 quillitatem
2367 4289 2485 4357 ejus
2511 4289 2765 4359 precibus
2788 4287 3131 4344 condonavit.
3160 4288 3263 4358 Qui
3306 4292 3434 4348 dum
3466 4297 3621 4365 paci-

2021 4380 2121 4437 ﬁce
2173 4394 2239 4437 ac
2267 4382 2521 4452 benigne,
2570 4381 2785 4438 favente
2815 4381 2950 4449 Deo,
2999 4385 3211 4440 cunctis
3265 4386 3475 4443 civibus
3502 4391 3621 4445 suis

2020 4530 2121 4567 non
2162 4529 2243 4566 res
2278 4531 2374 4583 pro
2406 4515 2601 4585 verbis,
2638 4514 2734 4585 sed
2770 4531 2864 4585 pro
2905 4514 3055 4569 rebus
3093 4518 3427 4572 enuntiandis
3467 4520 3623 4575 verba

316 4575 369 4628 in
411 4572 470 4628 S.
503 4571 775 4654 Nunctuin
814 4575 1015 4654 pietate
1059 4572 1291 4626 futuram
1331 4571 1906 4654 ipsiusnpmniteptiaru

2017 4593 2137 4637 sunt
2157 4571 2411 4637 instituta.
2438 4582 2506 4637 Et
2526 4571 2788 4654 Cérippus
2809 4585 3091 4640 Africanus
3112 4602 3162 4640 tv
3187 4587 3257 4643 de
3279 4571 3421 4644 laud.

316 4651 723 4713 argumentatur
747 4640 906 4698 Joan.
939 4642 1212 4713 Marquez,
1241 4660 1293 4699 c.
1327 4643 1411 4703 li,
1448 4642 1475 4713 §
1508 4641 1701 4713 8._Sed
1727 4641 1793 4694 de
1826 4640 1915 4695 illa

317 4709 417 4767 nos
448 4713 664 4767 uberius
703 4714 913 4781 egimus
938 4709 1091 4767 Notis
1118 4715 1184 4768 ad
1209 4716 1280 4770 Μ.
1312 4709 1532 4769 Maximi
1562 4709 1881 4779 Caesaraugu
1902 4741 1915 4753 -

318 4785 457 4840 statu
474 4782 802 4839 Cbrnnicon.

393 4856 418 4893 δ
450 4852 656 4907 Fractis
698 4852 972 4905 cervicibus
1007 4849 1282 4907 crudeliter
1321 4860 1650 4906 necaverunt.
1684 4851 1817 4907 Lud.
1848 4851 1917 4908 de

320 4924 512 4993 Angt-l.
555 4937 607 4977 tv
650 4925 715 4977 de
743 4921 848 4975 Vit.
895 4922 949 4975 S.
996 4924 1131 4990 Aug.
1170 4919 1281 4973 20:
1313 4918 1605 4993 ⁸Νιιηεεηιηξ
1635 4932 1918 4993 martyrem

320 4989 730 5059 sanctissimum,
757 4989 1096 5062 prolusione
1116 4989 1461 5057 monachum;
1493 5000 1548 5045 et
1590 4989 1918 5049 Lancilbttns

323 5067 414 5122 lib.
443 5081 501 5133 It,
526 5080 577 5121 c.
610 5062 699 5128 18,
742 5066 982 5117 invictum
1022 5073 1298 5133 martyrem
1328 5073 1485 5115 vocat
1512 5078 1547 5133 ε
1572 5078 1673 5117 nec
1716 5063 1909 5118 mirum

320 5153 445 5191 cum
474 5129 571 5207 pro
582 5134 823 5258 gustitia,
854 5150 974 5211 qua:
1002 5129 1298 5199 Augustino
1325 5146 1486 5199 supra
1520 5129 1713 5186 Psalm.
1749 5149 1834 5186 xiv
1857 5142 1912 5214 et

322 5204 544 5258 Thema:
623 5244 637 5258 .
683 5204 745 5258 2.
776 5220 832 5258 «ι.
875 5203 1004 5258 ηε.
1044 5216 1144 5258 art.
1178 5200 1212 5253 5
1238 5199 1306 5253 ad
1336 5200 1398 5258 l.
1440 5202 1631 5258 eflicax
1670 5212 1911 5258 martvru

322 5199 544 5262 Tbouim
582 5199 637 5258 Ξ.
683 5204 745 5269 2,
776 5220 832 5273 q.
875 5199 1004 5269 ﬁt,
1044 5216 1144 5258 art.
1178 5199 1306 5275 _5a_d
1336 5200 1398 5275 l_,
1440 5202 1631 5275 enicas
1670 5204 1911 5275 martyrii

320 5290 484 5331 causa
512 5283 615 5338 est,
649 5269 860 5329 occisus
888 5292 917 5328 a
948 5271 1225 5330 sceleratis
1246 5269 1426 5327 fuerit.
1476 5270 1748 5342 Exemplis
1774 5269 1913 5328 cou-

321 5343 695 5417 linua_t_llarq.
726 5360 845 5417 cap.
876 5343 961 5417 l2,
992 5344 1019 5415 ς
1050 5344 1104 5398 8.
1334 5414 1381 5417 ᾖ-
1446 5414 1456 5417 _
1534 5415 1545 5417 _
1621 5390 1627 5397 .

396 5429 418 5456 υ
452 5412 765 5485 Plgaleratas
785 5412 1049 5470 verborum
1070 5432 1305 5485 pompas.
1327 5414 1416 5470 Sic
1434 5414 1681 5470 Ambros.
1704 5413 1913 5470 advers.

322 5486 480 5541 relat.
505 5483 834 5557 Symmachi,
864 5486 956 5541 lib.
974 5483 1129 5557 Post.
1162 5483 1500 5557 {paginulas
1532 5502 1794 5539 sermones
1818 5500 1918 5555 ap-

323 5556 528 5628 pellat;
548 5554 625 5628 ίοι
658 5556 752 5612 lib.
786 5572 843 5615 ιι,
876 5558 929 5612 in
971 5555 1099 5612 Luc.
1128 5572 1203 5610 n;
1244 5554 1391 5619 Nam
1423 5558 1467 5609 si
1496 5554 1918 5628 oratorAilloru’m

323 5625 412 5698 iui
446 5627 688 5698 phaleras
721 5642 1016 5699 sermouum
1052 5635 1359 5699 sequuntur,
1400 5634 1551 5699 negat
1584 5627 1641 5699 in
1675 5625 1771 5681 hoc
1801 5627 1917 5699 for-

328 5695 482 5752 tm.
509 5698 704 5767 positas
729 5715 843 5753 esse
872 5695 1128 5763 erciw,
1155 5698 1251 5753 hoc
1275 5714 1343 5752 an
1373 5695 1913 5767 illo—verborums'sis,

310 5811 329 5838 ,
380 5788 427 5821 «ε.
454 5765 516 5823 δέ
540 5774 768 5836 I'rospcr
788 5770 879 5824 lib.
904 5779 973 5824 de
998 5770 1103 5823 Vit.
1125 5768 1411 5837 Cuntcmp.
1437 5806 1453 5831 ,
1474 5784 1595 5833 «νην.
1630 5765 1701 5819 3i
1724 5807 1739 5820 .
1770 5765 1911 5838 Prat-

322 5836 560 5895 demibus
583 5843 702 5894 utris
725 5858 825 5896 non
843 5844 1044 5912 plorent
1066 5840 1334 5909 plmlcrala
1351 5878 1365 5907 ,
1389 5838 1477 5891 scd
1493 5839 1653 5908 fortia
1668 5880 1681 5905 ,
1705 5836 1912 5907 quando

2146 4674 2379 4725 Phalcras
2404 4674 2621 4739 phaleris
2642 4682 2694 4725 et
2717 4675 2941 4725 laudibus
2964 4677 3148 4728 addere
3168 4677 3339 4729 laudes

2019 4754 2157 4811 dixit
2179 4756 2372 4813 eodem
2401 4756 2700 4813 schemate.

2090 4848 2401 4934 fGarrulas
2448 4849 2711 4934 [acundire
2757 4866 2987 4934 spumas.
3019 4850 3222 4934 Nempe
3268 4869 3396 4909 cava
3442 4850 3619 4934 verba;

2016 4922 2145 4996 etin
2165 4921 2660 4996 utereravesicarum
2682 4928 2931 4996 tumentia
2950 4923 3094 4996 apud
3120 4921 3430 4996 Hieronym.
3449 4923 3623 4996 _epist.

2021 4991 2123 5071 190
2146 5009 2159 5055 ;
2186 5000 2235 5044 et
2248 4990 2487 5071 bullatus
2517 5006 2681 5071 nugas
2710 4989 2897 5071 Persio
2925 4989 3029 5046 sal.
3150 4989 3411 5071 ventosum
3439 4989 3621 5071 (circa.

2021 5009 2123 5045 ιυυ
2146 5009 2159 5055 ;
2186 5009 2235 5044 et
2266 5009 2487 5044 curtatas
2517 5009 2681 5071 nugas
2710 5009 2897 5047 remo
2925 5009 3029 5046 sat.
3055 5009 3125 5060 ος
3150 5009 3411 5051 ventosum
3439 5009 3456 5048 t
3564 5011 3621 5045 αα

2017 5064 2236 5138 citateut
2248 5058 2503 5138 Petronio
2508 5062 2685 5138 __t_nttio
2712 5069 2860 5138 sat._;
2890 5064 3147 5133 ampullas
3166 5075 3217 5119 et
3242 5009 3625 5138 sesquipgglia

2016 5133 2170 5187 verba
2194 5129 2380 5206 Horat.
2412 5130 2480 5206 ad
2506 5128 2690 5206 Ρίερ-σιἶ
2717 5139 2773 5206 et
2794 5131 2847 5186 id
2874 5128 3044 5206 genus
3064 5146 3319 5206 sexcenta
3337 5128 3497 5206 apud
3513 5132 3619 5206 Au-

2019 5214 2221 5265 ctores,
2250 5202 2318 5255 de
2338 5201 2531 5270 quibus
2552 5200 2760 5259 videbis
2782 5201 3055 5259 eruditiss.
3081 5200 3216 5259 Lud.
3244 5200 3499 5263 Cressulii
3525 5204 3621 5257 lib.

2021 5288 2076 5327 ιιι
2104 5270 2294 5327 Tbeat.
2323 5281 2434 5326 vet.
2466 5271 2675 5342 libet,
2701 5286 2823 5342 cap.
2854 5270 2945 5342 25.

2098 5350 2123 5411 ῗ
2153 5342 2401 5410 Superius
2429 5341 2648 5410 polliciti
2669 5338 2866 5397 sanius.
2895 5341 3215 5401 Prmfatione
3240 5338 3354 5411 ipsa
3381 5339 3595 5411 Operis.

2098 5409 2118 5450 ί
2149 5409 2401 5485 Sanctum
2427 5409 2827 5485 uirumuomine
2855 5411 3100 5485 Paulum.
3128 5414 3223 5485 De
3251 5409 3625 5485 quo_seripto-

2025 5500 2117 5555 res
2126 5484 2308 5555 nostri
2337 5480 2525 5555 Morel.
2559 5481 2651 5555 lib.
2682 5499 2737 5549 ιι,
2766 5498 2886 5555 cap.
2915 5482 2979 5538 7i
2998 5523 3016 5551 ,
3039 5493 3095 5541 et
3123 5482 3324 5555 Padills
3348 5480 3511 5555 Genti
3532 5498 3625 5553 vs,

2023 5571 2071 5612 c.
2103 5554 2198 5617 50,
2230 5569 2339 5609 non
2366 5552 2486 5609 sine
2514 5553 2794 5617 scriptoris
2820 5552 2991 5610 nostri
3020 5553 3511 5612 commendatione.

2095 5635 2121 5673 s
2146 5625 2270 5678 Arte
2287 5625 2563 5695 medicum.
2596 5622 2808 5695 Augeat
2829 5625 3023 5681 Paulus
3048 5638 3234 5681 noster
3251 5622 3481 5682 aliorum
3501 5641 3631 5682 sau-

2021 5694 2590 5766 ctitateiprzcstantiss.
2626 5694 2956 5766 medicontm
2986 5712 3303 5759 munerum,
3342 5709 3506 5766 quem
3532 5699 3625 5766 pia

2019 5764 2685 5838 Joan.Mulauisetlulitas
2714 5765 2990 5838 clega:.ter
3015 5764 3369 5824 concinnavit
3433 5764 3627 5821 Diana

2019 5836 2359 5891 ecclesiastico
2389 5833 2640 5892 "editor.
