3874 6224
219 399 309 458 Ιξθ

1279 395 1363 448 DE
1406 391 1563 446 VITA
1608 385 1890 444 PATRUM
1933 383 2464 444 EllElllTENSlUM.

3427 394 3527 449 £30

219 517 480 585 Wet,
527 517 587 564 et
616 518 964 565 cunctorum
1015 505 1294 563 effectibus
1321 500 1632 559 dulciiluunt
1683 497 1826 552 sacri
1860 504 1897 555 Λ
1933 508 2115 550 mento
2158 513 2253 569 per
2303 506 2474 552 totum
2520 498 2661 553 diem
2692 499 2953 563 incubuit,
3005 511 3168 573 atque
3199 503 3252 558 in
3281 505 3528 561 oratione

222 603 447 674 pectoris
492 602 577 657 sui
627 602 933 658 exhiberet
981 601 1252 662 alleczum,
1282 595 1509 663 contigit
1546 591 1828 660 cujusdam

230 696 455 768 primarii
504 695 755 751 civitatis
810 711 882 751 ex
911 708 1111 763 genere
1158 700 1466 746 senatorqu
1513 683 1830 741 nobilissimi

235 788 323 843 viri
349 796 647 856 egrotasse
685 796 1023 851 matronam,
1073 797 1192 853 quze
1222 781 1424 850 etipsa
1455 777 1647 832 illustri
1674 784 1834 830 stem-

234 889 369 937 mate
397 878 691 950 progenita
747 878 989 932 nobilem
1046 874 1292 930 trahebat
1321 873 1666 944 prosapiam;
1714 885 1833 940 qua:

234 987 348 1028 cum
378 984 552 1040 nuper
581 978 756 1038 nupta
793 969 848 1022 in
881 978 1036 1022 utero
1062 967 1379 1036 accepisset,
1411 965 1524 1034 ipse
1545 960 1834 1018 anantulus

233 1063 282 1115 in
312 1070 501 1116 ventre
529 1060 758 1115 collisus
791 1070 896 1124 est,
927 1059 1012 1115 cui
1058 1072 1179 1112 cum
1213 1057 1367 1112 multi
1397 1054 1589 1109 medici
1619 1054 1833 1108 diversa

232 1153 572 1213 adhiberent,
599 1159 656 1205 et
680 1149 890 1204 nullum
915 1148 1211 1203 remedium
1230 1147 1452 1203 medela:
1477 1147 1722 1206 sentiret,
1738 1143 1834 1200 scd

235 1245 284 1298 in
315 1245 460 1313 gravi
485 1243 808 1298 discrimine
839 1242 1015 1312 posita
1042 1242 1284 1310 quotidie
1313 1241 1473 1296 morti
1506 1241 1833 1308 propinqua-

233 1345 350 1400 ret;
381 1334 738 1405 supradictus
769 1334 995 1389 illustris
1031 1333 1147 1401 ejus
1178 1333 1278 1396 vir,
1310 1347 1376 1384 eo
1406 1330 1547 1396 quod
1589 1329 1663 1381 illi
1704 1326 1836 1380 nihil

233 1428 446 1484 i-harius
500 1436 656 1482 esset
683 1426 938 1493 conjuge,
973 1437 1132 1490 quam
1164 1421 1376 1474 noviter
1401 1417 1635 1486 conjugii
1664 1417 1834 1485 gratia

232 1520 455 1573 sortitus
490 1523 691 1580 fuerat,
723 1516 1044 1583 contemptis
1076 1511 1337 1566 universis
1370 1510 1590 1564 medicis
1616 1524 1712 1578 spe
1753 1496 1838 1564 ie-

235 1612 560 1678 cu;.erand:n
592 1609 784 1662 salutis
812 1607 877 1659 ad
926 1605 1172 1659 eumdem
1218 1603 1613 1657 sanctissimum
1664 1601 1836 1654 virum

234 1702 492 1760 cucurrit,
550 1709 608 1753 et
641 1697 956 1766 provolutus
1001 1695 1226 1766 pedibus
1254 1694 1372 1763 ejus
1424 1709 1545 1748 cum
1591 1691 1840 1762 lacrymis

237 1795 503 1852 exotavit,
542 1799 602 1842 ut
631 1789 759 1858 quia
811 1787 904 1843 Dei
952 1802 1142 1841 servus
1188 1796 1341 1853 erat,
1372 1785 1705 1840 orationibus
1732 1783 1843 1838 suis

1936 587 2230 644 indefessus
2278 604 2675 658 perseverans,
2721 603 3036 660 sequentem
3087 597 3423 651 continuavit
3475 610 3530 652 et

1938 688 2196 748 noctem;
2243 681 2332 750 qui
2362 697 2490 736 mox
2533 682 2664 737 inibi
2692 683 2913 740 oraculo
2943 684 3126 740 divino
3168 689 3533 744 commonitus

1935 779 2034 834 est,
2053 772 2344 841 statimque
2361 787 2695 842 consurgens
2710 773 2777 829 ad
2796 775 3036 830 mulieris
3053 793 3084 830 a
3100 791 3207 845 gra:
3223 779 3441 834 domum
3457 780 3536 835 in-

1933 871 2253 916 cunctanter
2288 862 2546 930 perrexit,
2595 871 2651 917 et
2696 863 2922 920 festinus
2954 870 3262 936 properavit
3283 910 3297 933 ,
3329 869 3532 922 oratio-

1937 969 2060 1008 nem
2088 953 2244 1020 fudit,
2276 970 2466 1010 manus
2498 956 2550 1009 in
2578 958 2798 1013 nomine
2827 958 3040 1014 Domini
3071 975 3232 1028 super
3263 959 3531 1014 inﬁrmam

1937 1045 2227 1114 imposuit:
2263 1046 2316 1100 in
2343 1061 2441 1117 spe
2471 1047 2565 1101 Dei
2592 1048 2726 1103 mira
2749 1048 3044 1105 subtilitate
3070 1051 3384 1104 incisionem
3406 1051 3535 1106 sub-

1939 1137 2238 1191 tilissimam
2265 1138 2447 1192 subtili
2474 1154 2595 1194 cum
2624 1139 2953 1195 ferramento
2983 1140 3129 1205 fecit,
3157 1153 3322 1208 atque
3361 1142 3536 1211 ipsum

1939 1225 2260 1284 infantulum
2284 1230 2394 1297 jam
2427 1230 2698 1299 putridum
2721 1233 3085 1301 membratim,
3115 1233 3536 1302 compendiatim

1939 1319 2221 1382 abstraxit,
2269 1322 2549 1375 mulierem
2596 1337 2738 1391 pene
2768 1333 3056 1391 mortuam,
3109 1338 3175 1377 ac
3202 1323 3536 1389 semivivum,

1939 1409 2215 1467 adnitente
2235 1413 2363 1476 Deo,
2381 1413 2493 1467 viro
2509 1429 2609 1467 suo
2625 1413 2908 1469 confestim
2932 1416 3254 1470 incolumem
3281 1415 3539 1484 reddidit,

1940 1501 2025 1555 cui
2082 1513 2137 1556 et
2175 1503 2428 1573 praecepit
2477 1512 2535 1557 ut
2587 1504 2724 1556 ultra
2782 1505 2956 1559 virum
3004 1521 3112 1559 non
3163 1517 3539 1574 cognosceret,

1941 1608 2268 1662 quocunque
2294 1596 2435 1647 enim
2467 1603 2713 1661 tempore
2740 1594 2940 1648 coitum
2972 1595 3179 1648 virilem
3208 1595 3540 1662 agnovisset,

1943 1701 2069 1741 mox
2101 1686 2149 1740 ei
2176 1685 2444 1740 deteriora
2476 1684 2720 1738 adfutura
2754 1693 2933 1738 essent
2961 1684 3270 1738 discrimina
3302 1701 3314 1736 :
3341 1686 3434 1738 sed
3465 1685 3538 1739 illi

1949 1776 2299 1831 nihilominus
2324 1769 2546 1846 pedibus
2567 1775 2684 1843 ejus
2704 1775 2971 1845 provoluti
3000 1775 3200 1845 gratias
3221 1775 3538 1842 retulerunt,

237 1884 525 1940 Dominum
555 1898 656 1951 pro
701 1881 820 1951 ejus
849 1892 1108 1935 matrona:
1159 1880 1332 1934 salute
1361 1886 1695 1949 precaretur,
1747 1886 1840 1930 aut
1875 1878 1918 1936 Β
1944 1878 1999 1924 et
2029 1869 2208 1922 omnia
2241 1883 2359 1943 qua:
2388 1869 2470 1920 vir
2501 1866 2592 1921 Dci
2625 1875 2954 1936 prleceperat
2986 1867 3037 1921 in
3062 1868 3312 1921 omnibus
3336 1882 3396 1922 se
3423 1882 3542 1923 essu

237 1985 381 2030 certe
409 1975 541 2043 quia
577 1971 825 2026 medicus
849 1980 1016 2035 esset,
1046 1986 1150 2024 non
1174 1971 1395 2024 duceret
1423 1970 1698 2037 indignum
1730 1983 1843 2021 ma-

237 2084 304 2121 nu
335 2081 433 2120 sua
486 2073 699 2130 mgroto
745 2061 971 2129 gratiam
1021 2060 1262 2128 praebere
1311 2059 1596 2120 medendi;
1638 2057 1733 2111 sed
1765 2058 1844 2110 vir

237 2153 328 2208 Dei
360 2153 618 2223 protinus
648 2151 945 2219 respondit,
983 2150 1173 2202 .dicens
1211 2165 1224 2200 :
1261 2145 1386 2200 Mihi
1433 2147 1577 2215 quod
1608 2146 1843 2200 hortaris

237 2245 415 2299 facere
446 2259 560 2298 non
609 2243 762 2311 licet,
792 2241 906 2310 qui,
944 2240 1042 2296 etsi
1073 2239 1325 2294 sacerdos
1355 2237 1603 2307 indignus
1633 2237 1844 2293 Domini

236 2351 377 2400 sum,
411 2343 470 2388 et
499 2333 835 2388 sacriﬁcium
860 2331 1108 2385 manibus
1153 2331 1288 2384 meis
1309 2327 1478 2384 offero
1508 2327 1759 2394 Domino,
1791 2338 1844 2384 et

241 2428 360 2481 ideo
383 2425 535 2495 quod
561 2423 721 2488 dicis,
747 2439 856 2478 non
880 2437 1096 2492 possum
1119 2421 1343 2491 implere
1369 2437 1382 2484 ;
1409 2435 1477 2475 ne
1502 2421 1846 2491 postmodum

241 2519 476 2589 pollutas
508 2517 688 2571 sacris
732 2514 996 2570 altaribus
1036 2529 1230 2567 manus
1270 2511 1519 2579 inferam,
1552 2523 1608 2568 et
1655 2513 1847 2567 divina:

243 2611 527 2681 potestatis
561 2623 692 2663 mox
735 2606 974 2662 furorem
1026 2606 1318 2658 incurram.
1373 2601 1440 2656 Et
1469 2603 1705 2673 adjecit:
1737 2602 1844 2657 lbi-

243 2718 380 2764 mus,
414 2702 620 2770 inquit,
670 2699 725 2753 in
757 2698 976 2752 nomine
1028 2695 1262 2762 Domini,
1319 2694 1658 2749 visitabimns
1704 2694 1849 2762 eam,

244 2805 295 2848 et
335 2793 590 2847 dabimus
646 2790 888 2845 medicos
944 2787 1196 2842 Ecclesiae
1231 2828 1247 2854 ,
1299 2787 1392 2856 qui
1458 2785 1532 2840 illi
1561 2784 1850 2839 adhibeant

245 2884 570 2938 medicinam
599 2922 615 2946 ,
684 2889 742 2936 et
796 2880 850 2933 in
889 2888 1154 2947 quantum
1210 2878 1448 2941 scimus,
1500 2875 1850 2931 ostendemus

248 2977 479 3044 qualiter
538 2988 673 3028 cura
747 2970 911 3026 faciat
964 2989 980 3035 ;
1037 2987 1137 3027 nos
1203 2980 1392 3025 tamen
1450 2968 1628 3024 facere
1684 2983 1848 3021 manu

249 3067 461 3137 propria
519 3066 748 3118 minime
799 3079 1123 3134 possumus:
1184 3063 1278 3118 ille
1322 3077 1452 3117 vero
1497 3062 1675 3118 sciens
1722 3063 1849 3129 quia

249 3160 442 3216 nullius
491 3158 723 3213 alterius
773 3158 969 3212 medici
1021 3172 1147 3211 cura
1197 3155 1423 3220 valeret,
1478 3163 1534 3208 et
1586 3155 1709 3223 quia
1738 3156 1846 3221 jam

1944 1969 2257 2015 servaturos
2280 1959 2663 2028 promiserunt,
2699 1959 3056 2027 imprecantcs
3081 1957 3388 2027 Dominum,
3415 1968 3472 2014 ut
3500 1961 3544 2015 si

1946 2069 2054 2108 non
2083 2052 2436 2116 custodirent,
2471 2064 2654 2120 pejora
2681 2050 2785 2104 illis
2815 2051 3163 2120 postmodum
3197 2051 3543 2108 advenireut.

1946 2147 2110 2201 Facta
2144 2161 2374 2216 namque
2407 2153 2489 2201 est
2518 2161 2584 2198 eo
2612 2145 2772 2200 modo
2803 2146 2891 2200 illa
2918 2147 3307 2202 inaestimabilis
3337 2148 3543 2211 Izetitia,

1950 2239 2377 2309 immensumque
2406 2239 2681 2307 gaudium,
2710 2250 2871 2309 atque
2898 2239 3131 2293 universi
3161 2240 3212 2293 in
3245 2237 3338 2294 Dei
3370 2239 3543 2292 laudi-

1950 2331 2050 2384 bus
2079 2332 2461 2396 acclamantes,
2496 2340 2715 2386 orantes
2745 2332 3210 2400 tripudiantesque
3253 2332 3506 2386 dicebant
3533 2350 3546 2387 :

1950 2423 2105 2489 Quod
2137 2438 2262 2477 vere
2293 2423 2527 2480 misisset
2557 2422 2815 2478 Dominus
2844 2425 3094 2490 angelum
3126 2439 3300 2488 suum,
3330 2423 3419 2489 qui
3444 2422 3547 2476 illis

1952 2515 2203 2569 misertus
2233 2511 2440 2568 fuisset.
2477 2513 2612 2568 Tum
2652 2514 2847 2569 deinde
2878 2513 3119 2568 fecerunt
3151 2514 3219 2568 de
3248 2514 3408 2568 rebus
3439 2514 3551 2568 suis

1952 2605 2113 2660 talem
2143 2605 2618 2675 conscriptionem,
2643 2613 2702 2659 ut
2724 2605 2791 2660 de
2811 2605 3062 2675 prmsenti
3091 2614 3312 2660 sanctus
3335 2605 3415 2659 vir
3441 2621 3548 2659 me;

1952 2695 2212 2751 dictatem
2251 2711 2321 2751 ex
2351 2698 2606 2753 omnibus
2645 2715 2764 2768 quae
2816 2698 3090 2752 habebant
3118 2699 3409 2767 acciperet,
3443 2697 3550 2751 alia

1953 2805 2084 2843 vero
2113 2789 2374 2845 medietas
2401 2799 2522 2860 post
2542 2805 2729 2846 eorum
2758 2791 2964 2845 obitum
2999 2792 3206 2858 integra
3239 2801 3295 2845 et
3319 2791 3552 2846 inteme-

1955 2889 2071 2933 rata
2113 2880 2182 2933 ad
2210 2879 2323 2948 ejus
2352 2881 2649 2950 pertineret
2678 2881 2957 2935 ditionem.
2987 2878 3160 2934 Tanta
3187 2896 3418 2950 namque
3450 2881 3551 2936 illis

1955 2970 2130 3025 inerat
2158 2972 2312 3040 copia
2344 2987 2548 3037 rerum.
2601 2981 2658 3026 ut
2688 2973 2862 3028 nullus
2905 2981 3217 3027 senatorum
3249 2973 3302 3027 in
3331 2972 3551 3043 provin-

1955 3060 2036 3113 cia
2064 3059 2352 3114 Lusitanite
2391 3061 2498 3114 illis
2527 3063 2856 3130 reperiretur
2887 3064 3245 3132 locupletior:
3290 3065 3434 3135 quod
3466 3065 3553 3120 illo

1955 3166 2178 3221 prorsus
2225 3152 2515 3218 recusavit,
2574 3168 2639 3207 ac
2685 3157 2884 3218 renuit,
2935 3155 3219 3224 noluitque
3263 3160 3551 3227 accipere:

251 3268 381 3306 mor
410 3267 509 3305 sua
541 3265 684 3321 pene
713 3259 925 3302 mortua
953 3255 1114 3308 esset,
1151 3245 1316 3314 cmpit
1345 3259 1465 3298 cum
1498 3242 1626 3298 tletu
1650 3256 1847 3311 magno
1876 3249 1922 3312 ρ
1953 3245 2046 3300 sed
2078 3244 2177 3299 illis
2201 3245 2609 3301 obsecrantibus
2641 3245 2970 3316 nimiumque
2994 3248 3300 3317 importune
3320 3249 3556 3305 oﬂeren-

250 3347 403 3401 enixe
451 3343 725 3414 ﬂagitare,
776 3351 836 3394 ut
864 3338 1069 3395 nullum
1114 3337 1241 3392 illuc
1278 3338 1562 3407 dirigeret,
1608 3339 1704 3392 sed
1735 3337 1851 3407 ipse

250 3452 344 3507 per
368 3451 427 3491 se
459 3437 587 3497 iret,
619 3442 676 3487 et
704 3431 849 3504 quod
873 3432 1098 3497 sciebat,
1134 3445 1293 3485 manu
1321 3430 1538 3500 propria
1574 3429 1851 3499 impende.

252 3538 368 3583 ret:
400 3528 497 3583 sel
529 3527 659 3582 ilum
692 3526 780 3580 ille
810 3539 918 3580 non
945 3531 1228 3584 annueret,
1272 3536 1447 3590 neque
1478 3522 1692 3589 penitus
1719 3536 1850 3574 con-

253 3622 493 3684 sentiret,
537 3618 778 3673 universi
828 3618 1020 3670 fratres
1066 3629 1250 3669 coram
1301 3615 1484 3683 positi,
1517 3621 1572 3668 et
1603 3614 1698 3682 ipsi
1732 3626 1866 3694 eum

254 3733 370 3772 cum
417 3715 671 3787 lacrymis
714 3718 1062 3780 rogaverunt,
1095 3718 1151 3762 ut
1195 3710 1296 3764 iret
1324 3726 1338 3775 ;
1370 3717 1426 3762 at
1454 3708 1542 3762 ille
1572 3708 1646 3760 ait
1675 3727 1685 3759 :
1722 3705 1854 3759 Novi

255 3809 393 3878 quod
423 3808 613 3862 multle
641 3802 1007 3860 miserationis
1033 3803 1102 3855 sit
1131 3800 1389 3854 Dominus
1414 3798 1588 3869 (Prol.
1621 3814 1672 3862 ι,
1699 3796 1772 3863 5),
1803 3807 1857 3850 et

256 3900 438 3965 credo,
468 3900 600 3953 dum
647 3897 826 3961 fuero,
855 3894 999 3965 quod
1029 3893 1237 3949 inﬁrma
1267 3892 1544 3962 pristinam
1576 3898 1859 3961 rcruperet

256 3995 500 4058 salutem,
550 3997 608 4044 et
647 3988 778 4042 mibi
826 3989 1007 4041 statim
1059 3987 1322 4042 concedet
1368 3987 1580 4041 veniam
1637 3996 1858 4054 propter

257 4100 426 4141 tncam
479 4082 1001 4154 praesumptionem:
1042 4081 1137 4136 sed
1187 4079 1434 4134 homines
1489 4076 1661 4131 malos
1719 4075 1860 4130 hanc

259 4176 380 4230 mihi
434 4187 660 4230 causam
709 4171 946 4240 objicere
993 4171 1044 4227 in
1094 4169 1431 4242 postmodum
1478 4168 1701 4223 omnino
1750 4182 1858 4221 non

259 4270 483 4329 dubito;
515 4265 606 4320 cui
651 4278 776 4319 cum
825 4277 1013 4318 omnes
1063 4260 1253 4318 fratres
1300 4261 1382 4316 sui
1427 4259 1858 4330 responderent:

259 4356 445 4414 Nullus
491 4370 523 4412 e
569 4353 728 4410 nobis
755 4362 1044 4424 propterea
1076 4352 1277 4425 aliquid
1326 4353 1569 4408 dicturus
1606 4361 1726 4417 est,
1766 4349 1862 4406 sed

260 4465 442 4523 perge,
485 4446 730 4512 domine,
757 4455 813 4500 et
852 4444 999 4502 omni
1029 4443 1311 4500 celeritate
1342 4454 1367 4481 α
1398 4457 1498 4513 age
1525 4442 1682 4508 illud,
1713 4441 1861 4513 quod

261 4539 497 4598 mercedi
522 4547 630 4592 tua:
659 4534 923 4605 proficiet.
950 4533 1191 4590 Tandem
1212 4550 1401 4592 eorum
1431 4534 1682 4607 precibus
1711 4549 1865 4590 com-

1959 3336 2117 3403 tibus,
2146 3344 2203 3392 et
2231 3337 2307 3393 sic
2336 3337 2551 3394 tandem
2582 3346 2806 3394 coactus
2835 3348 2917 3394 est
2941 3341 3216 3410 suscipere
3241 3359 3254 3407 ;
3289 3341 3433 3411 quod
3464 3357 3558 3398 aen

1954 3430 2160 3500 cipiens
2191 3446 2296 3486 non
2340 3441 2450 3486 tam
2496 3431 2728 3501 propaiis
2761 3432 2943 3487 usibus
2973 3443 3234 3502 quantum
3282 3435 3556 3503 egentium

1956 3524 2212 3592 pramepit
2237 3522 2512 3578 deservire
2539 3523 2971 3579 necessitatibus.
2999 3523 3075 3578 llli
3100 3534 3278 3580 autem
3308 3541 3337 3579 a
3363 3525 3558 3594 quibus

1957 3615 2006 3669 ei
2064 3614 2305 3668 oblatum
2357 3621 2461 3679 est,
2495 3624 2904 3682 perseverantes
2957 3631 3081 3671 cum
3134 3616 3327 3671 timore
3377 3616 3471 3671 Dei
3504 3617 3558 3671 in

1957 3705 2244 3768 castitate:
2279 3714 2400 3772 post
2431 3719 2537 3758 non
2570 3703 2738 3759 multo
2770 3706 3031 3775 temporis
3060 3707 3345 3762 intervallo
3371 3707 3436 3762 ad
3468 3723 3557 3762 su-

1957 3812 2179 3866 pernam
2205 3796 2431 3866 patriam
2458 3796 2746 3851 vocatione
2768 3796 2948 3854 divina
2974 3796 3162 3853 adsciti
3185 3809 3330 3854 sunt.
3352 3799 3557 3865 Quibus

1956 3888 2227 3945 defunctis
2281 3902 2444 3944 omne
2499 3902 2687 3943 eorum
2745 3889 3131 3958 patrimonium
3185 3890 3558 3946 sanctissimus

1962 3980 2160 4036 Paulus
2188 3983 2476 4052 episc0pus
2505 3983 2820 4051 promeruit,
2848 3991 2903 4037 et
2944 3983 3038 4053 qui
3077 3984 3395 4054 peregrinus
3426 3984 3558 4042 nihil

1961 4075 2167 4130 habens
2209 4074 2521 4142 advenerat,
2553 4074 2726 4130 factus
2754 4084 2837 4130 est
2865 4076 3075 4132 cunctis
3105 4077 3416 4147 potentibus
3455 4093 3557 4149 po-

1963 4169 2165 4222 tentior
2221 4169 2272 4222 in
2331 4175 2539 4222 tantum
2573 4210 2589 4236 ,
2647 4177 2710 4223 ut
2767 4169 2945 4225 omnis
3007 4167 3233 4224 facultas
3301 4170 3558 4227 Ecclesiae

1963 4262 2029 4317 ad
2054 4263 2514 4333 comparationem
2565 4263 2832 4319 bonorum
2885 4264 3029 4321 illius
3057 4278 3156 4336 pro
3200 4264 3371 4323 nihilo
3409 4277 3559 4339 puta-

1965 4361 2129 4409 retur.

2591 4446 2823 4506 CAPUT
2859 4447 2927 4504 ν.

1971 4565 2169 4621 Fidelis
2198 4567 2408 4620 natione
2450 4562 2684 4628 Graecus,
2734 4562 2876 4634 ﬁlius
2928 4564 3120 4634 sororia
3153 4561 3309 4617 Pauli
3335 4562 3562 4634 episwpl

261 4633 444 4704 pulsus
477 4626 749 4700 proficisci
788 4625 1182 4696 pollicitusest,
1216 4625 1291 4680 ita
1317 4625 1602 4694 duntaxat,
1625 4631 1684 4678 ut
1713 4624 1859 4694 prius
1887 4627 1941 4689 ι)
2035 4636 2395 4700 Eum-imm,
2428 4635 2624 4690 νευσηω
2650 4624 2904 4690 mimae
2939 4632 3250 4706 ,ιιι-ορατ
3279 4634 3334 4687 an
3362 4624 3564 4704 ξρῑεοῤ-

263 4722 474 4780 Domini
503 4717 819 4788 exquireret
856 4716 1209 4782 voluntatem,
1254 4731 1321 4773 ne
1359 4726 1562 4772 temere
1602 4716 1858 4773 incedens

263 4813 417 4868 facile
446 4815 654 4879 ageret,
685 4821 784 4878 pro
807 4804 1170 4876 quodiillcile,
1196 4805 1483 4862 mulctatus
1513 4803 1606 4861 Dei
1633 4805 1857 4876 judicio,

264 4909 330 4961 ad
374 4905 590 4962 veniam
618 4899 856 4962 rediret:
891 4900 1033 4958 illico
1063 4914 1297 4970 namque
1326 4897 1599 4955 basilicam
1629 4901 1859 4957 sanctis-

264 4998 413 5055 sima:
455 4993 682 5064 virginis
709 4989 932 5049 Eulalia:
959 4992 1131 5066 petiit,
1161 4992 1340 5063 ibique
1367 4999 1669 5064 prostratus
1707 4994 1861 5064 pavi-

340 5164 366 5194 a
395 5154 505 5225 Age
531 5147 858 5232 illud,de
1137 5147 1546 5232 tuc‘proﬁcicta
1586 5146 1868 5232 Hispanis-

269 5240 391 5282 mus
415 5220 588 5295 p'urus
615 5228 789 5302 putus.
804 5220 1024 5302 mercedi
1054 5231 1155 5275 tua:
1180 5220 1284 5275 est.
1331 5220 1577 5290 Vulgaris
1604 5220 1718 5301 fere
1746 5236 1866 5277 om-

271 5287 1405 5374 nes-compellandtmcrehdit.consuetudo
1431 5290 1570 5374 apud
1599 5288 1867 5374 Hispanos

273 5361 582 5425 notissima,
624 5370 830 5416 mea
855 5361 1097 5426 mercati;
1140 5375 1246 5433 qua
1290 5361 1596 5417 urbanitate
1643 5363 1866 5419 nimium

273 5433 568 5490 blandienti
607 5439 783 5504 enata:
821 5440 948 5487 sunt
983 5444 1192 5504 actem;
1226 5433 1696 5504 compellationes,
1747 5449 1866 5504 quae

277 5507 433 5576 vulgo
459 5512 648 5577 nota}._
666 5500 968 5558 Remanent
993 5503 1134 5577 apud
1162 5500 1386 5577 Paulum
1415 5514 1655 5577 nostrum
1686 5500 1870 5577 Hispa-

278 5573 436 5648 ιιῦρ
460 5573 686 5648 vestigia
717 5587 826 5648 non
848 5574 1016 5630 semel
1043 5591 1058 5638 ;
1097 5575 1174 5648 uti
1191 5575 1344 5648 apud
1364 5589 1596 5634 caeteros
1614 5573 1870 5648 ,Scripio.

284 5662 367 5730 res
392 5645 661 5732 Hispania:
685 5645 1030 5727 observatum
1052 5658 1084 5698 ιι
1103 5644 1235 5700 viris
1259 5645 1431 5704 doctis
1458 5657 1560 5705 est.
1601 5644 1873 5706 Orientius

284 5715 664 5775 lilibet-manus
689 5730 743 5770 tn
773 5711 1104 5770 Commonit.

406 5810 524 5876 utne
543 5809 746 5876 cohibet
767 5811 920 5876 totum
946 5805 1084 5865 pacis
1103 5808 1359 5876 concordia
1384 5812 1634 5873 mundum,

465 5874 584 5934 ou-
605 5871 768 5922 brutls
785 5869 932 5920 etiam
959 5877 1074 5920 cum
1097 5869 1289 5921 ratione
1311 5871 1472 5923 datur.

2037 4719 2182 4779 potu.

2041 4820 2282 4892 Denique
2322 4833 2444 4875 cum
2491 4818 2755 4890 plurimos
2795 4830 2895 4889 per
2938 4831 3110 4873 annos
3149 4815 3288 4873 felici
3318 4823 3565 4888 tempore

1968 4931 2064 4973 sua
2092 4929 2216 4971 cum
2246 4914 2406 4986 plebe
2426 4913 2696 4970 frueretur
2717 4912 2776 4968 et
2799 4909 3036 4979 jucunde
3061 4908 3179 4966 Deo
3202 4909 3411 4972 vivens,
3445 4909 3564 4980 ple-

1970 5023 2069 5064 nus
2096 5022 2310 5078 semper
2339 5005 2622 5062 virtutibus
2647 5000 2887 5069 ﬂoreret,
2939 5000 3140 5058 accidit
3169 4999 3256 5057 die
3302 5001 3563 5072 quadarn,

1973 5163 2074 5221 Ubi
2114 5166 2168 5220 in
2192 5163 2316 5220 Mss.
2348 5175 2408 5215 co
2447 5175 2600 5226 rom,
2623 5157 2768 5230 quod
2799 5156 3022 5228 Hispani
3037 5157 3237 5213 .dlcunt
3258 5172 3353 5210 con
3380 5156 3565 5210 muclta

1970 5253 2132 5310 recoli
2149 5277 2164 5303 ,
2189 5236 2290 5310 hoc
2303 5240 2395 5310 est
2415 5229 2836 5310 Ἦᾳιίιο-έίιιειρ,
2860 5243 2971 5310 non
2993 5241 3109 5310 sine
3130 5241 3319 5310 causa,
3345 5237 3584 5310 notantn,

1972 5295 2174 5382 cl.__hl.'_
2198 5305 2269 5382 Α..
2303 5301 2551 5382 Del-ﬁlo.
2572 5295 3253 5382 “Eulogi‘nsﬁoordubensis
3291 5313 3398 5382 non
3423 5299 3565 5354 absi-

1972 5379 2174 5458 militef
2217 5375 2306 5430 lib.
2342 5372 2543 5458 illiciti.
2571 5371 2672 5458 εξ.
2708 5389 2722 5424 :
2767 5369 2958 5458 Sed‘ia
2996 5370 3430 5454 veritate.
3458 5384 3566 5422 esse

1976 5449 2240 5510 fatendum
2261 5455 2353 5508 est,
2376 5443 2604 5498 latitare.
2623 5441 2958 5510 Frequenter
2971 5442 3113 5496 enim
3133 5441 3406 5564 quippiam
3430 5453 3578 5493 ase-

1973 5513 2225 5576 ‘verantes
2253 5516 2536 5586 incipimus
2561 5530 2622 5569 en
2652 5512 2860 5580 rerdad,
2891 5512 3214 5586 observante
3283 5509 3417 5565 oral.
3441 5508 3565 5564 Not.

1974 5595 2043 5669 ad
2067 5589 2254 5669 Eulog.
2281 5580 2428 5669 num.
2453 5586 2523 5640 20
2545 5595 2602 5641 et
2620 5586 2712 5669 lib.
2740 5600 2800 5652 ιι,
2824 5583 3045 5669 (ξιιμ-ε
3072 5580 3186 5669 Nec
3208 5598 3310 5637 non
3333 5596 3396 5669 ex
3411 5591 3569 5669 parte

1974 5653 2473 5736 lingttm'Ar-abicq
2494 5657 2758 5724 cognitus,
2800 5653 2905 5736 ubi
2933 5653 3351 5736 .Hispanisinum‘
3403 5653 3566 5736 etiam

1973 5722 2218 5803 agnoscit
2244 5747 2258 5790 :
2283 5743 2405 5803 nam
2431 5722 2762 5803 Afretjuenter
2800 5722 3071 5803 loquimur
3108 5740 3203 5792 por
3231 5731 3380 5803 parte
3418 5722 3482 5776 de
3509 5735 3566 5774 ιιι

1973 5795 2141 5860 virtud
2167 5818 2259 5856 era
2287 5799 2395 5855 miti
2423 5799 2554 5853 buen
2584 5798 2816 5871 qnerido,
2839 5795 2897 5852 et
2924 5795 2976 5851 id
3004 5807 3173 5864 genus
3203 5796 3480 5866 pleraque.
