3874 6224
394 379 494 437 I35

1618 369 1825 427 PAliLI
1863 368 2236 427 ΕΜΕΒΙῬΑΝΙ
2279 370 2548 428 DIACONI

3571 380 3677 435 156

386 502 443 546 ιι
484 485 816 557 pervenisset
860 481 928 539 ad
955 483 1173 544 atrium,
1215 482 1458 553 protinus
1488 496 1611 536 eum
1648 498 1729 537 var
1752 490 1971 539 sanctus
1996 486 2047 544 Α
2072 497 2216 539 cium
2244 498 2365 541 esse
2382 485 2744 556 completum;
2775 500 2883 556 quo
2903 486 3119 559 expleto
3145 488 3309 558 paulo
3337 489 3518 546 adhuc
3546 506 3679 549 aute

386 579 771 648 mterrogavit,
798 576 941 647 quali
989 575 1121 629 hora
1152 574 1219 629 de
1257 574 1511 645 przedicto
1553 574 1675 631 loco
1722 586 1971 643 egressus

386 669 618 726 fuisset?
647 668 748 735 Qui
778 666 877 733 illi,
904 674 959 719 et
986 666 1175 721 horam
1203 664 1256 718 in
1284 678 1390 735 qua
1415 672 1745 728 surrexerat,
1776 672 1833 718 et
1860 678 1975 719 mo-

384 777 499 817 ram
526 776 687 831 quam
734 760 800 813 ad
830 768 1038 828 portam
1068 756 1288 816 fecerat.
1318 755 1592 812 enarravit
1616 773 1633 823 ;
1654 770 1815 825 quem
1847 769 1973 809 cum

386 854 473 907 vir
496 852 592 907 Dei
616 851 988 919 interrogavit,
1018 850 1063 904 si
1109 848 1311 918 aliquid
1352 848 1609 904 vidisset?
1634 848 1742 915 ille,
1776 847 1975 905 vidisse

382 958 443 1000 se
468 942 765 1008 fateretur;
796 942 940 997 hunc
980 941 1277 1004 admonuit,
1319 950 1375 997 et
1400 955 1683 1009 quousque
1710 941 1826 1011 ipse
1849 956 1976 995 san-

381 1049 501 1093 ctus
530 1038 612 1091 vir
636 1038 688 1091 in
714 1050 946 1105 corpore
971 1045 1133 1099 esset,
1168 1035 1298 1089 nulli
1328 1036 1574 1101 referret,
1601 1051 1671 1090 ne
1695 1036 1745 1090 ei
1772 1034 1841 1089 ad
1870 1036 1974 1089 im-

382 1144 540 1184 mane
561 1129 855 1198 periculum
878 1128 1195 1196 pertineret.
1219 1126 1335 1181 Alia
1356 1142 1573 1195 quoque
1592 1128 1709 1182 vice
1728 1126 1977 1181 similiter

381 1235 504 1275 eum
536 1219 752 1288 quidam
794 1219 1075 1286 religiosus
1103 1232 1225 1271 cum
1272 1216 1619 1272 multitudine
1658 1225 1972 1272 sanctorum

380 1311 613 1380 quadam
633 1317 792 1363 nocte
806 1308 874 1361 de
890 1307 1120 1362 ecclesia
1132 1316 1331 1362 sanctxe
1348 1305 1570 1362 Eulalia:
1584 1308 1972 1378 egredientem,

380 1408 437 1455 et
466 1414 560 1471 per
589 1399 863 1453 basilicam
895 1397 1185 1469 Martyrum
1214 1407 1428 1453 euntem
1456 1399 1606 1466 vidit,
1634 1400 1731 1455 sed
1762 1401 1976 1458 incaute

380 1504 564 1559 agens,
620 1490 799 1545 multis
846 1490 1029 1544 statim
1073 1489 1356 1554 indicavit;
1395 1498 1672 1560 postremo
1701 1491 1769 1545 ad
1798 1492 1973 1546 virum

380 1580 477 1636 Dei
507 1579 745 1644 veniens,
777 1588 832 1634 et
861 1580 910 1633 ei
938 1580 1083 1649 quod
1132 1580 1361 1648 viderat,
1391 1582 1593 1645 retulit,
1625 1583 1712 1638 cui
1741 1582 1831 1637 ille
1854 1584 1931 1637 ait
1956 1601 1970 1637 :

379 1670 496 1728 Hoc
526 1683 583 1727 ut
612 1673 788 1726 vidisti
817 1672 928 1742 jam
959 1672 1151 1727 alicubi
1178 1673 1380 1737 dixisti,
1413 1684 1508 1727 aut
1546 1674 1700 1731 non?
1742 1675 1833 1743 qui
1864 1684 1974 1729 sta-

379 1766 474 1818 tim
504 1764 855 1833 respondens,
881 1762 1195 1832 simpliciter
1223 1762 1499 1834 professus
1540 1774 1620 1819 est
1650 1780 1709 1819 se
1730 1765 1929 1821 dixisse
1956 1784 1971 1833 ;

2075 574 2339 643 gallorum
2379 584 2596 631 cantum
2642 592 2764 633 cum
2794 576 3041 635 laudibus
3085 590 3454 648 pervenerunt
3479 583 3550 637 ad
3583 598 3676 638 ec-

2075 663 2295 719 clesiam
2320 664 2377 720 S.
2412 664 2594 721 Maria:
2636 666 2703 722 ad
2741 666 3079 723 basiliculam
3107 668 3164 724 S.
3195 668 3444 737 Joannis,
3477 672 3534 727 in
3565 684 3675 742 qua

2078 756 2450 826 baptisterium
2478 768 2583 822 est,
2613 774 2735 829 qua:
2762 761 2986 815 nimium
3012 762 3265 831 contigua
3294 765 3553 820 antelata:
3573 767 3676 820 ba-

2076 847 2240 903 silica:
2268 848 2473 918 pariete
2509 858 2715 906 tantum
2744 852 3066 922 interposito
3106 861 3334 925 utraque
3375 872 3487 910 uno
3546 855 3676 911 tecti

2032 936 2035 939 ’
2080 940 2316 1009 tegmine
2363 950 2747 1011 conteguntur,
2794 944 3167 1014 explicitisque
3198 945 3449 1001 laudibus
3483 962 3677 1017 empe-

2077 1039 2203 1085 runt
2238 1030 2305 1085 ad
2335 1032 2564 1088 invicem
2592 1033 2810 1089 dicere:
2860 1034 3001 1091 Ecce
3028 1038 3285 1093 continuo
3315 1039 3447 1093 hora
3477 1050 3588 1109 est,
3620 1051 3681 1095 ut

2079 1120 2290 1189 signum
2321 1121 2437 1176 dari
2464 1122 2693 1189 debeat;
2736 1123 2810 1177 ob
2847 1124 2951 1179 hoc
2974 1125 3122 1194 prius
3150 1140 3374 1182 necesse
3403 1138 3508 1191 est,
3544 1140 3602 1182 ut
3628 1128 3680 1183 id

2078 1225 2177 1281 pro
2206 1227 2314 1281 quo
2340 1212 2591 1268 destinati
2622 1228 2842 1281 sumus,
2887 1216 3239 1274 ordinamus:
3290 1232 3525 1286 cumque
3572 1218 3680 1275 boc

2077 1300 2356 1368 dixissent,
2381 1315 2745 1374 apparuerunt
2768 1306 2819 1360 in
2845 1318 3143 1375 conspectu
3164 1302 3354 1363 eorum
3382 1309 3681 1382 Etliiopes

2079 1394 2203 1447 t’etri
2227 1394 2560 1463 nimiumque
2584 1396 2869 1461 terribiles,
2901 1412 3132 1466 quorum
3159 1408 3364 1454 statura
3390 1401 3681 1456 videbatur

2078 1496 2197 1537 esse
2242 1482 2514 1552 gigantea,
2545 1484 2766 1554 nigredo
2796 1500 3055 1556 perquam
3086 1488 3387 1551 teterrima,
3420 1490 3491 1542 ita
3526 1499 3589 1543 ut
3609 1505 3681 1545 et

2079 1571 2197 1640 ipso
2225 1586 2413 1628 eorum
2446 1581 2561 1628 toto
2587 1574 2782 1628 intuitu
2813 1575 3144 1646 nimiumque
3174 1588 3295 1632 atro
3322 1578 3471 1633 vultu
3495 1580 3679 1650 palam

2079 1663 2319 1717 cernenti
2349 1662 2569 1718 daretur
2592 1664 2815 1733 intelligi
2850 1666 2993 1733 ipsos
3022 1667 3379 1735 proculdubio
3407 1677 3681 1725 tartareus

2080 1768 2199 1808 esse
2225 1754 2500 1817 ministros
2525 1772 2539 1820 ;
2579 1757 2780 1825 quique
2808 1758 2971 1812 etiam
2997 1761 3301 1828 TOIDplllL‘aS
3330 1760 3682 1817 aiutissimas

378 1852 445 1907 ad
472 1852 719 1909 Ichlle
750 1852 960 1921 inquit:
1002 1851 1284 1921 indulgeat
1313 1853 1407 1907 tibi
1455 1853 1733 1917 Dominus,
1784 1854 1970 1926 frater,

2076 1844 2187 1899 suis
2214 1845 2497 1914 gestabant
2525 1846 2575 1900 in
2608 1847 2874 1912 manibus,
2905 1849 3101 1918 quibus
3141 1866 3265 1905 mox
3306 1854 3483 1907 sancti
3522 1852 3681 1908 dise-

379 1956 487 1995 non
518 1956 668 1997 reCte
699 1942 891 2005 fecisti,
933 1942 1048 1998 scio
1079 1943 1239 2012 igitur
1264 1945 1387 2013 quia
1419 1944 1513 1999 tibi
1540 1946 1595 2001 in
1623 1943 1804 2002 loturo
1828 1946 1975 2017 judi-

378 2031 463 2086 cio
491 2047 599 2087 non
628 2033 963 2102 reputabitur
992 2032 1059 2087 ad
1091 2033 1305 2103 culpam
1335 2053 1348 2087 :
1391 2035 1603 2090 interim
1633 2038 1791 2105 vade,
1820 2054 1976 2093 com-

377 2121 617 2188 munica,
641 2130 697 2178 et
724 2122 789 2177 da
824 2123 980 2177 nobis
1009 2124 1251 2178 osculum
1278 2142 1294 2191 ;
1323 2125 1531 2181 valelac
1554 2128 1827 2192 omnibus,
1850 2131 1976 2198 quia

378 2213 552 2268 lturus
578 2229 638 2267 es
670 2222 871 2279 tamen,
900 2223 955 2269 et
981 2216 1162 2270 domui
1192 2226 1298 2270 tua:
1324 2218 1424 2273 sub
1450 2220 1597 2274 omni
1628 2218 1979 2277 festinatione

378 2303 625 2373 dispone,
655 2312 710 2359 et
737 2305 782 2359 si
820 2304 1097 2360 desideras
1126 2307 1420 2373 remedium
1448 2310 1778 2377 poenitentia:
1805 2313 1979 2380 perci-

378 2410 466 2466 pe.
500 2394 602 2463 Qui
633 2412 758 2451 mox
803 2404 1025 2467 accepta
1070 2396 1387 2467 prenitentia
1416 2398 1785 2471 dispositaque
1812 2402 1977 2458 domo

376 2501 493 2552 sua,
520 2485 843 2543 valefaciens
884 2487 1115 2555 cunctis,
1163 2488 1412 2558 sequenti
1463 2497 1624 2546 nocte
1670 2490 1978 2561 migravite

377 2591 626 2648 corpore.

972 2687 1199 2745 CAPUT
1242 2688 1373 2744 νιιι.

380 2774 579 2831 Fidelis
602 2779 876 2854 episcopus
912 2780 1103 2854 visione
1141 2779 1437 2854 admonitus
1467 2781 1621 2837 bonis
1643 2800 1697 2837 in
1726 2798 1974 2854 pauperes

702 2848 995 2903 distributis
1024 2850 1217 2919 migrat
1243 2852 1313 2903 ad
1345 2850 1645 2907 Dominum.

449 2937 675 2992 Cuidam
703 2937 823 2991 viro
846 2938 1100 3008 religioso
1123 2938 1318 2995 iterum
1342 2941 1623 2998 intendere
1648 2942 1715 2997 ad
1738 2941 1973 2998 ofﬁcium

378 3028 800 3084 ecclesiasticum
828 3031 1127 3084 recurrenti
1153 3032 1384 3101 quadam
1414 3043 1575 3088 nocte
1613 3034 1737 3089 dum
1779 3036 1831 3089 in
1862 3036 1973 3091 lec—

377 3120 491 3176 tulo
520 3136 619 3176 suo
658 3121 996 3190 intempesta:
1022 3122 1194 3177 noctis
1218 3123 1435 3181 silentio
1456 3141 1657 3197 sopore
1686 3127 1971 3197 depre~sus

2078 1944 2242 1990 runt:
2285 1934 2397 1990 Sub
2427 1937 2572 1991 omni
2604 1937 2884 1992 celeritate
2914 1949 3202 2008 pergentes
3232 1942 3300 1995 ad
3330 1943 3554 2011 atrium,
3597 1944 3681 1997 in-

2078 2026 2360 2093 gredimini
2402 2028 2592 2082 cellam
2619 2070 2631 2091 ,
2666 2028 2719 2082 in
2765 2043 2869 2098 qua
2899 2040 3118 2087 sanctus
3164 2032 3361 2090 Fidelis
3385 2035 3681 2106 episc0pus

2073 2115 2243 2185 jacet,
2272 2126 2329 2171 et
2356 2119 2625 2186 percutite
2650 2133 2774 2173 eum
2805 2120 3029 2176 vulnere
3068 2124 3215 2190 gravi
3248 2123 3301 2177 in
3330 2139 3587 2194 corpore,
3621 2135 3681 2181 ut

2079 2208 2257 2262 anima
2287 2208 2407 2277 ejus
2444 2210 2769 2277 quantocius
2798 2210 3080 2278 egrediens
3110 2228 3141 2266 e
3179 2214 3451 2281 corporali
3482 2222 3680 2269 catena

2081 2296 2363 2353 nobiscum
2394 2300 2462 2353 ad
2496 2298 2779 2353 Dominum
2812 2311 3054 2356 nostrum
3084 2300 3271 2358 desum
3297 2302 3597 2369 Christum,
3626 2318 3682 2359 ct

2080 2388 2147 2443 ad
2195 2400 2549 2461 praeparatam
2592 2391 2694 2446 sibi
2740 2394 2910 2461 possit
2949 2394 3235 2463 pervenire
3262 2409 3545 2451 coronam.
3574 2394 3681 2461 Qui

2077 2477 2224 2533 illico
2242 2478 2411 2547 jussui
2430 2478 2539 2553 [ΑΙ.
2552 2478 2712 2550 jussil
2733 2481 3195 2551 obtemperantes,
3222 2484 3641 2540 ambulaverunt
3662 2502 3679 2549 ;

2077 2570 2172 2624 sed
2200 2587 2323 2626 eum
2348 2571 2568 2626 minime
2589 2574 2960 2642 percutientes
2980 2576 3183 2630 reversi
3216 2586 3362 2642 sunt,
3386 2578 3635 2633 dicentes
3662 2596 3677 2629 :

2080 2660 2137 2714 lu
2160 2660 2352 2715 cellam
2398 2663 2516 2729 ejus
2544 2662 2767 2716 minime
2796 2663 3001 2731 ingredi
3048 2680 3357 2734 possumus,
3384 2668 3513 2735 quia
3565 2684 3679 2723 non

2077 2751 2297 2813 dormit,
2329 2752 2424 2807 sed
2452 2752 2505 2806 in
2532 2761 2677 2807 terra
2700 2762 3005 2821 prostratus
3027 2753 3174 2823 jacet
3200 2765 3256 2812 et
3276 2769 3428 2824 orat;
3454 2760 3679 2830 insuper

2080 2850 2230 2897 tanto
2282 2843 2645 2913 thymiamatis
2690 2845 3013 2900 suarissimo
3043 2846 3213 2902 odore
3260 2848 3395 2903 cella
3428 2848 3560 2915 “ipsa
3591 2866 3681 2905 re-

2076 2932 2245 2999 dolet,
2277 2943 2337 2987 ut
2382 2933 2527 2987 nitor
2566 2942 2726 2988 tantze
2781 2932 3088 3002 fragrantis:
3130 2937 3336 2993 incensi
3375 2940 3471 3009 qui
3508 2940 3578 2996 ab
3609 2956 3681 2995 eo

2077 3023 2293 3091 oblatus
2315 3036 2397 3079 est
2426 3024 2656 3080 Domino
2687 3040 2786 3080 nos
2817 3026 2943 3103 illuc
2972 3029 3187 3095 penitus
3217 3030 3418 3085 intrare
3460 3047 3572 3087 non
3602 3032 3679 3086 si-

2078 3125 2187 3171 nat.
2218 3112 2423 3183 Quibus
2467 3116 2646 3170 denuo
2698 3128 3091 3188 praeceperunt,
3150 3121 3434 3176 dicentes:
3465 3121 3545 3177 Ite
3571 3164 3587 3188 ,
3622 3131 3678 3177 et

377 3212 598 3284 iaceret,
632 3212 803 3267 visum
828 3221 930 3277 est,
958 3222 983 3249 ι
1009 3212 1156 3281 quod
1188 3214 1399 3283 signum
1428 3214 1494 3268 ad
1526 3217 1848 3270 matutinum
1880 3218 1971 3271 de-
2000 3223 2048 3286 ς
2078 3207 2343 3277 percutite
2381 3222 2525 3272 eum,
2555 3208 2680 3277 quia
2708 3207 2877 3276 jussio
2930 3208 3142 3264 Domini
3168 3220 3253 3265 est
3302 3212 3674 3283 adimplenda.

379 3304 587 3368 dissct;
626 3302 718 3370 qui
746 3302 927 3356 statim
964 3317 1295 3371 consurgens
1335 3305 1481 3357 omni
1530 3304 1875 3360 festinatione
1903 3308 1970 3360 ad

378 3388 698 3454 Ecclesism,
731 3404 798 3443 ne
838 3389 887 3443 ei
920 3398 1129 3459 tempus
1158 3391 1404 3446 sacrilicii
1433 3395 1749 3462 pneteriret,
1785 3410 1973 3453 occur-

378 3480 467 3543 rit,
525 3494 796 3549 cursuque
836 3480 1177 3549 rapilissimo
1219 3497 1533 3552 properans,
1566 3484 1973 3540 anlielabundus

377 3568 501 3625 illuc
531 3569 811 3639 pervenit:
843 3578 897 3623 at
927 3570 952 3607 ι)
984 3570 1071 3625 ubi
1122 3571 1393 3641 ingressus
1421 3583 1502 3628 est
1533 3575 1813 3629 ecclesiam
1842 3592 1969 3631 san-

376 3674 480 3716 cta:
510 3662 709 3725 Maria},
758 3678 876 3731 qui:
921 3660 1117 3717 Sancta
1148 3662 1480 3719 Hierusalem
1514 3683 1655 3721 nunc
1686 3682 1854 3736 usque
1885 3684 1974 3721 vo-

374 3762 551 3819 catur,
584 3754 786 3829 audivit
814 3770 974 3811 voces
1019 3754 1181 3809 mine
1212 3757 1593 3812 modulationis
1634 3760 1967 3825 canentium,

376 3847 774 3916 inspiciensquc
798 3848 863 3902 ad
884 3848 1129 3912 chorum,
1162 3848 1294 3903 vidit
1314 3857 1548 3904 stantem
1574 3849 1969 3905 multitudinem

374 3944 730 4003 sanctorum;
778 3936 869 4007 qui
918 3937 1083 3992 nimio
1132 3952 1332 4007 pavore
1375 3954 1671 3994 concussus
1700 3949 1863 4009 atque
1911 3941 1963 3995 in

375 4035 668 4083 tremorem
701 4042 887 4082 versus
931 4042 1053 4083 sese
1096 4028 1150 4082 in
1179 4028 1433 4095 angulum
1475 4029 1707 4085 basilica:
1748 4031 1971 4086 si'entcr

375 4117 622 4185 contulit,
651 4126 815 4187 atque
872 4118 1033 4172 tacite
1062 4118 1459 4188 contemplans,
1491 4120 1719 4175 sollicite
1758 4121 1971 4176 auscul-

376 4220 515 4277 tans,
546 4210 751 4265 audivit
777 4217 1041 4265 consueto
1084 4210 1277 4264 ordine
1301 4225 1465 4266 omne
1506 4211 1575 4265 ab
1602 4211 1681 4267 eis
1709 4211 1827 4280 ejus
1854 4211 1971 4265 olli-

446 4354 473 4383 ι
508 4346 658 4411 Quod
683 4345 885 4413 signum
914 4344 983 4396 ad
1012 4343 1319 4395 matutinum
1344 4344 1588 4398 dedisset.
1613 4345 1703 4414 Sic
1731 4344 1971 4414 inferius,

376 4413 512 4471 Ecce
547 4415 790 4469 continuo
828 4416 956 4483 [toga
991 4422 1068 4465 est
1094 4414 1388 4483 utrsignum
1428 4414 1543 4466 dari
1572 4413 1775 4469 debeat.
1821 4413 1973 4470 Auti-

375 4484 669 4555 quissimus
684 4484 771 4539 hic
796 4484 851 4555 in
875 4482 1113 4555 Ecclesia
1136 4482 1290 4550 signo
1312 4484 1438 4536 dato
1460 4483 1523 4555 a_d
1556 4484 1717 4555 lioras
1743 4499 1972 4555 congre-

374 4552 533 4624 gandi
563 4554 955 4609 ecclesiasticos
992 4554 1138 4607 viros
1183 4568 1300 4608 mos
1338 4562 1441 4607 est.
1473 4552 1579 4624 Sed
1610 4563 1843 4622 quatuor
1858 4552 1970 4611 hoc

376 4622 551 4680 modis
591 4640 688 4695 pro
735 4624 1046 4680 diversitate
1086 4632 1397 4695 temporum
1428 4622 1692 4695 effectum,
1722 4624 1966 4678 animad-

377 4697 534 4759 verti,
568 4692 733 4762 Iigno,
760 4709 884 4757 tere,
914 4710 1069 4759 voce,
1095 4708 1318 4749 cursore
1371 4692 1446 4747 De
1476 4695 1637 4760 ligno,
1667 4694 1967 4749 Amalarius

379 4780 429 4834 tv
452 4764 521 4819 de
542 4765 693 4821 (Μία.
724 4766 858 4821 diut.
879 4762 951 4817 25
977 4782 989 4817 :
1021 4765 1203 4834 Lignei
1231 4766 1555 4817 instrumenti
1583 4780 1711 4834 sono
1732 4763 1967 4817 utebatur

381 4833 616 4888 Ecclesia
652 4834 799 4890 Rom.
840 4836 1064 4905 antiquis
1090 4833 1437 4905 temporibus,
1481 4833 1686 4905 quando
1728 4834 1967 4905 latitabat

380 4919 471 4984 per
496 4914 940 4984 ίτυηςαξρτοριςτ
966 4903 1334 4984 persecutores.
1387 4903 1546 4961 Liber
1583 4903 1963 4984 miraculorum

379 4972 645 5045 anastasii
683 4972 929 5043 Martyris
954 4972 1019 5045 in
1056 4990 1129 5028 vn
1160 4977 1374 5042 synol.,
1426 4984 1533 5036 act.
1570 4973 1631 5037 4,
1675 4972 1964 5045 recitatos,

379 5040 647 5115 lignaque
684 5040 837 5115 sacrd
874 5043 1135 5113 pulsantes
1176 5040 1389 5098 invicem
1425 5046 1623 5099 obviam
1662 5044 1786 5115 facti
1824 5040 1961 5098 sunt:

382 5110 476 5185 De
497 5110 633 5185 acre,
664 5113 842 5185 notius
874 5110 995 5185 est,
1024 5123 1287 5185 quamiut
1313 5115 1399 5169 hic
1421 5110 1684 5185 exemplis
1725 5114 1965 5185 patelyit.

380 5180 498 5240 Yid.
529 5181 678 5252 plura
707 5182 847 5252 apud
879 5182 1032 5252 toan.
1062 5180 1321 5252 Stephan.
1347 5180 1625 5240 Durand-u
1656 5180 1835 5238 de'rit.
1869 5183 1969 5238 Ec—

380 5252 513 5325 cles.
552 5251 710 5325 Catii.
752 5251 840 5305 2‘2.
892 5251 965 5304 De
1002 5251 1168 5321 voce,
1210 5252 1431 5325 Ηίθιιοιι.
1474 5255 1631 5325 epist.
1678 5252 1802 5325 27;
1843 5253 1973 5307 Post

378 5323 604 5395 Alleluia
629 5330 911 5395 cantatum,
942 5339 1041 5395 quo
1071 5326 1217 5394 signo
1242 5323 1559 5395 pocabantur
1586 5325 1655 5379 ad
1683 5323 1969 5395 collectam,

381 5404 487 5451 etc.
521 5393 575 5448 in
614 5390 1185 5449 monasterio’PauEe.
1234 5393 1311 5449 De
1346 5397 1688 5461 cursoribus,
1737 5393 1973 5462 lgnatius

382 5464 585 5546 Il_ar_t_yr
622 5463 780 5533 epist.
804 5463 869 5546 ad
900 5462 1184 5546 Polyearp.
1210 5480 1226 5531 ;
1256 5464 1321 5520 iis
1342 5468 1630 5546 utebantur
1656 5463 1964 5546 Christiani,

382 5535 458 5605 uti
488 5535 661 5604 ligno,
699 5544 923 5605 propter
947 5535 1349 5604 persecutores,
1393 5538 1487 5591 sed
1515 5536 1669 5591 initio
1695 5535 1968 5590 nascentis

383 5604 652 5661 Ecclesiae.
698 5604 859 5676 Signa
906 5621 1057 5669 vero,
1106 5606 1219 5661 sive
1266 5606 1643 5676 tintinnabula,
1684 5612 1781 5676 aut
1825 5614 1966 5659 noue

383 5688 594 5744 semper
636 5678 687 5731 in
742 5674 1085 5733 etninentiori
1138 5676 1277 5731 loco.
1332 5674 1633 5732 Einhardus
1682 5674 1774 5729 lib.
1798 5689 1869 5744 ut
1896 5675 1967 5729 de

386 5742 733 5825 translatione
914 5745 1205 5825 Marcellini
1245 5746 1487 5825 et_Petri
1672 5745 1777 5825 .15.
1828 5742 1963 5825 Tur:

387 5814 563 5879 "uia:
602 5834 715 5882 aut?
743 5822 891 5881 siqna
923 5816 1152 5874 basilica
1192 5816 1512 5887 continebat,
1545 5817 1609 5871 ab
1637 5816 1711 5871 eis
1734 5814 1961 5885 conspici

2077 3302 2179 3367 Qui
2209 3318 2330 3356 cum
2359 3299 2603 3365 fuissent,
2638 3316 2739 3355 nec
2760 3302 2961 3356 intrare
2984 3301 3307 3371 potuissent,
3335 3313 3677 3359 revertentes

2076 3393 2269 3445 iterum
2300 3393 2587 3445 dixerunt:
2616 3390 2779 3446 Vacat
2799 3392 2975 3445 oratio
3004 3392 3221 3461 quando
3242 3382 3387 3447 venit
3419 3394 3673 3449 vocatio:

2073 3482 2169 3537 sed
2202 3483 2275 3536 ite
2328 3491 2382 3536 et
2411 3481 2629 3550 implete
2661 3491 2985 3550 prmceptum
3020 3483 3250 3549 Domini,
3304 3484 3449 3552 quod
3500 3487 3673 3540 semel

2074 3574 2260 3625 datum
2292 3580 2373 3628 est
2400 3586 2740 3639 nequaquam
2770 3570 3073 3624 transcendi
3105 3580 3303 3640 potest.
3335 3574 3405 3626 At
3435 3573 3524 3628 ubi
3556 3584 3670 3628 ter-

2075 3664 2147 3716 tio
2179 3664 2411 3730 luerunt,
2440 3664 2784 3732 permittente
2815 3660 2944 3728 Deo,
2976 3663 3200 3730 ingressi
3226 3675 3374 3730 sunt,
3401 3675 3509 3719 tam
3541 3666 3671 3721 l'orti

2071 3755 2279 3809 scilicet
2310 3770 2469 3807 manu
2519 3753 2718 3809 crudeli
2758 3768 2885 3807 eum
2934 3766 3337 3824 percusserunt,
3389 3766 3447 3810 ut
3476 3773 3670 3813 vocem

2072 3861 2233 3914 quam
2263 3846 2441 3899 emisit
2470 3860 2592 3900 cum
2623 3845 2812 3899 dolore
2841 3845 2991 3914 gravi
3041 3845 3329 3914 simulque,
3358 3857 3415 3903 et
3441 3850 3668 3915 gemitu,

2073 3940 2119 3994 is
2168 3938 2258 4008 qui
2309 3938 2362 3991 in
2419 3937 2649 3991 ecclesia
2700 3935 2877 3991 stabat
2928 3936 3211 4005 religiosus
3262 3938 3410 3994 clare
3437 3938 3665 3993 audivit.

2072 4031 2239 4087 Facto
2264 4044 2391 4085 vero
2418 4028 2651 4083 diluculo
2705 4028 2769 4081 ad
2798 4036 3041 4082 sanctum
3067 4028 3379 4098 episcOpum
3411 4032 3667 4094 accessit,

2072 4131 2130 4177 et
2151 4130 2342 4176 cuncta
2372 4135 2491 4189 qua:
2520 4118 2725 4173 viderat
2753 4132 2983 4187 qumque
3010 4117 3175 4171 etiam
3202 4117 3447 4172 audierat
3467 4119 3518 4173 ei
3542 4118 3666 4171 inti-

2073 4215 2261 4281 mavit,
2291 4213 2377 4269 cui
2403 4213 2495 4267 ille
2540 4212 2648 4265 ait:
2680 4211 2827 4278 Scio,
2883 4209 2959 4265 ﬁli
3006 4210 3095 4273 mi,
3130 4213 3265 4279 scio,
3292 4219 3349 4265 et
3374 4226 3462 4265 me
3514 4210 3665 4265 nullu‘

2074 4346 2339 4420 potuisset.
2366 4343 2775 4420 Campanarium
2805 4342 3374 4420 egeatblgloxusﬂid.
3400 4342 3445 4399 ι.
3472 4344 3536 4400 C.
3561 4344 3665 4400 Bu-

2074 4411 2404 4493 ceuge'riiun,
2437 4413 2523 4465 lito.
2556 4428 2627 4474 IV,
2658 4427 2777 4493 cap.
2810 4412 2900 4493 ’ζιἺἱ
2930 4414 2997 4466 de
3025 4411 3290 4493 Ieruplis.

2148 4482 2253 4539 δῖ]
2258 4484 2304 4537 bi
2332 4486 2590 4554 ingressus
2620 4491 2695 4534 est
2722 4482 2988 4535 ecclesiam
3017 4482 3297 4555 Sullas-ite
3316 4501 3455 4555 quia,
3479 4496 3665 4541 sancta

2002 4588 2048 4645 υ
2078 4552 2411 4645 {lieuusaleni
2461 4568 2753 4645 nuncii-sque
2788 4552 3378 4645 uouenturLSAicuetiain
3401 4556 3663 4645 falx-3.2.

2078 4630 2141 4682 In
2171 4627 2410 4678 thesauro
2433 4624 2660 4676 ecclesiw
2686 4622 2925 4686 sen‘oris,
2958 4638 3071 4690 qua:
3098 4633 3308 4677 vocatur
3336 4622 3520 4678 sancta
3542 4625 3666 4680 Ilie-

2074 4697 2325 4758 rusalem;
2345 4694 2642 4762 leoncilium
2656 4690 2993 4762 Emeritense
3024 4702 3269 4762 tempore
3282 4694 3666 4753 Reccesuintbi

2074 4768 2243 4836 regis,
2277 4760 2391 4833 ipso
2424 4764 2609 4836 initio,
2640 4760 2981 4836 Congregatis
3008 4760 3159 4836 nolui
3192 4765 3427 4836 omnibus
3453 4767 3667 4836 provin-

2073 4832 2167 4893 cié
2198 4832 2482 4888 Lusitania:
2508 4832 2775 4901 Episcoliis
2802 4832 2858 4884 in
2888 4834 3097 4886 nomine
3124 4833 3355 4897 Domini,
3386 4832 3667 4891 residenti-

2074 4908 2164 4962 bus
2194 4907 2249 4959 in
2282 4902 2611 4958 Hierusalem
2638 4902 2852 4955 ecclesia
2875 4944 2891 4970 ,
2931 4920 3046 4973 qua:
3074 4904 3129 4956 in
3162 4905 3471 4958 Emeritensi
3494 4906 3623 4959 urbe
3645 4943 3664 4969 ,

2073 4985 2369 5049 quwrcaput
2398 4974 2548 5049 liujus
2574 4973 2848 5049 provincia
2876 4975 3245 5049 noscitur_gsss
3267 4983 3360 5049 ,_et_
3390 4975 3482 5049 sub
3511 4976 3665 5049 prin-

2069 5040 2479 5119 éipalidnuntiné
2526 5040 2696 5097 manet
2725 5042 2918 5119 dicata,
2950 5051 3057 5119 etc.
3102 5040 3233 5119 Non
3250 5040 3567 5119 absim'iliter
3609 5046 3665 5119 in

2071 5110 2302 5175 concilio
2332 5113 2506 5169 Tolet.
2548 5128 2719 5185 usu,
2748 5112 3165 5185 episcOp.Ajit_ssu
3189 5110 3490 5185 AReccaredi
3516 5117 3665 5185 regis

2072 5194 2400 5256 congregato
2424 5186 2477 5236 in
2508 5183 2692 5254 templo
2721 5177 3031 5256 ηιὸφρηιρ-εζ
3050 5177 3268 5256 ΔΜαι-ξω,
3297 5183 3353 5256 in
3382 5177 3665 5256 secreturio

2075 5250 2211 5315 dicto
2242 5250 2464 5309 Hierusa
2488 5271 2565 5307 ent
2608 5250 2756 5321 apud
2806 5251 2877 5307 Μ.
2922 5250 3212 5323 Maximum
3242 5251 3310 5323 ad
3342 5268 3469 5307 ann.
3511 5254 3621 5310 590
3644 5298 3661 5323 ,

2075 5338 2131 5405 et
2171 5329 2230 5405 in
2287 5324 2517 5381 concilio
2563 5323 2806 5405 Spaleiisi
2852 5324 2960 5405 gsic
2992 5323 3065 5405 .iu
3102 5321 3664 5405 antiquichodicibus

2082 5400 2275 5467 legitur
2300 5412 2335 5451 ιι
2366 5392 2613 5465 tempore
2634 5392 2875 5467 Sisebuti
2890 5392 3051 5467 regis,
3067 5392 3468 5467 conﬁdentius
3506 5394 3662 5467 nobis

2066 5470 2123 5523 in
2137 5462 2425 5523 secretario
2453 5462 2800 5519 sacrosancta
2828 5462 3158 5516 Hierusalem
3187 5462 3458 5528 Spalenu's
3488 5465 3661 5517 mle-

2068 5540 2179 5603 sic,
2210 5546 2317 5593 etc.
2349 5535 2459 5591 Nec
2484 5536 2642 5589 aliter
2669 5534 2761 5587 int
2806 5532 2886 5601 (si
2914 5531 3200 5603 coticilium
3231 5533 3472 5603 illud‘est
3494 5575 3511 5600 ,
3558 5548 3663 5589 seu

2066 5600 2247 5678 potius
2273 5621 2305 5662 e
2330 5605 2561 5678 concilio
2588 5600 2823 5678 epistola
2844 5602 3224 5678 episcoporum
3252 5603 3320 5657 ad
3350 5600 3661 5678 liegassum)

2066 5670 2187 5747 cap.
2222 5678 2269 5731 l.
2326 5676 2459 5731 Nam
2506 5670 2636 5728 haec
2666 5671 2867 5747 absque
2882 5670 3663 5747 dubiometropolitanorum

2065 5740 2409 5818 ecclesiarum
2429 5740 2921 5818 prerogativa.Y;d.
2949 5740 3135 5798 Padill.
3161 5740 3305 5799 cem.
3339 5743 3371 5794 7
3392 5782 3407 5811 ,
3438 5758 3564 5816 cap.
3588 5742 3663 5799 li

2063 5828 2116 5876 et
2142 5817 2228 5873 t7.
