3874 6224
184 416 259 470 ΒῚ
1210 405 1295 460 οε
1337 402 1495 457 VITA
1539 396 1817 455 PATRUM
1864 394 2395 451 EMEllITENSIUM.

3317 386 3413 442 ΠΒ

174 535 309 589 modo
353 526 513 592 latet;
566 538 811 594 eumque
866 528 969 581 hoc
1020 522 1260 584 dixisset,
1314 528 1368 574 et
1422 513 1719 572 imminenti
1749 517 1796 574 Α
1824 518 2041 564 sanctus
2060 520 2273 577 sancto,
2304 509 2424 579 pius
2454 512 2565 579 pio,
2592 508 2763 565 bonus
2790 510 3043 579 benigno,
3086 517 3248 577 atque
3278 520 3416 560 cun-

170 616 444 690 ngritudine
458 614 815 685 artubusjam
842 614 1213 670 latiscentibus
1240 626 1299 667 se
1328 619 1501 666 totum
1532 606 1723 663 dissol-

171 712 216 767 vi
240 716 439 779 repente
474 706 768 774 sensisset,
815 708 886 761 ab
920 705 1196 761 basilicam
1234 700 1588 759 sanctissime
1618 697 1724 752 vir-

172 803 288 873 ginis
308 798 513 855 Eulalia:
536 812 596 853 se
633 795 838 851 deferri
885 794 1161 867 prmcepit,
1190 808 1285 847 sua
1315 790 1513 846 ibidem
1542 788 1727 859 impri-

175 894 257 952 mis
296 889 459 947 multis
486 888 856 959 lacrymarum
900 883 1353 941 satisfactionibus
1388 878 1607 935 deﬂevit
1634 879 1730 934 de—

174 987 298 1047 licta,
321 979 506 1036 deinde
533 978 725 1033 multis
754 977 985 1046 captivis
1012 985 1067 1031 et
1094 976 1278 1044 egenis
1318 973 1541 1028 multam
1569 971 1732 1041 largi-

174 1086 245 1129 tus
283 1078 357 1127 est
404 1070 630 1138 stipem;
688 1067 761 1122 ad
811 1067 1055 1122 ultimum
1103 1065 1328 1119 redditis
1356 1062 1729 1133 chirograpbis

173 1166 421 1219 ntu'torum
448 1158 630 1213 debita
677 1156 970 1213 relaxavit.
1001 1154 1112 1211 Sed
1154 1155 1282 1211 dum
1314 1154 1566 1211 omnibus
1607 1151 1731 1207 red-

173 1254 385 1316 didisset,
413 1250 592 1303 cautio
633 1248 921 1318 cujusdam
972 1248 1148 1302 viduze
1195 1256 1562 1310 remanserat,
1612 1258 1731 1313 qua:

173 1345 367 1400 necdum
415 1341 585 1396 fuerat
615 1341 853 1406 reddita,
901 1354 1061 1411 quam
1090 1338 1182 1394 ille
1227 1344 1567 1408 exspectaret
1597 1346 1653 1389 ut
1680 1334 1729 1389 ei

174 1432 420 1493 redderet,
446 1430 538 1483 sed
572 1428 1036 1498 quemadmodum
1058 1427 1389 1491 muliercula,
1422 1440 1530 1495 pra:
1561 1424 1729 1478 turba:

173 1521 428 1583 densitate,
458 1533 561 1587 qua
591 1518 997 1587 circumseptus
1037 1525 1176 1584 erat,
1208 1524 1270 1570 ut
1306 1514 1594 1571 accederet
1618 1529 1725 1569 non

174 1611 408 1666 habebat:
432 1624 551 1676 qua:
578 1623 708 1661 cum
750 1623 851 1678 per
876 1608 1119 1679 singulos
1148 1607 1264 1663 dies
1302 1607 1531 1672 veniret,
1564 1615 1619 1661 et
1645 1607 1727 1662 lo—

173 1720 275 1759 cum
311 1701 513 1757 minime
536 1700 829 1770 reperiret,
853 1707 911 1755 et
939 1698 1159 1754 nimium
1187 1698 1527 1755 maestiﬁcata
1548 1706 1730 1754 mente

175 1794 446 1853 ansiaretur
470 1790 602 1845 nihil
632 1806 826 1860 agens,
858 1806 1089 1846 mmrore
1113 1788 1309 1844 al'llicta
1331 1790 1396 1844 ad
1418 1805 1575 1845 suum
1604 1789 1733 1845 hos-

1825 600 1927 655 otis
1950 598 2365 655 eharismatibus
2388 597 2677 669 refulgens,
2720 600 2958 657 rutilanti
3003 596 3280 654 immensis
3306 594 3415 648 vir-

1826 690 2032 747 tutibus
2056 688 2380 746 sacerdotali
2402 689 2592 745 ordine
2612 689 2636 725 δ
2658 689 2905 746 Messena
2933 690 3195 747 successit
3216 685 3417 744 Fideli:

1830 778 2226 847 przcdecessore
2248 793 2349 835 suo
2372 779 2625 835 nimirum
2648 780 2919 849 astrigcris
2936 779 3144 836 citibus
3166 784 3426 835 conserto

1832 870 1884 923 in
1914 870 2062 925 cmlis
2081 870 2410 926 successoris
2442 873 2641 928 mansit
2666 871 2923 941 dulcedo,
2964 872 3190 943 ejusque
3213 870 3418 938 insigne

1831 960 2077 1016 incrimm
2102 969 2422 1016 cunctorum
2445 962 2644 1017 civium
2691 979 2979 1020 mterorem
3013 963 3202 1018 lenivit
3229 962 3282 1017 in
3311 969 3421 1016 ter-

1832 1055 1924 1120 ris,
1954 1062 2013 1108 ut
2060 1053 2311 1109 erunibus
2343 1069 2441 1124 pro
2478 1056 2630 1110 obitu
2682 1057 2855 1112 sancti
2903 1056 3173 1127 pontilie's
3221 1068 3422 1110 maeror

1833 1161 1940 1199 non
1956 1144 2129 1200 solum
2146 1144 2528 1213 discuteretur,
2545 1162 2731 1200 verum
2753 1147 2913 1202 etiam
2934 1147 3102 1201 instar
3122 1146 3422 1216 priscorum

1833 1234 2052 1291 Patrum
2077 1234 2209 1292 Elite
2235 1237 2522 1305 quemdam
2547 1237 2663 1308 (sic)
2693 1246 2749 1292 et
2770 1237 2932 1294 Elisci
2958 1236 3065 1305 (IV
3092 1236 3221 1308 Reg.
3249 1251 3307 1303 ll,
3333 1232 3425 1304 l5)

1831 1328 2098 1398 duplicata
2132 1325 2395 1383 Paracleti
2422 1326 2655 1397 Spiritus
2674 1332 2849 1399 gratia
2870 1329 3045 1402 palam
3076 1328 3285 1385 cunctis
3304 1342 3427 1384 eer-

1834 1419 2083 1474 nenibus
2109 1418 2167 1474 S.
2218 1417 2415 1473 Fidelis
2444 1420 2702 1476 antistitis
2747 1421 2801 1476 in
2832 1420 3136 1476 Massonam
3178 1426 3426 1475 sanetum

1832 1508 2144 1578 episcopum
2178 1510 2511 1579 requievisse
2540 1511 2834 1577 videretur,
2877 1520 2932 1565 et
2964 1511 3115 1581 plebs
3142 1508 3429 1565 sublevate
3508 1518 3513 1523 '

1833 1610 2049 1669 pastore
2098 1615 2206 1653 non
2235 1613 2619 1670 usquequaque
2650 1601 2874 1656 tmderet
2912 1600 3109 1656 amicta
3140 1601 3421 1669 languore,

1831 1690 1926 1744 sed
1953 1688 2225 1761 geminato
2272 1690 2471 1757 gaudio
2517 1690 2903 1760 congauderet,
2935 1691 3116 1746 divina
3149 1691 3423 1746 tribuente

1834 1779 2200 1844 miseratione,
2254 1778 2379 1833 dum
2409 1788 2465 1833 et
2510 1779 2659 1833 illum
2690 1795 2790 1850 pro
2837 1782 2920 1835 sui
2962 1784 3140 1837 salute
3163 1779 3422 1849 pmmisit

178 1887 335 1958 ρξιίωιι
363 1894 642 1948 remearet,
677 1884 730 1937 ei
776 1883 1011 1953 quadgm
1050 1890 1205 1938 nocte
1232 1882 1600 1937 sanctjsﬁmug
1770 1896 1808 1947 Β
1835 1871 1900 1925 ad
1932 1870 2121 1939 eteius,
2162 1879 2218 1925 ιιι
2256 1870 2414 1925 istum
2465 1872 2677 1926 exmia:
2722 1872 2939 1927 virtutis
2981 1873 3155 1927 virum
3184 1872 3425 1942 suscepit

177 1978 361 2048 prianus
387 1985 439 2031 et
483 1972 813 2030 Laurentius
856 1976 910 2030 in
942 1975 1057 2029 visu
1088 1974 1394 2041 astiterunt,
1436 1973 1679 2029 dicentes
1712 1990 1725 2025 :

178 2068 319 2131 Nosti,
361 2081 521 2134 quare
550 2067 738 2121 locum
780 2082 887 2121 non
934 2065 1187 2121 invenis?
1214 2074 1267 2118 at
1298 2066 1385 2118 illa
1413 2065 1690 2134 respondit
1714 2082 1728 2118 :

178 2159 356 2215 Nescio.
388 2157 566 2225 Etdic,
596 2159 878 2230 inquiunt,
903 2172 1070 2227 quare
1100 2172 1194 2227 per
1221 2158 1456 2225 reliquas
1486 2156 1733 2215 ba~ilicas

179 2249 365 2305 batrum
394 2260 708 2305 nostrorum
744 2259 1065 2305 cmterorum
1098 2257 1393 2319 martyrum
1425 2249 1736 2320 frequenter

178 2342 435 2408 concurris,
460 2340 526 2395 ad
553 2356 659 2397 nos
684 2356 817 2396 vero
839 2341 1022 2395 venire
1047 2341 1365 2395 contemnis.
1398 2339 1526 2406 Quae
1551 2340 1733 2395 statim

179 2445 369 2501 surgens
391 2431 453 2485 ad
471 2446 671 2486 eorum
695 2429 948 2486 basilicas
968 2430 1256 2494 concurrit,
1288 2430 1591 2485 orationem
1613 2445 1733 2484 cum

180 2521 390 2592 μα’]ωῆ
412 2521 562 2584 fudit,
587 2536 697 2591 pro
719 2521 1045 2589 no-gligentia
1069 2522 1326 2576 retroacti
1350 2522 1609 2590 temporis
1639 2538 1734 2577 ve—

181 2611 299 2665 niam
323 2611 641 2681 imploravit,
675 2621 840 2680 atque
868 2612 991 2666 inde
1018 2610 1088 2665 ad
1114 2611 1292 2667 basilit
1306 2627 1392 2667 am
1422 2610 1478 2667 S.
1514 2610 1735 2668 Eulalia:

181 2702 327 2766 rediit,
374 2702 501 2755 mira
529 2701 820 2757 celeritate
864 2701 1041 2757 locum
1070 2702 1290 2772 reperit,
1320 2701 1733 2773 chirugraphum

183 2808 314 2849 suum
347 2796 539 2865 absque
564 2792 895 2849 difﬁcultate
921 2794 1145 2864 recepit,
1180 2793 1290 2849 Deo
1326 2802 1383 2848 et
1404 2803 1594 2849 sancto
1622 2793 1739 2863 ejus

182 2886 519 2955 nirasgratias
548 2885 764 2950 retulit,
813 2899 914 2954 pro
940 2899 1051 2955 quo
1081 2900 1189 2940 non
1217 2885 1393 2939 solum
1425 2884 1603 2940 locum
1636 2901 1735 2956 pa-

183 2984 326 3031 ratum
350 2976 585 3031 invenire
629 2975 833 3031 meruit
871 2974 1224 3046 ingrediendi,
1256 2990 1441 3030 verum
1471 2975 1634 3030 etiam
1662 2976 1736 3031 ita

184 3065 351 3122 sancti
375 3065 464 3121 Dei
501 3066 921 3138 disponentibus
945 3075 1157 3136 gestum
1184 3073 1286 3134 est,
1320 3073 1378 3120 ut
1406 3066 1622 3135 quando
1652 3067 1735 3121 in-

185 3170 335 3223 gressa
359 3165 454 3221 est,
474 3165 705 3212 sanctus
724 3157 1011 3227 episcopus
1032 3155 1341 3211 cautionem
1374 3156 1545 3225 ipsam
1576 3172 1737 3211 manu

186 3246 364 3317 propria
390 3255 596 3311 tenens,
622 3246 1029 3318 prtestolaretur
1049 3245 1137 3301 cui
1158 3244 1455 3301 reformare
1481 3245 1733 3312 deberet;
1766 3262 1812 3324 ς

186 3342 321 3404 atque
344 3336 409 3389 ita
436 3336 641 3390 laetum
672 3342 779 3402 est,
806 3344 869 3391 ut
897 3336 987 3390 illo
1013 3335 1245 3404 benigne
1269 3334 1551 3401 reddente,
1576 3344 1739 3407 atque

188 3426 258 3481 illa
282 3441 389 3483 cum
427 3426 645 3497 gaudio,
678 3442 800 3497 quae
827 3426 919 3482 diu
959 3425 1377 3490 desiderarerat,
1419 3427 1736 3497 recipiente,

188 3516 318 3584 paulo
341 3524 454 3588 post
477 3517 561 3571 vir
587 3526 809 3572 sanctss
840 3515 1266 3587 praecedentibus
1294 3523 1603 3571 sanctorum
1627 3532 1739 3572 cm-

189 3606 320 3671 tibus,
342 3607 884 3677 exspectantibusque
909 3604 1169 3675 angelicis
1196 3606 1378 3662 choris
1407 3606 1475 3661 ad
1500 3607 1739 3663 aatherea

190 3709 323 3763 regna
347 3695 683 3766 tripudiaudo
710 3696 990 3764 migraret,
1015 3693 1429 3765 cmlestibusque
1458 3695 1742 3766 phalangis

192 3794 429 3841 consertus
465 3802 589 3842 eum
619 3787 987 3844 exsultatione
1016 3794 1274 3856 perpetua
1317 3788 1578 3856 perpetim
1607 3802 1741 3843 con-

192 3878 363 3945 globari
391 3880 440 3935 in
468 3881 698 3935 sidereis
728 3878 1122 3942 mansionibus,
1152 3875 1279 3932 Jesu
1313 3877 1539 3932 Domino
1568 3879 1744 3949 perci-

192 3970 359 4037 picnlr,
383 3988 445 4025 ωε
465 3972 669 4035 ruerit;
698 3970 1078 4039 corpusculum
1100 3983 1231 4024 vero
1250 3967 1365 4038 ejus
1380 3968 1527 4037 juxta
1548 3984 1746 4039 corpus

192 4061 471 4115 sanctissimi
502 4059 921 4130 praedecessoris
956 4058 1040 4113 sui
1083 4072 1189 4113 uno
1219 4059 1519 4127 eodemque
1558 4074 1743 4115 sarco-

195 4148 339 4218 phago
366 4151 637 4218 traditum,
672 4151 823 4205 velut
854 4150 907 4203 in
935 4165 1043 4205 uno
1094 4149 1313 4215 lectulo,
1346 4150 1641 4206 honoriﬁce
1664 4160 1748 4206 est

196 4243 493 4297 tumulatum.

774 4332 1007 4389 CAPUT
1046 4334 1137 4389 IX.

194 4422 409 4482 Messana
459 4428 671 4481 natione
714 4425 915 4481 Gothus
934 4470 948 4492 ,
978 4429 1202 4483 nutritus
1229 4430 1283 4483 in
1310 4429 1524 4483 ecclesia
1556 4440 1750 4483 sancire

249 4516 450 4573 Eulaliae
476 4562 492 4585 ,
536 4519 766 4573 succedit
816 4517 984 4574 Fidclt'
1036 4521 1091 4573 in
1138 4522 1472 4591 cpiswpatu:
1517 4522 1749 4575 :renodo-

254 4613 405 4665 thum
422 4623 470 4666 et
498 4596 820 4665 monasteria
860 4613 1108 4683 aediﬁcat.

252 4701 369 4757 lluie
410 4704 629 4773 praelato
690 4704 835 4757 almo
897 4704 1013 4758 viro
1064 4703 1131 4758 ad
1177 4719 1462 4774 supernam
1513 4706 1739 4774 patriam

194 4797 553 4865 transmigranti
585 4794 1151 4866 providentia'diviua:
1182 4796 1394 4866 pietatis
1423 4798 1745 4865 subrogatnr

194 4905 278 4940 non
301 4890 455 4957 impar
482 4889 725 4942 omnium
776 4888 1030 4942 virtutum
1072 4889 1254 4957 glorie
1278 4889 1355 4942 vir
1385 4890 1741 4954 orthodoxus,

192 4979 259 5030 mi
295 4994 472 5033 nomen
505 4988 623 5033 erat
654 4977 903 5032 Massona
933 4987 980 5042 ε,
1003 4979 1205 5033 scilicet
1236 4980 1421 5032 beatus
1462 4981 1641 5044 beato,
1691 4989 1743 5033 et

252 5138 273 5165 ⁸
310 5131 558 5185 Messana.
604 5128 736 5181 Aliis
777 5129 1034 5183 .‘llansona
1063 5139 1173 5191 εής
1215 5130 1280 5181 de
1308 5145 1414 5196 quo
1454 5133 1744 5191 scriptores

199 5204 336 5255 nstri
361 5201 506 5254 δίκην.
535 5200 703 5253 abbas
736 5198 1019 5253 Ricimeris.
1050 5202 1099 5253 in
1130 5200 1326 5251 Chron.
1352 5216 1363 5257 ;
1392 5200 1455 5250 Μ.
1488 5200 1529 5252 Μ
1555 5202 1745 5252 rxiums

202 5270 251 5321 ad
286 5288 396 5324 ann.
421 5269 539 5333 3.79,
572 5267 698 5331 586,
730 5267 856 5332 588,
880 5268 1002 5323 597.
1040 5270 1283 5322 Roderir.
1318 5267 1435 5320 Tol.
1468 5285 1523 5332 ll,
1556 5287 1602 5321 (ξ.
1640 5269 1739 5327 ll,

201 5342 367 5394 Utrum.
410 5340 672 5406 Hispania!
716 5340 970 5403 generale
1022 5340 1171 5405 jussu
1228 5338 1481 5405 Alpliousi
1543 5354 1743 5401 cogno-

202 5420 351 5462 mento
376 5410 622 5464 sanientis
651 5411 937 5462 collectum
967 5426 1000 5462 ιι
1033 5418 1168 5477 part.
1190 5448 1205 5472 ,
1248 5424 1367 5473 cap.
1399 5407 1493 5469 Ml;
1529 5408 1743 5461 Vasa-us

202 5481 251 5528 ad
278 5497 409 5535 που..
435 5479 525 5531 571
560 5477 594 5530 5
634 5478 903 5540 9;linriu.
924 5480 1013 5531 lib.
1035 5496 1147 5536 un.
1167 5494 1284 5546 cap.
1311 5477 1407 5533 85;
1435 5478 1622 5529 Moral.
1648 5479 1735 5529 lib.

204 5562 283 5606 ιιι.
310 5565 350 5603 c.
376 5550 433 5613 ὃς
460 5548 679 5601 Marino.
737 5550 825 5600 lib.
860 5565 920 5610 v,
956 5566 1073 5615 cup.
1112 5548 1174 5600 l5
1203 5558 1255 5601 et
1288 5546 1369 5598 Η.
1396 5546 1580 5598 Lomsn
1615 5546 1737 5599 Not.

205 5621 257 5667 ad
289 5619 471 5673 Conril.
504 5618 678 5671 Tolet.
709 5634 785 5671 tu.
831 5617 1019 5673 l‘adill.
1052 5620 1205 5671 llent.
1240 5635 1288 5669 γι
1312 5660 1325 5681 ,
1366 5633 1412 5668 c.
1444 5616 1508 5667 vi?)
1556 5632 1602 5669 ιι
1640 5618 1737 5677 ὖῧ,

205 5689 300 5748 alii,
340 5690 424 5743 sed
469 5689 799 5743 recentiores
843 5703 907 5740 ex
941 5704 1044 5740 uno
1077 5688 1239 5741 l’anlo
1266 5729 1277 5749 ,
1310 5704 1465 5756 quem
1498 5704 1563 5739 ex
1617 5690 1741 5752 ipsis

207 5764 371 5825 poterit
420 5760 531 5825 quis
583 5758 891 5809 illustrare:
938 5758 999 5811 iis
1048 5758 1185 5810 adde
1239 5759 1502 5811 illtlsll'w“.
1546 5759 1738 5809 Annal.

209 5822 375 5883 Bedes.
413 5822 673 5883 Cmsarcm
706 5827 772 5879 ad
824 5842 951 5879 anu.
1003 5828 1135 5893 3:9,;
1187 5841 1237 5883 ct
1274 5848 1389 5897 qezc
1421 5829 1482 5881 ad
1524 5844 1638 5892 «np.
1678 5835 1743 5879 μυ

447 5963 716 6025 Parnot.
772 5957 1035 6019 LX'XX.

1835 1962 2168 2029 gratulanter
2206 1960 2257 2013 in
2290 1960 2467 2015 terris.
2521 1960 2758 2031 Denique
2785 1970 3005 2018 sanctus
3055 1960 3301 2017 Massona
3325 1977 3425 2015 an-

1837 2054 2009 2119 tistes,
2048 2062 2068 2090 ε
2102 2052 2269 2107 nobili
2298 2063 2449 2108 ortus
2476 2053 2528 2106 in
2553 2055 2657 2108 hcc
2703 2055 2902 2109 emculo
2930 2055 3161 2123 origine,
3180 2052 3279 2109 sed
3307 2053 3428 2108 vita:

1837 2140 2044 2195 meritis
2072 2140 2279 2195 exstitit
2306 2142 2476 2195 multo
2526 2142 2792 2207 nobilior;
2820 2156 3019 2212 genere
3070 2141 3287 2211 quidem
3316 2140 3429 2198 Go-

1839 2231 1980 2295 thus,
2011 2230 2107 2285 sed
2134 2236 2318 2285 mente
2366 2230 2789 2300 promptissima,
2838 2244 2963 2301 erga
2995 2231 3278 2287 Dominum
3307 2246 3430 2302 pcr-

1837 2335 1997 2391 quam
2019 2320 2265 2387 devotus,
2294 2328 2458 2391 atque
2495 2322 2721 2377 viriliter
2748 2321 3008 2378 Altissimi
3038 2323 3241 2378 virtute
3282 2336 3428 2394 prae-

1836 2411 2067 2480 cinctus,
2115 2412 2361 2467 moribus
2407 2412 2610 2467 sanctis
2637 2421 2885 2479 ornatus,
2918 2411 3214 2482 habituque
3250 2411 3429 2482 magni

1837 2502 2051 2558 decoris
2096 2504 2519 2573 pulchriﬁcatus,
2562 2505 2842 2559 charitatis
2888 2504 3314 2575 bumilitatisque
3360 2504 3429 2560 ab

1841 2594 2059 2649 ineunte
2096 2603 2256 2650 :etate
2286 2596 2569 2664 relulgeuti
2597 2596 2731 2651 stola
2764 2596 3215 2661 circumamictus,
3248 2596 3429 2651 balteo

1840 2685 1962 2741 ﬁdei
1991 2686 2215 2741 ﬁrmiter
2239 2687 2679 2754 circumcinctus,
2702 2687 2985 2757 prudentia
3032 2686 3241 2744 scilicet
3263 2695 3320 2745 et
3340 2687 3429 2759 ju-

1838 2777 1982 2832 stitia
2016 2778 2295 2848 insigniter
2338 2779 2747 2853 circumseptus,
2777 2778 3068 2834 dilectione
3096 2779 3292 2834 summi
3336 2778 3429 2834 Dei

1840 2878 1896 2924 et
1926 2869 2154 2939 proximi
2200 2867 2425 2924 miriﬁce
2454 2868 2760 2935 decoratus,
2792 2868 3020 2924 dilectus
3051 2883 3283 2939 namque
3320 2868 3431 2924 Deo

1840 2973 1896 3017 et
1924 2961 2233 3016 hominibus
2270 2968 2408 3026 erat,
2455 2969 2509 3015 et
2543 2960 2713 3028 glria
2742 2960 3023 3026 mirabilis,
3065 2969 3279 3017 amator
3328 2958 3431 3015 fra-

1841 3060 2002 3116 trum,
2030 3051 2258 3105 ruultum
2298 3065 2460 3106 orans
2489 3066 2588 3121 pro
2619 3050 2856 3122 populo,
2885 3050 3038 3122 cujus
3068 3066 3265 3107 nomen
3293 3048 3431 3106 mul~

1846 3143 1915 3197 tis
1956 3141 2291 3197 coruscando
2341 3141 2615 3197 miraculis
2663 3156 2762 3211 per
2803 3157 3018 3197 omnem
3069 3150 3269 3199 terram
3310 3157 3431 3215 per-

1844 3234 2107 3290 transivit.
2135 3232 2305 3303 llujus
2327 3234 2512 3303 itaque
2534 3233 2867 3303 temporibus
2891 3234 3204 3289 morborum
3227 3244 3432 3306 pestem

1843 3325 2144 3396 inedizequc
2166 3325 2403 3397 inopiam
2432 3324 2501 3379 ab
2524 3323 2659 3379 urbe
2696 3321 3012 3379 Emeritensi
3034 3331 3088 3379 et
3114 3325 3261 3381 omni
3281 3322 3433 3381 Lusi.

1843 3423 1989 3479 tania
2010 3421 2127 3493 ejus
2146 3422 2395 3493 precibus
2408 3419 2667 3477 Dominus
2687 3421 2871 3491 procul
2896 3420 3093 3489 abegit,
3118 3420 3435 3491 meritisque

1841 3523 2203 3571 sacrosanctae
2249 3511 2471 3568 Eulaliae
2519 3510 2741 3579 virginis
2787 3510 3000 3581 longius
3055 3510 3283 3581 pepulit,
3316 3523 3435 3567 tan-

1842 3614 2059 3675 tamque
2080 3604 2307 3659 salutem
2337 3611 2393 3659 et
2420 3604 2664 3659 omnium
2704 3604 2919 3673 copiam
2948 3602 3260 3658 deliciarum
3302 3620 3435 3661 cun.

1844 3706 1932 3753 cto
1962 3696 2163 3766 popqu
2192 3695 2469 3767 impertire
2489 3695 2741 3765 dignatus
2764 3702 2865 3760 est,
2890 3703 2951 3749 ut
2978 3695 3153 3750 nullus
3177 3711 3432 3767 unquam,

1843 3788 2090 3857 quamvis
2110 3786 2287 3857 ineps,
2312 3784 2513 3855 aliquid
2533 3785 2736 3840 habere
2759 3785 3053 3850 videretur,
3086 3794 3179 3839 aut
3199 3786 3435 3855 qualibet

1846 3882 2169 3936 necessitate
2198 3879 2530 3949 fatigaretur,
2560 3877 2654 3934 sed
2686 3877 3142 3950 quemadmodum
3174 3878 3435 3950 opulenti,

1847 3972 1920 4026 ita
1942 3980 1998 4025 et
2030 3971 2218 4040 inopes
2240 3969 2489 4026 omnibus
2516 3968 2673 4024 bonis
2702 3969 3059 4034 abundarent,
3088 3978 3144 4023 et
3170 3968 3434 4039 quodam-

1848 4062 2012 4117 mo.lo
2042 4063 2211 4116 instar
2234 4060 2471 4117 (celestis
2496 4060 2671 4130 gaudii
2703 4062 2757 4114 in
2786 4059 2943 4115 terris
2994 4061 3126 4114 tanti
3171 4060 3438 4131 pontiﬁcis

1848 4153 2043 4207 merito
2072 4149 2511 4219 congauderent;
2538 4150 2788 4205 omnibus
2810 4150 2984 4204 inerat
3004 4150 3277 4219 gaudium,
3304 4166 3437 4207 cuu-

1850 4246 2057 4313 ctisque
2080 4242 2267 4298 aderat
2289 4258 2416 4313 pax,
2448 4242 2577 4297 nulli
2603 4243 2790 4296 aberat
2820 4241 3070 4309 felicitas,
3112 4243 3164 4295 in
3195 4244 3436 4298 omniurn

1850 4337 2014 4390 corda
2046 4332 2271 4389 ﬂorebat
2302 4333 2538 4403 perfecta
2594 4334 2853 4400 Charitas,
2901 4335 2954 4389 in
3006 4334 3245 4388 omnium
3276 4351 3436 4392 sensu

1851 4427 2095 4497 pollebat
2120 4426 2353 4495 jucunda
2405 4426 2784 4495 tranquillitas,
2839 4427 2911 4480 ita
2941 4425 3215 4492 nimirum,
3250 4436 3307 4481 ut
3336 4426 3434 4480 de-

1854 4521 1995 4574 victo
2042 4518 2417 4587 antiquissimo
2469 4518 2664 4583 hoste,
2716 4533 2780 4572 ac
2843 4529 3097 4587 superato
3152 4529 3439 4573 vetcmoso

1780 4632 1829 4687 ο
1852 4611 2105 4674 dracone,
2141 4624 2299 4662 nemo
2322 4622 2556 4662 interere
2587 4618 2986 4675 consternatus,
3007 4623 3166 4663 neruo
3193 4609 3439 4677 angustia

1852 4699 2099 4764 alllictus,
2141 4714 2299 4751 nemo
2326 4699 2571 4766 quolibet
2620 4707 2830 4753 terrore
2860 4699 3159 4767 perculsus,
3188 4698 3271 4754 vel
3301 4714 3441 4767 quo-

1855 4790 1983 4844 libet
2030 4789 2146 4842 zelo
2175 4798 2268 4841 aut
2302 4788 2497 4842 invidia
2541 4797 2717 4843 tactus
2742 4790 2919 4843 callidi
2946 4791 3133 4859 anguis
3160 4791 3441 4846 virulentis

1852 4880 2083 4934 stimulis
2137 4888 2485 4948 quateretur;
2519 4881 2612 4933 sed
2666 4880 2907 4949 perfecta
2948 4883 3216 4937 charitrte
3248 4883 3440 4950 repleti

1854 4970 2053 5034 cuncti,
2082 4969 2190 5022 Deo
2214 4969 2555 5036 admittente,
2580 4970 2652 5038 pii
2678 4968 2850 5022 Patris
2876 4969 3440 5038 gratiajucundantes,

1852 5136 2116 5179 notamus.

1924 5196 1947 5233 δ
1990 5195 2237 5248 .‘llassona
2284 5198 2525 5249 surcessit
2558 5197 2749 5249 Fide-li.
2807 5196 2874 5249 Μ.
2908 5196 3169 5251 Maximus
3208 5198 3275 5251 ad
3311 5214 3437 5255 ann.

1851 5266 1953 5319 560
1982 5268 2221 5317 ordinem
2256 5268 2486 5330 Iuvr-rtit,
2520 5284 2639 5320 cum
2672 5269 2745 5321 ait
2776 5284 2787 5321 :
2823 5270 2884 5322 S.
2920 5269 3167 5323 .llussorm
3198 5274 3438 5323 successit

1850 5339 1901 5388 in
1954 5335 2261 5387 Emeritcnsi
2312 5336 2429 5389 sede
2480 5338 2678 5402 Paulo;
2716 5348 2770 5393 et
2825 5342 2890 5393 ad
2939 5355 3063 5395 anu.
3111 5339 3216 5393 566
3246 5341 3439 5393 Paulus

1854 5405 2185 5457 Enwritcnsis
2230 5407 2495 5476 episcopus
2543 5411 2781 5477 episcopo
2834 5412 3075 5465 successit
3128 5410 3349 5469 Ft'deh';
3407 5426 3438 5463 e

1853 5485 2035 5527 rmstro
2088 5482 2480 5541 erncnuaintus;
2535 5496 2659 5533 nam
2699 5482 2865 5534 l‘aulo
2912 5480 3167 5534 successit
3216 5478 3434 5541 Fidelis,

1850 5544 2288 5617 FldtfllyMllsthﬂ
2326 5566 2336 5599 :
2372 5550 2473 5603 vid.
2514 5549 2697 5603 Morel.
2732 5550 2821 5603 lib.
2858 5567 2891 5603 ιι
2914 5593 2926 5614 ,
2969 5566 3088 5617 cap.
3121 5546 3217 5611 7‘2,
3252 5557 3303 5600 et
3336 5548 3438 5605 Pa-

1848 5618 1969 5667 dillu
2004 5616 2154 5666 ﬁent.
2190 5631 2237 5667 γι
2264 5656 2277 5677 ,
2312 5637 2430 5685 r'np,
2460 5618 2543 5671 fit),

1926 5700 1943 5715 ε’
1996 5685 2320 5738 λόίιίὶὶοι-ιηδ
2351 5694 2399 5739 in
2432 5692 2522 5741 hoc
2553 5690 2741 5741 smculo
2770 5687 3193 5761 originchoraI,
3224 5690 3314 5747 lib.
3355 5711 3449 5755 xu,

1849 5774 1965 5821 Cap.
2002 5760 2051 5806 b.

2986 5938 3015 5990 ii
