3874 6224
438 336 533 388 εἶτ)

1635 359 1836 416 PAULI
1883 358 2246 417 EMERITANI
2298 358 2574 414 DIMIONI

3618 342 3715 398 HO

433 453 803 522 imperterriti,
852 454 971 510 sine
1017 464 1162 510 metu
1216 452 1297 508 vel
1348 456 1631 514 formidine
1670 462 1909 515 omnium
1968 463 2019 515 iu
2053 469 2090 520 Α
2125 460 2202 513 dm
2232 462 2307 515 rei
2330 476 2493 530 quam
2521 460 2863 530 appctcndm,
2908 466 3177 530 potiorem
3207 456 3371 513 dandi
3412 471 3575 544 quam
3629 471 3721 515 ac-

429 542 522 597 Dei
553 542 798 600 laudibus
866 547 1228 614 persistebaut
1287 558 1623 618 constanter,
1673 566 1780 605 nun
1838 552 2015 605 solum

428 644 607 690 autem
638 652 690 690 m
745 638 984 694 omnium
1038 638 1272 695 fidelium
1322 642 1539 697 arcanis
1590 642 1707 711 ejus
1756 642 2019 713 ﬂagrabat

428 724 687 780 itntnensa
718 727 972 796 charitas,
1002 728 1098 785 sed
1127 730 1288 786 etiam
1318 732 1558 788 omnium
1598 731 1903 789 Judmorum
1936 736 2017 789 vel

427 815 718 871 Gentilium
766 826 975 874 mentes
1022 821 1159 877 miro
1210 823 1510 880 dulcedinis
1558 840 1667 880 sure
1709 824 1899 881 all‘ectu
1949 829 2015 882 ad

426 909 620 965 Christi
643 912 867 980 gratiam
892 916 1258 982 pertrahehat.
1284 915 1526 983 Quantus
1549 918 1709 986 igitur
1735 920 2016 988 qualisque

424 992 615 1067 tuerit,
658 1003 850 1058 inertia
891 1004 1087 1073 lingua:
1130 1014 1329 1061 nostra:
1375 1008 1443 1061 ad
1481 1008 1690 1076 singula
1747 1008 2016 1079 explicare

422 1110 528 1147 non
562 1095 736 1161 valet;
777 1096 871 1150 sed
893 1098 1140 1165 quamvis
1173 1100 1406 1154 maxima
1434 1108 1735 1170 taceamus,
1771 1110 2013 1157 extrema

423 1186 613 1241 saltem
647 1202 679 1241 e
710 1188 956 1242 maximis
987 1205 1371 1247 memoremus.
1409 1192 1645 1260 Denique
1674 1195 2015 1263 supradictus

423 1278 507 1331 vir
564 1285 587 1311 α
647 1277 959 1346 priusquam
1030 1280 1375 1335 ordinaretur
1437 1283 1722 1354 episcopus
1768 1284 1819 1339 in
1870 1286 2015 1339 basi-

427 1369 531 1424 lica
562 1371 914 1425 sanctissima:
956 1371 1177 1442 virginis
1206 1371 1426 1428 Eulalia:
1457 1374 1625 1430 fertur
1653 1392 1774 1431 cum
1805 1392 2011 1431 summa

425 1459 705 1529 diligentia
749 1461 1038 1528 advixisse,
1091 1471 1146 1517 et
1221 1464 1418 1519 ibidem
1468 1466 1649 1522 nmltis
1694 1469 1849 1522 annis
1905 1469 2013 1524 Deo

423 1551 971 1620 ineprehensibiliter
996 1551 1344 1609 deserviisse:
1379 1564 1667 1625 postquam
1695 1574 1824 1613 vero
1851 1560 2003 1628 inSpi-

420 1649 573 1695 rante
602 1640 711 1695 Deo
741 1641 792 1696 in
812 1643 1088 1698 hominum
1118 1658 1231 1711 ore,
1260 1646 1431 1703 oculis
1458 1655 1512 1699 et
1541 1649 1721 1703 animo
1750 1649 2012 1716 residens,

419 1730 665 1787 sublatus
713 1732 858 1801 inde,
908 1736 1239 1791 constitutus
1267 1744 1351 1791 est
1390 1736 1695 1807 episcopus,
1742 1740 1925 1792 statim
1958 1741 2010 1795 iu

2120 550 2348 620 cipieudi
2379 550 2646 605 didicerat
2676 550 2969 614 fortunam,
2999 548 3164 603 multa
3222 547 3576 615 largiebatur,
3631 548 3716 601 ui-

2122 643 2303 713 hilque
2383 643 2681 709 auferebat,
2741 643 2836 697 sed
2885 642 3026 697 ultro
3098 641 3306 697 cunctis
3360 638 3717 705 conci-debat,

2117 736 2354 791 donabat
2377 738 2568 801 multa,
2592 734 2922 803 largiebatur
2939 733 3189 804 plurima,
3209 730 3421 785 ditabat
3438 731 3721 788 universos

2119 825 2411 887 beﬂt‘ilCiiS,
2437 831 2491 878 et
2516 823 2882 878 muniﬁcentia
2913 836 3138 890 magnus
3170 820 3501 883 habebatur;
3530 831 3719 873 omnes

2117 917 2185 971 ab
2207 917 2299 971 illo
2329 917 2684 985 augebantur,
2717 915 2873 969 donis
2910 929 2976 969 ac
2994 912 3194 967 divitiis
3224 911 3715 980 locupletabautur,

2116 1018 2172 1065 et
2199 1024 2305 1065 non
2350 1017 2557 1063 tantum
2584 1008 2837 1063 fratribus
2858 1016 2912 1061 et
2933 1006 3141 1067 amicis,
3169 1014 3434 1074 quantum
3454 1010 3512 1056 et
3548 1002 3719 1056 servis

2117 1101 2247 1171 ipsis
2271 1098 2527 1155 Ecclesiae
2548 1113 2607 1154 se
2631 1099 2941 1152 muneribus
2963 1097 3193 1164 largum,
3219 1094 3359 1147 ultra
3382 1107 3546 1161 quam
3570 1090 3716 1145 credi

2116 1198 2320 1261 potest,
2373 1189 2679 1261 prtebebat;
2711 1189 2783 1243 ita
2808 1189 3058 1243 nimirum
3117 1186 3451 1255 temporibus
3489 1184 3610 1253 ejus
3636 1183 3719 1239 di-

2117 1283 2211 1337 tati
2235 1291 2379 1349 sunt,
2407 1292 2466 1336 ut
2489 1283 2541 1337 in
2561 1281 2648 1337 die
2670 1281 3010 1337 sanctissimo
3036 1279 3252 1333 Pascha:
3277 1293 3399 1332 eum
3430 1286 3495 1330 ad
3537 1275 3716 1331 eccle-

2115 1380 2249 1431 siam
2281 1376 2622 1447 procederct,
2655 1374 2871 1445 plurimi
2895 1373 3046 1444 pueri
3078 1369 3374 1427 chlamides
3420 1369 3717 1425 olosericas

2116 1469 2399 1523 induentes
2427 1482 2611 1521 coram
2640 1481 2729 1531 eo,
2759 1464 2917 1535 quasi
2968 1479 3153 1519 coram
3185 1477 3310 1530 rege
3359 1459 3716 1525 incederent;

2115 1569 2170 1613 et
2196 1558 2337 1628 quod
2361 1558 2443 1613 his
2466 1556 2799 1626 temporibus
2820 1556 2996 1611 nullus
3027 1562 3240 1624 poterat
3268 1552 3556 1622 nullusque
3580 1566 3716 1620 pm.

2114 1650 2382 1715 sumebat,
2439 1647 2750 1718 bujusmodi
2812 1646 3139 1702 indumentis
3183 1643 3368 1699 amicti
3406 1650 3535 1697 ante
3590 1656 3714 1697 eum

2115 1741 2354 1796 debitum
2385 1739 2691 1795 deferentes
2726 1738 3067 1809 obsequium,
3101 1740 3420 1806 pergerent;
3468 1734 3565 1789 sed
3595 1746 3712 1787 me-

419 1820 642 1875 exordio
686 1822 1030 1892 episcopatus
1059 1825 1140 1879 sui
1170 1826 1499 1882 monasteria
1532 1828 1697 1882 multa
1745 1830 2005 1893 fundavit,
2044 1837 2087 1896 Β
2114 1830 2220 1886 rito
2242 1831 2290 1885 ei
2312 1832 2381 1885 ab
2402 1829 2759 1900 omnipotenti
2785 1829 3008 1885 Domino
3030 1827 3131 1882 fuit
3152 1827 3285 1881 tanti
3310 1823 3484 1880 meriti
3505 1823 3712 1879 donum

420 1911 634 1974 prauliis
672 1914 882 1982 magnis
931 1915 1295 1985 locupletavit,
1355 1918 1605 1974 basilicas
1647 1921 1827 1989 plures
1874 1925 2012 1979 miro

421 2014 586 2069 opere
620 2004 945 2069 construxit,
972 2014 1027 2060 et
1048 2006 1244 2061 multas
1274 2006 1468 2061 ibidem
1500 2010 1611 2064 Deo
1639 2013 1847 2067 animas
1875 2030 2009 2068 eon-

417 2094 681 2161 sccravit;
726 2096 920 2152 deinde
950 2098 1351 2154 xenodochium
1386 2100 1659 2157 fabricavit
1694 2105 2010 2175 magnisque

420 2188 756 2256 patrimoniis
787 2188 996 2254 ditavit,
1028 2192 1439 2260 constitutisque
1482 2193 1738 2249 ministris
1787 2196 1868 2250 vel
1897 2212 2012 2252 me-

418 2277 551 2332 dicis
576 2278 1007 2346 peregrinorum,
1033 2288 1088 2334 et
1111 2283 1491 2349 :egrotantium
1525 2285 1708 2339 usibus
1736 2285 2010 2343 deservire

417 2368 706 2435 prmcepit;
734 2369 949 2439 taleque
977 2380 1307 2441 praeceptum
1349 2374 1518 2440 dedit,
1543 2384 1602 2431 ut
1622 2386 1832 2432 cuneta:
1863 2379 2010 2435 urbis

417 2458 677 2511 ambitum
728 2459 921 2514 medici
979 2461 1348 2519 indesinenter
1375 2476 1777 2534 percurrentes,
1820 2485 2007 2540 quem—

399 2562 624 2616 cunque
646 2564 863 2604 servum
884 2565 980 2605 seu
999 2551 1246 2621 liberum,
1266 2553 1633 2612 Christianum
1657 2573 1750 2613 seu
1766 2558 2007 2615 Judaeum

416 2642 741 2709 reperissent
763 2651 1043 2710 aegrotum,
1068 2646 1209 2700 ulnis
1239 2648 1351 2702 suis
1376 2656 1652 2717 gestantes
1678 2648 1745 2703 ad
1770 2651 2010 2706 xenodo-

415 2736 593 2791 chium
637 2736 931 2807 deferrent,
963 2742 1308 2797 straminibus
1336 2758 1553 2812 quoque
1581 2745 1794 2801 lectulis
1824 2746 2005 2801 itidem

411 2827 749 2894 przeparatis,
773 2828 1021 2882 eumdem
1046 2830 1314 2885 infirmum
1338 2832 1533 2889 ibidem
1558 2845 2005 2905 superponentes,

412 2918 559 2973 cibos
584 2917 851 2976 delicatos
879 2930 932 2975 et
961 2922 1160 2978 nitidos
1189 2939 1428 2994 eousque
1455 2937 1842 2997 praeparantes,
1872 2945 2007 3000 quo-

412 3020 579 3076 usque
607 3023 728 3062 cum
755 3009 865 3064 Deo
890 3022 1095 3079 aegroto
1125 3014 1223 3084 ipsi
1255 3016 1484 3071 salutem
1511 3019 1789 3088 pristinam
1831 3021 2002 3077 refor-

411 3106 655 3161 marent;
680 3108 735 3153 et
764 3101 1059 3168 quamlibet
1083 3119 1111 3157 a
1142 3105 1354 3176 pzmdiis
1376 3108 1772 3165 xeuodoebium
1794 3110 2005 3167 collatis

2112 1927 2389 1991 col'atum,
2414 1927 2568 1994 cujus
2585 1941 2698 1989 cor,
2720 1925 2775 1979 in
2803 1932 2950 1979 tanta
2964 1922 3240 1993 opulentia
3262 1929 3316 1995 et
3340 1918 3506 1989 gloria
3531 1926 3713 1973 trans-

2112 2015 2285 2069 itoria:
2329 2014 2703 2084 prosperitatis
2743 2012 2964 2083 gaudio,
2994 2025 3266 2081 nunquam
3308 2009 3404 2064 fuit
3440 2006 3710 2076 turgidum

2112 2119 2212 2160 nec
2242 2105 2521 2171 iullatum;
2573 2104 2827 2159 nimirum
2879 2101 3098 2157 humilis
3141 2101 3354 2155 animus
3402 2099 3519 2167 ejus
3547 2111 3711 2165 supra

2110 2195 2341 2252 solidam
2374 2203 2583 2265 petram
2614 2193 2868 2249 fundatus
2922 2190 3334 2248 immaculabilis
3364 2188 3711 2243 conscientia

2109 2286 2440 2355 cogitatione
2465 2286 2675 2341 sincera
2697 2282 3113 2350 calliditatisque
3136 2280 3339 2349 ignara.
3360 2278 3411 2332 in
3437 2275 3712 2346 prosperis

2111 2377 2346 2443 humilis,
2381 2377 2433 2431 in
2465 2374 2704 2430 adversis
2755 2374 3023 2430 existebat
3072 2370 3419 2437 fortissimus,
3452 2383 3551 2421 nec
3583 2380 3712 2438 pro-

2108 2470 2371 2539 speritate
2416 2468 2746 2537 erigebatur,
2813 2482 2915 2521 nec
2962 2465 3289 2520 adversitate
3340 2460 3709 2530 frangebatur,

2108 2560 2257 2615 nullo
2284 2559 2611 2615 detrimento
2641 2567 2736 2613 aut
2764 2565 3058 2627 augmento
3086 2555 3390 2612 constantia
3443 2552 3563 2621 ejus
3591 2568 3710 2606 mu.

2111 2651 2352 2717 tabatur;
2394 2658 2650 2705 constans
2676 2656 2796 2703 erat
2825 2649 2879 2701 in
2907 2647 3136 2711 cunctis,
3160 2655 3215 2701 et
3243 2646 3499 2699 adversus
3523 2641 3710 2696 omnia

2110 2740 2508 2812 promptissime
2553 2748 2791 2810 paratus,
2845 2737 3055 2807 patiens
3100 2736 3348 2800 nimium,
3402 2743 3459 2788 et
3507 2734 3709 2788 robore

2112 2833 2469 2899 firmissimus,
2511 2833 2562 2886 in
2612 2834 2820 2887 cunctis
2851 2829 3098 2886 adversis
3127 2837 3406 2892 constans,
3437 2826 3489 2882 iu
3529 2826 3709 2882 omni~

2109 2925 2210 2979 bus
2261 2924 2522 2990 angustiis
2566 2923 2964 2992 imperterritus
3036 2919 3442 2990 perseverabat,
3495 2918 3708 2973 vultum

2111 3026 2210 3069 nec
2239 3014 2455 3083 gaudio,
2507 3028 2609 3068 nec
2654 3027 2890 3069 mmrore
2915 3009 3317 3072 commutabat;
3348 3023 3485 3062 unus
3526 3009 3707 3063 vultus

2111 3119 2326 3174 semper
2346 3105 2482 3173 ejus,
2510 3119 2613 3159 una
2640 3104 2913 3159 hilaritate
2935 3103 3222 3158 decoratus
3260 3100 3472 3155 cunctis
3513 3114 3710 3155 occur-

411 3185 589 3242 multis
620 3186 932 3245 deliciarum
955 3193 1109 3262 cepia
1143 3206 1443 3265 pararetur,
1475 3198 1649 3256 adhuc
1676 3200 1793 3258 viro
1814 3214 2003 3259 sancto
2031 3205 2077 3269 C
2106 3197 2288 3255 rebat:
2312 3212 2531 3269 semper
2550 3196 2717 3262 idem,
2736 3197 2888 3267 cujus
2913 3196 3095 3251 vultus
3123 3208 3225 3250 nec
3257 3208 3493 3263 unquam
3522 3207 3706 3249 reruut

409 3292 596 3347 parum
650 3293 770 3333 esse
815 3281 1128 3350 videbatur;
1161 3287 1257 3340 sed
1300 3287 1382 3341 his
1430 3289 1681 3346 omnibus
1724 3290 2003 3351 beneﬁciis

402 3366 469 3421 ad
474 3368 668 3435 jiciens
695 3373 920 3439 majora,
952 3376 1211 3445 prazeepit
1258 3378 1502 3445 medicis,
1534 3387 1593 3433 ut
1623 3382 1805 3445 smmi
1852 3385 1999 3441 solli-

408 3457 648 3512 citudine
676 3470 928 3527 gererent
970 3478 1176 3531 cuiam,
1214 3474 1273 3520 ut
1302 3467 1368 3523 de
1397 3470 1649 3525 omnibus
1690 3473 1902 3531 eximiis
1935 3475 2002 3530 ab

407 3550 671 3604 universis
718 3554 1040 3608 sanctuariis
1072 3571 1139 3610 rx
1187 3558 1330 3613 omni
1373 3561 1703 3629 patrimonio
1748 3563 2000 3620 Ecclesia!

408 3638 461 3692 in
511 3640 704 3694 atrium
745 3640 907 3697 illatis
945 3644 1290 3703 medietatem
1348 3653 1680 3720 acciperent,
1726 3664 1780 3709 et
1811 3656 1998 3711 iisdem

406 3725 634 3783 infirmis
659 3728 952 3786 deferrent.
984 3732 1042 3788 Si
1070 3736 1191 3804 quis
1220 3738 1360 3792 enim
1388 3739 1457 3794 de
1486 3741 1692 3797 civibus
1720 3743 1883 3810 urbis,
1908 3754 1998 3799 aut

407 3818 623 3872 rusticis
652 3819 720 3874 de
768 3822 1033 3878 ruralibus
1082 3826 1146 3879 ad
1176 3829 1373 3882 atrium
1403 3832 1474 3886 ob
1501 3834 1876 3889 necessitatem
1903 3850 1996 3890 ac-

414 3904 684 3968 cessisset,
718 3906 983 3976 liquorem
1015 3910 1142 3977 olei,
1167 3913 1296 3981 vini,
1321 3916 1404 3969 vel
1434 3917 1653 3973 mellisa
1679 3918 1994 3990 dispensan-

411 3994 552 4048 tibus
582 3999 938 4067 poposcisset,
968 4009 1021 4054 et
1052 4000 1077 4038 ιτ
1106 4016 1198 4058 vas
1228 4006 1528 4073 parvulum,
1556 4010 1604 4063 in
1635 4025 1741 4079 quo
1771 4011 1993 4081 levaret,

405 4087 773 4156 exhibuissrt;
829 4101 1033 4147 etcum
1082 4094 1163 4148 vir
1213 4108 1455 4164 sanctus,
1510 4110 1565 4154 ut
1611 4111 1727 4157 erat
1783 4118 1997 4173 semper

405 4177 597 4231 ob;qu
628 4190 825 4245 gratus,
862 4182 1084 4251 jucundi
1117 4187 1312 4253 vultus,
1348 4205 1474 4243 mox
1521 4192 1688 4260 ipsum
1718 4194 1992 4249 vasculum

403 4267 689 4337 confringi,
715 4281 769 4325 et
800 4281 855 4326 ut
880 4272 1054 4342 majus
1082 4276 1335 4345 deferret,
1368 4282 1730 4350 praecipiebat.
1764 4283 1819 4338 lu
1843 4285 1990 4340 elec-

404 4362 641 4429 mosyuis
671 4377 799 4415 vero
844 4379 1143 4432 pauperum
1190 4378 1450 4434 quantum
1483 4372 1657 4438 largus
1701 4375 1987 4444 exstiterit,

404 4450 501 4502 soli
529 4448 641 4503 Deo
670 4462 997 4506 reservatum
1031 4464 1111 4509 est
1140 4473 1335 4525 nosse;
1363 4468 1539 4515 t:uuen
1579 4472 1634 4516 et
1662 4464 1726 4518 de
1750 4466 1851 4521 hoc
1875 4468 1989 4537 ipso

2104 3291 2369 3345 varietate
2396 3288 2738 3357 mutabatur;
2764 3304 2869 3345 non
2893 3288 3041 3343 illum
3065 3284 3277 3341 cunctis
3297 3284 3517 3339 inimica
3539 3284 3706 3341 elatio

2103 3383 2393 3438 virtutibus
2436 3382 2646 3447 extulit,
2685 3382 2781 3438 sed
2819 3383 2871 3437 in
2902 3381 3153 3438 omnibus
3206 3378 3566 3435 humilitatem
3596 3378 3705 3433 siu-

2102 3488 2280 3529 ceram
2303 3474 2516 3529 sincere
2537 3473 2873 3529 consecravit
2886 3472 3255 3528 sat-ratissimo
3277 3468 3455 3524 cordis
3471 3468 3702 3531 aﬂectu;

2100 3577 2331 3630 cumque
2371 3562 2569 3618 talibus
2621 3562 2806 3618 divino
2860 3561 3049 3616 favore
3094 3560 3387 3615 virtutibus
3445 3558 3701 3627 polleret,

2099 3652 2239 3706 fama
2294 3650 2566 3706 bonorum
2607 3650 2869 3723 opinione
2918 3655 3309 3709 concrescente
3361 3645 3599 3713 affulsit;
3648 3656 3703 3702 et

2098 3759 2264 3814 opera
2293 3742 2513 3798 luminis
2540 3759 2570 3797 a
2603 3759 2732 3799 vero
2779 3742 2984 3799 lumine
3038 3738 3373 3810 condonata,
3428 3738 3617 3801 multis
3644 3740 3701 3799 in

2098 3835 2407 3904 regionibus
2436 3835 2761 3891 coruscavit.

2734 3924 2965 3981 CAPUT
3008 3925 3069 3980 X.

2103 4016 2430 4091 Leovigildus
2456 4034 2549 4073 rex
2570 4016 2977 4089 Wisigotharum
3001 4018 3226 4073 Arianus
3253 4020 3424 4073 studet
3466 4033 3699 4076 avertere

2133 4107 2439 4163 Massouam
2465 4110 2762 4179 episc0pum
2784 4108 3160 4164 Emeriteusem
3182 4127 3213 4163 a
3243 4111 3348 4180 ﬁde
3374 4112 3656 4166 catholica.

2170 4196 2322 4252 Unde
2369 4200 2566 4253 accidit
2604 4208 2662 4253 ut
2693 4201 2807 4254 lucc
2835 4201 3018 4270 opinio
3062 4202 3339 4256 szevissimi
3368 4214 3535 4272 atque
3564 4220 3694 4259 cru-

2093 4288 2349 4345 delissimi
2382 4289 2805 4359 Wisigothorum
2850 4292 3149 4363 Leovigildi
3197 4297 3340 4363 regis
3380 4297 3722 4363 penetraret

2094 4382 2356 4447 auditum,
2404 4392 2459 4437 et
2487 4398 2600 4437 sua:
2631 4384 2841 4438 invidiae
2870 4384 3035 4439 draco
3069 4386 3490 4441 immanissimus
3536 4387 3698 4444 bonis

2094 4474 2350 4542 operibus
2378 4488 2593 4544 semper
2641 4475 2886 4541 aemulos,
2918 4475 3150 4531 stimulis
3178 4476 3482 4532 acrioribus
3513 4479 3696 4534 irrita-

400 4542 689 4607 quamdam
715 4544 1380 4611 particulamenarremus.
1409 4551 1575 4607 Tanta
1616 4556 1688 4609 illi
1720 4572 1844 4612 cura
1874 4569 1988 4613 erat
2019 4569 2070 4630 ι)
2098 4574 2230 4630 tum,
2259 4564 2503 4634 ejusdem
2547 4565 2803 4635 principis
2832 4567 3071 4620 animum
3104 4567 3250 4621 virus
3288 4570 3570 4636 vipereum
3601 4587 3694 4625 sa-

404 4648 501 4701 pro
547 4637 783 4689 omnium
826 4639 1079 4695 :erumnis
1129 4642 1467 4708 miserorum,
1503 4656 1557 4701 ut
1589 4649 1653 4701 ad
1710 4652 1984 4707 basilicam

403 4726 755 4780 sanctissime
776 4729 993 4795 virginis
1019 4728 1234 4785 Eulalia:
1256 4734 1500 4801 diacono,
1537 4739 1648 4793 viro
1672 4744 1981 4809 venerabili,

408 4828 426 4851 ο
467 4816 761 4886 Ιὶοιιρηψίο
792 4821 1029 4887 nomine,
1059 4822 1147 4889 qui
1180 4836 1422 4892 przeerat,
1458 4830 1562 4882 duo
1593 4832 1754 4885 millia
1785 4835 1985 4887 solidos

404 4906 629 4973 dederit,
657 4926 685 4963 c
716 4917 925 4978 quibus,
955 4930 1081 4967 mox
1112 4924 1167 4968 ut
1197 4917 1386 4987 aliquis
1436 4925 1639 4988 urgenti
1668 4927 1983 4981 necessitate

405 4997 677 5051 advenerit
731 5001 868 5056 fatta
921 5008 1171 5063 cautione
1226 5008 1331 5081 [ιιι.
1364 5014 1722 5085 quzestioue],
1751 5027 1983 5084 quantos

405 5087 564 5139 vellet.
594 5090 790 5158 absque
819 5093 995 5161 aliqua
1047 5114 1193 5151 mora
1239 5100 1319 5153 vel
1346 5100 1659 5157 diﬂicultate
1691 5107 1979 5175 acciperet,

403 5175 619 5242 suisque
650 5184 905 5242 angustiis
931 5189 1268 5241 consuleret:
1304 5207 1401 5245 nee
1425 5192 1527 5246 hoc
1556 5195 1815 5247 silendum
1841 5212 1981 5259 reor,

403 5280 562 5332 quam
594 5267 863 5334 largiﬂuus
895 5276 945 5326 in
978 5281 1286 5334 muneribus
1334 5285 1624 5349 exstiterit,
1655 5288 1854 5355 quippe
1892 5290 1981 5355 qui

400 5359 589 5412 aliena:
616 5361 688 5411 rei
722 5361 1095 5429 abstinentior,
1146 5385 1254 5423 sua:
1285 5372 1503 5440 largior,
1536 5392 1635 5432 nec
1664 5380 1983 5448 accipiendi,

402 5448 491 5501 sed
522 5451 684 5505 dandi
716 5456 1171 5522 magnanimitate,
1221 5463 1589 5531 przepollcbat,
1619 5469 1824 5523 avidior
1850 5470 1983 5522 dan—

476 5653 499 5679 "
541 5644 844 5766 {rgiusqnam
869 5656 1195 5710 ordinaretur
1217 5662 1500 5729 cpismpus.
1523 5659 1887 5716 PadillaCeut.
1914 5680 1984 5729 vr,

489 5736 518 5766 '.
570 5734 582 5764 Ι
625 5755 637 5766 .

404 5730 461 5765 (⁸η
489 5736 518 5766 ι.
551 5730 637 5768 nu.

474 5787 498 5820 υ
552 5786 647 5836 lus
677 5794 939 5853 putt‘uhlm
990 5798 1037 5848 iu
1088 5815 1182 5851 anu
1218 5800 1424 5869 lcau'ct,
1452 5812 1554 5855 etc.
1593 5802 1980 5863 llispanismtts.

2098 4655 2275 4720 tiaret,
2333 4663 2385 4709 ct
2435 4656 2685 4724 poculum
2729 4665 3054 4711 venenatum
3110 4658 3229 4727 ejus
3281 4660 3336 4714 iu
3392 4658 3696 4716 visceribus

2097 4746 2524 4799 transl‘underet:
2551 4746 2704 4815 cujus
2751 4748 2928 4817 poculi
2962 4747 3415 4813 lethalishaustu,
3444 4753 3697 4819 protinus

2092 4834 2316 4887 consilio
2338 4845 2597 4901 armatus,
2625 4838 2888 4893 diabolica
2913 4840 3225 4893 stimulante
3249 4840 3470 4907 invidia,
3497 4857 3697 4911 supra-

2092 4920 2160 4974 dit
2184 4932 2236 4975 to
2263 4927 2601 4980 sanctissimo
2630 4928 2745 4982 viro
2770 4928 2960 4997 legatis
2986 4930 3464 4986 intercurrentibus
3491 4931 3693 4988 iterum

2092 5013 2390 5084 iterumque
2422 5019 2699 5073 mandavit
2755 5030 2829 5085 ut,
2886 5023 3071 5076 relicta
3123 5021 3225 5076 fide
3273 5023 3565 5091 catholica,
3623 5028 3691 5081 ad

2089 5110 2336 5164 Arianam
2368 5113 2613 5167 bseresitn
2658 5130 2774 5168 cum
2807 5118 3153 5171 universitate
3183 5117 3351 5187 plebis
3381 5123 3691 5175 commissm

2088 5198 2401 5254 diverteret:
2437 5218 2668 5271 cumque
2714 5205 2796 5257 vir
2837 5205 2945 5260 Deo
2993 5207 3203 5261 dicatus
3248 5210 3689 5267 constantissime

2087 5292 2471 5359 responderet,
2524 5305 2577 5350 et
2627 5297 2707 5350 bis
2760 5307 2945 5367 terque
2995 5301 3422 5369 regredientibus
3456 5308 3682 5373 nuntiis,

2089 5384 2198 5451 regi
2231 5387 2509 5442 mandaret
2538 5405 2809 5459 nunquam
2850 5406 2910 5446 se
2936 5407 3118 5446 veram
3161 5392 3317 5446 tidem
3352 5394 3685 5466 relinquere,

2090 5486 2248 5538 quam
2302 5478 2464 5531 semel
2509 5482 2835 5549 agnovisset,
2871 5484 2970 5552 ipsi
3000 5499 3170 5553 nuper
3196 5485 3396 5540 Ariauo
3441 5490 3555 5558 regi
3580 5507 3681 5546 ex-

2093 5667 2255 5755 Nullis
2278 5674 2597 5755 'tollereest
2626 5680 2803 5745 llevar,
2845 5680 3152 5750 duplicato,
3196 5691 3383 5737 nostro
3415 5701 3587 5755 more,
3614 5688 3671 5755 ll,

2092 5741 2184 5795 sed
2216 5757 2242 5793 a
2278 5741 2463 5798 Latino
2502 5748 2670 5801 (crare
2712 5741 2962 5806 tractum.

2167 5825 2185 5849 ε
2235 5813 2529 5887 licdciupto.
2561 5818 2633 5873 De
2662 5836 2769 5887 quo
2811 5824 2970 5875 etiam
3011 5836 3129 5891 cap.
3153 5820 3259 5877 ὅθι
3296 5822 3377 5878 18.
