3874 6224
229 413 307 462 ιιι
1286 400 1372 454 DF.
1413 399 1568 453 \'lT.-\
1613 395 1886 452 PATRUM
1933 394 2452 453 liilElllTENSlUll.

3427 405 3520 456 li:

223 522 508 594 pruinam,
561 525 620 570 ut
644 515 858 580 dcbuit,
894 517 1119 585 ejusque
1169 513 1232 568 ad
1261 528 1320 568 sc
1347 511 1625 582 perfidiam
1656 509 1829 577 dignis
1863 516 1897 566 ,κ
1934 526 2043 564 res.
2067 509 2171 564 Sed
2193 527 2410 566 servum
2447 513 2538 594 ι)σί
2568 513 2806 583 probatis
2840 515 3024 581 ltillltll,
3049 529 3146 570 nec
3178 518 3524 572 counninatio

223 610 678 682 increpationibus
709 608 954 678 repulit;
987 606 1052 661 ad
1077 622 1135 662 se
1164 606 1343 674 itaque
1371 604 1600 658 reversis
1630 600 1830 656 nuntiis

223 706 374 773 cmpit
413 700 772 772 supradictus
805 717 904 756 rex
955 698 1181 756 diversis
1224 696 1567 753 suasionibus
1612 703 1667 750 et
1695 708 1830 764 pne-

223 801 440 852 miorum
472 795 938 864 promissionibus
969 793 1086 863 ejus
1113 792 1351 846 animum
1381 791 1603 854 illicerc,
1635 788 1678 842 si
1718 787 1828 841 for-

224 889 350 943 sitan
405 901 502 956 per
557 900 959 955 quamcunque
1004 884 1344 940 occasionem
1399 891 1586 954 posset
1627 881 1695 936 ad
1722 896 1833 936 sua:

227 977 619 1048 superstitionis
668 976 1014 1030 voluntatem
1065 974 1377 1030 incurvare:
1428 972 1517 1027 ille
1549 987 1676 1026 vero
1703 987 1830 1027 sua-

226 1073 394 1126 siones
446 1070 565 1137 ejus
619 1070 856 1124 callidas
908 1067 1270 1140 contempsit;
1322 1066 1463 1122 dona
1507 1075 1564 1121 et
1591 1064 1828 1136 pmmia,

227 1162 376 1218 veluti
404 1169 796 1232 purgamenta,
830 1161 1064 1231 repulit;
1095 1171 1120 1198 ι
1153 1159 1310 1214 fidem
1355 1157 1675 1214 catholicam
1707 1156 1834 1209 viri-

227 1256 338 1308 liter
365 1269 589 1322 prorsus
620 1253 954 1319 vindicavit;
987 1268 1086 1308 nec
1116 1261 1294 1306 tamen
1332 1259 1522 1307 contra
1554 1249 1832 1320 perfidiam

227 1359 395 1402 tacere
446 1344 664 1409 maluit,
702 1360 772 1400 ne
824 1343 1060 1399 tacendo
1089 1341 1311 1398 forsitan
1341 1342 1650 1397 consentire
1687 1339 1833 1395 vide-

228 1447 381 1500 retur,
413 1437 507 1490 sed
539 1437 679 1490 totis
709 1435 922 1492 nixibus
950 1433 1066 1504 ejus
1088 1434 1316 1490 vesania:
1338 1447 1662 1502 repugnans,
1687 1431 1834 1486 clan-

228 1545 350 1597 gore
400 1527 652 1582 veritatis
701 1528 1002 1597 personuit.
1053 1525 1300 1595 Cumque
1349 1540 1408 1580 se
1453 1525 1541 1579 ille
1585 1533 1836 1580 cerneret

230 1635 372 1676 casso
416 1619 608 1674 labore
635 1618 902 1683 deficere,
931 1625 1117 1688 raptus
1147 1617 1199 1670 in
1232 1615 1491 1683 furorem,
1522 1616 1689 1685 cmpit
1711 1630 1833 1670 eum

233 1711 404 1767 multis
431 1710 656 1782 pulsare
703 1707 1028 1776 terroribus,
1058 1706 1285 1777 opinans
1313 1707 1470 1762 minis
1498 1722 1658 1778 posse
1705 1722 1834 1765 cou-

232 1813 404 1858 cutcre
431 1817 597 1870 quem
629 1801 1022 1856 blandimentis
1061 1814 1318 1869 superare
1349 1801 1714 1872 nequivisset;
1741 1799 1834 1854 sed

1937 601 2168 656 furcifcri
2199 601 2372 671 fregit,
2407 589 2508 658 nec
2548 603 2854 658 turbulenta
2894 605 2970 658 ira
3007 604 3245 674 pestiferi
3279 608 3527 674 tnoliivit,

1933 707 2036 746 nec
2065 700 2358 762 tempestas
2391 692 2712 748 insanientis
2751 694 2941 763 perditi
2973 692 3209 759 deﬂexit,
3235 696 3330 750 sed
3361 697 3530 751 instar

1933 789 2204 843 fo:tissitni
2251 787 2391 843 muri
2440 789 2730 844 immobilis
2788 789 2982 860 (Prov.
3018 806 3173 851 xvnt.
3211 793 3270 845 ll
3297 792 3312 857 )
3341 802 3528 847 eontra

1934 895 2120 935 omnes
2145 878 2414 950 procellas
2437 896 2534 950 pro
2560 890 2760 936 sancta:
2791 882 2909 936 iitit‘i
2940 883 3250 938 defensione
3281 900 3530 953 pt'rltmtt-

1933 973 2040 1026 sit:
2073 987 2306 1041 cumque
2335 980 2451 1027 toto
2479 973 2675 1028 atln‘xu
2705 973 2799 1030 Dei
2831 974 3084 1030 famulum
3118 977 3201 1031 vel
3241 993 3431 1034 omnes
3467 978 3525 1031 ft-

1936 1064 2082 1119 deles
2114 1064 2224 1133 jam
2252 1065 2428 1121 dit-tus
2468 1063 2695 1120 infidelis
2724 1068 3003 1136 exquisitis
3045 1071 3314 1141 martyriis
3350 1083 3531 1126 estur-

1934 1157 2064 1210 bare
2086 1157 2268 1221 vellet,
2297 1172 2395 1212 nec
2423 1167 2626 1227 posset.
2655 1158 2818 1214 fretus
2850 1161 3034 1217 favore
3064 1164 3232 1230 regio,
3259 1165 3532 1221 basilicam

1936 1245 2292 1300 sanctissima:
2331 1247 2552 1314 virginis
2583 1245 2803 1302 Eulalia:
2845 1252 3042 1320 passim
3074 1254 3288 1323 aggredi
3324 1255 3536 1310 niteba-

1939 1349 2052 1404 tur,
2113 1349 2168 1394 ttt
2220 1357 2282 1395 ea
2337 1343 2548 1398 sublata
2606 1344 2672 1398 de
2727 1346 2928 1416 proprii
2977 1346 3215 1419 episcopi
3272 1358 3540 1418 potestate

1938 1435 2152 1488 Ariona:
2182 1434 2371 1490 baaresi
2406 1433 2714 1503 dedicaret;
2749 1439 2832 1493 cui
2881 1454 3003 1494 cum
3035 1451 3252 1496 sanctus
3289 1441 3536 1498 Massona

1938 1524 2262 1592 episcopus,
2309 1525 2394 1580 vel
2445 1527 2728 1582 universus
2779 1545 2901 1585 cum
2949 1547 3016 1585 eo
3065 1533 3294 1603 populus
3342 1535 3539 1589 az-riter

1937 1615 2120 1668 obsistt
2141 1624 2257 1682 ret,
2289 1631 2352 1670 ac
2382 1617 2734 1674 vehementer
2780 1632 3153 1692 oppugnaret;
3203 1625 3540 1694 supradictus

1940 1707 2432 1778 pseudocpiscomts
2477 1708 2659 1764 Sunna
2713 1712 2951 1766 autt-fato
3000 1714 3226 1785 principi
3269 1718 3434 1771 multa
3485 1720 3536 1772 iu

1941 1799 2341 1852 accusationem
2376 1800 2549 1854 sancti
2583 1800 2683 1856 viri
2714 1803 2950 1872 scripsit,
2993 1804 3152 1874 eique
3183 1809 3449 1876 suggessit
3484 1820 3540 1862 ttt

234 1897 308 1951 vir
352 1903 574 1950 sanctus
623 1907 732 1948 nec
782 1891 1084 1948 terroribus
1137 1890 1402 1962 frangitur
1432 1933 1448 1958 ,
1495 1907 1596 1948 nec
1625 1891 1833 1948 blandi-
1869 1884 1912 1943 Β
1942 1889 2052 1958 ipsa
2085 1904 2239 1944 sacra
2267 1888 2512 1954 basilica,
2557 1905 2719 1960 quam
2751 1893 2900 1948 adire
2947 1894 3266 1962 inbiaverat,
3296 1914 3324 1951 a
3355 1900 3541 1953 catho-

235 1986 416 2039 tneutis
461 1983 736 2038 suadetur
775 2001 789 2036 :
841 1981 939 2037 sed
983 1979 1110 2038 forti
1153 1997 1537 2052 congressroue
1582 1985 1841 2037 adversus

235 2077 623 2131 atrocissimum
689 2087 980 2146 tyrannum
1027 2075 1322 2141 dimicans,
1372 2092 1473 2147 pro
1526 2075 1842 2132 defensione

234 2169 438 2237 justit'm
467 2167 808 2237 persistebat
835 2167 1085 2222 invictus.

847 2255 1079 2313 CAPUT
1128 2255 1222 2312 Xl.

236 2352 258 2390 δ
291 2352 470 2407 Summ
504 2351 988 2422 pseudoepiscomts
1028 2349 1364 2406 Emeritensis
1392 2351 1620 2407 Ariona:
1663 2351 1841 2423 dispu-

535 2443 747 2494 tatione
776 2441 984 2508 publica
1011 2441 1170 2494 uictus
1197 2457 1229 2492 o
1257 2439 1528 2495 Massono.

298 2533 598 2604 Comperto
625 2532 831 2588 dehinc
855 2532 1262 2588 crudelissimus
1289 2541 1550 2604 tyrannus
1570 2533 1717 2603 quod
1747 2548 1844 2589 nec

239 2627 407 2690 minis,
438 2640 541 2681 nec
572 2624 920 2689 muneribus,
954 2624 1054 2678 viri
1105 2623 1198 2679 Dei
1226 2625 1467 2681 animum
1506 2640 1537 2680 a
1570 2634 1715 2682 recta
1743 2625 1847 2682 fide

238 2720 297 2770 ad
318 2716 397 2771 sui
424 2715 717 2785 perfidiam
760 2723 1072 2784 apostatare
1112 2723 1318 2785 posset,
1350 2723 1408 2769 ut
1436 2723 1552 2771 erat
1573 2725 1728 2772 totus
1753 2733 1847 2773 vas

241 2809 326 2862 ira:
373 2806 554 2874 (llam.
617 2823 704 2870 tv,
761 2807 854 2877 9.2)
887 2805 1170 2878 fomeSque
1215 2808 1500 2875 vitiorum,
1550 2825 1615 2866 ac
1670 2809 1844 2864 frutex

239 2899 622 2964 damnationis,
655 2899 812 2968 cujus
841 2899 1126 2955 obsidebat
1149 2911 1335 2968 pectus
1357 2903 1646 2958 truculenti
1673 2920 1714 2958 ιι·
1734 2905 1843 2959 ha:-

239 2990 385 3048 rt-sis.
414 2999 472 3044 et
510 2989 799 3058 captivum
842 2989 897 3044 in
927 3005 1023 3045 sua
1055 2990 1260 3047 ditione
1290 2991 1512 3047 tenebat
1556 2993 1844 3048 callidissi-

242 3096 350 3137 mus
376 3096 607 3152 serpens
638 3080 799 3153 (Gen.
833 3098 1014 3138 xxxvn
1038 3125 1053 3151 ,
1097 3083 1173 3156 6),
1206 3100 1390 3141 amara
1423 3102 1522 3158 pro
1567 3086 1844 3156 dulcibus,

242 3188 332 3241 pro
360 3173 574 3230 lenibus
613 3188 811 3244 aspera
861 3175 1060 3230 obtulit
1103 3176 1340 3244 civibus,
1375 3194 1473 3249 pro
1504 3178 1680 3237 salute
1724 3194 1842 3234 me-

1946 1980 2171 2036 licorum
2204 1990 2474 2052 potestate
2501 1982 2732 2049 sublata,
2764 1983 2954 2040 ditioni
2986 2002 3095 2041 sua:
3134 1988 3284 2057 regio
3316 1990 3543 2060 imperio

1947 2068 2278 2136 traderetur;
2330 2071 2395 2125 ad
2421 2081 2534 2127 tunc
2579 2073 2726 2127 illum
2767 2076 2929 2130 talem
2961 2075 3132 2131 fertur
3161 2082 3546 2148 pronuntiasse

1944 2163 2269 2216 sententiam
2298 2181 2310 2216 :
2345 2162 2413 2218 Ut
2443 2165 2803 2222 residentibus
2842 2168 2896 2223 in
2939 2170 3079 2224 atrio
3111 2168 3361 2227 Ecclesia:
3397 2172 3545 2242 julli-

1945 2252 2101 2308 cibus
2126 2254 2406 2324 utriusque
2447 2257 2687 2327 episcopi
2732 2259 2800 2313 ab
2830 2259 3032 2314 eisdem
3079 2263 3340 2332 assumpti
3389 2264 3547 2319 ades-

1945 2354 2068 2400 sent
2088 2387 2102 2410 ,
2131 2345 2368 2416 ipsisque
2411 2363 2592 2402 coram
2627 2349 2816 2419 positis
2857 2353 3135 2422 utriusque
3167 2356 3333 2424 partis
3363 2355 3547 2411 defen-

1946 2439 2101 2493 sione
2127 2436 2382 2494 conflictu
2412 2438 2794 2510 disputationis
2834 2443 3255 2515 altercarentur,
3298 2447 3546 2504 alternis-

1948 2547 2055 2601 que
2101 2531 2386 2587 adversum
2441 2548 2501 2588 se
2551 2536 3022 2604 congressionibus
3075 2537 3434 2609 dimicantes,
3483 2543 3548 2597 de

1947 2638 2225 2678 sacrarum
2257 2623 2661 2694 Scripturarum
2689 2627 3052 2684 voluminibus
3075 2670 3091 2698 ,
3117 2644 3344 2701 qva‘que
3376 2635 3444 2688 ab
3474 2635 3549 2689 eis

1948 2723 2130 2770 essent
2149 2715 2292 2770 dicta
2320 2714 2544 2786 prolatis
2566 2718 2887 2773 testimoniis
2917 2730 3223 2778 astruerent
3271 2723 3354 2778 vel
3387 2725 3550 2780 robo-

1949 2816 2161 2870 rarent;
2211 2815 2266 2862 ct
2312 2805 2466 2878 cujus
2512 2797 2651 2878 pars.
2681 2809 3010 2879 triumphum
3065 2812 3232 2868 bravii
3262 2816 3550 2881 oblitteret,

1950 2897 2064 2968 ipse
2113 2898 2462 2956 nihilominus
2497 2900 2787 2956 ecclesiam
2836 2912 3036 2957 sancta:
3082 2903 3303 2962 Eulalia:
3340 2909 3552 2964 sibimet

1949 2989 2266 3047 vindicaret.
2302 2989 2372 3044 At
2414 2991 2503 3046 ubi
2550 2990 2860 3061 ltujusmodi
2905 2992 3179 3049 decretum
3221 2996 3554 3055 increscente

1949 3098 2169 3139 rumore
2199 3084 2251 3138 in
2273 3083 2491 3138 auribus
2518 3084 2645 3138 almi
2668 3085 2767 3140 viri
2799 3084 3059 3142 lllassontt
3089 3093 3386 3160 personuit,
3411 3093 3552 3150 illico

1949 3173 2225 3229 basilicam
2261 3182 2469 3230 sancta:
2515 3175 2737 3230 Eulalia:
2777 3178 2998 3246 virginis
3049 3196 3315 3252 properus
3363 3187 3553 3254 petiit,

243 3264 536 3323 dicatnenta
567 3263 886 3332 mortifera;
917 3266 1204 3335 quemdam
1242 3269 1449 3326 scilicet
1475 3271 1650 3325 virum
1681 3271 1846 3340 pesti-
1877 3263 1926 3327 ϐ
1959 3266 2235 3335 tribusque
2264 3264 2455 3321 diebus
2483 3267 2812 3339 totidemque
2849 3271 3101 3326 noctibus
3131 3273 3180 3326 in
3213 3277 3555 3344 parcimoniis

244 3358 427 3424 ferum,
458 3359 684 3414 Ariana:
709 3358 982 3412 bmreseos
1007 3357 1325 3427 pravitatem
1350 3373 1445 3430 per
1469 3360 1651 3415 omnia
1682 3361 1851 3416 vindi-

244 3459 482 3515 cantem,
544 3450 638 3505 cui
702 3463 903 3505 nomen
974 3459 1095 3505 erat
1146 3449 1388 3517 Sunna,‘
1421 3467 1521 3524 pro
1576 3453 1850 3510 seditiosis

245 3543 605 3599 simultatibus
638 3541 978 3610 excitandis,
1004 3553 1062 3599 et
1097 3559 1196 3615 pro
1234 3544 1649 3602 conturbatione
1676 3547 1850 3614 sancti

247 3638 368 3704 viri,
396 3641 480 3693 vet
512 3637 686 3693 totius
711 3637 932 3708 populi,
966 3638 1018 3693 in
1043 3639 1235 3695 eadem
1274 3641 1494 3698 civitate
1533 3641 1849 3712 episcopum

250 3733 449 3789 Arianae
471 3736 648 3806 partis
669 3736 936 3802 instituit;
961 3737 1132 3791 virum
1155 3735 1388 3806 denique
1414 3739 1562 3808 pravi
1586 3739 1852 3808 dogmatis

225 3823 545 3888 fautorem,
591 3827 870 3882 hominem
925 3827 1231 3891 funestum,
1280 3827 1431 3882 vultu
1477 3829 1848 3894 teterrimum,

252 3914 398 3983 cujus
415 3924 536 3972 erat
563 3914 714 3971 frons
744 3927 922 3984 torva,
948 3925 1127 3972 truces
1148 3916 1310 3983 oculi,
1335 3925 1587 3987 aspectus
1615 3917 1849 3980 odibilis,

253 4017 424 4064 mutus
469 4007 800 4074 horrendus,
829 4017 1055 4080 eratque
1101 4018 1282 4064 mente
1323 4009 1565 4078 sinister,
1612 4010 1854 4065 moribus

254 4115 464 4167 pravus,
496 4100 679 4168 lingua
721 4100 950 4156 mordax
975 4140 991 4166 ,
1021 4102 1199 4156 verbis
1227 4101 1516 4167 obscenus,
1551 4101 1854 4158 forinsecus

255 4191 521 4258 turgidus,
555 4192 884 4246 intrinsecus
930 4208 1162 4257 vacuus,
1213 4203 1492 4248 extrorsus
1522 4193 1728 4254 elatus,
1773 4194 1855 4248 itt-

257 4292 454 4338 trorsus
493 4285 689 4348 inanis,
717 4283 848 4339 foris
897 4285 1132 4350 inflatus,
1167 4287 1392 4342 interius
1431 4287 1640 4342 cunctis
1682 4287 1854 4340 virtu-

257 4377 390 4430 tibus
433 4385 767 4443 evacuatus;
822 4377 1109 4446 utrobique
1153 4376 1428 4442 deformis,
1461 4377 1529 4433 de
1572 4378 1729 4433 bonis
1769 4378 1855 4432 in-

255 4467 471 4534 dgnus,
517 4468 588 4522 de
633 4469 880 4538 pessimis
934 4469 1253 4538 opulentus,
1297 4471 1508 4526 delictis
1552 4471 1854 4535 obnoxius,

256 4572 524 4630 perpetua:
554 4563 713 4616 ntOrti
742 4563 900 4617 nimis
929 4563 1242 4618 ultroneus:
1269 4564 1355 4619 hic
1382 4564 1490 4634 jant
1515 4565 1857 4634 supradictus

1953 3364 2009 3410 et
2046 3357 2260 3412 fletibus
2290 3372 2665 3428 perseverans,
2698 3370 2823 3417 ante
2861 3360 3033 3419 altare
3072 3365 3172 3419 sub
3202 3380 3310 3435 quo
3333 3383 3556 3424 venera-

1955 3449 2062 3504 bile
2078 3450 2460 3522 corpusculum
2481 3469 2648 3509 sacrte
2668 3451 2918 3527 Martyris
2938 3455 3098 3512 situut
3123 3467 3225 3526 est,
3249 3459 3556 3530 pavimento

1954 3550 2260 3612 prostratus
2311 3543 2588 3610 incubuit;
2640 3547 2801 3602 tertio
2847 3547 3066 3604 demum
3112 3549 3200 3604 die
3243 3549 3314 3604 ad
3359 3551 3556 3608 atrium

1953 3635 2098 3705 quod
2131 3645 2211 3694 est
2249 3637 2525 3692 fundatutn
2574 3639 2713 3694 intra
2761 3641 2959 3696 muenia
3003 3641 3173 3710 ipsius
3204 3642 3350 3698 urbis
3405 3660 3558 3716 ιιι-ρει·

1955 3727 2131 3793 davit,
2166 3737 2425 3798 tantaque
2461 3743 2584 3783 cum
2626 3730 2907 3785 alacritate
2935 3740 2990 3785 et
3017 3733 3212 3788 mentis
3255 3737 3558 3790 constantia

1957 3819 2228 3886 ingressus
2269 3829 2371 3886 est,
2407 3831 2465 3875 ut
2492 3820 2619 3875 nulli
2653 3821 2890 3877 fidelium
2923 3823 3232 3892 ambiguum
3262 3826 3557 3892 videretur,
3593 3879 3596 3883 .

1957 3913 2106 3967 illum
2149 3913 2201 3967 in
2239 3913 2357 3983 ejus
2401 3928 2629 3984 pergere
2675 3914 3025 3986 adjutorium,
3055 3917 3148 3986 qui
3173 3917 3348 3973 dixit:
3382 3918 3561 3975 Nolite

1955 4007 2294 4076 prtrcogitare
2318 4006 2442 4076 quid
2477 4007 2781 4076 loquamini,
2814 4008 3020 4062 dabitur
3048 4011 3185 4063 enim
3214 4012 3355 4065 vobis
3384 4014 3438 4066 in
3468 4014 3560 4066 illa

1957 4095 2084 4147 hora
2113 4097 2237 4166 quid
2266 4098 2573 4166 loquamini,
2603 4116 2702 4154 non
2735 4102 2868 4154 enim
2895 4117 2977 4156 vos
2999 4102 3120 4155 estis
3150 4101 3435 4173 loquentes,
3470 4105 3560 4158 sed

1958 4187 2187 4256 Spiritus
2228 4197 2439 4243 stutrtus
2487 4189 2710 4259 (Matth.
2747 4207 2809 4259 x,
2844 4193 2927 4258 ill,
2952 4195 3075 4263 “20);
3108 4211 3338 4266 cumquo
3371 4211 3560 4267 pervc-

1960 4279 2127 4332 nisset
2171 4279 2222 4331 in
2275 4281 2495 4346 urbem,
2544 4283 2922 4354 ingressusque
2964 4286 3158 4341 atrium
3189 4289 3556 4352 consedisset,

1957 4370 2138 4424 vultus
2157 4370 2238 4425 sui
2264 4371 2604 4440 jucunditate
2630 4386 2950 4432 cunctorum
2985 4378 3217 4432 fidelium
3246 4381 3560 4434 mmstitiant

1959 4461 2198 4526 abstulit,
2224 4478 2287 4518 ac
2320 4480 2387 4519 ne
2434 4466 2485 4520 in
2515 4467 2695 4536 aliquo
2726 4469 2793 4523 de
2820 4471 2934 4538 ejus
2968 4472 3194 4525 victoria
3225 4472 3555 4540 haesitaret",

1960 4551 2276 4622 admonuit;
2311 4555 2590 4626 ipsumque
2617 4560 2904 4615 nefandum
2929 4562 3186 4615 Ariantnn
3217 4565 3560 4634 episc0punt,

255 4654 486 4721 ρετιωίω
525 4664 717 4707 auctor
755 4651 882 4706 dum
925 4655 976 4708 in
1023 4655 1209 4711 urbem
1253 4655 1643 4712 Emerilensem
1683 4657 1847 4711 πάνθ-
1882 4651 2228 4718 Dsitltuiqtte
2255 4650 2462 4718 jUtilCCS
2500 4651 2858 4707 diutissimum
2899 4663 2980 4708 est
3030 4655 3400 4723 ptzcstolatus;
3445 4672 3558 4712 tan-

259 4744 424 4810 uicns,
447 4744 708 4812 quasdam
740 4743 988 4800 basilicas
1017 4761 1137 4801 cum
1180 4747 1430 4803 omnibus
1459 4763 1644 4802 carum
1692 4750 1855 4820 p.'ivi-

261 4832 405 4900 legiis
450 4833 801 4903 prmeipicute
848 4849 976 4903 rege
1013 4835 1273 4902 sublatas,
1306 4852 1438 4891 ausu
1469 4841 1759 4892 temerario
1789 4839 1855 4892 de

259 4935 526 4993 potestate
560 4927 765 4996 proprii
809 4927 1076 4996 pontificis
1100 4929 1315 4984 sibimet
1345 4931 1661 4998 aggrediens
1694 4948 1850 4987 usur-

261 5027 432 5087 paret,
454 5018 700 5073 addictus
722 5020 986 5087 prtedonis
1014 5021 1210 5075 funesti
1237 5021 1562 5076 arctioribus
1591 5023 1818 5076 VitCtlliS
1838 5067 1851 5088 ,

260 5111 589 5176 satiatusque
641 5108 712 5162 de
758 5109 875 5177 ejus
907 5110 1191 5166 letbalibus
1221 5113 1447 5181 poculis,
1475 5114 1639 5183 erepit
1668 5123 1855 5167 contra

266 5199 353 5254 Dei
386 5201 645 5256 famulum
689 5201 907 5256 rabidos
935 5204 1188 5259 allatrare
1233 5219 1548 5270 sermones,
1579 5216 1633 5259 et
1681 5208 1858 5262 verbis

264 5296 620 5368 strepentibus
654 5294 1047 5350 comminantes
1085 5297 1456 5366 spurcissimas
1484 5314 1736 5355 evomere
1764 5317 1856 5355 vo-

336 5460 360 5487 ι
389 5452 569 5507 Fidem
597 5452 907 5524 catholicam
936 5453 1149 5524 uiriliter
1179 5473 1388 5524 prorsus
1415 5458 1707 5512 vindicarit.
1735 5460 1863 5514 Mas-

271 5539 398 5592 sona
425 5568 442 5592 ,
471 5525 609 5577 unde
648 5521 810 5576 Joatt.
863 5521 1154 5592 Biclarens.
1179 5521 1197 5577 ἐ
1244 5526 1491 5582 Massona
1524 5527 1859 5586 Emeritensis

275 5591 514 5714 ξτὲιεδέω
557 5593 850 5664 Ερίιεομιιε
890 5595 944 5646 in
995 5591 1185 5648 Christi
1239 5598 1360 5665 fidei
1403 5599 1644 5669 dogmate
1687 5605 1859 5657 clarus

289 5681 336 5714 ta
371 5676 500 5714 stur.

289 5676 500 5720 habetur.

344 5736 368 5769 "
409 5731 753 5810 Sunna._l§ou
779 5733 865 5788 hic
885 5735 1065 5810 solum
1088 5737 1574 5810 pseudoepiSCupus
1602 5741 1653 5794 in
1683 5741 1860 5795 lorum

275 5799 528 5858 Messana:
549 5803 810 5858 suffectus
839 5814 943 5866 est,
973 5806 1069 5860 sed
1089 5799 1248 5859 etiam
1279 5799 1412 5865 alios
1435 5832 1442 5863 :
1465 5799 1728 5866 Maximus
1747 5811 1860 5866 (la-.-

277 5888 563 5946 saraugust.
589 5877 655 5931 ad
676 5892 804 5929 anu.
821 5874 922 5929 681
948 5877 1087 5932 inter
1107 5881 1326 5947 cosqui,
1354 5881 1661 5954 Lcovigildo
1681 5901 1863 5952 perse-

1257 6040 1289 6065 λ

1960 4746 2082 4800 dem
2135 4745 2364 4798 Arianus
2411 4747 2699 4816 cpiscopus
2744 4765 2846 4802 una
2880 4765 2999 4802 cum
3035 4748 3342 4818 judicibus,
3374 4762 3558 4822 septus

1960 4840 2193 4892 catervis
2225 4838 2405 4906 populi
2443 4839 2790 4908 turgidusque
2822 4842 2956 4895 fastu
2990 4843 3255 4912 superbia:
3285 4844 3559 4912 ingressus

1960 4941 2062 4991 est.
2103 4929 2238 4982 Tum
2284 4929 2478 4984 deinde
2525 4931 2882 4987 residentibus
2912 4935 3213 5004 episcopis.
3245 4939 3558 4992 resederunt

1959 5035 2014 5078 et
2051 5023 2289 5092 jndices,
2347 5024 2420 5077 illi
2465 5027 2696 5079 maxime
2736 5027 2825 5093 qui
2867 5038 3020 5081 et'aut
3069 5028 3306 5086 fautores
3348 5032 3560 5087 Ariona:

1967 5119 2136 5189 partis
2165 5126 2219 5170 et
2267 5119 2559 5187 impiissimi
2615 5121 2754 5186 regis
2790 5135 3018 5190 cumque
3049 5122 3402 5187 resedissent,
3435 5139 3559 5178 san-

1966 5221 2085 5266 ctus
2115 5211 2361 5267 lllassoua
2411 5213 2725 5280 cpiscopus,
2756 5222 2815 5268 ιιι
2856 5225 2970 5267 erat
3012 5231 3234 5270 summa:
3279 5218 3559 5286 gravitatis

1967 5318 2295 5371 SllllllllillQllc
2325 5302 2653 5372 prudentite,
2695 5304 2784 5358 diu
2814 5305 3149 5377 multumque
3187 5309 3376 5365 oculos
3421 5313 3559 5365 cmlo

1969 5469 2217 5535 quente,“
2238 5457 2706 5535 llertnencgildum
2729 5464 2989 5532 synodum
3020 5476 3442 5535 congregarant,
3475 5483 3559 5524 re-

1967 5539 2153 5586 censet
2181 5530 2418 5583 Sttnnam
2450 5533 2580 5596 (non
2613 5530 2882 5606 Sttmhiam
2901 5575 2915 5597 ,
2943 5543 2999 5606 ut
3029 5535 3079 5606 in
3108 5530 3332 5602 vulgatis
3362 5530 3492 5606 est.)
3513 5547 3561 5593 et

1969 5602 2611 5672 Nepotianumepisi'ojios
2643 5602 2976 5657 Emeritensis
3019 5605 3270 5660 Ecclesia:
3297 5602 3558 5672 intrttsos;

1964 5673 2064 5726 etsi
2121 5673 2263 5746 hunc
2293 5670 2651 5746 Nepotianum
2675 5672 2955 5746 _Nep:qietn
2986 5677 3307 5746 crediderim
3336 5694 3401 5732 ex
3432 5670 3553 5746 cap;

1964 5743 2033 5794 ιδ
2081 5749 2143 5814 et
2182 5737 2255 5814 t5_
2273 5737 2440 5814 nostri
2475 5742 2641 5795 l'auli.
2673 5737 2956 5797 nc‘siinua
2987 5745 3090 5814 vid.
3123 5745 3314 5802 Mol‘dl.
3341 5750 3424 5803 lli).
3467 5737 3554 5814 xi,

1961 5829 2082 5892 cap.
2117 5812 2192 5878 6;
2239 5811 2460 5869 Marian.
2506 5814 2597 5866 lib.
2648 5834 2697 5882 v,
2732 5823 2849 5887 Cap.
2882 5815 3045 5883 5i,ct
3077 5813 3263 5872 Padill.
3310 5839 3426 5892 cap.
3454 5811 3554 5885 68,

1963 5888 2120 5943 Cent.
2147 5901 2216 5943 vt.
