3874 6224
365 355 465 411 H7:

1524 380 1727 440 PAULI
1768 383 2146 444 EMEBITANI
2188 385 2459 444 DMCONI

3566 376 3665 429 l’n’.

359 476 599 579 internus
617 476 832 534 silentio
847 481 1041 546 tenuit,
1060 494 1291 550 eumque
1315 479 1520 543 sileret,
1538 489 1560 514 ·
1580 480 1953 536 ntercticorum
1981 480 2030 542 Α
2058 502 2403 560 λικιυηνεηι
2432 503 2622 561 ιιοειίε,
2659 504 2789 560 post
2815 503 2932 562 ιιτεε
2952 515 3269 579 summm
3297 522 3360 565 ,ο
3403 507 3457 565 ει,
3486 511 3666 566 οωυί.

354 565 541 623 Suuua
585 582 871 642 episcopus
908 575 1056 645 prius
1098 573 1245 643 loqui
1273 586 1500 628 exorsus
1536 580 1655 641 est,
1681 572 1953 643 comitque

358 655 573 713 nefandi
603 658 715 716 oris
762 664 1057 735 strepentis
1104 677 1294 734 aspera
1316 705 1332 730 ,
1374 662 1595 728 scabra,
1627 669 1680 716 et
1717 662 1953 717 obscena

355 761 571 803 summo
616 764 739 805 cum
785 752 1001 823 fragore
1049 753 1351 826 producere
1377 753 1561 809 verba.
1594 751 1692 808 Cui
1720 768 1843 808 cum
1873 752 1955 805 vir

360 836 451 893 Dei
475 840 762 910 patienter,
786 843 999 915 leniter,
1024 847 1368 915 suaviterque
1394 843 1766 916 responderet,
1792 852 1954 913 atque

357 928 445 986 i-fle
468 941 655 988 contra
681 936 1084 1004 procacioribus
1113 936 1313 1003 verbis,
1338 941 1535 1007 utpote
1553 949 1648 1006 per
1674 949 1740 991 os
1762 932 1955 991 draco-

358 1024 436 1077 nis
468 1023 787 1090 insibilaret,
816 1035 1099 1098 creperum
1147 1028 1363 1097 utrique
1407 1028 1551 1082 inter
1574 1039 1635 1081 se
1664 1024 1950 1081 verborum

355 1113 538 1182 ingens
582 1115 781 1174 habere
830 1126 1142 1182 certamen,
1183 1119 1277 1172 sed
1325 1115 1473 1173 nulla
1519 1114 1731 1171 ratione
1778 1115 1953 1185 potuit

354 1210 525 1265 tnoles
569 1226 767 1267 carnea
806 1213 1084 1282 sapientiae
1115 1212 1208 1267 Dei
1238 1217 1538 1279 sanctoque
1582 1210 1828 1283 Spiritui,
1858 1210 1951 1280 qui

355 1313 447 1372 per
474 1315 536 1357 os
578 1303 720 1357 servi
762 1304 845 1358 sui
892 1303 1151 1359 Massonac
1201 1302 1443 1375 episcopi
1483 1302 1832 1375 loquebatur,
1860 1319 1950 1359 re-

350 1393 562 1447 sistere.
597 1394 733 1459 Quid
761 1395 966 1451 multa?
1004 1395 1152 1450 omni
1183 1396 1397 1452 ratione
1419 1395 1699 1453 convictus
1728 1410 1952 1468 supera-

352 1490 545 1554 tusque
566 1485 846 1553 conticuit,
870 1501 932 1543 ac
960 1487 1170 1557 pudore
1199 1486 1367 1543 nimio
1389 1494 1683 1558 coope'tus
1710 1487 1944 1554 erubuit,

349 1580 405 1630 et
432 1589 541 1629 non
571 1582 779 1631 tantum
812 1576 900 1632 ille
941 1586 1202 1645 quantum
1231 1576 1561 1636 mediateres
1581 1579 1823 1649 perversi
1854 1580 1947 1649 qui

346 1664 464 1737 ejus
509 1668 751 1739 partibus
780 1668 1087 1740 importune
1125 1670 1437 1727 nitebantur
1462 1670 1606 1727 ferre
1646 1670 1944 1727 adminicu-

346 1758 478 1826 lum,
509 1767 565 1814 et
594 1775 701 1815 non
731 1760 906 1817 solum
937 1761 1148 1817 confusi
1186 1761 1539 1829 erubuerunt,
1564 1775 1753 1817 verum
1781 1760 1944 1817 etiam

2058 590 2157 649 bus
2185 592 2393 661 videns,
2422 594 2587 665 erepit
2614 596 2786 666 magis
2816 596 3099 667 magisque
3126 606 3311 655 mente
3347 597 3519 656 eIera
3564 601 3666 656 ad-

2056 698 2246 741 versus
2286 683 2548 741 famulum
2591 684 2685 741 Dei
2729 688 3137 745 criminationes
3164 696 3221 746 et
3246 686 3464 760 objecta
3505 706 3665 748 corn-

2054 777 2257 834 mercia
2319 775 2529 834 callidis
2603 777 2903 835 machinari
2956 778 3441 850 dispositionibus.
3496 790 3665 855 atque

2054 874 2245 923 contra
2270 867 2495 923 militem
2532 866 2738 925 Christi
2767 869 2918 925 omni
2943 883 3146 939 genere
3178 880 3368 941 sepius
3387 872 3625 931 telorum
3647 914 3664 939 ,

2051 955 2289 1026 seipsum
2318 958 2501 1029 potius
2525 968 2936 1030 expugnaturus
2960 961 3188 1029 advehi,
3217 961 3505 1035 ipsumque
3535 964 3664 1021 bra-

2055 1046 2320 1104 tissimum
2365 1052 2539 1105 virum
2598 1049 2908 1107 Massonam
2957 1054 3273 1123 episcopum
3329 1055 3383 1111 in
3437 1056 3666 1114 auribus

2054 1138 2312 1210 principis
2354 1138 2652 1209 Leovigildi
2696 1140 2880 1196 Ariani
2927 1141 3067 1197 clam
3112 1143 3300 1200 multis
3342 1147 3667 1204 criminibus
3708 1146 3711 1153 ’

2052 1242 2341 1297 accusare;
2373 1231 2508 1287 nihil
2531 1246 2665 1288 sane
2691 1231 2963 1289 calliditas
2988 1234 3332 1301 adversantis
3351 1240 3663 1309 praevaluit,

2051 1319 2182 1374 nihil
2209 1319 2327 1376 viro
2355 1320 2449 1378 Dei
2476 1323 2793 1379 calamitosa
2831 1324 3072 1395 nequitia
3099 1329 3307 1395 nocuit,
3336 1346 3501 1400 quem
3530 1348 3660 1403 gra-

2049 1413 2125 1468 tia
2156 1413 2530 1486 Redemptoris
2553 1416 2923 1487 spiritualibus
2943 1420 3110 1474 armis
3128 1424 3378 1479 armavit.
3413 1420 3661 1483 Tatidem

2049 1505 2269 1569 spiritus
2297 1522 2527 1578 nequam
2553 1509 2813 1579 compulit
2848 1524 2995 1581 stupe
3022 1512 3358 1569 nominatum
3395 1516 3660 1575 Ariauutn

2049 1608 2262 1666 regem,
2304 1605 2361 1652 ut
2406 1610 2653 1654 sanctum
2684 1599 2860 1655 virum
2894 1615 2924 1654 a
2957 1602 3176 1673 propria
3214 1604 3345 1661 sede
3372 1617 3656 1674 moveret,

2047 1687 2265 1758 suisque
2293 1688 2569 1745 obtutibus
2597 1700 2929 1759 praesentare
2966 1691 3184 1761 juberet
3213 1711 3230 1748 :
3259 1696 3523 1767 ociusque
3553 1702 3659 1756 nti-

2048 1779 2206 1836 nistri
2248 1795 2531 1850 compares
2565 1780 2806 1839 criminis
2844 1782 2992 1852 ejus,
3035 1789 3416 1858 prmeeptionis
3444 1790 3655 1851 dictum

346 1852 1091 1954 audientes.inexistimabilis
1116 1853 1375 1954 doctrina:
1395 1852 1665 1922 loquelam
1686 1851 1945 1954 melliiluo
1979 1862 2023 1922 Β
2050 1866 2339 1939 implente;
2358 1908 2375 1936 ,
2405 1876 2570 1938 atque
2596 1868 2663 1923 ad
2702 1851 3097 1928 Emeritenseiu
3123 1851 3309 1931 urbem
3340 1881 3657 1954 venientes,

341 1958 594 1999 sermone
612 1943 681 1999 de
702 1942 821 2013 ejus
840 1957 936 1998 ore
958 1942 1366 2014 procedentem,
1387 1950 1569 2000 mente
1589 1944 1946 2012 consternati,

342 2046 505 2106 atque
544 2036 597 2091 in
642 2044 868 2106 stupore
912 2034 1078 2091 nimio
1106 2035 1355 2091 conversi
1374 2076 1391 2102 ,
1422 2050 1545 2092 cum
1575 2034 1745 2090 multa
1776 2033 1946 2090 admi-

340 2129 550 2184 ratione
571 2142 732 2197 quem
755 2140 1067 2198 expugnare
1095 2136 1223 2183 ante
1242 2136 1508 2183 venerant
1528 2125 1941 2195 collaudabant;

341 2235 464 2275 nam
509 2228 713 2275 tantam
752 2220 982 2290 gratiam
1032 2220 1085 2275 in
1124 2219 1239 2277 suis
1283 2219 1441 2275 labiis
1468 2233 1536 2276 eo
1564 2219 1653 2276 die
1682 2217 1944 2275 Dominus

338 2325 405 2367 co
446 2311 588 2365 ferre
614 2311 864 2380 dignatus
890 2319 1013 2378 est,
1064 2317 1122 2364 ut
1174 2324 1449 2379 nunquam
1496 2324 1623 2366 eum
1658 2312 1942 2382 quisquam

341 2400 533 2456 viderit
581 2401 729 2470 prius
768 2409 877 2455 tam
927 2400 1076 2456 claro
1122 2398 1345 2469 eloquio
1391 2399 1703 2462 facundum.
1735 2408 1792 2455 et
1820 2400 1945 2456 licet

338 2506 555 2563 semper
572 2492 821 2547 docuerit
845 2506 941 2546 ore
966 2488 1216 2555 facundo,
1243 2499 1372 2546 tunc
1396 2499 1579 2546 tamen
1599 2506 1707 2560 pro:
1732 2491 1944 2547 cmteris

337 2585 524 2641 diebus
548 2584 890 2653 eloquentior
916 2583 1147 2651 exstitit,
1177 2589 1305 2639 tunc
1330 2581 1475 2639 enim
1504 2580 1754 2639 viderunt
1782 2583 1938 2649 recti,

338 2686 391 2731 et
422 2676 581 2731 laetati
613 2683 761 2742 sunt,
785 2685 842 2730 et
871 2674 1047 2730 omnis
1077 2673 1332 2744 iniquitas
1378 2672 1653 2729 obturavit
1695 2687 1757 2728 os
1784 2688 1940 2728 suum

339 2767 575 2836 (I’salm.
618 2782 745 2833 cvi,
777 2765 920 2835 4'2):
954 2765 1209 2834 quoniam
1257 2764 1527 2819 obStruxit
1576 2763 1835 2819 Dominus
1878 2779 1941 2819 os

336 2858 673 2927 loquentium
726 2857 907 2927 iniqua
959 2855 1205 2926 (Psalm.
1240 2870 1386 2923 an,
1416 2853 1543 2919 l2).
1588 2851 1780 2911 Cuncti
1808 2870 1941 2925 ergo

336 2947 522 3005 fideles
550 2952 902 3005 vehementer
942 2946 1191 3001 admirati
1241 2956 1400 3016 sunt,
1428 2945 1553 3017 quia
1580 2948 1826 3016 quamvis
1857 2949 1938 3003 vi-

338 3058 455 3097 rum
482 3043 622 3098 hunc
644 3050 802 3097 antea
827 3040 1103 3096 novissent
1123 3037 1641 3108 eloquentissimum,
1674 3053 1938 3110 nusquam

338 3146 517 3193 tamen
550 3145 657 3191 tam
679 3134 1003 3190 scholastica
1028 3148 1281 3189 sermone
1300 3174 1316 3200 ,
1340 3139 1448 3187 tam
1481 3131 1685 3202 nitido,
1717 3141 1939 3203 tamque

2050 1960 2223 2016 virum
2262 1959 2479 2016 beatum
2509 1959 2610 2016 sub
2638 1962 2787 2016 omni
2814 1962 3096 2020 celeritate
3120 1964 3145 2003 δ
3174 1967 3242 2022 ad
3273 1970 3461 2028 urbem
3489 1974 3655 2032 Tole-

2049 2062 2254 2117 tanam,
2286 2053 2339 2108 in
2369 2067 2476 2124 qua
2504 2069 2598 2110 rex
2624 2062 2761 2121 erat,
2794 2070 3091 2127 praperare
3118 2062 3454 2133 compellunt
3479 2084 3495 2122 :
3524 2068 3657 2127 hinc

2044 2157 2167 2198 cum
2212 2142 2389 2198 subito
2435 2144 2807 2200 sanctissimus
2830 2145 2931 2209 vir,
2968 2145 3219 2205 Massona
3264 2154 3591 2228 episcopus,
3617 2173 3655 2216 e

2043 2234 2251 2303 gremio
2281 2242 2466 2303 raptus
2495 2230 2746 2289 Ecclesiae
2776 2234 3078 2306 tolleretur,
3108 2249 3165 2296 et
3196 2242 3467 2303 indemnis
3490 2253 3650 2320 quasi

2043 2338 2169 2378 reus
2196 2324 2265 2378 ad
2292 2324 2542 2379 exsilium
2571 2324 2878 2392 duceretur,
2912 2328 3154 2385 omnium
3194 2333 3390 2390 civium
3440 2336 3647 2398 Emeri-

2044 2413 2276 2467 tensium
2305 2429 2412 2468 vox
2451 2412 2655 2482 ejulatu
2703 2428 2900 2485 magno
2936 2432 3061 2473 cum
3093 2419 3523 2489 intolerabilibus
3568 2431 3651 2487 la-

2043 2505 2242 2576 crymis
2268 2505 2661 2576 perstrepebat,
2703 2508 2836 2563 tanti
2882 2511 3092 2580 patroni
3140 2513 3390 2586 abrogari
3421 2521 3525 2578 sibi
3558 2540 3648 2580 re-

2043 2596 2242 2663 media,
2270 2596 2546 2652 immensis
2590 2599 2899 2667 gemitibus,
2941 2603 3326 2679 immensisqtte
3355 2611 3652 2675 ululatibus

2042 2686 2484 2755 proclamabant,
2535 2687 2620 2742 bis
2684 2690 2937 2747 nimirum
2986 2696 3211 2753 vocibus
3259 2700 3646 2763 clamitantes:

2041 2772 2151 2829 Cur
2179 2774 2322 2830 ovile
2359 2782 2529 2839 tuum,
2562 2775 2650 2845 pie
2677 2776 2883 2838 deseris
2913 2779 3109 2839 Pater?
3136 2802 3235 2843 cur
3253 2803 3473 2860 gregem
3502 2799 3648 2867 peri-

2044 2875 2222 2922 turum
2270 2868 2571 2938 relinquis?
2618 2885 2795 2941 neque
2848 2873 3100 2946 luporum
3153 2895 3255 2936 nos
3296 2883 3352 2939 in
3397 2885 3647 2946 faucibus

2044 2955 2251 3022 mittas,
2294 2972 2363 3013 ne
2389 2973 2520 3014 oves
2546 2967 2672 3029 tute,
2700 2960 2963 3023 hactenus
2988 2970 3263 3029 nectareis
3306 2970 3530 3034 ﬂoribus
3559 2994 3648 3035 re-

2043 3043 2230 3113 fectte,
2267 3048 2587 3105 mortalibus
2630 3051 2882 3111 dentibus
2909 3071 2941 3111 a
2981 3062 3327 3122 mordacibus
3372 3067 3645 3128 lanientur

2044 3137 2221 3209 lupis?
2250 3138 2409 3193 nimis
2456 3151 2782 3210 procurante
2828 3146 3104 3217 pontiﬁce,
3146 3160 3277 3210 tunc
3322 3156 3415 3214 ille
3461 3171 3645 3219 motus

337 3227 591 3283 dulcilluo
644 3224 861 3296 eloquio
914 3223 1401 3281 reminiscebantur
1451 3222 1615 3279 fuisse
1670 3222 1932 3279 locutum.
1963 3229 2007 3293 C
2042 3239 2124 3286 tot
2149 3230 2381 3298 lletibus,
2414 3238 2473 3285 ut
2499 3245 2715 3303 semper
2756 3235 2811 3291 in
2840 3235 3070 3297 Domino
3099 3243 3315 3313 pietatis
3344 3248 3645 3309 visceribus

336 3320 486 3379 'l‘unc
525 3320 770 3393 protinus
795 3333 986 3375 omnes
1011 3316 1299 3373 orthodoxi
1331 3330 1627 3385 omnesque
1658 3316 1937 3386 catholici,

338 3414 621 3485 prostratis
650 3411 1027 3483 superatisque
1065 3407 1342 3473 hostibus,
1384 3408 1440 3463 in
1480 3407 1725 3465 laudibus
1762 3411 1933 3467 accla-

339 3514 661 3568 maveruut,
711 3502 991 3558 dicentes:
1028 3501 1156 3569 Quis
1203 3501 1391 3555 similis
1439 3501 1511 3554 tui
1554 3500 1607 3555 in
1652 3500 1784 3565 diis,
1831 3501 1938 3558 Do-

336 3598 513 3652 mine?
540 3598 656 3669 quis
704 3595 893 3650 similis
938 3595 1067 3649 tibi?
1104 3604 1155 3649 et
1202 3611 1304 3650 non
1353 3603 1430 3650 est
1457 3594 1735 3650 secundum
1782 3612 1939 3666 opera

337 3701 425 3743 tuo
473 3688 707 3761 (I’salm.
742 3704 941 3751 Lxxxv,
974 3686 1037 3753 6;
1067 3702 1204 3755 ιιι,
1237 3685 1334 3752 l9;
1367 3702 1580 3753 uxxu,
1604 3686 1692 3757 ἓ).
1737 3685 1941 3743 Deinde

334 3780 399 3835 ad
448 3778 725 3834 basilicam
771 3776 1019 3842 gloriosa:
1046 3776 1267 3847 virginis
1298 3774 1537 3842 Eulalim,
1571 3791 1674 3831 una
1713 3792 1836 3834 cum
1860 3779 1938 3834 vi-

282 3856 484 3928 V’ctore
522 3871 767 3926 antistite
797 3869 1045 3925 Massona
1084 3869 1413 3924 unanimiter
1457 3880 1848 3941 perrexerunt,
1885 3872 1936 3927 in

337 3963 427 4018 Dei
460 3963 711 4018 nimirum
754 3959 999 4016 laudibus
1029 3961 1365 4016 exsultantes
1393 3971 1682 4030 venerunt,
1714 3962 1937 4018 immen-

333 4044 522 4125 sisque‘
549 4053 855 4123 fragoribus
880 4051 1174 4122 jubilantes
1209 4051 1631 4107 sacratissimum
1657 4052 1774 4122 ejus
1802 4061 1939 4108 tem-

336 4146 483 4215 plum
536 4146 892 4211 introierunt,
937 4142 1172 4198 inﬁnitas
1200 4142 1397 4212 gratias
1439 4142 1550 4199 Deo
1578 4144 1937 4214 omnipotenti

335 4238 587 4301 retulere,
612 4237 703 4306 qui
733 4247 933 4292 sanctre
961 4252 1073 4292 sua:
1105 4234 1328 4305 virginis
1350 4236 1599 4306 precibus
1626 4236 1680 4290 in
1706 4236 1936 4292 sublime

334 4339 584 4384 erexerat
624 4327 873 4393 lanmlos,
900 4337 956 4384 et
983 4326 1051 4383 ad
1076 4326 1305 4383 nihilum
1335 4342 1462 4383 suos
1505 4327 1791 4397 redegerat
1834 4329 1933 4384 ini-
1980 4339 1983 4343 '

337 4422 530 4477 micos.

936 4511 1167 4570 CAPUT
1218 4511 1328 4567 Xll.

2040 3320 2327 3390 inﬂuebat,
2381 3324 2711 3396 lacrymasse
2765 3328 3109 3401 perhibetur;
3158 3334 3354 3394 deinde
3402 3341 3651 3410 plurimis

2040 3428 2136 3469 eos
2172 3414 2453 3485 alloquens
2496 3416 2675 3471 verbis
2696 3454 2712 3481 ,
2752 3421 2888 3475 mira
2916 3423 3213 3482 subtilitate
3240 3429 3513 3487 consolari
3560 3434 3645 3491 di-

2038 3512 2234 3574 gnatus
2274 3513 2390 3571 est;
2440 3514 2561 3576 post
2592 3506 2706 3564 haec
2728 3510 3054 3570 valelacieus
3082 3518 3315 3584 cunctis,
3346 3525 3645 3584 comitante

2038 3594 2141 3652 sibi
2170 3594 2432 3689 suﬂ‘ragio
2455 3596 2660 3664 divino,
2700 3600 2975 3670 profectus
2997 3615 3084 3663 est
3118 3609 3406 3679 tranquilla
3433 3624 3643 3689 mente,

2041 3688 2311 3743 constanti
2352 3688 2551 3755 animo,
2581 3689 2737 3747 hilari
2760 3694 2931 3761 vultu,
2957 3706 3014 3753 ut
3043 3713 3259 3771 semper
3284 3700 3479 3761 solitus
3498 3688 3643 3767 erat,

2039 3778 2286 3850 Cumque
2307 3782 2643 3852 pervenisset
2669 3783 2735 3839 ad
2756 3785 3030 3845 civitatem
3048 3789 3389 3859 Toletanam,
3406 3805 3463 3852 et
3490 3808 3642 3858 atru-

2041 3871 2242 3927 cissimi
2273 3874 2483 3944 tyranni
2512 3878 2893 3946 conspectibus
2930 3883 3212 3950 astitisset,
3240 3886 3488 3956 plurimis
3515 3910 3643 3953 eum

2040 3978 2137 4019 rex
2164 3965 2432 4021 lacessens
2454 3968 2732 4035 conviciis,
2750 3973 3043 4043 multisque
3070 3978 3368 4034 terroribus
3395 3985 3642 4053 pulsans,

2040 4054 2106 4110 ad
2137 4054 2384 4113 haeresim
2409 4059 2665 4115 Arianatn
2705 4064 2853 4119 omni
2882 4066 3081 4122 adnixu
3120 4085 3297 4139 prava:
3327 4071 3645 4136 intentionis

2040 4150 2357 4217 pertrahere
2405 4152 2695 4222 cupiebat:
2728 4156 2823 4211 sed
2874 4172 2995 4213 cum
3035 4161 3119 4215 vir
3168 4161 3264 4217 Dei
3307 4178 3500 4224 omnes
3541 4172 3642 4227 sibi

2039 4240 2212 4295 illatas
2259 4244 2617 4299 contumelias
2662 4244 2892 4304 libenter
2940 4252 3218 4320 toleraret,
3248 4256 3415 4325 cmpit
3459 4269 3643 4319 tamen

2037 4331 2293 4388 adversus
2313 4348 2397 4401 ea,
2427 4350 2549 4405 qua:
2575 4336 2790 4393 rabidus
2817 4340 2966 4395 canis
2993 4342 3322 4411 oblatrabat,
3349 4362 3472 4402 cum
3493 4355 3643 4408 omni

2038 4428 2449 4481 mansuetudine
2502 4429 2875 4486 incunctanter
2914 4435 3282 4504 respondere,
3329 4446 3387 4492 et
3425 4445 3643 4504 omissis

2038 4517 2268 4586 propriis
2299 4520 2656 4583 contumeliis.
2683 4536 2782 4591 pro
2813 4522 3018 4592 injuriis
3041 4527 3324 4583 catholicm
3349 4526 3473 4588 lidei
3504 4552 3641 4593 con-

338 4608 585 4663 Messana
618 4607 849 4662 Toletum
886 4624 917 4660 a
945 4625 1063 4679 rege
1092 4616 1321 4670 vocatur,
1354 4623 1598 4659 recusans
1641 4608 1766 4660 dare
1798 4608 1929 4660 tuui-
1964 4602 2012 4660 D
2038 4607 2248 4675 dolens,
2282 4610 2384 4679 ipsi
2432 4626 2659 4681 tyranno
2700 4612 2979 4670 audaciter
3018 4616 3291 4684 resistere,
3321 4620 3477 4691 cujus
3506 4643 3642 4685 ωη-

409 4720 524 4755 cam
568 4713 763 4755 smrcm:
793 4699 1053 4765 Eulaliw,
1097 4700 1149 4752 in
1203 4692 1442 4753 exsiliunt
1492 4700 1696 4763 missus,
1747 4715 1929 4770 equum

409 4797 631 4864 [erucem
664 4798 862 4849 demat.

407 4905 571 4972 igitur
628 4904 969 4974 supradictus
1029 4903 1317 4958 btereticus
1368 4903 1588 4969 Suuna,
1639 4904 1931 4971 quamlibet

333 4997 478 5050 onmi
511 4992 721 5048 ratione
746 5003 797 5047 et
820 4993 1046 5047 veritate
1075 4993 1235 5047 fuerit
1256 4994 1559 5060 convictus,
1586 4993 1931 5062 pertinaciter

349 5088 587 5143 inlidunt
632 5083 913 5157 pristinam
967 5082 1310 5151 perduravit,
1344 5098 1445 5137 nec
1492 5091 1701 5150 poterat
1751 5084 1931 5140 liberis

332 5175 606 5239 gressibus
636 5177 702 5230 ad
743 5183 955 5246 portum
1011 5187 1302 5241 properare
1356 5171 1578 5236 salutis,
1633 5172 1784 5238 cujus
1839 5190 1932 5227 eor

334 5265 605 5333 lapideum
636 5266 798 5318 instar
822 5264 1113 5318 Pharaonis
1137 5262 1406 5331 antiquus.
1433 5262 1775 5330 permittente
1802 5263 1929 5329 lico,

409 5446 432 5471 ³
478 5436 856 5508 [hereticorum
881 5434 1065 5489 Summ
1096 5437 1321 5504 episcop.
1365 5440 1511 5505 prius
1540 5439 1681 5508 loqui
1716 5454 1930 5491 exorsus

337 5518 442 5570 est,
476 5517 585 5562 etc.
619 5506 796 5561 llabcs
829 5508 935 5572 hic,
964 5507 1051 5576 pie
1084 5509 1303 5568 Lector,
1335 5506 1644 5573 granhicam
1678 5508 1930 5563 catholici

336 5589 391 5633 a-t
420 5578 649 5633 Ini-retnci
681 5578 898 5647 spiritus
928 5577 1369 5647 descriptionem.
1405 5576 1468 5631 Ut
1490 5580 1688 5633 veritas
1719 5593 1933 5647 semper

341 5666 441 5701 una
476 5651 774 5717 eademque
802 5649 1126 5710 celebratur,
1157 5650 1233 5720 sic
1266 5650 1484 5704 Ini-rosis
1515 5666 1787 5720 nunquam
1822 5668 1930 5705 SILI?

338 5721 552 5772 malitiae
596 5723 834 5773 colorem
882 5720 1129 5773 nmtavit.
1186 5719 1567 5791 lntempuricm
1633 5729 1685 5773 et
1736 5720 1927 5775 lustqu

341 5790 454 5841 lalsi
492 5791 600 5842 oris
650 5791 735 5843 ltc
784 5791 971 5855 vides,
1026 5792 1438 5857 tmnperantiam
1498 5804 1552 5842 et
1600 5792 1927 5846 soliditatem

346 5861 624 5913 '_'.hri:tiani
655 5860 890 5927 pectoris
922 5862 1323 5927 contemplaris.
1358 5864 1496 5925 Quot
1530 5862 1667 5914 inter
1697 5864 1928 5918 catholi-

2040 4701 2236 4754 stantia
2276 4702 2445 4770 magis
2491 4702 2767 4772 magisque
2807 4718 3084 4773 permotus
3116 4709 3487 4771 insanissimus
3516 4734 3642 4787 rex,

2043 4792 2211 4846 multo
2239 4794 2407 4862 magis
2447 4793 2609 4861 carpit
2648 4793 2836 4847 rabido
2866 4811 2962 4850 ore
2999 4799 3355 4855 rabidioribus
3382 4806 3642 4867 adversus

2042 4883 2133 4938 Dei
2156 4883 2413 4938 {annulum
2436 4884 2721 4939 inl'rcmere
2748 4886 3055 4955 latratibus;
3084 4890 3296 4956 deinde,
3322 4904 3379 4947 ut
3404 4904 3642 4959 tunicam

2041 4978 2391 5033 sanctissimae
2439 4978 2656 5046 virginis
2706 4977 2925 5035 Eulalia:
2972 4993 3360 5052 praesentaret,
3390 5005 3554 5059 quam
3588 4997 3640 5052 in

2040 5070 2313 5124 basilicam
2342 5072 2553 5125 Ariana:
2595 5070 2872 5138 pravitatis
2903 5074 3099 5129 ibidem
3133 5077 3185 5130 in
3215 5076 3408 5133 Toleto
3437 5083 3641 5144 habere

2037 5160 2285 5227 deberet,
2334 5162 2498 5231 Cthil
2546 5161 2702 5214 minis
2754 5165 3156 5235 terroribusque
3206 5166 3506 5237 impellere.
3558 5177 3639 5231 Ad

2041 5255 2153 5307 haec
2176 5256 2253 5309 vir
2284 5256 2375 5309 Dei
2409 5254 2685 5321 respondit
2711 5272 2721 5304 :
2757 5254 3104 5326 Cutnpertum
3134 5258 3227 5312 tibi
3257 5268 3356 5326 est,
3387 5266 3514 5332 quia
3544 5284 3639 5323 cur

2044 5454 2138 5492 eos
2166 5448 2219 5491 et
2260 5438 2543 5511 hzeretieos
2573 5452 2900 5511 congressus
2939 5439 3165 5511 olimpet
3196 5453 3337 5511 nunc
3387 5441 3637 5511 legimus,

2041 5519 2148 5563 tam
2193 5510 2395 5588 similes
2452 5508 2783 5588 admirantur
2848 5524 3010 5576 quant
3087 5509 3169 5587 lac
3237 5509 3404 5578 lacti;
3451 5508 3637 5588 itaque

2038 5582 2300 5648 exemplis
2334 5579 2682 5649 supersedeo.
3106 5586 3109 5587 '

2111 5650 2135 5686 ι’
2176 5654 2256 5703 Ad
2285 5648 2459 5705 urbem
2498 5648 2820 5703 Tolctmmnt.
2858 5650 2931 5703 lic
2967 5651 3140 5705 accitu
3172 5651 3227 5704 S.
3278 5649 3538 5711 Massonte
3567 5658 3633 5711 ad

2038 5738 2155 5776 eam
2189 5722 2375 5777 .‘lloral.
2407 5739 2509 5783 χιι,
2541 5736 2660 5791 cap.
2687 5724 2747 5787 ti,
2782 5731 2835 5775 et
2865 5720 3051 5774 l’adill.
3088 5722 3244 5776 (Zent.
3275 5738 3352 5785 vt,
3384 5741 3505 5792 cap.
3538 5727 3629 5783 68.

2040 5795 2112 5846 lin
2136 5796 2244 5862 ipsa
2273 5796 2403 5851 urbe
2426 5810 2523 5848 nos
2549 5796 2943 5863 copiosissime,
2972 5794 3060 5846 lih.
3089 5795 3155 5847 de
3181 5792 3299 5847 Tol.
3333 5799 3449 5850 ttrh.
3481 5801 3625 5853 ,\n:i-

2038 5876 2171 5933 qutt.
