  <div class='ocr_page' id='page_1' title='image "/cluster/home/n/w/nwhite01/storage/ocr_20150623/80/uva.x000827068/082.png"; bbox 0 0 3874 6224; ppageno 0'>
   <div class='ocr_carea' id='block_1_1' title="bbox 207 417 289 471">
    <p class='ocr_par' dir='ltr' id='par_1_1' title="bbox 207 417 289 471">
     <span class='ocr_line' id='line_1_1' title="bbox 207 417 289 471; baseline -0.073 0"><span class='ocrx_word' id='word_1_1' title='bbox 207 417 289 471; x_wconf 73' lang='lat' dir='ltr'><strong>lt&#39;J</strong></span> 
     </span>
    </p>
   </div>
   <div class='ocr_carea' id='block_1_2' title="bbox 802 529 1209 589">
    <p class='ocr_par' dir='ltr' id='par_1_2' title="bbox 802 529 1209 589">
     <span class='ocr_line' id='line_1_2' title="bbox 802 529 1209 589; baseline 0 -2"><span class='ocrx_word' id='word_1_2' title='bbox 802 529 1037 589; x_wconf 63' lang='lat' dir='ltr'><strong>CAPUT</strong></span> <span class='ocrx_word' id='word_1_3' title='bbox 1080 532 1209 587; x_wconf 74' lang='lat' dir='ltr'><strong>XIV.</strong></span> 
     </span>
    </p>
   </div>
   <div class='ocr_carea' id='block_1_3' title="bbox 205 642 1793 715">
    <p class='ocr_par' dir='ltr' id='par_1_3' title="bbox 205 642 1793 715">
     <span class='ocr_line' id='line_1_3' title="bbox 205 642 1793 715; baseline -0.004 -15"><span class='ocrx_word' id='word_1_4' title='bbox 205 643 500 715; x_wconf 73' lang='lat' dir='ltr'><strong>Lroriyihlus</strong></span> <span class='ocrx_word' id='word_1_5' title='bbox 540 659 635 695; x_wconf 75' lang='lat' dir='ltr'><strong>rea:</strong></span> <span class='ocrx_word' id='word_1_6' title='bbox 666 662 953 711; x_wconf 82' lang='lat' dir='ltr'><strong>percussus</strong></span> <span class='ocrx_word' id='word_1_7' title='bbox 974 665 1007 700; x_wconf 85' lang='grc' dir='ltr'>α</span> <span class='ocrx_word' id='word_1_8' title='bbox 1034 655 1211 701; x_wconf 74' lang='lat' dir='ltr'><strong>saucia</strong></span> <span class='ocrx_word' id='word_1_9' title='bbox 1245 643 1454 697; x_wconf 79' lang='lat' dir='ltr'><strong>Eulalia</strong></span> <span class='ocrx_word' id='word_1_10' title='bbox 1489 642 1793 697; x_wconf 74' lang='lat' dir='ltr'><strong>Messanam</strong></span> 
     </span>
    </p>
   </div>
   <div class='ocr_carea' id='block_1_4' title="bbox 558 734 1414 791">
    <p class='ocr_par' dir='ltr' id='par_1_4' title="bbox 558 734 1414 791">
     <span class='ocr_line' id='line_1_4' title="bbox 558 734 1414 791; baseline 0.005 -7"><span class='ocrx_word' id='word_1_11' title='bbox 558 735 799 789; x_wconf 75' lang='lat' dir='ltr'><strong>restituit</strong></span> <span class='ocrx_word' id='word_1_12' title='bbox 822 737 1057 791; x_wconf 77' lang='lat' dir='ltr'><strong>ecclesia:</strong></span> <span class='ocrx_word' id='word_1_13' title='bbox 1080 734 1414 789; x_wconf 81' lang='lat' dir='ltr'><strong>Emeritensi.</strong></span> 
     </span>
    </p>
   </div>
   <div class='ocr_carea' id='block_1_5' title="bbox 268 844 1796 915">
    <p class='ocr_par' dir='ltr' id='par_1_5' title="bbox 268 844 1796 915">
     <span class='ocr_line' id='line_1_5' title="bbox 268 844 1796 915; baseline -0.001 -15"><span class='ocrx_word' id='word_1_14' title='bbox 268 846 381 901; x_wconf 74' lang='lat' dir='ltr'><strong>Post</strong></span> <span class='ocrx_word' id='word_1_15' title='bbox 426 845 637 915; x_wconf 89' lang='lat' dir='ltr'><strong>aliquot</strong></span> <span class='ocrx_word' id='word_1_16' title='bbox 688 865 830 903; x_wconf 85' lang='lat' dir='ltr'><strong>vero</strong></span> <span class='ocrx_word' id='word_1_17' title='bbox 876 850 993 903; x_wconf 88' lang='lat' dir='ltr'><strong>dies</strong></span> <span class='ocrx_word' id='word_1_18' title='bbox 1042 864 1163 902; x_wconf 89' lang='lat' dir='ltr'><strong>cum</strong></span> <span class='ocrx_word' id='word_1_19' title='bbox 1208 848 1260 901; x_wconf 91' lang='lat' dir='ltr'><strong>in</strong></span> <span class='ocrx_word' id='word_1_20' title='bbox 1306 846 1579 901; x_wconf 80' lang='lat' dir='ltr'><strong>basilicam</strong></span> <span class='ocrx_word' id='word_1_21' title='bbox 1629 844 1796 914; x_wconf 76' lang='lat' dir='ltr'><strong>ipsius</strong></span> 
     </span>
    </p>
   </div>
   <div class='ocr_carea' id='block_1_6' title="bbox 206 937 1797 1005">
    <p class='ocr_par' dir='ltr' id='par_1_6' title="bbox 206 937 1797 1005">
     <span class='ocr_line' id='line_1_6' title="bbox 206 937 1797 1005; baseline -0.003 -13"><span class='ocrx_word' id='word_1_22' title='bbox 206 938 490 992; x_wconf 71' lang='lat' dir='ltr'><strong>monasterii</strong></span> <span class='ocrx_word' id='word_1_23' title='bbox 534 940 716 1003; x_wconf 88' lang='lat' dir='ltr'><strong>gratia</strong></span> <span class='ocrx_word' id='word_1_24' title='bbox 768 939 1034 995; x_wconf 72' lang='lat' dir='ltr'><strong>orationis</strong></span> <span class='ocrx_word' id='word_1_25' title='bbox 1080 938 1358 999; x_wconf 85' lang='lat' dir='ltr'><strong>intrasset,</strong></span> <span class='ocrx_word' id='word_1_26' title='bbox 1408 937 1592 992; x_wconf 90' lang='lat' dir='ltr'><strong>subito</strong></span> <span class='ocrx_word' id='word_1_27' title='bbox 1632 951 1797 1005; x_wconf 81' lang='lat' dir='ltr'><strong>super</strong></span> 
     </span>
    </p>
   </div>
   <div class='ocr_carea' id='block_1_7' title="bbox 205 1020 1797 1097">
    <p class='ocr_par' dir='ltr' id='par_1_7' title="bbox 205 1020 1797 1097">
     <span class='ocr_line' id='line_1_7' title="bbox 205 1020 1797 1097; baseline -0.001 -16"><span class='ocrx_word' id='word_1_28' title='bbox 205 1032 357 1083; x_wconf 78' lang='lat' dir='ltr'><strong>altare</strong></span> <span class='ocrx_word' id='word_1_29' title='bbox 400 1026 649 1097; x_wconf 85' lang='lat' dir='ltr'><strong>ejusdem</strong></span> <span class='ocrx_word' id='word_1_30' title='bbox 704 1039 917 1085; x_wconf 80' lang='lat' dir='ltr'><strong>sancta:</strong></span> <span class='ocrx_word' id='word_1_31' title='bbox 957 1030 1190 1084; x_wconf 85' lang='lat' dir='ltr'><strong>basilice</strong></span> <span class='ocrx_word' id='word_1_32' title='bbox 1235 1020 1596 1084; x_wconf 86' lang='lat' dir='ltr'><strong>sacratissima</strong></span> <span class='ocrx_word' id='word_1_33' title='bbox 1643 1028 1797 1095; x_wconf 86' lang='lat' dir='ltr'><strong>virgo</strong></span> 
     </span>
    </p>
   </div>
   <div class='ocr_carea' id='block_1_8' title="bbox 206 1120 1794 1193">
    <p class='ocr_par' dir='ltr' id='par_1_8' title="bbox 206 1120 1794 1193">
     <span class='ocr_line' id='line_1_8' title="bbox 206 1120 1794 1193; baseline -0.002 -18"><span class='ocrx_word' id='word_1_34' title='bbox 206 1122 389 1175; x_wconf 78' lang='lat' dir='ltr'><strong>Eulalia</strong></span> <span class='ocrx_word' id='word_1_35' title='bbox 420 1124 471 1175; x_wconf 89' lang='lat' dir='ltr'><strong>in</strong></span> <span class='ocrx_word' id='word_1_36' title='bbox 502 1121 786 1177; x_wconf 77' lang='lat' dir='ltr'><strong>columbae</strong></span> <span class='ocrx_word' id='word_1_37' title='bbox 830 1122 1014 1193; x_wconf 68' lang='lat' dir='ltr'><strong>specie</strong></span> <span class='ocrx_word' id='word_1_38' title='bbox 1060 1122 1201 1177; x_wconf 81' lang='lat' dir='ltr'><strong>nivei</strong></span> <span class='ocrx_word' id='word_1_39' title='bbox 1239 1121 1488 1177; x_wconf 90' lang='lat' dir='ltr'><strong>candoris</strong></span> <span class='ocrx_word' id='word_1_40' title='bbox 1516 1120 1794 1190; x_wconf 76' lang='lat' dir='ltr'><strong>apparuit,</strong></span> 
     </span>
    </p>
   </div>
   <div class='ocr_carea' id='block_1_9' title="bbox 205 1209 1792 1283">
    <p class='ocr_par' dir='ltr' id='par_1_9' title="bbox 205 1209 1792 1283">
     <span class='ocr_line' id='line_1_9' title="bbox 205 1209 1792 1283; baseline -0.002 -18"><span class='ocrx_word' id='word_1_41' title='bbox 205 1226 418 1281; x_wconf 83' lang='lat' dir='ltr'><strong>eumque</strong></span> <span class='ocrx_word' id='word_1_42' title='bbox 453 1211 655 1267; x_wconf 78' lang='lat' dir='ltr'><strong>blande</strong></span> <span class='ocrx_word' id='word_1_43' title='bbox 684 1213 978 1282; x_wconf 71' lang='lat' dir='ltr'><strong>alloquens</strong></span> <span class='ocrx_word' id='word_1_44' title='bbox 1007 1215 1216 1283; x_wconf 89' lang='lat' dir='ltr'><strong>(utpote</strong></span> <span class='ocrx_word' id='word_1_45' title='bbox 1248 1212 1486 1282; x_wconf 88' lang='lat' dir='ltr'><strong>piissima</strong></span> <span class='ocrx_word' id='word_1_46' title='bbox 1528 1209 1792 1278; x_wconf 86' lang='lat' dir='ltr'><strong>domina),</strong></span> 
     </span>
    </p>
   </div>
   <div class='ocr_carea' id='block_1_10' title="bbox 206 1299 1798 1371">
    <p class='ocr_par' dir='ltr' id='par_1_10' title="bbox 206 1299 1798 1371">
     <span class='ocr_line' id='line_1_10' title="bbox 206 1299 1798 1371; baseline 0.002 -20"><span class='ocrx_word' id='word_1_47' title='bbox 206 1301 555 1356; x_wconf 72' lang='lat' dir='ltr'><strong>fidelissimum</strong></span> <span class='ocrx_word' id='word_1_48' title='bbox 604 1301 838 1371; x_wconf 78' lang='lat' dir='ltr'><strong>dignata</strong></span> <span class='ocrx_word' id='word_1_49' title='bbox 890 1310 975 1357; x_wconf 89' lang='lat' dir='ltr'><strong>est</strong></span> <span class='ocrx_word' id='word_1_50' title='bbox 1020 1302 1287 1358; x_wconf 89' lang='lat' dir='ltr'><strong>consolari</strong></span> <span class='ocrx_word' id='word_1_51' title='bbox 1326 1316 1571 1365; x_wconf 84' lang='lat' dir='ltr'><strong>servum;</strong></span> <span class='ocrx_word' id='word_1_52' title='bbox 1603 1299 1798 1354; x_wconf 87' lang='lat' dir='ltr'><strong>deinde</strong></span> 
     </span>
    </p>
   </div>
   <div class='ocr_carea' id='block_1_11' title="bbox 205 1391 1795 1465">
    <p class='ocr_par' dir='ltr' id='par_1_11' title="bbox 205 1391 1795 1465">
     <span class='ocr_line' id='line_1_11' title="bbox 205 1391 1795 1465; baseline -0.002 -18"><span class='ocrx_word' id='word_1_53' title='bbox 205 1393 273 1447; x_wconf 81' lang='lat' dir='ltr'><strong>ait</strong></span> <span class='ocrx_word' id='word_1_54' title='bbox 292 1392 354 1447; x_wconf 87' lang='lat' dir='ltr'><strong>ad</strong></span> <span class='ocrx_word' id='word_1_55' title='bbox 378 1408 498 1447; x_wconf 86' lang='lat' dir='ltr'><strong>eum</strong></span> <span class='ocrx_word' id='word_1_56' title='bbox 528 1411 541 1446; x_wconf 94' lang='lat'>:</span> <span class='ocrx_word' id='word_1_57' title='bbox 576 1392 729 1449; x_wconf 85' lang='lat' dir='ltr'><strong>Ecce</strong></span> <span class='ocrx_word' id='word_1_58' title='bbox 753 1395 870 1465; x_wconf 87' lang='lat' dir='ltr'><strong>jam</strong></span> <span class='ocrx_word' id='word_1_59' title='bbox 894 1402 1107 1463; x_wconf 85' lang='lat' dir='ltr'><strong>tempus</strong></span> <span class='ocrx_word' id='word_1_60' title='bbox 1134 1400 1323 1455; x_wconf 89' lang='lat' dir='ltr'><strong>estut,</strong></span> <span class='ocrx_word' id='word_1_61' title='bbox 1352 1391 1418 1445; x_wconf 91' lang='lat' dir='ltr'><strong>ad</strong></span> <span class='ocrx_word' id='word_1_62' title='bbox 1442 1401 1588 1445; x_wconf 88' lang='lat' dir='ltr'><strong>tuam</strong></span> <span class='ocrx_word' id='word_1_63' title='bbox 1613 1405 1795 1458; x_wconf 86' lang='lat' dir='ltr'><strong>regre-</strong></span> 
     </span>
    </p>
   </div>
   <div class='ocr_carea' id='block_1_12' title="bbox 206 1479 1798 1553">
    <p class='ocr_par' dir='ltr' id='par_1_12' title="bbox 206 1479 1798 1553">
     <span class='ocr_line' id='line_1_12' title="bbox 206 1479 1798 1553; baseline -0.002 -16"><span class='ocrx_word' id='word_1_64' title='bbox 206 1484 346 1539; x_wconf 88' lang='lat' dir='ltr'><strong>diens</strong></span> <span class='ocrx_word' id='word_1_65' title='bbox 388 1483 708 1544; x_wconf 85' lang='lat' dir='ltr'><strong>civitatem.</strong></span> <span class='ocrx_word' id='word_1_66' title='bbox 768 1484 1056 1553; x_wconf 89' lang='lat' dir='ltr'><strong>pristinum</strong></span> <span class='ocrx_word' id='word_1_67' title='bbox 1106 1480 1235 1535; x_wconf 90' lang='lat' dir='ltr'><strong>mihi</strong></span> <span class='ocrx_word' id='word_1_68' title='bbox 1286 1480 1488 1535; x_wconf 85' lang='lat' dir='ltr'><strong>debeas</strong></span> <span class='ocrx_word' id='word_1_69' title='bbox 1539 1479 1798 1534; x_wconf 87' lang='lat' dir='ltr'><strong>exhibere</strong></span> 
     </span>
    </p>
   </div>
   <div class='ocr_carea' id='block_1_13' title="bbox 206 1570 1800 1638">
    <p class='ocr_par' dir='ltr' id='par_1_13' title="bbox 206 1570 1800 1638">
     <span class='ocr_line' id='line_1_13' title="bbox 206 1570 1800 1638; baseline -0.003 -7"><span class='ocrx_word' id='word_1_70' title='bbox 206 1576 495 1638; x_wconf 35' lang='lat' dir='ltr'><strong>s&#39;rvitium;</strong></span> <span class='ocrx_word' id='word_1_71' title='bbox 525 1585 584 1629; x_wconf 91' lang='lat' dir='ltr'><strong>et</strong></span> <span class='ocrx_word' id='word_1_72' title='bbox 611 1576 735 1630; x_wconf 63' lang='lat' dir='ltr'><strong>hinc</strong></span> <span class='ocrx_word' id='word_1_73' title='bbox 758 1576 946 1630; x_wconf 89' lang='lat' dir='ltr'><strong>dicens</strong></span> <span class='ocrx_word' id='word_1_74' title='bbox 968 1572 1136 1630; x_wconf 89' lang='lat' dir='ltr'><strong>alacri</strong></span> <span class='ocrx_word' id='word_1_75' title='bbox 1164 1572 1344 1627; x_wconf 89' lang='lat' dir='ltr'><strong>volatu</strong></span> <span class='ocrx_word' id='word_1_76' title='bbox 1388 1570 1458 1626; x_wconf 87' lang='lat' dir='ltr'><strong>ab</strong></span> <span class='ocrx_word' id='word_1_77' title='bbox 1494 1571 1665 1626; x_wconf 87' lang='lat' dir='ltr'><strong>oculis</strong></span> <span class='ocrx_word' id='word_1_78' title='bbox 1686 1570 1800 1627; x_wconf 84' lang='lat' dir='ltr'><strong>suis</strong></span> 
     </span>
    </p>
   </div>
   <div class='ocr_carea' id='block_1_14' title="bbox 208 1662 1801 1734">
    <p class='ocr_par' dir='ltr' id='par_1_14' title="bbox 208 1662 1801 1734">
     <span class='ocr_line' id='line_1_14' title="bbox 208 1662 1801 1734; baseline -0.001 -15"><span class='ocrx_word' id='word_1_79' title='bbox 208 1667 427 1720; x_wconf 80' lang='lat' dir='ltr'><strong>evanuit.</strong></span> <span class='ocrx_word' id='word_1_80' title='bbox 456 1665 548 1719; x_wconf 74' lang='lat' dir='ltr'><strong>Vir</strong></span> <span class='ocrx_word' id='word_1_81' title='bbox 572 1664 767 1734; x_wconf 81' lang='lat' dir='ltr'><strong>itaque</strong></span> <span class='ocrx_word' id='word_1_82' title='bbox 798 1664 917 1729; x_wconf 87' lang='lat' dir='ltr'><strong>Dei,</strong></span> <span class='ocrx_word' id='word_1_83' title='bbox 948 1665 1073 1721; x_wconf 90' lang='lat' dir='ltr'><strong>licet</strong></span> <span class='ocrx_word' id='word_1_84' title='bbox 1102 1670 1265 1719; x_wconf 71' lang='lat' dir='ltr'><strong>tanta:</strong></span> <span class='ocrx_word' id='word_1_85' title='bbox 1284 1662 1504 1719; x_wconf 77' lang='lat' dir='ltr'><strong>visionis</strong></span> <span class='ocrx_word' id='word_1_86' title='bbox 1530 1670 1801 1732; x_wconf 68' lang='lat' dir='ltr'><strong>tantteque</strong></span> 
     </span>
    </p>
   </div>
   <div class='ocr_carea' id='block_1_15' title="bbox 208 1751 1800 1824">
    <p class='ocr_par' dir='ltr' id='par_1_15' title="bbox 208 1751 1800 1824">
     <span class='ocr_line' id='line_1_15' title="bbox 208 1751 1800 1824; baseline -0.002 -15"><span class='ocrx_word' id='word_1_87' title='bbox 208 1754 575 1809; x_wconf 84' lang='lat' dir='ltr'><strong>consolationis</strong></span> <span class='ocrx_word' id='word_1_88' title='bbox 604 1755 791 1824; x_wconf 79' lang='lat' dir='ltr'><strong>gratia</strong></span> <span class='ocrx_word' id='word_1_89' title='bbox 828 1753 1157 1820; x_wconf 86' lang='lat' dir='ltr'><strong>exsultaret,</strong></span> <span class='ocrx_word' id='word_1_90' title='bbox 1191 1751 1319 1809; x_wconf 82' lang='lat' dir='ltr'><strong>flere</strong></span> <span class='ocrx_word' id='word_1_91' title='bbox 1349 1753 1573 1808; x_wconf 88' lang='lat' dir='ltr'><strong>nimium</strong></span> <span class='ocrx_word' id='word_1_92' title='bbox 1596 1753 1761 1823; x_wconf 66' lang='lat' dir='ltr'><strong>erepit</strong></span> <span class='ocrx_word' id='word_1_93' title='bbox 1783 1790 1800 1818; x_wconf 94' lang='lat'><strong>,</strong></span> 
     </span>
    </p>
   </div>
   <div class='ocr_carea' id='block_1_16' title="bbox 209 1845 1802 1917">
    <p class='ocr_par' dir='ltr' id='par_1_16' title="bbox 209 1845 1802 1917">
     <span class='ocr_line' id='line_1_16' title="bbox 209 1845 1802 1917; baseline -0.001 -16"><span class='ocrx_word' id='word_1_94' title='bbox 209 1845 338 1914; x_wconf 84' lang='lat' dir='ltr'><strong>quod</strong></span> <span class='ocrx_word' id='word_1_95' title='bbox 388 1846 633 1917; x_wconf 82' lang='lat' dir='ltr'><strong>quietem</strong></span> <span class='ocrx_word' id='word_1_96' title='bbox 696 1846 1035 1917; x_wconf 77' lang='lat' dir='ltr'><strong>paupertatis</strong></span> <span class='ocrx_word' id='word_1_97' title='bbox 1081 1854 1137 1901; x_wconf 90' lang='lat' dir='ltr'><strong>et</strong></span> <span class='ocrx_word' id='word_1_98' title='bbox 1190 1845 1641 1916; x_wconf 88' lang='lat' dir='ltr'><strong>peregrinationis</strong></span> <span class='ocrx_word' id='word_1_99' title='bbox 1693 1861 1802 1900; x_wconf 73' lang='lat' dir='ltr'><strong>sua:</strong></span> 
     </span>
    </p>
   </div>
   <div class='ocr_carea' id='block_1_17' title="bbox 1237 407 2418 473">
    <p class='ocr_par' dir='ltr' id='par_1_17' title="bbox 1237 407 2418 473">
     <span class='ocr_line' id='line_1_17' title="bbox 1237 407 2418 473; baseline -0.007 -2"><span class='ocrx_word' id='word_1_100' title='bbox 1237 416 1321 472; x_wconf 81' lang='lat' dir='ltr'><strong>DE</strong></span> <span class='ocrx_word' id='word_1_101' title='bbox 1361 414 1520 473; x_wconf 78' lang='lat' dir='ltr'><strong>VITA</strong></span> <span class='ocrx_word' id='word_1_102' title='bbox 1563 413 1839 471; x_wconf 75' lang='lat' dir='ltr'><strong>PATRUM</strong></span> <span class='ocrx_word' id='word_1_103' title='bbox 1883 407 2418 467; x_wconf 72' lang='lat' dir='ltr'><strong>EMERI&#39;I‘ENSIUM.</strong></span> 
     </span>
    </p>
   </div>
   <div class='ocr_carea' id='block_1_18' title="bbox 1818 523 1871 584">
    <p class='ocr_par' dir='ltr' id='par_1_18' title="bbox 1818 523 1871 584">
     <span class='ocr_line' id='line_1_18' title="bbox 1818 523 1871 584; baseline 0 0"><span class='ocrx_word' id='word_1_104' title='bbox 1818 523 1871 584; x_wconf 77' lang='grc' dir='ltr'><strong>Δ</strong></span> 
     </span>
    </p>
   </div>
   <div class='ocr_carea' id='block_1_19' title="bbox 3401 414 3496 468">
    <p class='ocr_par' dir='ltr' id='par_1_19' title="bbox 3401 414 3496 468">
     <span class='ocr_line' id='line_1_19' title="bbox 3401 414 3496 468; baseline 0.032 -4"><span class='ocrx_word' id='word_1_105' title='bbox 3401 414 3496 468; x_wconf 66' lang='lat' dir='ltr'><strong>ibi)</strong></span> 
     </span>
    </p>
   </div>
   <div class='ocr_carea' id='block_1_20' title="bbox 2487 522 2870 614">
    <p class='ocr_par' dir='ltr' id='par_1_20' title="bbox 2487 522 2870 614">
     <span class='ocr_line' id='line_1_20' title="bbox 2487 522 2870 614; baseline -0.013 -32"><span class='ocrx_word' id='word_1_106' title='bbox 2487 522 2719 614; x_wconf 78' lang='lat' dir='ltr'><strong>CAPUT</strong></span> <span class='ocrx_word' id='word_1_107' title='bbox 2762 523 2870 579; x_wconf 62' lang='lat' dir='ltr'><strong>XV.</strong></span> 
     </span>
    </p>
   </div>
   <div class='ocr_carea' id='block_1_21' title="bbox 1902 638 3491 713">
    <p class='ocr_par' dir='ltr' id='par_1_21' title="bbox 1902 638 3491 713">
     <span class='ocr_line' id='line_1_21' title="bbox 1902 638 3491 713; baseline 0.004 -21"><span class='ocrx_word' id='word_1_108' title='bbox 1902 638 2150 712; x_wconf 71' lang='lat' dir='ltr'><strong>Fugienle</strong></span> <span class='ocrx_word' id='word_1_109' title='bbox 2180 640 2385 713; x_wconf 71' lang='grc' dir='ltr'><strong>Νεμορὶ</strong></span> <span class='ocrx_word' id='word_1_110' title='bbox 2430 642 2883 713; x_wconf 82' lang='lat' dir='ltr'><strong>pseudoepiscopo,</strong></span> <span class='ocrx_word' id='word_1_111' title='bbox 2913 640 3164 698; x_wconf 79' lang='lat' dir='ltr'><strong>Messana</strong></span> <span class='ocrx_word' id='word_1_112' title='bbox 3192 661 3272 699; x_wconf 79' lang='lat' dir='ltr'><strong>res</strong></span> <span class='ocrx_word' id='word_1_113' title='bbox 3304 644 3460 699; x_wconf 76' lang='lat' dir='ltr'><strong>Ercle</strong></span> <span class='ocrx_word' id='word_1_114' title='bbox 3479 679 3491 687; x_wconf 72' lang='grc' dir='ltr'><strong>ο</strong></span> 
     </span>
    </p>
   </div>
   <div class='ocr_carea' id='block_1_22' title="bbox 2489 734 2897 794">
    <p class='ocr_par' dir='ltr' id='par_1_22' title="bbox 2489 734 2897 794">
     <span class='ocr_line' id='line_1_22' title="bbox 2489 734 2897 794; baseline 0 -7"><span class='ocrx_word' id='word_1_115' title='bbox 2489 734 2581 787; x_wconf 75' lang='lat' dir='ltr'><strong>sia:</strong></span> <span class='ocrx_word' id='word_1_116' title='bbox 2609 742 2897 794; x_wconf 81' lang='lat' dir='ltr'><strong>recuperat.</strong></span> 
     </span>
    </p>
   </div>
   <div class='ocr_carea' id='block_1_23' title="bbox 1970 841 3491 920">
    <p class='ocr_par' dir='ltr' id='par_1_23' title="bbox 1970 841 3491 920">
     <span class='ocr_line' id='line_1_23' title="bbox 1970 841 3491 920; baseline 0.007 -25"><span class='ocrx_word' id='word_1_117' title='bbox 1970 841 2171 898; x_wconf 88' lang='lat' dir='ltr'><strong>Dehinc</strong></span> <span class='ocrx_word' id='word_1_118' title='bbox 2200 858 2319 897; x_wconf 92' lang='lat' dir='ltr'><strong>cum</strong></span> <span class='ocrx_word' id='word_1_119' title='bbox 2352 842 2587 897; x_wconf 80' lang='lat' dir='ltr'><strong>maxime</strong></span> <span class='ocrx_word' id='word_1_120' title='bbox 2613 844 2874 898; x_wconf 89' lang='lat' dir='ltr'><strong>comitatu</strong></span> <span class='ocrx_word' id='word_1_121' title='bbox 2902 845 2969 899; x_wconf 91' lang='lat' dir='ltr'><strong>de</strong></span> <span class='ocrx_word' id='word_1_122' title='bbox 2992 846 3112 900; x_wconf 92' lang='lat' dir='ltr'><strong>loco</strong></span> <span class='ocrx_word' id='word_1_123' title='bbox 3142 862 3250 915; x_wconf 92' lang='lat' dir='ltr'><strong>quo</strong></span> <span class='ocrx_word' id='word_1_124' title='bbox 3282 849 3491 920; x_wconf 78' lang='lat' dir='ltr'><strong>relega-</strong></span> 
     </span>
    </p>
   </div>
   <div class='ocr_carea' id='block_1_24' title="bbox 1900 934 3493 1008">
    <p class='ocr_par' dir='ltr' id='par_1_24' title="bbox 1900 934 3493 1008">
     <span class='ocr_line' id='line_1_24' title="bbox 1900 934 3493 1008; baseline 0.004 -18"><span class='ocrx_word' id='word_1_125' title='bbox 1900 946 1985 991; x_wconf 87' lang='lat' dir='ltr'><strong>tus</strong></span> <span class='ocrx_word' id='word_1_126' title='bbox 2041 934 2213 990; x_wconf 83' lang='lat' dir='ltr'><strong>fuerat</strong></span> <span class='ocrx_word' id='word_1_127' title='bbox 2265 936 2332 990; x_wconf 88' lang='lat' dir='ltr'><strong>ad</strong></span> <span class='ocrx_word' id='word_1_128' title='bbox 2385 934 2775 991; x_wconf 87' lang='lat' dir='ltr'><strong>Emeritensem</strong></span> <span class='ocrx_word' id='word_1_129' title='bbox 2826 938 3013 993; x_wconf 84' lang='lat' dir='ltr'><strong>urbem</strong></span> <span class='ocrx_word' id='word_1_130' title='bbox 3071 955 3321 997; x_wconf 81' lang='lat' dir='ltr'><strong>reversus</strong></span> <span class='ocrx_word' id='word_1_131' title='bbox 3370 954 3493 1008; x_wconf 88' lang='lat' dir='ltr'><strong>est;</strong></span> 
     </span>
    </p>
   </div>
   <div class='ocr_carea' id='block_1_25' title="bbox 1898 1027 3500 1103">
    <p class='ocr_par' dir='ltr' id='par_1_25' title="bbox 1898 1027 3500 1103">
     <span class='ocr_line' id='line_1_25' title="bbox 1898 1027 3500 1103; baseline 0.005 -20"><span class='ocrx_word' id='word_1_132' title='bbox 1898 1027 2049 1097; x_wconf 89' lang='lat' dir='ltr'><strong>cujus</strong></span> <span class='ocrx_word' id='word_1_133' title='bbox 2097 1028 2222 1083; x_wconf 92' lang='lat' dir='ltr'><strong>dum</strong></span> <span class='ocrx_word' id='word_1_134' title='bbox 2275 1042 2578 1099; x_wconf 78' lang='lat' dir='ltr'><strong>regressum</strong></span> <span class='ocrx_word' id='word_1_135' title='bbox 2630 1030 2900 1101; x_wconf 85' lang='lat' dir='ltr'><strong>Nepopis,</strong></span> <span class='ocrx_word' id='word_1_136' title='bbox 2956 1034 3051 1103; x_wconf 92' lang='lat' dir='ltr'><strong>qui</strong></span> <span class='ocrx_word' id='word_1_137' title='bbox 3097 1035 3271 1091; x_wconf 89' lang='lat' dir='ltr'><strong>eidem</strong></span> <span class='ocrx_word' id='word_1_138' title='bbox 3323 1034 3500 1091; x_wconf 78' lang='lat' dir='ltr'><strong>fuerat</strong></span> 
     </span>
    </p>
   </div>
   <div class='ocr_carea' id='block_1_26' title="bbox 1899 1121 3488 1187">
    <p class='ocr_par' dir='ltr' id='par_1_26' title="bbox 1899 1121 3488 1187">
     <span class='ocr_line' id='line_1_26' title="bbox 1899 1121 3488 1187; baseline 0.005 -13"><span class='ocrx_word' id='word_1_139' title='bbox 1899 1121 2250 1187; x_wconf 74' lang='lat' dir='ltr'><strong>subrogatus,</strong></span> <span class='ocrx_word' id='word_1_140' title='bbox 2284 1121 2605 1186; x_wconf 86' lang='lat' dir='ltr'><strong>audivisset,</strong></span> <span class='ocrx_word' id='word_1_141' title='bbox 2642 1128 2850 1177; x_wconf 89' lang='lat' dir='ltr'><strong>terrore</strong></span> <span class='ocrx_word' id='word_1_142' title='bbox 2890 1124 3074 1180; x_wconf 91' lang='lat' dir='ltr'><strong>divino</strong></span> <span class='ocrx_word' id='word_1_143' title='bbox 3104 1126 3284 1183; x_wconf 89' lang='lat' dir='ltr'><strong>subito</strong></span> <span class='ocrx_word' id='word_1_144' title='bbox 3312 1140 3488 1184; x_wconf 73' lang='lat' dir='ltr'><strong>exter~</strong></span> 
     </span>
    </p>
   </div>
   <div class='ocr_carea' id='block_1_27' title="bbox 1902 1209 3497 1289">
    <p class='ocr_par' dir='ltr' id='par_1_27' title="bbox 1902 1209 3497 1289">
     <span class='ocr_line' id='line_1_27' title="bbox 1902 1209 3497 1289; baseline 0.007 -26"><span class='ocrx_word' id='word_1_145' title='bbox 1902 1210 2033 1264; x_wconf 87' lang='lat' dir='ltr'><strong>ritus</strong></span> <span class='ocrx_word' id='word_1_146' title='bbox 2055 1209 2420 1280; x_wconf 10' lang='lat' dir='ltr'><strong>adtpropriam</strong></span> <span class='ocrx_word' id='word_1_147' title='bbox 2452 1212 2672 1277; x_wconf 83' lang='lat' dir='ltr'><strong>urbem,</strong></span> <span class='ocrx_word' id='word_1_148' title='bbox 2708 1212 2760 1266; x_wconf 92' lang='lat' dir='ltr'><strong>in</strong></span> <span class='ocrx_word' id='word_1_149' title='bbox 2816 1228 2919 1283; x_wconf 89' lang='lat' dir='ltr'><strong>qua</strong></span> <span class='ocrx_word' id='word_1_150' title='bbox 2957 1224 3115 1269; x_wconf 87' lang='lat' dir='ltr'><strong>antea</strong></span> <span class='ocrx_word' id='word_1_151' title='bbox 3154 1215 3327 1272; x_wconf 79' lang='lat' dir='ltr'><strong>fuerat</strong></span> <span class='ocrx_word' id='word_1_152' title='bbox 3355 1221 3497 1289; x_wconf 86' lang='lat' dir='ltr'><strong>epis-</strong></span> 
     </span>
    </p>
   </div>
   <div class='ocr_carea' id='block_1_28' title="bbox 1901 1299 3495 1374">
    <p class='ocr_par' dir='ltr' id='par_1_28' title="bbox 1901 1299 3495 1374">
     <span class='ocr_line' id='line_1_28' title="bbox 1901 1299 3495 1374; baseline 0.005 -20"><span class='ocrx_word' id='word_1_153' title='bbox 1901 1315 2086 1369; x_wconf 88' lang='lat' dir='ltr'><strong>copus,</strong></span> <span class='ocrx_word' id='word_1_154' title='bbox 2120 1299 2306 1369; x_wconf 82' lang='lat' dir='ltr'><strong>fugere</strong></span> <span class='ocrx_word' id='word_1_155' title='bbox 2350 1301 2653 1367; x_wconf 88' lang='lat' dir='ltr'><strong>nitebatur,</strong></span> <span class='ocrx_word' id='word_1_156' title='bbox 2701 1302 2850 1372; x_wconf 92' lang='lat' dir='ltr'><strong>prius</strong></span> <span class='ocrx_word' id='word_1_157' title='bbox 2880 1310 3059 1359; x_wconf 84' lang='lat' dir='ltr'><strong>tamen</strong></span> <span class='ocrx_word' id='word_1_158' title='bbox 3087 1320 3249 1374; x_wconf 88' lang='lat' dir='ltr'><strong>quam</strong></span> <span class='ocrx_word' id='word_1_159' title='bbox 3280 1308 3454 1362; x_wconf 85' lang='lat' dir='ltr'><strong>abiret</strong></span> <span class='ocrx_word' id='word_1_160' title='bbox 3481 1350 3495 1374; x_wconf 93' lang='lat'><strong>,</strong></span> 
     </span>
    </p>
   </div>
   <div class='ocr_carea' id='block_1_29' title="bbox 1903 1389 3497 1467">
    <p class='ocr_par' dir='ltr' id='par_1_29' title="bbox 1903 1389 3497 1467">
     <span class='ocr_line' id='line_1_29' title="bbox 1903 1389 3497 1467; baseline 0.009 -29"><span class='ocrx_word' id='word_1_161' title='bbox 1903 1397 2183 1454; x_wconf 80' lang='lat' dir='ltr'><strong>argentum</strong></span> <span class='ocrx_word' id='word_1_162' title='bbox 2209 1389 2489 1457; x_wconf 88' lang='lat' dir='ltr'><strong>copiosum</strong></span> <span class='ocrx_word' id='word_1_163' title='bbox 2514 1428 2529 1453; x_wconf 94' lang='lat'><strong>,</strong></span> <span class='ocrx_word' id='word_1_164' title='bbox 2555 1398 2610 1445; x_wconf 93' lang='lat' dir='ltr'><strong>et</strong></span> <span class='ocrx_word' id='word_1_165' title='bbox 2635 1401 2954 1447; x_wconf 85' lang='lat' dir='ltr'><strong>ornamenta</strong></span> <span class='ocrx_word' id='word_1_166' title='bbox 2984 1394 3231 1463; x_wconf 87' lang='lat' dir='ltr'><strong>insignia,</strong></span> <span class='ocrx_word' id='word_1_167' title='bbox 3264 1404 3319 1451; x_wconf 89' lang='lat' dir='ltr'><strong>et</strong></span> <span class='ocrx_word' id='word_1_168' title='bbox 3345 1413 3497 1467; x_wconf 69' lang='lat' dir='ltr'><strong>qua-</strong></span> 
     </span>
    </p>
   </div>
   <div class='ocr_carea' id='block_1_30' title="bbox 1902 1479 3500 1558">
    <p class='ocr_par' dir='ltr' id='par_1_30' title="bbox 1902 1479 3500 1558">
     <span class='ocr_line' id='line_1_30' title="bbox 1902 1479 3500 1558; baseline 0.009 -29"><span class='ocrx_word' id='word_1_169' title='bbox 1902 1494 2007 1547; x_wconf 88' lang='lat' dir='ltr'><strong>que</strong></span> <span class='ocrx_word' id='word_1_170' title='bbox 2053 1479 2275 1534; x_wconf 82' lang='lat' dir='ltr'><strong>meliora</strong></span> <span class='ocrx_word' id='word_1_171' title='bbox 2314 1481 2442 1535; x_wconf 85' lang='lat' dir='ltr'><strong>vidit</strong></span> <span class='ocrx_word' id='word_1_172' title='bbox 2472 1482 2525 1537; x_wconf 90' lang='lat' dir='ltr'><strong>in</strong></span> <span class='ocrx_word' id='word_1_173' title='bbox 2566 1482 2885 1539; x_wconf 88' lang='lat' dir='ltr'><strong>Emeritensi</strong></span> <span class='ocrx_word' id='word_1_174' title='bbox 2928 1486 3155 1541; x_wconf 81' lang='lat' dir='ltr'><strong>ecclesia</strong></span> <span class='ocrx_word' id='word_1_175' title='bbox 3179 1527 3195 1553; x_wconf 90' lang='lat'><strong>,</strong></span> <span class='ocrx_word' id='word_1_176' title='bbox 3246 1489 3500 1558; x_wconf 76' lang='lat' dir='ltr'><strong>plaustris</strong></span> 
     </span>
    </p>
   </div>
   <div class='ocr_carea' id='block_1_31' title="bbox 1903 1560 3498 1641">
    <p class='ocr_par' dir='ltr' id='par_1_31' title="bbox 1903 1560 3498 1641">
     <span class='ocr_line' id='line_1_31' title="bbox 1903 1560 3498 1641; baseline 0.011 -22"><span class='ocrx_word' id='word_1_177' title='bbox 1903 1568 2145 1638; x_wconf 72' lang='lat' dir='ltr'><strong>plurimis</strong></span> <span class='ocrx_word' id='word_1_178' title='bbox 2170 1560 2407 1625; x_wconf 82' lang='lat' dir='ltr'><strong>Oneratis</strong></span> <span class='ocrx_word' id='word_1_179' title='bbox 2448 1588 2545 1641; x_wconf 91' lang='lat' dir='ltr'><strong>per</strong></span> <span class='ocrx_word' id='word_1_180' title='bbox 2586 1574 2832 1629; x_wconf 83' lang='lat' dir='ltr'><strong>homines</strong></span> <span class='ocrx_word' id='word_1_181' title='bbox 2862 1575 3213 1633; x_wconf 83' lang='lat' dir='ltr'><strong>Etneritensis</strong></span> <span class='ocrx_word' id='word_1_182' title='bbox 3241 1578 3498 1636; x_wconf 63' lang='lat' dir='ltr'><strong>Ecclesia</strong></span> 
     </span>
    </p>
   </div>
   <div class='ocr_carea' id='block_1_32' title="bbox 1903 1660 3497 1732">
    <p class='ocr_par' dir='ltr' id='par_1_32' title="bbox 1903 1660 3497 1732">
     <span class='ocr_line' id='line_1_32' title="bbox 1903 1660 3497 1732; baseline 0.007 -18"><span class='ocrx_word' id='word_1_183' title='bbox 1903 1660 2042 1714; x_wconf 88' lang='lat' dir='ltr'><strong>clam</strong></span> <span class='ocrx_word' id='word_1_184' title='bbox 2091 1668 2355 1715; x_wconf 88' lang='lat' dir='ltr'><strong>nocturno</strong></span> <span class='ocrx_word' id='word_1_185' title='bbox 2404 1668 2651 1732; x_wconf 89' lang='lat' dir='ltr'><strong>tempore</strong></span> <span class='ocrx_word' id='word_1_186' title='bbox 2687 1663 2753 1717; x_wconf 91' lang='lat' dir='ltr'><strong>ad</strong></span> <span class='ocrx_word' id='word_1_187' title='bbox 2790 1680 2942 1720; x_wconf 89' lang='lat' dir='ltr'><strong>suam</strong></span> <span class='ocrx_word' id='word_1_188' title='bbox 2976 1666 3249 1721; x_wconf 88' lang='lat' dir='ltr'><strong>civitatem</strong></span> <span class='ocrx_word' id='word_1_189' title='bbox 3280 1667 3497 1724; x_wconf 88' lang='lat' dir='ltr'><strong>fraudu-</strong></span> 
     </span>
    </p>
   </div>
   <div class='ocr_carea' id='block_1_33' title="bbox 1907 1751 3496 1827">
    <p class='ocr_par' dir='ltr' id='par_1_33' title="bbox 1907 1751 3496 1827">
     <span class='ocr_line' id='line_1_33' title="bbox 1907 1751 3496 1827; baseline 0.006 -21"><span class='ocrx_word' id='word_1_190' title='bbox 1907 1751 2081 1807; x_wconf 88' lang='lat' dir='ltr'><strong>lenter</strong></span> <span class='ocrx_word' id='word_1_191' title='bbox 2124 1751 2379 1818; x_wconf 88' lang='lat' dir='ltr'><strong>immisit;</strong></span> <span class='ocrx_word' id='word_1_192' title='bbox 2409 1754 2523 1823; x_wconf 89' lang='lat' dir='ltr'><strong>ipse</strong></span> <span class='ocrx_word' id='word_1_193' title='bbox 2549 1753 2804 1811; x_wconf 86' lang='lat' dir='ltr'><strong>videlicet</strong></span> <span class='ocrx_word' id='word_1_194' title='bbox 2850 1755 3085 1827; x_wconf 85' lang='lat' dir='ltr'><strong>Nepopis</strong></span> <span class='ocrx_word' id='word_1_195' title='bbox 3116 1758 3399 1815; x_wconf 79' lang='lat' dir='ltr'><strong>infeliciter</strong></span> <span class='ocrx_word' id='word_1_196' title='bbox 3428 1761 3496 1816; x_wconf 89' lang='lat' dir='ltr'><strong>ab</strong></span> 
     </span>
    </p>
   </div>
   <div class='ocr_carea' id='block_1_34' title="bbox 1908 1842 3498 1916">
    <p class='ocr_par' dir='ltr' id='par_1_34' title="bbox 1908 1842 3498 1916">
     <span class='ocr_line' id='line_1_34' title="bbox 1908 1842 3498 1916; baseline 0.004 -19"><span class='ocrx_word' id='word_1_197' title='bbox 1908 1842 2055 1897; x_wconf 89' lang='lat' dir='ltr'><strong>omni</strong></span> <span class='ocrx_word' id='word_1_198' title='bbox 2076 1842 2224 1899; x_wconf 89' lang='lat' dir='ltr'><strong>clero</strong></span> <span class='ocrx_word' id='word_1_199' title='bbox 2244 1843 2327 1898; x_wconf 88' lang='lat' dir='ltr'><strong>vel</strong></span> <span class='ocrx_word' id='word_1_200' title='bbox 2347 1844 2547 1914; x_wconf 90' lang='lat' dir='ltr'><strong>populo</strong></span> <span class='ocrx_word' id='word_1_201' title='bbox 2570 1846 2755 1916; x_wconf 89' lang='lat' dir='ltr'><strong>pulsus</strong></span> <span class='ocrx_word' id='word_1_202' title='bbox 2776 1846 2843 1901; x_wconf 89' lang='lat' dir='ltr'><strong>ab</strong></span> <span class='ocrx_word' id='word_1_203' title='bbox 2866 1845 3102 1910; x_wconf 80' lang='lat' dir='ltr'><strong>Emerita</strong></span> <span class='ocrx_word' id='word_1_204' title='bbox 3128 1849 3195 1905; x_wconf 91' lang='lat' dir='ltr'><strong>ad</strong></span> <span class='ocrx_word' id='word_1_205' title='bbox 3224 1850 3498 1906; x_wconf 87' lang='lat' dir='ltr'><strong>civitatem</strong></span> 
     </span>
    </p>
   </div>
   <div class='ocr_carea' id='block_1_35' title="bbox 211 1914 3501 2008">
    <p class='ocr_par' dir='ltr' id='par_1_35' title="bbox 211 1914 3501 2008">
     <span class='ocr_line' id='line_1_35' title="bbox 211 1914 3501 2008; baseline 0.002 -17"><span class='ocrx_word' id='word_1_206' title='bbox 211 1914 466 2001; x_wconf 75' lang='lat' dir='ltr'><strong>amittens,</strong></span> <span class='ocrx_word' id='word_1_207' title='bbox 488 1938 557 1992; x_wconf 82' lang='lat' dir='ltr'><strong>ad</strong></span> <span class='ocrx_word' id='word_1_208' title='bbox 576 1914 831 1994; x_wconf 73' lang='lat' dir='ltr'><strong>turbines</strong></span> <span class='ocrx_word' id='word_1_209' title='bbox 852 1948 907 1994; x_wconf 91' lang='lat' dir='ltr'><strong>et</strong></span> <span class='ocrx_word' id='word_1_210' title='bbox 935 1914 1205 2008; x_wconf 71' lang='lat' dir='ltr'><strong>procellas</strong></span> <span class='ocrx_word' id='word_1_211' title='bbox 1225 1936 1530 1993; x_wconf 89' lang='lat' dir='ltr'><strong>mundiales</strong></span> <span class='ocrx_word' id='word_1_212' title='bbox 1558 1946 1804 1993; x_wconf 87' lang='lat' dir='ltr'><strong>reverte-</strong></span> <span class='ocrx_word' id='word_1_213' title='bbox 1837 1914 1882 1974; x_wconf 80' lang='grc' dir='ltr'><strong>Β</strong></span> <span class='ocrx_word' id='word_1_214' title='bbox 1910 1949 2064 1990; x_wconf 89' lang='lat' dir='ltr'><strong>suam</strong></span> <span class='ocrx_word' id='word_1_215' title='bbox 2094 1933 2321 1991; x_wconf 87' lang='lat' dir='ltr'><strong>festinus</strong></span> <span class='ocrx_word' id='word_1_216' title='bbox 2348 1914 2616 2005; x_wconf 76' lang='lat' dir='ltr'><strong>porrexit,</strong></span> <span class='ocrx_word' id='word_1_217' title='bbox 2650 1951 2713 1993; x_wconf 91' lang='lat' dir='ltr'><strong>ac</strong></span> <span class='ocrx_word' id='word_1_218' title='bbox 2738 1952 2805 1995; x_wconf 87' lang='lat' dir='ltr'><strong>ne</strong></span> <span class='ocrx_word' id='word_1_219' title='bbox 2843 1953 2965 1994; x_wconf 89' lang='lat' dir='ltr'><strong>eum</strong></span> <span class='ocrx_word' id='word_1_220' title='bbox 3003 1940 3084 1994; x_wconf 91' lang='lat' dir='ltr'><strong>vir</strong></span> <span class='ocrx_word' id='word_1_221' title='bbox 3120 1941 3214 1996; x_wconf 88' lang='lat' dir='ltr'><strong>Dei</strong></span> <span class='ocrx_word' id='word_1_222' title='bbox 3255 1940 3501 1997; x_wconf 78' lang='lat' dir='ltr'><strong>Massoua</strong></span> 
     </span>
    </p>
   </div>
   <div class='ocr_carea' id='block_1_36' title="bbox 214 2029 1805 2103">
    <p class='ocr_par' dir='ltr' id='par_1_36' title="bbox 214 2029 1805 2103">
     <span class='ocr_line' id='line_1_36' title="bbox 214 2029 1805 2103; baseline -0.002 -17"><span class='ocrx_word' id='word_1_223' title='bbox 214 2042 371 2097; x_wconf 84' lang='lat' dir='ltr'><strong>retur,</strong></span> <span class='ocrx_word' id='word_1_224' title='bbox 404 2047 509 2086; x_wconf 91' lang='lat' dir='ltr'><strong>non</strong></span> <span class='ocrx_word' id='word_1_225' title='bbox 537 2032 616 2087; x_wconf 87' lang='lat' dir='ltr'><strong>illi</strong></span> <span class='ocrx_word' id='word_1_226' title='bbox 645 2034 856 2103; x_wconf 86' lang='lat' dir='ltr'><strong>quippe</strong></span> <span class='ocrx_word' id='word_1_227' title='bbox 882 2031 1191 2100; x_wconf 87' lang='lat' dir='ltr'><strong>ambiguum</strong></span> <span class='ocrx_word' id='word_1_228' title='bbox 1220 2038 1338 2084; x_wconf 90' lang='lat' dir='ltr'><strong>erat</strong></span> <span class='ocrx_word' id='word_1_229' title='bbox 1368 2029 1420 2083; x_wconf 91' lang='lat' dir='ltr'><strong>id</strong></span> <span class='ocrx_word' id='word_1_230' title='bbox 1449 2030 1593 2099; x_wconf 90' lang='lat' dir='ltr'><strong>quod</strong></span> <span class='ocrx_word' id='word_1_231' title='bbox 1617 2030 1805 2083; x_wconf 77' lang='lat' dir='ltr'><strong>audie-</strong></span> 
     </span>
    </p>
   </div>
   <div class='ocr_carea' id='block_1_37' title="bbox 217 2119 1804 2191">
    <p class='ocr_par' dir='ltr' id='par_1_37' title="bbox 217 2119 1804 2191">
     <span class='ocr_line' id='line_1_37' title="bbox 217 2119 1804 2191; baseline -0.002 -15"><span class='ocrx_word' id='word_1_232' title='bbox 217 2132 290 2178; x_wconf 76' lang='lat' dir='ltr'><strong>rat</strong></span> <span class='ocrx_word' id='word_1_233' title='bbox 315 2122 594 2178; x_wconf 88' lang='lat' dir='ltr'><strong>ronfestim</strong></span> <span class='ocrx_word' id='word_1_234' title='bbox 624 2137 757 2178; x_wconf 87' lang='lat' dir='ltr'><strong>e-se</strong></span> <span class='ocrx_word' id='word_1_235' title='bbox 784 2120 1213 2191; x_wconf 78' lang='lat' dir='ltr'><strong>adimplendum;</strong></span> <span class='ocrx_word' id='word_1_236' title='bbox 1245 2128 1375 2175; x_wconf 90' lang='lat' dir='ltr'><strong>tunc</strong></span> <span class='ocrx_word' id='word_1_237' title='bbox 1421 2119 1614 2175; x_wconf 87' lang='lat' dir='ltr'><strong>deinde</strong></span> <span class='ocrx_word' id='word_1_238' title='bbox 1658 2121 1804 2174; x_wconf 86' lang='lat' dir='ltr'><strong>nulla</strong></span> 
     </span>
    </p>
   </div>
   <div class='ocr_carea' id='block_1_38' title="bbox 218 2209 1800 2282">
    <p class='ocr_par' dir='ltr' id='par_1_38' title="bbox 218 2209 1800 2282">
     <span class='ocr_line' id='line_1_38' title="bbox 218 2209 1800 2282; baseline -0.002 -14"><span class='ocrx_word' id='word_1_239' title='bbox 218 2213 596 2269; x_wconf 89' lang='lat' dir='ltr'><strong>intercurrente</strong></span> <span class='ocrx_word' id='word_1_240' title='bbox 626 2228 813 2275; x_wconf 83' lang='lat' dir='ltr'><strong>mora,</strong></span> <span class='ocrx_word' id='word_1_241' title='bbox 837 2220 860 2248; x_wconf 76' lang='lat'><strong><em>°</em></strong></span> <span class='ocrx_word' id='word_1_242' title='bbox 890 2210 1110 2282; x_wconf 75' lang='lat' dir='ltr'><strong>pnefata</strong></span> <span class='ocrx_word' id='word_1_243' title='bbox 1132 2210 1364 2280; x_wconf 84' lang='lat' dir='ltr'><strong>gloriosa</strong></span> <span class='ocrx_word' id='word_1_244' title='bbox 1395 2210 1548 2279; x_wconf 85' lang='lat' dir='ltr'><strong>virgo</strong></span> <span class='ocrx_word' id='word_1_245' title='bbox 1576 2209 1800 2278; x_wconf 86' lang='lat' dir='ltr'><strong>injurias</strong></span> 
     </span>
    </p>
   </div>
   <div class='ocr_carea' id='block_1_39' title="bbox 218 2301 1805 2371">
    <p class='ocr_par' dir='ltr' id='par_1_39' title="bbox 218 2301 1805 2371">
     <span class='ocr_line' id='line_1_39' title="bbox 218 2301 1805 2371; baseline -0.001 -13"><span class='ocrx_word' id='word_1_246' title='bbox 218 2306 344 2358; x_wconf 82' lang='lat' dir='ltr'><strong>servi</strong></span> <span class='ocrx_word' id='word_1_247' title='bbox 399 2306 478 2359; x_wconf 87' lang='lat' dir='ltr'><strong>sui</strong></span> <span class='ocrx_word' id='word_1_248' title='bbox 529 2305 885 2361; x_wconf 76' lang='lat' dir='ltr'><strong>severissima</strong></span> <span class='ocrx_word' id='word_1_249' title='bbox 938 2302 1229 2358; x_wconf 86' lang='lat' dir='ltr'><strong>vindicavit</strong></span> <span class='ocrx_word' id='word_1_250' title='bbox 1279 2301 1506 2357; x_wconf 89' lang='lat' dir='ltr'><strong>ultione.</strong></span> <span class='ocrx_word' id='word_1_251' title='bbox 1562 2301 1805 2371; x_wconf 85' lang='lat' dir='ltr'><strong>Denique</strong></span> 
     </span>
    </p>
   </div>
   <div class='ocr_carea' id='block_1_40' title="bbox 221 2390 1804 2462">
    <p class='ocr_par' dir='ltr' id='par_1_40' title="bbox 221 2390 1804 2462">
     <span class='ocr_line' id='line_1_40' title="bbox 221 2390 1804 2462; baseline -0.003 -13"><span class='ocrx_word' id='word_1_252' title='bbox 221 2403 364 2449; x_wconf 88' lang='lat' dir='ltr'><strong>nocte</strong></span> <span class='ocrx_word' id='word_1_253' title='bbox 400 2396 639 2462; x_wconf 87' lang='lat' dir='ltr'><strong>quadam</strong></span> <span class='ocrx_word' id='word_1_254' title='bbox 692 2394 973 2451; x_wconf 88' lang='lat' dir='ltr'><strong>recnbanti</strong></span> <span class='ocrx_word' id='word_1_255' title='bbox 998 2394 1050 2448; x_wconf 93' lang='lat' dir='ltr'><strong>in</strong></span> <span class='ocrx_word' id='word_1_256' title='bbox 1079 2401 1246 2449; x_wconf 89' lang='lat' dir='ltr'><strong>strato</strong></span> <span class='ocrx_word' id='word_1_257' title='bbox 1273 2408 1375 2447; x_wconf 90' lang='lat' dir='ltr'><strong>suo</strong></span> <span class='ocrx_word' id='word_1_258' title='bbox 1402 2392 1567 2461; x_wconf 91' lang='lat' dir='ltr'><strong>impio</strong></span> <span class='ocrx_word' id='word_1_259' title='bbox 1608 2390 1804 2448; x_wconf 85' lang='lat' dir='ltr'><strong>Leovi-</strong></span> 
     </span>
    </p>
   </div>
   <div class='ocr_carea' id='block_1_41' title="bbox 222 2483 1803 2555">
    <p class='ocr_par' dir='ltr' id='par_1_41' title="bbox 222 2483 1803 2555">
     <span class='ocr_line' id='line_1_41' title="bbox 222 2483 1803 2555; baseline 0.001 -17"><span class='ocrx_word' id='word_1_260' title='bbox 222 2486 349 2553; x_wconf 79' lang='lat' dir='ltr'><strong>gildo</strong></span> <span class='ocrx_word' id='word_1_261' title='bbox 382 2496 614 2555; x_wconf 79' lang='lat' dir='ltr'><strong>tyranno</strong></span> <span class='ocrx_word' id='word_1_262' title='bbox 662 2487 865 2552; x_wconf 84' lang='lat' dir='ltr'><strong>astitit,</strong></span> <span class='ocrx_word' id='word_1_263' title='bbox 897 2487 1055 2555; x_wconf 89' lang='lat' dir='ltr'><strong>eique</strong></span> <span class='ocrx_word' id='word_1_264' title='bbox 1098 2484 1280 2554; x_wconf 76' lang='lat' dir='ltr'><strong>ﬂagris</strong></span> <span class='ocrx_word' id='word_1_265' title='bbox 1323 2484 1415 2540; x_wconf 90' lang='lat' dir='ltr'><strong>diu</strong></span> <span class='ocrx_word' id='word_1_266' title='bbox 1466 2483 1694 2539; x_wconf 88' lang='lat' dir='ltr'><strong>multum</strong></span> <span class='ocrx_word' id='word_1_267' title='bbox 1714 2499 1803 2553; x_wconf 64' lang='lat' dir='ltr'><strong>gue</strong></span> 
     </span>
    </p>
   </div>
   <div class='ocr_carea' id='block_1_42' title="bbox 224 2576 1808 2647">
    <p class='ocr_par' dir='ltr' id='par_1_42' title="bbox 224 2576 1808 2647">
     <span class='ocr_line' id='line_1_42' title="bbox 224 2576 1808 2647; baseline 0.001 -17"><span class='ocrx_word' id='word_1_268' title='bbox 224 2586 427 2647; x_wconf 75' lang='lat' dir='ltr'><strong>utraque</strong></span> <span class='ocrx_word' id='word_1_269' title='bbox 470 2578 645 2634; x_wconf 85' lang='lat' dir='ltr'><strong>latera</strong></span> <span class='ocrx_word' id='word_1_270' title='bbox 697 2580 1023 2646; x_wconf 88' lang='lat' dir='ltr'><strong>verberavit,</strong></span> <span class='ocrx_word' id='word_1_271' title='bbox 1053 2578 1237 2634; x_wconf 84' lang='lat' dir='ltr'><strong>dicens</strong></span> <span class='ocrx_word' id='word_1_272' title='bbox 1266 2595 1280 2633; x_wconf 89' lang='lat'><strong>:</strong></span> <span class='ocrx_word' id='word_1_273' title='bbox 1315 2576 1499 2633; x_wconf 81' lang='lat' dir='ltr'><strong>Redde</strong></span> <span class='ocrx_word' id='word_1_274' title='bbox 1526 2576 1658 2632; x_wconf 89' lang='lat' dir='ltr'><strong>mihi</strong></span> <span class='ocrx_word' id='word_1_275' title='bbox 1679 2591 1808 2631; x_wconf 83' lang='lat' dir='ltr'><strong>ser-</strong></span> 
     </span>
    </p>
   </div>
   <div class='ocr_carea' id='block_1_43' title="bbox 224 2671 1807 2739">
    <p class='ocr_par' dir='ltr' id='par_1_43' title="bbox 224 2671 1807 2739">
     <span class='ocr_line' id='line_1_43' title="bbox 224 2671 1807 2739; baseline 0.001 -16"><span class='ocrx_word' id='word_1_276' title='bbox 224 2689 333 2726; x_wconf 86' lang='lat' dir='ltr'><strong>vntn</strong></span> <span class='ocrx_word' id='word_1_277' title='bbox 358 2690 531 2729; x_wconf 85' lang='lat' dir='ltr'><strong>meum</strong></span> <span class='ocrx_word' id='word_1_278' title='bbox 547 2716 563 2737; x_wconf 86' lang='lat'><strong>,</strong></span> <span class='ocrx_word' id='word_1_279' title='bbox 595 2689 725 2729; x_wconf 88' lang='lat' dir='ltr'><strong>nam</strong></span> <span class='ocrx_word' id='word_1_280' title='bbox 746 2714 761 2739; x_wconf 88' lang='lat'><strong>,</strong></span> <span class='ocrx_word' id='word_1_281' title='bbox 787 2674 833 2730; x_wconf 89' lang='lat' dir='ltr'><strong>si</strong></span> <span class='ocrx_word' id='word_1_282' title='bbox 865 2689 1071 2729; x_wconf 89' lang='lat' dir='ltr'><strong>moram</strong></span> <span class='ocrx_word' id='word_1_283' title='bbox 1104 2672 1314 2734; x_wconf 89' lang='lat' dir='ltr'><strong>feceris,</strong></span> <span class='ocrx_word' id='word_1_284' title='bbox 1337 2671 1473 2726; x_wconf 89' lang='lat' dir='ltr'><strong>scito</strong></span> <span class='ocrx_word' id='word_1_285' title='bbox 1505 2680 1557 2726; x_wconf 90' lang='lat' dir='ltr'><strong>te</strong></span> <span class='ocrx_word' id='word_1_286' title='bbox 1581 2671 1807 2725; x_wconf 88' lang='lat' dir='ltr'><strong>acriori-</strong></span> 
     </span>
    </p>
   </div>
   <div class='ocr_carea' id='block_1_44' title="bbox 228 2761 1806 2834">
    <p class='ocr_par' dir='ltr' id='par_1_44' title="bbox 228 2761 1806 2834">
     <span class='ocr_line' id='line_1_44' title="bbox 228 2761 1806 2834; baseline -0.001 -17"><span class='ocrx_word' id='word_1_287' title='bbox 228 2764 313 2818; x_wconf 87' lang='lat' dir='ltr'><strong>bus</strong></span> <span class='ocrx_word' id='word_1_288' title='bbox 338 2765 611 2834; x_wconf 79' lang='lat' dir='ltr'><strong>suppliciis</strong></span> <span class='ocrx_word' id='word_1_289' title='bbox 650 2764 1006 2820; x_wconf 87' lang='lat' dir='ltr'><strong>crueiandum</strong></span> <span class='ocrx_word' id='word_1_290' title='bbox 1039 2783 1052 2818; x_wconf 90' lang='lat'><strong>:</strong></span> <span class='ocrx_word' id='word_1_291' title='bbox 1094 2765 1167 2818; x_wconf 89' lang='lat' dir='ltr'><strong>ita</strong></span> <span class='ocrx_word' id='word_1_292' title='bbox 1212 2761 1462 2817; x_wconf 84' lang='lat' dir='ltr'><strong>nimirum</strong></span> <span class='ocrx_word' id='word_1_293' title='bbox 1508 2761 1806 2831; x_wconf 87' lang='lat' dir='ltr'><strong>tlagellatus</strong></span> 
     </span>
    </p>
   </div>
   <div class='ocr_carea' id='block_1_45' title="bbox 227 2851 1810 2926">
    <p class='ocr_par' dir='ltr' id='par_1_45' title="bbox 227 2851 1810 2926">
     <span class='ocr_line' id='line_1_45' title="bbox 227 2851 1810 2926; baseline -0.003 -17"><span class='ocrx_word' id='word_1_294' title='bbox 227 2857 469 2910; x_wconf 83' lang='lat' dir='ltr'><strong>estmiser</strong></span> <span class='ocrx_word' id='word_1_295' title='bbox 488 2894 508 2922; x_wconf 92' lang='lat'><strong>,</strong></span> <span class='ocrx_word' id='word_1_296' title='bbox 536 2864 599 2910; x_wconf 89' lang='lat' dir='ltr'><strong>ut</strong></span> <span class='ocrx_word' id='word_1_297' title='bbox 626 2854 1045 2926; x_wconf 75' lang='lat' dir='ltr'><strong>expergefactus</strong></span> <span class='ocrx_word' id='word_1_298' title='bbox 1071 2869 1193 2909; x_wconf 89' lang='lat' dir='ltr'><strong>cum</strong></span> <span class='ocrx_word' id='word_1_299' title='bbox 1224 2851 1351 2907; x_wconf 83' lang='lat' dir='ltr'><strong>fletu</strong></span> <span class='ocrx_word' id='word_1_300' title='bbox 1378 2865 1574 2921; x_wconf 88' lang='lat' dir='ltr'><strong>magno</strong></span> <span class='ocrx_word' id='word_1_301' title='bbox 1600 2851 1810 2905; x_wconf 89' lang='lat' dir='ltr'><strong>cunctis</strong></span> 
     </span>
    </p>
   </div>
   <div class='ocr_carea' id='block_1_46' title="bbox 227 2944 1812 3007">
    <p class='ocr_par' dir='ltr' id='par_1_46' title="bbox 227 2944 1812 3007">
     <span class='ocr_line' id='line_1_46' title="bbox 227 2944 1812 3007; baseline -0.001 -7"><span class='ocrx_word' id='word_1_302' title='bbox 227 2945 313 3000; x_wconf 76' lang='lat' dir='ltr'><strong>sibi</strong></span> <span class='ocrx_word' id='word_1_303' title='bbox 363 2947 744 3002; x_wconf 86' lang='lat' dir='ltr'><strong>assistentibus</strong></span> <span class='ocrx_word' id='word_1_304' title='bbox 797 2955 877 3001; x_wconf 92' lang='lat' dir='ltr'><strong>tot</strong></span> <span class='ocrx_word' id='word_1_305' title='bbox 929 2946 1106 3002; x_wconf 89' lang='lat' dir='ltr'><strong>illatos</strong></span> <span class='ocrx_word' id='word_1_306' title='bbox 1160 2944 1396 3001; x_wconf 78' lang='lat' dir='ltr'><strong>ostendit</strong></span> <span class='ocrx_word' id='word_1_307' title='bbox 1466 2945 1663 2999; x_wconf 86' lang='lat' dir='ltr'><strong>livores</strong></span> <span class='ocrx_word' id='word_1_308' title='bbox 1688 2982 1702 3007; x_wconf 91' lang='lat'><strong>,</strong></span> <span class='ocrx_word' id='word_1_309' title='bbox 1754 2952 1812 2999; x_wconf 89' lang='lat' dir='ltr'><strong>et</strong></span> 
     </span>
    </p>
   </div>
   <div class='ocr_carea' id='block_1_47' title="bbox 228 3035 1811 3107">
    <p class='ocr_par' dir='ltr' id='par_1_47' title="bbox 228 3035 1811 3107">
     <span class='ocr_line' id='line_1_47' title="bbox 228 3035 1811 3107; baseline -0.001 -15"><span class='ocrx_word' id='word_1_310' title='bbox 228 3036 407 3092; x_wconf 84' lang='lat' dir='ltr'><strong>idcirco</strong></span> <span class='ocrx_word' id='word_1_311' title='bbox 426 3038 716 3092; x_wconf 88' lang='lat' dir='ltr'><strong>clamitans</strong></span> <span class='ocrx_word' id='word_1_312' title='bbox 741 3052 800 3092; x_wconf 87' lang='lat' dir='ltr'><strong>se</strong></span> <span class='ocrx_word' id='word_1_313' title='bbox 830 3035 996 3093; x_wconf 89' lang='lat' dir='ltr'><strong>fuisse</strong></span> <span class='ocrx_word' id='word_1_314' title='bbox 1026 3036 1371 3107; x_wconf 85' lang='lat' dir='ltr'><strong>flagellatum,</strong></span> <span class='ocrx_word' id='word_1_315' title='bbox 1402 3035 1543 3106; x_wconf 88' lang='lat' dir='ltr'><strong>quod</strong></span> <span class='ocrx_word' id='word_1_316' title='bbox 1582 3036 1811 3091; x_wconf 85' lang='lat' dir='ltr'><strong>sanctis-</strong></span> 
     </span>
    </p>
   </div>
   <div class='ocr_carea' id='block_1_48' title="bbox 226 3125 1810 3197">
    <p class='ocr_par' dir='ltr' id='par_1_48' title="bbox 226 3125 1810 3197">
     <span class='ocr_line' id='line_1_48' title="bbox 226 3125 1810 3197; baseline 0 -19"><span class='ocrx_word' id='word_1_317' title='bbox 226 3126 348 3178; x_wconf 78' lang='lat' dir='ltr'><strong>simo</strong></span> <span class='ocrx_word' id='word_1_318' title='bbox 373 3125 631 3195; x_wconf 87' lang='lat' dir='ltr'><strong>episcopo</strong></span> <span class='ocrx_word' id='word_1_319' title='bbox 673 3127 901 3196; x_wconf 89' lang='lat' dir='ltr'><strong>injurias</strong></span> <span class='ocrx_word' id='word_1_320' title='bbox 930 3128 1250 3197; x_wconf 86' lang='lat' dir='ltr'><strong>irrogasset;</strong></span> <span class='ocrx_word' id='word_1_321' title='bbox 1295 3142 1419 3181; x_wconf 88' lang='lat' dir='ltr'><strong>nam</strong></span> <span class='ocrx_word' id='word_1_322' title='bbox 1456 3127 1579 3196; x_wconf 88' lang='lat' dir='ltr'><strong>quis</strong></span> <span class='ocrx_word' id='word_1_323' title='bbox 1611 3126 1661 3181; x_wconf 90' lang='lat' dir='ltr'><strong>ei</strong></span> <span class='ocrx_word' id='word_1_324' title='bbox 1686 3141 1810 3179; x_wconf 71' lang='lat' dir='ltr'><strong>vrr-</strong></span> 
     </span>
    </p>
   </div>
   <div class='ocr_carea' id='block_1_49' title="bbox 229 3212 1809 3284">
    <p class='ocr_par' dir='ltr' id='par_1_49' title="bbox 229 3212 1809 3284">
     <span class='ocr_line' id='line_1_49' title="bbox 229 3212 1809 3284; baseline 0.001 -17"><span class='ocrx_word' id='word_1_325' title='bbox 229 3212 341 3268; x_wconf 78' lang='lat' dir='ltr'><strong>ben</strong></span> <span class='ocrx_word' id='word_1_326' title='bbox 364 3214 643 3283; x_wconf 89' lang='lat' dir='ltr'><strong>intulerit,</strong></span> <span class='ocrx_word' id='word_1_327' title='bbox 685 3232 886 3270; x_wconf 89' lang='lat' dir='ltr'><strong>nomen</strong></span> <span class='ocrx_word' id='word_1_328' title='bbox 914 3258 929 3282; x_wconf 94' lang='lat'><strong>,</strong></span> <span class='ocrx_word' id='word_1_329' title='bbox 967 3215 1207 3271; x_wconf 88' lang='lat' dir='ltr'><strong>habitum</strong></span> <span class='ocrx_word' id='word_1_330' title='bbox 1230 3255 1247 3281; x_wconf 94' lang='lat'><strong>,</strong></span> <span class='ocrx_word' id='word_1_331' title='bbox 1276 3216 1563 3284; x_wconf 89' lang='lat' dir='ltr'><strong>vultusque</strong></span> <span class='ocrx_word' id='word_1_332' title='bbox 1612 3230 1809 3270; x_wconf 85' lang='lat' dir='ltr'><strong>venus-</strong></span> 
     </span>
    </p>
   </div>
   <div class='ocr_carea' id='block_1_50' title="bbox 1907 2026 3500 2102">
    <p class='ocr_par' dir='ltr' id='par_1_50' title="bbox 1907 2026 3500 2102">
     <span class='ocr_line' id='line_1_50' title="bbox 1907 2026 3500 2102; baseline 0.004 -21"><span class='ocrx_word' id='word_1_333' title='bbox 1907 2027 1961 2081; x_wconf 90' lang='lat' dir='ltr'><strong>itt</strong></span> <span class='ocrx_word' id='word_1_334' title='bbox 2009 2043 2106 2082; x_wconf 90' lang='lat' dir='ltr'><strong>sua</strong></span> <span class='ocrx_word' id='word_1_335' title='bbox 2153 2026 2393 2083; x_wconf 86' lang='lat' dir='ltr'><strong>Ecclesia</strong></span> <span class='ocrx_word' id='word_1_336' title='bbox 2427 2028 2805 2097; x_wconf 90' lang='lat' dir='ltr'><strong>inveniret,et</strong></span> <span class='ocrx_word' id='word_1_337' title='bbox 2833 2046 2957 2085; x_wconf 90' lang='lat' dir='ltr'><strong>cum</strong></span> <span class='ocrx_word' id='word_1_338' title='bbox 3007 2033 3154 2087; x_wconf 90' lang='lat' dir='ltr'><strong>omni</strong></span> <span class='ocrx_word' id='word_1_339' title='bbox 3205 2034 3500 2102; x_wconf 85' lang='lat' dir='ltr'><strong>ignominia</strong></span> 
     </span>
    </p>
   </div>
   <div class='ocr_carea' id='block_1_51' title="bbox 1909 2118 3502 2194">
    <p class='ocr_par' dir='ltr' id='par_1_51' title="bbox 1909 2118 3502 2194">
     <span class='ocr_line' id='line_1_51' title="bbox 1909 2118 3502 2194; baseline 0.006 -23"><span class='ocrx_word' id='word_1_340' title='bbox 1909 2118 2151 2186; x_wconf 88' lang='lat' dir='ltr'><strong>pelleret,</strong></span> <span class='ocrx_word' id='word_1_341' title='bbox 2181 2121 2506 2187; x_wconf 85' lang='lat' dir='ltr'><strong>quantocius</strong></span> <span class='ocrx_word' id='word_1_342' title='bbox 2534 2120 2717 2188; x_wconf 79' lang='lat' dir='ltr'><strong>egredi</strong></span> <span class='ocrx_word' id='word_1_343' title='bbox 2762 2119 3053 2176; x_wconf 87' lang='lat' dir='ltr'><strong>festinavit.</strong></span> <span class='ocrx_word' id='word_1_344' title='bbox 3080 2122 3325 2193; x_wconf 85' lang='lat' dir='ltr'><strong>Cumque</strong></span> <span class='ocrx_word' id='word_1_345' title='bbox 3356 2126 3502 2194; x_wconf 83' lang='lat' dir='ltr'><strong>prior</strong></span> 
     </span>
    </p>
   </div>
   <div class='ocr_carea' id='block_1_52' title="bbox 1908 2208 3501 2281">
    <p class='ocr_par' dir='ltr' id='par_1_52' title="bbox 1908 2208 3501 2281">
     <span class='ocr_line' id='line_1_52' title="bbox 1908 2208 3501 2281; baseline 0.004 -18"><span class='ocrx_word' id='word_1_346' title='bbox 1908 2209 2023 2278; x_wconf 79' lang='lat' dir='ltr'><strong>ipse</strong></span> <span class='ocrx_word' id='word_1_347' title='bbox 2049 2224 2172 2264; x_wconf 90' lang='lat' dir='ltr'><strong>cum</strong></span> <span class='ocrx_word' id='word_1_348' title='bbox 2202 2209 2387 2278; x_wconf 86' lang='lat' dir='ltr'><strong>paucis</strong></span> <span class='ocrx_word' id='word_1_349' title='bbox 2416 2209 2581 2265; x_wconf 84' lang='lat' dir='ltr'><strong>sociis</strong></span> <span class='ocrx_word' id='word_1_350' title='bbox 2608 2208 2836 2279; x_wconf 80' lang='lat' dir='ltr'><strong>fugeret.</strong></span> <span class='ocrx_word' id='word_1_351' title='bbox 2865 2221 2988 2281; x_wconf 90' lang='lat' dir='ltr'><strong>post</strong></span> <span class='ocrx_word' id='word_1_352' title='bbox 3036 2214 3207 2281; x_wconf 91' lang='lat' dir='ltr'><strong>ipsum</strong></span> <span class='ocrx_word' id='word_1_353' title='bbox 3231 2215 3409 2269; x_wconf 88' lang='lat' dir='ltr'><strong>cuncti</strong></span> <span class='ocrx_word' id='word_1_354' title='bbox 3434 2217 3501 2269; x_wconf 69' lang='lat' dir='ltr'><strong>ad</strong></span> 
     </span>
    </p>
   </div>
   <div class='ocr_carea' id='block_1_53' title="bbox 1908 2302 3502 2377">
    <p class='ocr_par' dir='ltr' id='par_1_53' title="bbox 1908 2302 3502 2377">
     <span class='ocr_line' id='line_1_53' title="bbox 1908 2302 3502 2377; baseline 0.006 -23"><span class='ocrx_word' id='word_1_355' title='bbox 1908 2315 2033 2355; x_wconf 90' lang='lat' dir='ltr'><strong>eum</strong></span> <span class='ocrx_word' id='word_1_356' title='bbox 2063 2302 2399 2370; x_wconf 88' lang='lat' dir='ltr'><strong>pertinentes</strong></span> <span class='ocrx_word' id='word_1_357' title='bbox 2432 2303 2564 2358; x_wconf 88' lang='lat' dir='ltr'><strong>urbe</strong></span> <span class='ocrx_word' id='word_1_358' title='bbox 2606 2302 2961 2371; x_wconf 88' lang='lat' dir='ltr'><strong>ignominiose</strong></span> <span class='ocrx_word' id='word_1_359' title='bbox 2999 2307 3242 2375; x_wconf 88' lang='lat' dir='ltr'><strong>egressi,</strong></span> <span class='ocrx_word' id='word_1_360' title='bbox 3272 2308 3502 2377; x_wconf 82' lang='lat' dir='ltr'><strong>dispersi</strong></span> 
     </span>
    </p>
   </div>
   <div class='ocr_carea' id='block_1_54' title="bbox 1908 2394 3501 2473">
    <p class='ocr_par' dir='ltr' id='par_1_54' title="bbox 1908 2394 3501 2473">
     <span class='ocr_line' id='line_1_54' title="bbox 1908 2394 3501 2473; baseline 0.006 -25"><span class='ocrx_word' id='word_1_361' title='bbox 1908 2394 2320 2463; x_wconf 90' lang='lat' dir='ltr'><strong>conturbatique</strong></span> <span class='ocrx_word' id='word_1_362' title='bbox 2341 2436 2356 2461; x_wconf 86' lang='lat'><strong>,</strong></span> <span class='ocrx_word' id='word_1_363' title='bbox 2386 2410 2450 2449; x_wconf 89' lang='lat' dir='ltr'><strong>ac</strong></span> <span class='ocrx_word' id='word_1_364' title='bbox 2481 2410 2574 2465; x_wconf 92' lang='lat' dir='ltr'><strong>per</strong></span> <span class='ocrx_word' id='word_1_365' title='bbox 2596 2396 2807 2453; x_wconf 86' lang='lat' dir='ltr'><strong>diversa</strong></span> <span class='ocrx_word' id='word_1_366' title='bbox 2847 2398 3091 2468; x_wconf 86' lang='lat' dir='ltr'><strong>palantes</strong></span> <span class='ocrx_word' id='word_1_367' title='bbox 3120 2401 3186 2454; x_wconf 92' lang='lat' dir='ltr'><strong>ad</strong></span> <span class='ocrx_word' id='word_1_368' title='bbox 3229 2402 3501 2473; x_wconf 83' lang='lat' dir='ltr'><strong>propriam</strong></span> 
     </span>
    </p>
   </div>
   <div class='ocr_carea' id='block_1_55' title="bbox 1912 2481 3503 2557">
    <p class='ocr_par' dir='ltr' id='par_1_55' title="bbox 1912 2481 3503 2557">
     <span class='ocr_line' id='line_1_55' title="bbox 1912 2481 3503 2557; baseline 0.008 -23"><span class='ocrx_word' id='word_1_369' title='bbox 1912 2481 2204 2537; x_wconf 91' lang='lat' dir='ltr'><strong>tendebant</strong></span> <span class='ocrx_word' id='word_1_370' title='bbox 2248 2483 2541 2538; x_wconf 89' lang='lat' dir='ltr'><strong>civitatem.</strong></span> <span class='ocrx_word' id='word_1_371' title='bbox 2585 2484 2829 2555; x_wconf 88' lang='lat' dir='ltr'><strong>Cumque</strong></span> <span class='ocrx_word' id='word_1_372' title='bbox 2877 2487 2992 2542; x_wconf 65' lang='lat' dir='ltr'><strong>hare</strong></span> <span class='ocrx_word' id='word_1_373' title='bbox 3019 2500 3335 2557; x_wconf 86' lang='lat' dir='ltr'><strong>agerentur,</strong></span> <span class='ocrx_word' id='word_1_374' title='bbox 3370 2500 3503 2547; x_wconf 89' lang='lat' dir='ltr'><strong>nutu</strong></span> 
     </span>
    </p>
   </div>
   <div class='ocr_carea' id='block_1_56' title="bbox 1912 2565 3504 2646">
    <p class='ocr_par' dir='ltr' id='par_1_56' title="bbox 1912 2565 3504 2646">
     <span class='ocr_line' id='line_1_56' title="bbox 1912 2565 3504 2646; baseline 0.009 -23"><span class='ocrx_word' id='word_1_375' title='bbox 1912 2569 2003 2625; x_wconf 88' lang='lat' dir='ltr'><strong>Dei</strong></span> <span class='ocrx_word' id='word_1_376' title='bbox 2053 2571 2367 2640; x_wconf 90' lang='lat' dir='ltr'><strong>meritisque</strong></span> <span class='ocrx_word' id='word_1_377' title='bbox 2414 2581 2613 2628; x_wconf 65' lang='lat' dir='ltr'><strong>sancta:</strong></span> <span class='ocrx_word' id='word_1_378' title='bbox 2659 2565 2883 2629; x_wconf 76' lang='lat' dir='ltr'><strong>Eulalia:</strong></span> <span class='ocrx_word' id='word_1_379' title='bbox 2931 2577 3157 2646; x_wconf 91' lang='lat' dir='ltr'><strong>contigit</strong></span> <span class='ocrx_word' id='word_1_380' title='bbox 3190 2579 3381 2635; x_wconf 89' lang='lat' dir='ltr'><strong>eodem</strong></span> <span class='ocrx_word' id='word_1_381' title='bbox 3413 2582 3504 2637; x_wconf 83' lang='lat' dir='ltr'><strong>die</strong></span> 
     </span>
    </p>
   </div>
   <div class='ocr_carea' id='block_1_57' title="bbox 1911 2662 3504 2727">
    <p class='ocr_par' dir='ltr' id='par_1_57' title="bbox 1911 2662 3504 2727">
     <span class='ocr_line' id='line_1_57' title="bbox 1911 2662 3504 2727; baseline 0.006 -10"><span class='ocrx_word' id='word_1_382' title='bbox 1911 2662 2089 2717; x_wconf 87' lang='lat' dir='ltr'><strong>subito</strong></span> <span class='ocrx_word' id='word_1_383' title='bbox 2117 2671 2362 2717; x_wconf 91' lang='lat' dir='ltr'><strong>sanctum</strong></span> <span class='ocrx_word' id='word_1_384' title='bbox 2400 2662 2703 2719; x_wconf 75' lang='lat' dir='ltr'><strong>Massonam</strong></span> <span class='ocrx_word' id='word_1_385' title='bbox 2745 2679 2866 2720; x_wconf 91' lang='lat' dir='ltr'><strong>cum</strong></span> <span class='ocrx_word' id='word_1_386' title='bbox 2907 2664 3113 2721; x_wconf 82' lang='lat' dir='ltr'><strong>infinita</strong></span> <span class='ocrx_word' id='word_1_387' title='bbox 3162 2668 3504 2727; x_wconf 84' lang='lat' dir='ltr'><strong>multitudine</strong></span> 
     </span>
    </p>
   </div>
   <div class='ocr_carea' id='block_1_58' title="bbox 1913 2756 3505 2833">
    <p class='ocr_par' dir='ltr' id='par_1_58' title="bbox 1913 2756 3505 2833">
     <span class='ocr_line' id='line_1_58' title="bbox 1913 2756 3505 2833; baseline 0.005 -22"><span class='ocrx_word' id='word_1_388' title='bbox 1913 2772 2009 2827; x_wconf 87' lang='lat' dir='ltr'><strong>per</strong></span> <span class='ocrx_word' id='word_1_389' title='bbox 2043 2756 2213 2827; x_wconf 89' lang='lat' dir='ltr'><strong>ipsam</strong></span> <span class='ocrx_word' id='word_1_390' title='bbox 2238 2757 2377 2811; x_wconf 89' lang='lat' dir='ltr'><strong>viam</strong></span> <span class='ocrx_word' id='word_1_391' title='bbox 2405 2756 2591 2826; x_wconf 91' lang='lat' dir='ltr'><strong>egredi</strong></span> <span class='ocrx_word' id='word_1_392' title='bbox 2635 2757 2702 2811; x_wconf 90' lang='lat' dir='ltr'><strong>ad</strong></span> <span class='ocrx_word' id='word_1_393' title='bbox 2745 2756 3039 2813; x_wconf 88' lang='lat' dir='ltr'><strong>Emeritam</strong></span> <span class='ocrx_word' id='word_1_394' title='bbox 3087 2760 3362 2817; x_wconf 82' lang='lat' dir='ltr'><strong>civitatem</strong></span> <span class='ocrx_word' id='word_1_395' title='bbox 3409 2778 3505 2833; x_wconf 88' lang='lat' dir='ltr'><strong>per</strong></span> 
     </span>
    </p>
   </div>
   <div class='ocr_carea' id='block_1_59' title="bbox 1912 2848 3504 2923">
    <p class='ocr_par' dir='ltr' id='par_1_59' title="bbox 1912 2848 3504 2923">
     <span class='ocr_line' id='line_1_59' title="bbox 1912 2848 3504 2923; baseline 0.004 -20"><span class='ocrx_word' id='word_1_396' title='bbox 1912 2864 2072 2917; x_wconf 89' lang='lat' dir='ltr'><strong>quam</strong></span> <span class='ocrx_word' id='word_1_397' title='bbox 2114 2848 2353 2919; x_wconf 89' lang='lat' dir='ltr'><strong>plaustra</strong></span> <span class='ocrx_word' id='word_1_398' title='bbox 2399 2850 2559 2905; x_wconf 88' lang='lat' dir='ltr'><strong>rebus</strong></span> <span class='ocrx_word' id='word_1_399' title='bbox 2592 2850 2709 2920; x_wconf 77' lang='lat' dir='ltr'><strong>ejus</strong></span> <span class='ocrx_word' id='word_1_400' title='bbox 2750 2860 2947 2906; x_wconf 84' lang='lat' dir='ltr'><strong>Onusta</strong></span> <span class='ocrx_word' id='word_1_401' title='bbox 2989 2855 3387 2923; x_wconf 87' lang='lat' dir='ltr'><strong>properabant;</strong></span> <span class='ocrx_word' id='word_1_402' title='bbox 3419 2856 3504 2911; x_wconf 92' lang='lat' dir='ltr'><strong>cui</strong></span> 
     </span>
    </p>
   </div>
   <div class='ocr_carea' id='block_1_60' title="bbox 1914 2940 3505 3011">
    <p class='ocr_par' dir='ltr' id='par_1_60' title="bbox 1914 2940 3505 3011">
     <span class='ocr_line' id='line_1_60' title="bbox 1914 2940 3505 3011; baseline 0.002 -16"><span class='ocrx_word' id='word_1_403' title='bbox 1914 2941 2039 2995; x_wconf 91' lang='lat' dir='ltr'><strong>dum</strong></span> <span class='ocrx_word' id='word_1_404' title='bbox 2071 2940 2123 2994; x_wconf 92' lang='lat' dir='ltr'><strong>in</strong></span> <span class='ocrx_word' id='word_1_405' title='bbox 2156 2941 2272 3011; x_wconf 89' lang='lat' dir='ltr'><strong>ipso</strong></span> <span class='ocrx_word' id='word_1_406' title='bbox 2292 2941 2486 2996; x_wconf 88' lang='lat' dir='ltr'><strong>itinere</strong></span> <span class='ocrx_word' id='word_1_407' title='bbox 2517 2942 2658 2995; x_wconf 88' lang='lat' dir='ltr'><strong>baud</strong></span> <span class='ocrx_word' id='word_1_408' title='bbox 2682 2943 2868 3011; x_wconf 88' lang='lat' dir='ltr'><strong>procul</strong></span> <span class='ocrx_word' id='word_1_409' title='bbox 2899 2944 2967 2997; x_wconf 87' lang='lat' dir='ltr'><strong>ab</strong></span> <span class='ocrx_word' id='word_1_410' title='bbox 2999 2944 3131 2999; x_wconf 90' lang='lat' dir='ltr'><strong>urbe</strong></span> <span class='ocrx_word' id='word_1_411' title='bbox 3157 2945 3466 3000; x_wconf 87' lang='lat' dir='ltr'><strong>obviassent</strong></span> <span class='ocrx_word' id='word_1_412' title='bbox 3489 2985 3505 3011; x_wconf 92' lang='lat'><strong>,</strong></span> 
     </span>
    </p>
   </div>
   <div class='ocr_carea' id='block_1_61' title="bbox 1915 3033 3507 3104">
    <p class='ocr_par' dir='ltr' id='par_1_61' title="bbox 1915 3033 3507 3104">
     <span class='ocr_line' id='line_1_61' title="bbox 1915 3033 3507 3104; baseline 0.004 -18"><span class='ocrx_word' id='word_1_413' title='bbox 1915 3034 1998 3086; x_wconf 88' lang='lat' dir='ltr'><strong>vir</strong></span> <span class='ocrx_word' id='word_1_414' title='bbox 2024 3042 2243 3087; x_wconf 89' lang='lat' dir='ltr'><strong>sanctus</strong></span> <span class='ocrx_word' id='word_1_415' title='bbox 2274 3033 2534 3088; x_wconf 86' lang='lat' dir='ltr'><strong>sciscitari</strong></span> <span class='ocrx_word' id='word_1_416' title='bbox 2565 3035 2821 3104; x_wconf 61' lang='lat' dir='ltr'><strong>praecepit</strong></span> <span class='ocrx_word' id='word_1_417' title='bbox 2858 3033 3011 3104; x_wconf 85' lang='lat' dir='ltr'><strong>cujus</strong></span> <span class='ocrx_word' id='word_1_418' title='bbox 3046 3045 3227 3091; x_wconf 90' lang='lat' dir='ltr'><strong>essent</strong></span> <span class='ocrx_word' id='word_1_419' title='bbox 3262 3038 3507 3093; x_wconf 86' lang='lat' dir='ltr'><strong>homines</strong></span> 
     </span>
    </p>
   </div>
   <div class='ocr_carea' id='block_1_62' title="bbox 1915 3124 3506 3195">
    <p class='ocr_par' dir='ltr' id='par_1_62' title="bbox 1915 3124 3506 3195">
     <span class='ocr_line' id='line_1_62' title="bbox 1915 3124 3506 3195; baseline 0.003 -17"><span class='ocrx_word' id='word_1_420' title='bbox 1915 3124 1999 3178; x_wconf 88' lang='lat' dir='ltr'><strong>vel</strong></span> <span class='ocrx_word' id='word_1_421' title='bbox 2027 3124 2285 3193; x_wconf 86' lang='lat' dir='ltr'><strong>plaustra.</strong></span> <span class='ocrx_word' id='word_1_422' title='bbox 2307 3124 2375 3177; x_wconf 81' lang='lat' dir='ltr'><strong>At</strong></span> <span class='ocrx_word' id='word_1_423' title='bbox 2393 3124 2469 3178; x_wconf 90' lang='lat' dir='ltr'><strong>illi</strong></span> <span class='ocrx_word' id='word_1_424' title='bbox 2493 3133 2881 3193; x_wconf 86' lang='lat' dir='ltr'><strong>cognoscentes</strong></span> <span class='ocrx_word' id='word_1_425' title='bbox 2897 3127 3174 3195; x_wconf 91' lang='lat' dir='ltr'><strong>proprium</strong></span> <span class='ocrx_word' id='word_1_426' title='bbox 3200 3128 3506 3194; x_wconf 89' lang='lat' dir='ltr'><strong>Dominum,</strong></span> 
     </span>
    </p>
   </div>
   <div class='ocr_carea' id='block_1_63' title="bbox 1916 3212 3506 3287">
    <p class='ocr_par' dir='ltr' id='par_1_63' title="bbox 1916 3212 3506 3287">
     <span class='ocr_line' id='line_1_63' title="bbox 1916 3212 3506 3287; baseline 0.007 -22"><span class='ocrx_word' id='word_1_427' title='bbox 1916 3212 2112 3282; x_wconf 86' lang='lat' dir='ltr'><strong>gaudio</strong></span> <span class='ocrx_word' id='word_1_428' title='bbox 2135 3226 2328 3281; x_wconf 87' lang='lat' dir='ltr'><strong>magno</strong></span> <span class='ocrx_word' id='word_1_429' title='bbox 2349 3214 2538 3283; x_wconf 88' lang='lat' dir='ltr'><strong>repleti</strong></span> <span class='ocrx_word' id='word_1_430' title='bbox 2566 3214 2960 3283; x_wconf 88' lang='lat' dir='ltr'><strong>responderunt</strong></span> <span class='ocrx_word' id='word_1_431' title='bbox 2986 3234 2997 3269; x_wconf 77' lang='grc' dir='ltr'><strong>ε</strong></span> <span class='ocrx_word' id='word_1_432' title='bbox 3024 3216 3177 3271; x_wconf 77' lang='lat' dir='ltr'><strong>Servi</strong></span> <span class='ocrx_word' id='word_1_433' title='bbox 3201 3218 3275 3271; x_wconf 88' lang='lat' dir='ltr'><strong>tui</strong></span> <span class='ocrx_word' id='word_1_434' title='bbox 3291 3236 3506 3287; x_wconf 84' lang='lat' dir='ltr'><strong>sumus,</strong></span> 
     </span>
    </p>
   </div>
   <div class='ocr_carea' id='block_1_64' title="bbox 228 3287 3507 3381">
    <p class='ocr_par' dir='ltr' id='par_1_64' title="bbox 228 3287 3507 3381">
     <span class='ocr_line' id='line_1_64' title="bbox 228 3287 3507 3381; baseline 0.002 -24"><span class='ocrx_word' id='word_1_435' title='bbox 228 3313 376 3358; x_wconf 84' lang='lat' dir='ltr'><strong>tatem</strong></span> <span class='ocrx_word' id='word_1_436' title='bbox 400 3305 677 3374; x_wconf 89' lang='lat' dir='ltr'><strong>sigillatim</strong></span> <span class='ocrx_word' id='word_1_437' title='bbox 708 3305 899 3376; x_wconf 90' lang='lat' dir='ltr'><strong>pandit</strong></span> <span class='ocrx_word' id='word_1_438' title='bbox 923 3322 937 3372; x_wconf 91' lang='lat'><strong>;</strong></span> <span class='ocrx_word' id='word_1_439' title='bbox 961 3314 1016 3361; x_wconf 92' lang='lat' dir='ltr'><strong>et</strong></span> <span class='ocrx_word' id='word_1_440' title='bbox 1043 3308 1224 3362; x_wconf 87' lang='lat' dir='ltr'><strong>omnia</strong></span> <span class='ocrx_word' id='word_1_441' title='bbox 1254 3307 1461 3377; x_wconf 88' lang='lat' dir='ltr'><strong>magnis</strong></span> <span class='ocrx_word' id='word_1_442' title='bbox 1483 3323 1606 3363; x_wconf 90' lang='lat' dir='ltr'><strong>cum</strong></span> <span class='ocrx_word' id='word_1_443' title='bbox 1632 3307 1805 3377; x_wconf 81' lang='lat' dir='ltr'><strong>ejula-</strong></span> <span class='ocrx_word' id='word_1_444' title='bbox 1833 3287 1880 3351; x_wconf 66' lang='grc' dir='ltr'><strong>(ἶ</strong></span> <span class='ocrx_word' id='word_1_445' title='bbox 1916 3303 2154 3360; x_wconf 86' lang='lat' dir='ltr'><strong>domine.</strong></span> <span class='ocrx_word' id='word_1_446' title='bbox 2186 3304 2334 3371; x_wconf 86' lang='lat' dir='ltr'><strong>Quos</strong></span> <span class='ocrx_word' id='word_1_447' title='bbox 2372 3304 2463 3360; x_wconf 87' lang='lat' dir='ltr'><strong>ille</strong></span> <span class='ocrx_word' id='word_1_448' title='bbox 2490 3304 2699 3368; x_wconf 89' lang='lat' dir='ltr'><strong>denuo,</strong></span> <span class='ocrx_word' id='word_1_449' title='bbox 2732 3306 2858 3374; x_wconf 90' lang='lat' dir='ltr'><strong>quid</strong></span> <span class='ocrx_word' id='word_1_450' title='bbox 2906 3306 2959 3360; x_wconf 92' lang='lat' dir='ltr'><strong>in</strong></span> <span class='ocrx_word' id='word_1_451' title='bbox 3008 3307 3262 3381; x_wconf 83' lang='lat' dir='ltr'><strong>plaustris</strong></span> <span class='ocrx_word' id='word_1_452' title='bbox 3304 3308 3507 3367; x_wconf 79' lang='lat' dir='ltr'><strong>ferrent</strong></span> 
     </span>
    </p>
   </div>
   <div class='ocr_carea' id='block_1_65' title="bbox 229 3396 1811 3469">
    <p class='ocr_par' dir='ltr' id='par_1_65' title="bbox 229 3396 1811 3469">
     <span class='ocr_line' id='line_1_65' title="bbox 229 3396 1811 3469; baseline 0.004 -20"><span class='ocrx_word' id='word_1_453' title='bbox 229 3396 352 3450; x_wconf 86' lang='lat' dir='ltr'><strong>tibus</strong></span> <span class='ocrx_word' id='word_1_454' title='bbox 370 3397 806 3454; x_wconf 66' lang='lat' dir='ltr'><strong>manifestissime</strong></span> <span class='ocrx_word' id='word_1_455' title='bbox 826 3398 1159 3468; x_wconf 88' lang='lat' dir='ltr'><strong>propalavit;</strong></span> <span class='ocrx_word' id='word_1_456' title='bbox 1187 3398 1331 3454; x_wconf 78' lang='lat' dir='ltr'><strong>illico</strong></span> <span class='ocrx_word' id='word_1_457' title='bbox 1354 3414 1587 3469; x_wconf 86' lang='lat' dir='ltr'><strong>namque</strong></span> <span class='ocrx_word' id='word_1_458' title='bbox 1608 3400 1811 3455; x_wconf 88' lang='lat' dir='ltr'><strong>veritus</strong></span> 
     </span>
    </p>
   </div>
   <div class='ocr_carea' id='block_1_66' title="bbox 229 3488 1811 3562">
    <p class='ocr_par' dir='ltr' id='par_1_66' title="bbox 229 3488 1811 3562">
     <span class='ocr_line' id='line_1_66' title="bbox 229 3488 1811 3562; baseline 0.004 -21"><span class='ocrx_word' id='word_1_459' title='bbox 229 3503 286 3542; x_wconf 89' lang='lat' dir='ltr'><strong>ne</strong></span> <span class='ocrx_word' id='word_1_460' title='bbox 314 3488 337 3525; x_wconf 66' lang='grc'><strong><em>³</em></strong></span> <span class='ocrx_word' id='word_1_461' title='bbox 364 3491 598 3556; x_wconf 79' lang='lat' dir='ltr'><strong>graviori</strong></span> <span class='ocrx_word' id='word_1_462' title='bbox 628 3492 894 3562; x_wconf 88' lang='lat' dir='ltr'><strong>supplicio</strong></span> <span class='ocrx_word' id='word_1_463' title='bbox 921 3492 1297 3561; x_wconf 88' lang='lat' dir='ltr'><strong>tnulctaretur,</strong></span> <span class='ocrx_word' id='word_1_464' title='bbox 1327 3502 1385 3547; x_wconf 89' lang='lat' dir='ltr'><strong>ut</strong></span> <span class='ocrx_word' id='word_1_465' title='bbox 1406 3502 1522 3548; x_wconf 90' lang='lat' dir='ltr'><strong>erat</strong></span> <span class='ocrx_word' id='word_1_466' title='bbox 1552 3493 1605 3547; x_wconf 89' lang='lat' dir='ltr'><strong>in</strong></span> <span class='ocrx_word' id='word_1_467' title='bbox 1636 3495 1811 3548; x_wconf 82' lang='lat' dir='ltr'><strong>omni-</strong></span> 
     </span>
    </p>
   </div>
   <div class='ocr_carea' id='block_1_67' title="bbox 230 3583 1811 3652">
    <p class='ocr_par' dir='ltr' id='par_1_67' title="bbox 230 3583 1811 3652">
     <span class='ocr_line' id='line_1_67' title="bbox 230 3583 1811 3652; baseline 0.001 -16"><span class='ocrx_word' id='word_1_468' title='bbox 230 3583 315 3636; x_wconf 82' lang='lat' dir='ltr'><strong>bus</strong></span> <span class='ocrx_word' id='word_1_469' title='bbox 361 3585 519 3639; x_wconf 83' lang='lat' dir='ltr'><strong>rebus</strong></span> <span class='ocrx_word' id='word_1_470' title='bbox 592 3585 879 3640; x_wconf 86' lang='lat' dir='ltr'><strong>simulator</strong></span> <span class='ocrx_word' id='word_1_471' title='bbox 947 3586 1249 3652; x_wconf 81' lang='lat' dir='ltr'><strong>pessimus,</strong></span> <span class='ocrx_word' id='word_1_472' title='bbox 1328 3598 1392 3639; x_wconf 87' lang='lat' dir='ltr'><strong>ac</strong></span> <span class='ocrx_word' id='word_1_473' title='bbox 1439 3583 1811 3639; x_wconf 80' lang='lat' dir='ltr'><strong>dissimulator</strong></span> 
     </span>
    </p>
   </div>
   <div class='ocr_carea' id='block_1_68' title="bbox 230 3673 1805 3743">
    <p class='ocr_par' dir='ltr' id='par_1_68' title="bbox 230 3673 1805 3743">
     <span class='ocr_line' id='line_1_68' title="bbox 230 3673 1805 3743; baseline 0.002 -17"><span class='ocrx_word' id='word_1_474' title='bbox 230 3673 493 3729; x_wconf 81' lang='lat' dir='ltr'><strong>facillimus</strong></span> <span class='ocrx_word' id='word_1_475' title='bbox 516 3713 532 3738; x_wconf 91' lang='lat'><strong>,</strong></span> <span class='ocrx_word' id='word_1_476' title='bbox 563 3677 767 3743; x_wconf 87' lang='lat' dir='ltr'><strong>pietate</strong></span> <span class='ocrx_word' id='word_1_477' title='bbox 786 3674 1038 3729; x_wconf 83' lang='lat' dir='ltr'><strong>simulata</strong></span> <span class='ocrx_word' id='word_1_478' title='bbox 1070 3676 1323 3743; x_wconf 68' lang='lat' dir='ltr'><strong>praecepit</strong></span> <span class='ocrx_word' id='word_1_479' title='bbox 1351 3684 1408 3729; x_wconf 92' lang='lat' dir='ltr'><strong>ut</strong></span> <span class='ocrx_word' id='word_1_480' title='bbox 1445 3676 1528 3731; x_wconf 82' lang='lat' dir='ltr'><strong>vir</strong></span> <span class='ocrx_word' id='word_1_481' title='bbox 1569 3676 1683 3739; x_wconf 82' lang='lat' dir='ltr'><strong>Dei,</strong></span> <span class='ocrx_word' id='word_1_482' title='bbox 1716 3676 1805 3743; x_wconf 88' lang='lat' dir='ltr'><strong>qui</strong></span> 
     </span>
    </p>
   </div>
   <div class='ocr_carea' id='block_1_69' title="bbox 234 3762 1804 3832">
    <p class='ocr_par' dir='ltr' id='par_1_69' title="bbox 234 3762 1804 3832">
     <span class='ocr_line' id='line_1_69' title="bbox 234 3762 1804 3832; baseline 0.003 -18"><span class='ocrx_word' id='word_1_483' title='bbox 234 3762 409 3817; x_wconf 83' lang='lat' dir='ltr'><strong>frustra</strong></span> <span class='ocrx_word' id='word_1_484' title='bbox 434 3764 611 3818; x_wconf 88' lang='lat' dir='ltr'><strong>fuerat</strong></span> <span class='ocrx_word' id='word_1_485' title='bbox 636 3779 667 3818; x_wconf 88' lang='lat' dir='ltr'><strong>a</strong></span> <span class='ocrx_word' id='word_1_486' title='bbox 698 3766 921 3818; x_wconf 86' lang='lat' dir='ltr'><strong>civitate</strong></span> <span class='ocrx_word' id='word_1_487' title='bbox 937 3777 1035 3818; x_wconf 89' lang='lat' dir='ltr'><strong>sua</strong></span> <span class='ocrx_word' id='word_1_488' title='bbox 1064 3774 1328 3832; x_wconf 88' lang='lat' dir='ltr'><strong>remotus,</strong></span> <span class='ocrx_word' id='word_1_489' title='bbox 1352 3782 1537 3824; x_wconf 85' lang='lat' dir='ltr'><strong>rursus</strong></span> <span class='ocrx_word' id='word_1_490' title='bbox 1556 3766 1625 3821; x_wconf 90' lang='lat' dir='ltr'><strong>ad</strong></span> <span class='ocrx_word' id='word_1_491' title='bbox 1650 3782 1804 3821; x_wconf 86' lang='lat' dir='ltr'><strong>suam</strong></span> 
     </span>
    </p>
   </div>
   <div class='ocr_carea' id='block_1_70' title="bbox 226 3853 1807 3928">
    <p class='ocr_par' dir='ltr' id='par_1_70' title="bbox 226 3853 1807 3928">
     <span class='ocr_line' id='line_1_70' title="bbox 226 3853 1807 3928; baseline 0.004 -23"><span class='ocrx_word' id='word_1_492' title='bbox 226 3855 490 3909; x_wconf 75' lang='lat' dir='ltr'><strong>accederet</strong></span> <span class='ocrx_word' id='word_1_493' title='bbox 530 3854 821 3923; x_wconf 75' lang='lat' dir='ltr'><strong>regendam</strong></span> <span class='ocrx_word' id='word_1_494' title='bbox 870 3853 1167 3913; x_wconf 83' lang='lat' dir='ltr'><strong>Ecclesiam</strong></span> <span class='ocrx_word' id='word_1_495' title='bbox 1196 3898 1210 3923; x_wconf 91' lang='lat'><strong>,</strong></span> <span class='ocrx_word' id='word_1_496' title='bbox 1259 3858 1351 3927; x_wconf 90' lang='lat' dir='ltr'><strong>qui</strong></span> <span class='ocrx_word' id='word_1_497' title='bbox 1382 3857 1509 3913; x_wconf 90' lang='lat' dir='ltr'><strong>dum</strong></span> <span class='ocrx_word' id='word_1_498' title='bbox 1536 3873 1600 3913; x_wconf 90' lang='lat' dir='ltr'><strong>ea</strong></span> <span class='ocrx_word' id='word_1_499' title='bbox 1624 3898 1639 3923; x_wconf 91' lang='lat'><strong>,</strong></span> <span class='ocrx_word' id='word_1_500' title='bbox 1686 3873 1807 3928; x_wconf 77' lang='lat' dir='ltr'><strong>qua:</strong></span> 
     </span>
    </p>
   </div>
   <div class='ocr_carea' id='block_1_71' title="bbox 228 3946 1806 4018">
    <p class='ocr_par' dir='ltr' id='par_1_71' title="bbox 228 3946 1806 4018">
     <span class='ocr_line' id='line_1_71' title="bbox 228 3946 1806 4018; baseline 0.005 -21"><span class='ocrx_word' id='word_1_501' title='bbox 228 3946 425 4001; x_wconf 78' lang='lat' dir='ltr'><strong>insanus</strong></span> <span class='ocrx_word' id='word_1_502' title='bbox 453 3964 548 4002; x_wconf 78' lang='lat' dir='ltr'><strong>rex</strong></span> <span class='ocrx_word' id='word_1_503' title='bbox 576 3948 909 4018; x_wconf 83' lang='lat' dir='ltr'><strong>postulabat,</strong></span> <span class='ocrx_word' id='word_1_504' title='bbox 942 3949 1118 4004; x_wconf 87' lang='lat' dir='ltr'><strong>minus</strong></span> <span class='ocrx_word' id='word_1_505' title='bbox 1145 3961 1409 4007; x_wconf 85' lang='lat' dir='ltr'><strong>aunueret</strong></span> <span class='ocrx_word' id='word_1_506' title='bbox 1434 3951 1806 4006; x_wconf 86' lang='lat' dir='ltr'><strong>sanctissimus</strong></span> 
     </span>
    </p>
   </div>
   <div class='ocr_carea' id='block_1_72' title="bbox 226 4038 1806 4113">
    <p class='ocr_par' dir='ltr' id='par_1_72' title="bbox 226 4038 1806 4113">
     <span class='ocr_line' id='line_1_72' title="bbox 226 4038 1806 4113; baseline 0.008 -25"><span class='ocrx_word' id='word_1_507' title='bbox 226 4038 296 4091; x_wconf 88' lang='lat' dir='ltr'><strong>vir</strong></span> <span class='ocrx_word' id='word_1_508' title='bbox 333 4038 603 4107; x_wconf 72' lang='lat' dir='ltr'><strong>Hassona,</strong></span> <span class='ocrx_word' id='word_1_509' title='bbox 652 4056 884 4110; x_wconf 86' lang='lat' dir='ltr'><strong>seseque</strong></span> <span class='ocrx_word' id='word_1_510' title='bbox 938 4057 1351 4111; x_wconf 85' lang='lat' dir='ltr'><strong>permansurum</strong></span> <span class='ocrx_word' id='word_1_511' title='bbox 1394 4044 1482 4097; x_wconf 89' lang='lat' dir='ltr'><strong>ubi</strong></span> <span class='ocrx_word' id='word_1_512' title='bbox 1534 4044 1806 4113; x_wconf 82' lang='lat' dir='ltr'><strong>relegatus</strong></span> 
     </span>
    </p>
   </div>
   <div class='ocr_carea' id='block_1_73' title="bbox 225 4131 1804 4206">
    <p class='ocr_par' dir='ltr' id='par_1_73' title="bbox 225 4131 1804 4206">
     <span class='ocr_line' id='line_1_73' title="bbox 225 4131 1804 4206; baseline 0.003 -22"><span class='ocrx_word' id='word_1_513' title='bbox 225 4131 381 4187; x_wconf 85' lang='lat' dir='ltr'><strong>fuerat</strong></span> <span class='ocrx_word' id='word_1_514' title='bbox 400 4144 673 4191; x_wconf 86' lang='lat' dir='ltr'><strong>assereret</strong></span> <span class='ocrx_word' id='word_1_515' title='bbox 694 4152 709 4200; x_wconf 90' lang='lat'><strong>;</strong></span> <span class='ocrx_word' id='word_1_516' title='bbox 736 4136 1040 4205; x_wconf 91' lang='lat' dir='ltr'><strong>iterumque</strong></span> <span class='ocrx_word' id='word_1_517' title='bbox 1055 4135 1252 4191; x_wconf 89' lang='lat' dir='ltr'><strong>oblatis</strong></span> <span class='ocrx_word' id='word_1_518' title='bbox 1271 4135 1518 4205; x_wconf 85' lang='lat' dir='ltr'><strong>precibus</strong></span> <span class='ocrx_word' id='word_1_519' title='bbox 1536 4138 1777 4206; x_wconf 88' lang='lat' dir='ltr'><strong>poposcit</strong></span> <span class='ocrx_word' id='word_1_520' title='bbox 1789 4178 1804 4201; x_wconf 92' lang='lat'><strong>,</strong></span> 
     </span>
    </p>
   </div>
   <div class='ocr_carea' id='block_1_74' title="bbox 229 4224 1805 4297">
    <p class='ocr_par' dir='ltr' id='par_1_74' title="bbox 229 4224 1805 4297">
     <span class='ocr_line' id='line_1_74' title="bbox 229 4224 1805 4297; baseline 0.004 -20"><span class='ocrx_word' id='word_1_521' title='bbox 229 4235 278 4277; x_wconf 82' lang='lat' dir='ltr'><strong>ut</strong></span> <span class='ocrx_word' id='word_1_522' title='bbox 318 4227 380 4279; x_wconf 87' lang='lat' dir='ltr'><strong>ad</strong></span> <span class='ocrx_word' id='word_1_523' title='bbox 428 4242 582 4280; x_wconf 90' lang='lat' dir='ltr'><strong>suatn</strong></span> <span class='ocrx_word' id='word_1_524' title='bbox 632 4225 948 4294; x_wconf 87' lang='lat' dir='ltr'><strong>dignaretur</strong></span> <span class='ocrx_word' id='word_1_525' title='bbox 996 4224 1175 4281; x_wconf 87' lang='lat' dir='ltr'><strong>redire</strong></span> <span class='ocrx_word' id='word_1_526' title='bbox 1225 4227 1497 4283; x_wconf 89' lang='lat' dir='ltr'><strong>civitatem</strong></span> <span class='ocrx_word' id='word_1_527' title='bbox 1558 4245 1570 4281; x_wconf 91' lang='lat'>:</span> <span class='ocrx_word' id='word_1_528' title='bbox 1632 4228 1805 4297; x_wconf 88' lang='lat' dir='ltr'><strong>pietas</strong></span> 
     </span>
    </p>
   </div>
   <div class='ocr_carea' id='block_1_75' title="bbox 224 4316 1799 4388">
    <p class='ocr_par' dir='ltr' id='par_1_75' title="bbox 224 4316 1799 4388">
     <span class='ocr_line' id='line_1_75' title="bbox 224 4316 1799 4388; baseline 0.007 -24"><span class='ocrx_word' id='word_1_529' title='bbox 224 4317 403 4385; x_wconf 79' lang='lat' dir='ltr'><strong>quippe</strong></span> <span class='ocrx_word' id='word_1_530' title='bbox 429 4317 621 4371; x_wconf 87' lang='lat' dir='ltr'><strong>summi</strong></span> <span class='ocrx_word' id='word_1_531' title='bbox 647 4316 740 4371; x_wconf 89' lang='lat' dir='ltr'><strong>Dei</strong></span> <span class='ocrx_word' id='word_1_532' title='bbox 772 4317 955 4375; x_wconf 89' lang='lat' dir='ltr'><strong>statim</strong></span> <span class='ocrx_word' id='word_1_533' title='bbox 983 4317 1253 4373; x_wconf 89' lang='lat' dir='ltr'><strong>sincerum</strong></span> <span class='ocrx_word' id='word_1_534' title='bbox 1282 4329 1470 4388; x_wconf 89' lang='lat' dir='ltr'><strong>pectus</strong></span> <span class='ocrx_word' id='word_1_535' title='bbox 1496 4321 1760 4375; x_wconf 88' lang='lat' dir='ltr'><strong>cmollivit</strong></span> <span class='ocrx_word' id='word_1_536' title='bbox 1784 4362 1799 4385; x_wconf 91' lang='lat'><strong>,</strong></span> 
     </span>
    </p>
   </div>
   <div class='ocr_carea' id='block_1_76' title="bbox 224 4409 1803 4484">
    <p class='ocr_par' dir='ltr' id='par_1_76' title="bbox 224 4409 1803 4484">
     <span class='ocr_line' id='line_1_76' title="bbox 224 4409 1803 4484; baseline 0.006 -25"><span class='ocrx_word' id='word_1_537' title='bbox 224 4424 281 4462; x_wconf 86' lang='lat' dir='ltr'><strong>ac</strong></span> <span class='ocrx_word' id='word_1_538' title='bbox 307 4409 675 4465; x_wconf 53' lang='lat' dir='ltr'><strong>bewevolentia</strong></span> <span class='ocrx_word' id='word_1_539' title='bbox 706 4410 927 4479; x_wconf 83' lang='lat' dir='ltr'><strong>copiosa</strong></span> <span class='ocrx_word' id='word_1_540' title='bbox 974 4410 1114 4465; x_wconf 86' lang='lat' dir='ltr'><strong>viam</strong></span> <span class='ocrx_word' id='word_1_541' title='bbox 1142 4427 1244 4467; x_wconf 90' lang='lat' dir='ltr'><strong>suo</strong></span> <span class='ocrx_word' id='word_1_542' title='bbox 1275 4411 1474 4469; x_wconf 88' lang='lat' dir='ltr'><strong>famulo</strong></span> <span class='ocrx_word' id='word_1_543' title='bbox 1502 4413 1715 4484; x_wconf 83' lang='lat' dir='ltr'><strong>aperuit</strong></span> <span class='ocrx_word' id='word_1_544' title='bbox 1745 4423 1803 4468; x_wconf 90' lang='lat' dir='ltr'><strong>ut</strong></span> 
     </span>
    </p>
   </div>
   <div class='ocr_carea' id='block_1_77' title="bbox 223 4501 1803 4575">
    <p class='ocr_par' dir='ltr' id='par_1_77' title="bbox 223 4501 1803 4575">
     <span class='ocr_line' id='line_1_77' title="bbox 223 4501 1803 4575; baseline 0.004 -20"><span class='ocrx_word' id='word_1_545' title='bbox 223 4502 596 4567; x_wconf 73' lang='lat' dir='ltr'><strong>regrederetur.</strong></span> <span class='ocrx_word' id='word_1_546' title='bbox 622 4501 758 4556; x_wconf 86' lang='lat' dir='ltr'><strong>Cum</strong></span> <span class='ocrx_word' id='word_1_547' title='bbox 790 4517 919 4557; x_wconf 82' lang='lat' dir='ltr'><strong>veto</strong></span> <span class='ocrx_word' id='word_1_548' title='bbox 944 4502 1054 4557; x_wconf 87' lang='lat' dir='ltr'><strong>Deo</strong></span> <span class='ocrx_word' id='word_1_549' title='bbox 1078 4502 1191 4572; x_wconf 88' lang='lat' dir='ltr'><strong>jam</strong></span> <span class='ocrx_word' id='word_1_550' title='bbox 1218 4505 1517 4573; x_wconf 86' lang='lat' dir='ltr'><strong>opitulante</strong></span> <span class='ocrx_word' id='word_1_551' title='bbox 1547 4507 1803 4575; x_wconf 89' lang='lat' dir='ltr'><strong>regrede-</strong></span> 
     </span>
    </p>
   </div>
   <div class='ocr_carea' id='block_1_78' title="bbox 223 4593 1798 4666">
    <p class='ocr_par' dir='ltr' id='par_1_78' title="bbox 223 4593 1798 4666">
     <span class='ocr_line' id='line_1_78' title="bbox 223 4593 1798 4666; baseline 0.007 -24"><span class='ocrx_word' id='word_1_552' title='bbox 223 4600 373 4653; x_wconf 82' lang='lat' dir='ltr'><strong>retur.</strong></span> <span class='ocrx_word' id='word_1_553' title='bbox 402 4593 652 4665; x_wconf 76' lang='lat' dir='ltr'><strong>preribus</strong></span> <span class='ocrx_word' id='word_1_554' title='bbox 674 4593 1097 4663; x_wconf 58' lang='lat' dir='ltr'><strong>muneribusque</strong></span> <span class='ocrx_word' id='word_1_555' title='bbox 1126 4610 1249 4649; x_wconf 90' lang='lat' dir='ltr'><strong>eum</strong></span> <span class='ocrx_word' id='word_1_556' title='bbox 1284 4597 1576 4666; x_wconf 84' lang='lat' dir='ltr'><strong>prepitittm</strong></span> <span class='ocrx_word' id='word_1_557' title='bbox 1603 4598 1798 4653; x_wconf 86' lang='lat' dir='ltr'><strong>crude-</strong></span> 
     </span>
    </p>
   </div>
   <div class='ocr_carea' id='block_1_79' title="bbox 1916 3397 3507 3465">
    <p class='ocr_par' dir='ltr' id='par_1_79' title="bbox 1916 3397 3507 3465">
     <span class='ocr_line' id='line_1_79' title="bbox 1916 3397 3507 3465; baseline 0.002 -12"><span class='ocrx_word' id='word_1_558' title='bbox 1916 3398 2264 3465; x_wconf 84' lang='lat' dir='ltr'><strong>interrogavit</strong></span> <span class='ocrx_word' id='word_1_559' title='bbox 2291 3413 2305 3463; x_wconf 92' lang='lat'><strong>;</strong></span> <span class='ocrx_word' id='word_1_560' title='bbox 2331 3397 2405 3451; x_wconf 88' lang='lat' dir='ltr'><strong>illi</strong></span> <span class='ocrx_word' id='word_1_561' title='bbox 2436 3406 2617 3452; x_wconf 88' lang='lat' dir='ltr'><strong>autem</strong></span> <span class='ocrx_word' id='word_1_562' title='bbox 2640 3397 2893 3452; x_wconf 80' lang='lat' dir='ltr'><strong>dixerunt</strong></span> <span class='ocrx_word' id='word_1_563' title='bbox 2917 3416 2929 3451; x_wconf 90' lang='lat'>:</span> <span class='ocrx_word' id='word_1_564' title='bbox 2964 3397 3069 3453; x_wconf 81' lang='lat' dir='ltr'><strong>Res</strong></span> <span class='ocrx_word' id='word_1_565' title='bbox 3090 3408 3293 3455; x_wconf 77' lang='lat' dir='ltr'><strong>sancta:</strong></span> <span class='ocrx_word' id='word_1_566' title='bbox 3322 3400 3507 3456; x_wconf 68' lang='lat' dir='ltr'><strong>Eccle-</strong></span> 
     </span>
    </p>
   </div>
   <div class='ocr_carea' id='block_1_80' title="bbox 1914 3490 3505 3563">
    <p class='ocr_par' dir='ltr' id='par_1_80' title="bbox 1914 3490 3505 3563">
     <span class='ocr_line' id='line_1_80' title="bbox 1914 3490 3505 3563; baseline 0.004 -20"><span class='ocrx_word' id='word_1_567' title='bbox 1914 3491 2007 3543; x_wconf 53' lang='lat' dir='ltr'><strong>sia‘</strong></span> <span class='ocrx_word' id='word_1_568' title='bbox 2029 3497 2084 3544; x_wconf 91' lang='lat' dir='ltr'><strong>et</strong></span> <span class='ocrx_word' id='word_1_569' title='bbox 2113 3500 2265 3554; x_wconf 88' lang='lat' dir='ltr'><strong>tuas,</strong></span> <span class='ocrx_word' id='word_1_570' title='bbox 2292 3504 2428 3558; x_wconf 91' lang='lat' dir='ltr'><strong>quas</strong></span> <span class='ocrx_word' id='word_1_571' title='bbox 2471 3490 2682 3545; x_wconf 57' lang='lat' dir='ltr'><strong>hostilis</strong></span> <span class='ocrx_word' id='word_1_572' title='bbox 2726 3491 2912 3560; x_wconf 62' lang='lat' dir='ltr'><strong>praedo</strong></span> <span class='ocrx_word' id='word_1_573' title='bbox 2945 3491 3179 3562; x_wconf 85' lang='lat' dir='ltr'><strong>Nepopis</strong></span> <span class='ocrx_word' id='word_1_574' title='bbox 3210 3494 3469 3563; x_wconf 72' lang='lat' dir='ltr'><strong>prmdavit</strong></span> <span class='ocrx_word' id='word_1_575' title='bbox 3490 3537 3505 3560; x_wconf 88' lang='lat'><strong>,</strong></span> 
     </span>
    </p>
   </div>
   <div class='ocr_carea' id='block_1_81' title="bbox 1915 3579 3507 3655">
    <p class='ocr_par' dir='ltr' id='par_1_81' title="bbox 1915 3579 3507 3655">
     <span class='ocr_line' id='line_1_81' title="bbox 1915 3579 3507 3655; baseline 0.004 -21"><span class='ocrx_word' id='word_1_576' title='bbox 1915 3579 2169 3648; x_wconf 87' lang='lat' dir='ltr'><strong>portavit,</strong></span> <span class='ocrx_word' id='word_1_577' title='bbox 2218 3588 2275 3633; x_wconf 93' lang='lat' dir='ltr'><strong>et</strong></span> <span class='ocrx_word' id='word_1_578' title='bbox 2322 3580 2421 3647; x_wconf 87' lang='lat' dir='ltr'><strong>ipsi</strong></span> <span class='ocrx_word' id='word_1_579' title='bbox 2460 3581 2703 3636; x_wconf 80' lang='lat' dir='ltr'><strong>infelices</strong></span> <span class='ocrx_word' id='word_1_580' title='bbox 2732 3582 2786 3635; x_wconf 90' lang='lat' dir='ltr'><strong>in</strong></span> <span class='ocrx_word' id='word_1_581' title='bbox 2823 3583 3193 3652; x_wconf 78' lang='lat' dir='ltr'><strong>captivitatem</strong></span> <span class='ocrx_word' id='word_1_582' title='bbox 3238 3585 3507 3655; x_wconf 79' lang='lat' dir='ltr'><strong>pergimus</strong></span> 
     </span>
    </p>
   </div>
   <div class='ocr_carea' id='block_1_82' title="bbox 1912 3670 3506 3742">
    <p class='ocr_par' dir='ltr' id='par_1_82' title="bbox 1912 3670 3506 3742">
     <span class='ocr_line' id='line_1_82' title="bbox 1912 3670 3506 3742; baseline 0.004 -17"><span class='ocrx_word' id='word_1_583' title='bbox 1912 3670 2146 3740; x_wconf 89' lang='lat' dir='ltr'><strong>separati</strong></span> <span class='ocrx_word' id='word_1_584' title='bbox 2187 3684 2216 3723; x_wconf 95' lang='lat' dir='ltr'><strong>a</strong></span> <span class='ocrx_word' id='word_1_585' title='bbox 2251 3670 2451 3735; x_wconf 83' lang='lat' dir='ltr'><strong>rebus,</strong></span> <span class='ocrx_word' id='word_1_586' title='bbox 2494 3678 2552 3724; x_wconf 89' lang='lat' dir='ltr'><strong>et</strong></span> <span class='ocrx_word' id='word_1_587' title='bbox 2601 3670 2755 3735; x_wconf 89' lang='lat' dir='ltr'><strong>tiliis,</strong></span> <span class='ocrx_word' id='word_1_588' title='bbox 2804 3672 3115 3742; x_wconf 89' lang='lat' dir='ltr'><strong>nostrisque</strong></span> <span class='ocrx_word' id='word_1_589' title='bbox 3155 3675 3453 3742; x_wconf 81' lang='lat' dir='ltr'><strong>uxoribus,</strong></span> <span class='ocrx_word' id='word_1_590' title='bbox 3479 3690 3506 3731; x_wconf 70' lang='grc' dir='ltr'><strong>θ</strong></span> 
     </span>
    </p>
   </div>
   <div class='ocr_carea' id='block_1_83' title="bbox 1913 3760 3509 3832">
    <p class='ocr_par' dir='ltr' id='par_1_83' title="bbox 1913 3760 3509 3832">
     <span class='ocr_line' id='line_1_83' title="bbox 1913 3760 3509 3832; baseline 0.004 -17"><span class='ocrx_word' id='word_1_591' title='bbox 1913 3761 2087 3832; x_wconf 88' lang='lat' dir='ltr'><strong>patria</strong></span> <span class='ocrx_word' id='word_1_592' title='bbox 2112 3802 2127 3826; x_wconf 88' lang='lat'><strong>,</strong></span> <span class='ocrx_word' id='word_1_593' title='bbox 2155 3760 2210 3816; x_wconf 90' lang='lat' dir='ltr'><strong>in</strong></span> <span class='ocrx_word' id='word_1_594' title='bbox 2240 3778 2343 3830; x_wconf 82' lang='lat' dir='ltr'><strong>qua</strong></span> <span class='ocrx_word' id='word_1_595' title='bbox 2378 3763 2485 3816; x_wconf 89' lang='lat' dir='ltr'><strong>nati</strong></span> <span class='ocrx_word' id='word_1_596' title='bbox 2516 3777 2736 3831; x_wconf 89' lang='lat' dir='ltr'><strong>sumus,</strong></span> <span class='ocrx_word' id='word_1_597' title='bbox 2780 3763 3008 3832; x_wconf 82' lang='lat' dir='ltr'><strong>expulsi.</strong></span> <span class='ocrx_word' id='word_1_598' title='bbox 3057 3763 3212 3831; x_wconf 88' lang='lat' dir='ltr'><strong>Quod</strong></span> <span class='ocrx_word' id='word_1_599' title='bbox 3257 3782 3379 3821; x_wconf 83' lang='lat' dir='ltr'><strong>cunt</strong></span> <span class='ocrx_word' id='word_1_600' title='bbox 3428 3768 3509 3822; x_wconf 91' lang='lat' dir='ltr'><strong>vir</strong></span> 
     </span>
    </p>
   </div>
   <div class='ocr_carea' id='block_1_84' title="bbox 1914 3854 3505 3925">
    <p class='ocr_par' dir='ltr' id='par_1_84' title="bbox 1914 3854 3505 3925">
     <span class='ocr_line' id='line_1_84' title="bbox 1914 3854 3505 3925; baseline 0.004 -18"><span class='ocrx_word' id='word_1_601' title='bbox 1914 3854 2126 3910; x_wconf 87' lang='lat' dir='ltr'><strong>Domini</strong></span> <span class='ocrx_word' id='word_1_602' title='bbox 2157 3854 2470 3920; x_wconf 82' lang='lat' dir='ltr'><strong>audivisset,</strong></span> <span class='ocrx_word' id='word_1_603' title='bbox 2504 3868 2699 3924; x_wconf 88' lang='lat' dir='ltr'><strong>magno</strong></span> <span class='ocrx_word' id='word_1_604' title='bbox 2725 3854 2920 3925; x_wconf 89' lang='lat' dir='ltr'><strong>gaudio</strong></span> <span class='ocrx_word' id='word_1_605' title='bbox 2950 3854 3189 3925; x_wconf 91' lang='lat' dir='ltr'><strong>repletus</strong></span> <span class='ocrx_word' id='word_1_606' title='bbox 3215 3857 3289 3910; x_wconf 90' lang='lat' dir='ltr'><strong>ait</strong></span> <span class='ocrx_word' id='word_1_607' title='bbox 3322 3875 3336 3911; x_wconf 90' lang='lat'><strong>:</strong></span> <span class='ocrx_word' id='word_1_608' title='bbox 3365 3854 3505 3913; x_wconf 84' lang='lat' dir='ltr'><strong>Gra-</strong></span> 
     </span>
    </p>
   </div>
   <div class='ocr_carea' id='block_1_85' title="bbox 1911 3944 3508 4017">
    <p class='ocr_par' dir='ltr' id='par_1_85' title="bbox 1911 3944 3508 4017">
     <span class='ocr_line' id='line_1_85' title="bbox 1911 3944 3508 4017; baseline 0.003 -17"><span class='ocrx_word' id='word_1_609' title='bbox 1911 3947 2013 4000; x_wconf 84' lang='lat' dir='ltr'><strong>tias</strong></span> <span class='ocrx_word' id='word_1_610' title='bbox 2042 3946 2133 3999; x_wconf 83' lang='lat' dir='ltr'><strong>tibi</strong></span> <span class='ocrx_word' id='word_1_611' title='bbox 2153 3985 2168 4010; x_wconf 96' lang='lat'><strong>,</strong></span> <span class='ocrx_word' id='word_1_612' title='bbox 2195 3945 2422 3999; x_wconf 87' lang='lat' dir='ltr'><strong>Domine</strong></span> <span class='ocrx_word' id='word_1_613' title='bbox 2448 3944 2577 4000; x_wconf 90' lang='lat' dir='ltr'><strong>.lesu</strong></span> <span class='ocrx_word' id='word_1_614' title='bbox 2606 3946 2748 4000; x_wconf 90' lang='lat' dir='ltr'><strong>bone</strong></span> <span class='ocrx_word' id='word_1_615' title='bbox 2771 3986 2787 4012; x_wconf 91' lang='lat'><strong>,</strong></span> <span class='ocrx_word' id='word_1_616' title='bbox 2817 3945 3025 4013; x_wconf 83' lang='lat' dir='ltr'><strong>refero,</strong></span> <span class='ocrx_word' id='word_1_617' title='bbox 3058 3947 3182 4015; x_wconf 89' lang='lat' dir='ltr'><strong>quia</strong></span> <span class='ocrx_word' id='word_1_618' title='bbox 3212 3962 3406 4017; x_wconf 78' lang='lat' dir='ltr'><strong>magna</strong></span> <span class='ocrx_word' id='word_1_619' title='bbox 3428 3960 3508 4006; x_wconf 79' lang='lat' dir='ltr'><strong>est</strong></span> 
     </span>
    </p>
   </div>
   <div class='ocr_carea' id='block_1_86' title="bbox 1911 4035 3508 4111">
    <p class='ocr_par' dir='ltr' id='par_1_86' title="bbox 1911 4035 3508 4111">
     <span class='ocr_line' id='line_1_86' title="bbox 1911 4035 3508 4111; baseline 0.004 -22"><span class='ocrx_word' id='word_1_620' title='bbox 1911 4035 2198 4091; x_wconf 89' lang='lat' dir='ltr'><strong>multitudo</strong></span> <span class='ocrx_word' id='word_1_621' title='bbox 2226 4037 2528 4092; x_wconf 87' lang='lat' dir='ltr'><strong>dulcedinis</strong></span> <span class='ocrx_word' id='word_1_622' title='bbox 2558 4046 2679 4101; x_wconf 64' lang='lat' dir='ltr'><strong>tum,</strong></span> <span class='ocrx_word' id='word_1_623' title='bbox 2705 4037 2798 4106; x_wconf 91' lang='lat' dir='ltr'><strong>qui</strong></span> <span class='ocrx_word' id='word_1_624' title='bbox 2826 4047 3027 4093; x_wconf 83' lang='lat' dir='ltr'><strong>tantam</strong></span> <span class='ocrx_word' id='word_1_625' title='bbox 3054 4038 3106 4094; x_wconf 87' lang='lat' dir='ltr'><strong>itt</strong></span> <span class='ocrx_word' id='word_1_626' title='bbox 3130 4040 3380 4095; x_wconf 88' lang='lat' dir='ltr'><strong>omnibus</strong></span> <span class='ocrx_word' id='word_1_627' title='bbox 3412 4056 3508 4111; x_wconf 88' lang='lat' dir='ltr'><strong>pro</strong></span> 
     </span>
    </p>
   </div>
   <div class='ocr_carea' id='block_1_87' title="bbox 1911 4126 3505 4201">
    <p class='ocr_par' dir='ltr' id='par_1_87' title="bbox 1911 4126 3505 4201">
     <span class='ocr_line' id='line_1_87' title="bbox 1911 4126 3505 4201; baseline 0.006 -20"><span class='ocrx_word' id='word_1_628' title='bbox 1911 4128 2037 4193; x_wconf 88' lang='lat' dir='ltr'><strong>tuis,</strong></span> <span class='ocrx_word' id='word_1_629' title='bbox 2066 4128 2194 4183; x_wconf 88' lang='lat' dir='ltr'><strong>licet</strong></span> <span class='ocrx_word' id='word_1_630' title='bbox 2220 4127 2473 4197; x_wconf 85' lang='lat' dir='ltr'><strong>indignis,</strong></span> <span class='ocrx_word' id='word_1_631' title='bbox 2504 4129 2675 4183; x_wconf 86' lang='lat' dir='ltr'><strong>servis</strong></span> <span class='ocrx_word' id='word_1_632' title='bbox 2700 4126 2884 4183; x_wconf 85' lang='lat' dir='ltr'><strong>curam</strong></span> <span class='ocrx_word' id='word_1_633' title='bbox 2915 4146 3103 4200; x_wconf 86' lang='lat' dir='ltr'><strong>gerere</strong></span> <span class='ocrx_word' id='word_1_634' title='bbox 3131 4134 3385 4201; x_wconf 78' lang='lat' dir='ltr'><strong>dignatus</strong></span> <span class='ocrx_word' id='word_1_635' title='bbox 3413 4152 3505 4200; x_wconf 80' lang='lat' dir='ltr'><strong>es;</strong></span> 
     </span>
    </p>
   </div>
   <div class='ocr_carea' id='block_1_88' title="bbox 1909 4218 3509 4291">
    <p class='ocr_par' dir='ltr' id='par_1_88' title="bbox 1909 4218 3509 4291">
     <span class='ocr_line' id='line_1_88' title="bbox 1909 4218 3509 4291; baseline 0.004 -19"><span class='ocrx_word' id='word_1_636' title='bbox 1909 4228 1964 4273; x_wconf 88' lang='lat' dir='ltr'><strong>et</strong></span> <span class='ocrx_word' id='word_1_637' title='bbox 1993 4226 2051 4273; x_wconf 91' lang='lat' dir='ltr'><strong>ut</strong></span> <span class='ocrx_word' id='word_1_638' title='bbox 2081 4234 2180 4273; x_wconf 89' lang='lat' dir='ltr'><strong>nos</strong></span> <span class='ocrx_word' id='word_1_639' title='bbox 2208 4218 2276 4273; x_wconf 89' lang='lat' dir='ltr'><strong>ab</strong></span> <span class='ocrx_word' id='word_1_640' title='bbox 2300 4218 2551 4273; x_wconf 89' lang='lat' dir='ltr'><strong>omnibus</strong></span> <span class='ocrx_word' id='word_1_641' title='bbox 2580 4218 2734 4272; x_wconf 88' lang='lat' dir='ltr'><strong>malis</strong></span> <span class='ocrx_word' id='word_1_642' title='bbox 2762 4227 2977 4288; x_wconf 83' lang='lat' dir='ltr'><strong>ereptos</strong></span> <span class='ocrx_word' id='word_1_643' title='bbox 2995 4235 3257 4291; x_wconf 87' lang='lat' dir='ltr'><strong>prospere</strong></span> <span class='ocrx_word' id='word_1_644' title='bbox 3286 4225 3509 4279; x_wconf 87' lang='lat' dir='ltr'><strong>reduce-</strong></span> 
     </span>
    </p>
   </div>
   <div class='ocr_carea' id='block_1_89' title="bbox 1910 4308 3501 4375">
    <p class='ocr_par' dir='ltr' id='par_1_89' title="bbox 1910 4308 3501 4375">
     <span class='ocr_line' id='line_1_89' title="bbox 1910 4308 3501 4375; baseline 0.004 -12"><span class='ocrx_word' id='word_1_645' title='bbox 1910 4326 2014 4375; x_wconf 90' lang='lat' dir='ltr'><strong>res,</strong></span> <span class='ocrx_word' id='word_1_646' title='bbox 2046 4318 2102 4364; x_wconf 92' lang='lat' dir='ltr'><strong>et</strong></span> <span class='ocrx_word' id='word_1_647' title='bbox 2129 4324 2215 4363; x_wconf 86' lang='lat' dir='ltr'><strong>res</strong></span> <span class='ocrx_word' id='word_1_648' title='bbox 2247 4317 2363 4363; x_wconf 87' lang='lat' dir='ltr'><strong>tuas</strong></span> <span class='ocrx_word' id='word_1_649' title='bbox 2383 4308 2573 4363; x_wconf 90' lang='lat' dir='ltr'><strong>ditioni</strong></span> <span class='ocrx_word' id='word_1_650' title='bbox 2602 4308 2940 4364; x_wconf 88' lang='lat' dir='ltr'><strong>inimicorum</strong></span> <span class='ocrx_word' id='word_1_651' title='bbox 2980 4311 3201 4367; x_wconf 90' lang='lat' dir='ltr'><strong>ntinitne</strong></span> <span class='ocrx_word' id='word_1_652' title='bbox 3241 4315 3501 4371; x_wconf 87' lang='lat' dir='ltr'><strong>traderes.</strong></span> 
     </span>
    </p>
   </div>
   <div class='ocr_carea' id='block_1_90' title="bbox 1910 4402 3509 4469">
    <p class='ocr_par' dir='ltr' id='par_1_90' title="bbox 1910 4402 3509 4469">
     <span class='ocr_line' id='line_1_90' title="bbox 1910 4402 3509 4469; baseline 0.004 -12"><span class='ocrx_word' id='word_1_653' title='bbox 1910 4403 1975 4457; x_wconf 78' lang='lat' dir='ltr'><strong>Et</strong></span> <span class='ocrx_word' id='word_1_654' title='bbox 2022 4404 2134 4457; x_wconf 75' lang='lat' dir='ltr'><strong>ha3c</strong></span> <span class='ocrx_word' id='word_1_655' title='bbox 2170 4402 2381 4469; x_wconf 89' lang='lat' dir='ltr'><strong>dicens,</strong></span> <span class='ocrx_word' id='word_1_656' title='bbox 2414 4411 2637 4457; x_wconf 88' lang='lat' dir='ltr'><strong>cunctos</strong></span> <span class='ocrx_word' id='word_1_657' title='bbox 2665 4402 2732 4457; x_wconf 90' lang='lat' dir='ltr'><strong>ad</strong></span> <span class='ocrx_word' id='word_1_658' title='bbox 2756 4403 3029 4458; x_wconf 82' lang='lat' dir='ltr'><strong>civitatem</strong></span> <span class='ocrx_word' id='word_1_659' title='bbox 3067 4420 3220 4460; x_wconf 85' lang='lat' dir='ltr'><strong>suam</strong></span> <span class='ocrx_word' id='word_1_660' title='bbox 3252 4424 3509 4463; x_wconf 81' lang='lat' dir='ltr'><strong>revocare</strong></span> 
     </span>
    </p>
   </div>
   <div class='ocr_carea' id='block_1_91' title="bbox 1909 4493 3508 4566">
    <p class='ocr_par' dir='ltr' id='par_1_91' title="bbox 1909 4493 3508 4566">
     <span class='ocr_line' id='line_1_91' title="bbox 1909 4493 3508 4566; baseline 0.004 -19"><span class='ocrx_word' id='word_1_661' title='bbox 1909 4496 2203 4566; x_wconf 67' lang='lat' dir='ltr'><strong>praecepit,</strong></span> <span class='ocrx_word' id='word_1_662' title='bbox 2231 4510 2293 4550; x_wconf 91' lang='lat' dir='ltr'><strong>ac</strong></span> <span class='ocrx_word' id='word_1_663' title='bbox 2322 4494 2401 4549; x_wconf 91' lang='lat' dir='ltr'><strong>sic</strong></span> <span class='ocrx_word' id='word_1_664' title='bbox 2429 4509 2550 4549; x_wconf 89' lang='lat' dir='ltr'><strong>cum</strong></span> <span class='ocrx_word' id='word_1_665' title='bbox 2597 4493 2863 4548; x_wconf 89' lang='lat' dir='ltr'><strong>immenso</strong></span> <span class='ocrx_word' id='word_1_666' title='bbox 2907 4495 3104 4563; x_wconf 86' lang='lat' dir='ltr'><strong>gaudio</strong></span> <span class='ocrx_word' id='word_1_667' title='bbox 3150 4498 3508 4564; x_wconf 84' lang='lat' dir='ltr'><strong>gaudentibus</strong></span> 
     </span>
    </p>
   </div>
   <div class='ocr_carea' id='block_1_92' title="bbox 1908 4585 3509 4658">
    <p class='ocr_par' dir='ltr' id='par_1_92' title="bbox 1908 4585 3509 4658">
     <span class='ocr_line' id='line_1_92' title="bbox 1908 4585 3509 4658; baseline 0.001 -13"><span class='ocrx_word' id='word_1_668' title='bbox 1908 4591 2117 4645; x_wconf 78' lang='lat' dir='ltr'><strong>eunetis</strong></span> <span class='ocrx_word' id='word_1_669' title='bbox 2146 4588 2213 4643; x_wconf 92' lang='lat' dir='ltr'><strong>ad</strong></span> <span class='ocrx_word' id='word_1_670' title='bbox 2244 4588 2428 4643; x_wconf 88' lang='lat' dir='ltr'><strong>urbem</strong></span> <span class='ocrx_word' id='word_1_671' title='bbox 2459 4585 2734 4658; x_wconf 89' lang='lat' dir='ltr'><strong>pervenit,</strong></span> <span class='ocrx_word' id='word_1_672' title='bbox 2764 4595 2819 4641; x_wconf 89' lang='lat' dir='ltr'><strong>et</strong></span> <span class='ocrx_word' id='word_1_673' title='bbox 2847 4587 2986 4643; x_wconf 90' lang='lat' dir='ltr'><strong>sicut</strong></span> <span class='ocrx_word' id='word_1_674' title='bbox 3024 4589 3288 4658; x_wconf 83' lang='lat' dir='ltr'><strong>quispiam</strong></span> <span class='ocrx_word' id='word_1_675' title='bbox 3319 4593 3509 4646; x_wconf 77' lang='lat' dir='ltr'><strong>sitiens</strong></span> 
     </span>
    </p>
   </div>
   <div class='ocr_carea' id='block_1_93' title="bbox 224 4675 3508 4755">
    <p class='ocr_par' dir='ltr' id='par_1_93' title="bbox 224 4675 3508 4755">
     <span class='ocr_line' id='line_1_93' title="bbox 224 4675 3508 4755; baseline 0.003 -24"><span class='ocrx_word' id='word_1_676' title='bbox 224 4682 438 4738; x_wconf 77' lang='lat' dir='ltr'><strong>lis~ituus</strong></span> <span class='ocrx_word' id='word_1_677' title='bbox 462 4698 555 4739; x_wconf 82' lang='lat' dir='ltr'><strong>rex</strong></span> <span class='ocrx_word' id='word_1_678' title='bbox 580 4684 857 4737; x_wconf 88' lang='lat' dir='ltr'><strong>nitebatur</strong></span> <span class='ocrx_word' id='word_1_679' title='bbox 877 4683 1094 4740; x_wconf 80' lang='lat' dir='ltr'><strong>efficere</strong></span> <span class='ocrx_word' id='word_1_680' title='bbox 1117 4728 1131 4751; x_wconf 96' lang='lat'><strong>,</strong></span> <span class='ocrx_word' id='word_1_681' title='bbox 1164 4703 1325 4755; x_wconf 89' lang='lat' dir='ltr'><strong>quem</strong></span> <span class='ocrx_word' id='word_1_682' title='bbox 1363 4687 1562 4743; x_wconf 87' lang='lat' dir='ltr'><strong>dudum</strong></span> <span class='ocrx_word' id='word_1_683' title='bbox 1594 4688 1797 4745; x_wconf 76' lang='lat' dir='ltr'><strong>fraudis</strong></span> <span class='ocrx_word' id='word_1_684' title='bbox 1829 4675 1879 4735; x_wconf 90' lang='lat' dir='ltr'><strong>D</strong></span> <span class='ocrx_word' id='word_1_685' title='bbox 1909 4684 1958 4738; x_wconf 92' lang='lat' dir='ltr'><strong>in</strong></span> <span class='ocrx_word' id='word_1_686' title='bbox 1988 4684 2185 4738; x_wconf 84' lang='lat' dir='ltr'><strong>ardore</strong></span> <span class='ocrx_word' id='word_1_687' title='bbox 2214 4679 2238 4718; x_wconf 79' lang='grc'>⁴¹</span> <span class='ocrx_word' id='word_1_688' title='bbox 2266 4682 2528 4737; x_wconf 88' lang='lat' dir='ltr'><strong>cautnatis</strong></span> <span class='ocrx_word' id='word_1_689' title='bbox 2550 4680 2749 4736; x_wconf 80' lang='lat' dir='ltr'><strong>fluenta</strong></span> <span class='ocrx_word' id='word_1_690' title='bbox 2783 4680 3007 4736; x_wconf 90' lang='lat' dir='ltr'><strong>fontium</strong></span> <span class='ocrx_word' id='word_1_691' title='bbox 3038 4685 3401 4755; x_wconf 86' lang='lat' dir='ltr'><strong>concupiscit,</strong></span> <span class='ocrx_word' id='word_1_692' title='bbox 3432 4688 3508 4742; x_wconf 85' lang='lat' dir='ltr'><strong>sic</strong></span> 
     </span>
    </p>
   </div>
   <div class='ocr_carea' id='block_1_94' title="bbox 223 4772 1793 4850">
    <p class='ocr_par' dir='ltr' id='par_1_94' title="bbox 223 4772 1793 4850">
     <span class='ocr_line' id='line_1_94' title="bbox 223 4772 1793 4850; baseline 0.006 -25"><span class='ocrx_word' id='word_1_693' title='bbox 223 4772 537 4840; x_wconf 64' lang='lat' dir='ltr'><strong>relegaverat</strong></span> <span class='ocrx_word' id='word_1_694' title='bbox 556 4774 910 4829; x_wconf 87' lang='lat' dir='ltr'><strong>damnatione</strong></span> <span class='ocrx_word' id='word_1_695' title='bbox 943 4793 954 4827; x_wconf 91' lang='lat'><strong>:</strong></span> <span class='ocrx_word' id='word_1_696' title='bbox 989 4775 1077 4832; x_wconf 90' lang='lat' dir='ltr'><strong>ille</strong></span> <span class='ocrx_word' id='word_1_697' title='bbox 1106 4786 1284 4831; x_wconf 85' lang='lat' dir='ltr'><strong>autent</strong></span> <span class='ocrx_word' id='word_1_698' title='bbox 1310 4794 1533 4833; x_wconf 86' lang='lat' dir='ltr'><strong>munera</strong></span> <span class='ocrx_word' id='word_1_699' title='bbox 1556 4781 1793 4850; x_wconf 90' lang='lat' dir='ltr'><strong>respuit,</strong></span> 
     </span>
    </p>
   </div>
   <div class='ocr_carea' id='block_1_95' title="bbox 224 4860 1795 4937">
    <p class='ocr_par' dir='ltr' id='par_1_95' title="bbox 224 4860 1795 4937">
     <span class='ocr_line' id='line_1_95' title="bbox 224 4860 1795 4937; baseline 0.01 -25"><span class='ocrx_word' id='word_1_700' title='bbox 224 4860 350 4917; x_wconf 77' lang='lat' dir='ltr'><strong>dona</strong></span> <span class='ocrx_word' id='word_1_701' title='bbox 391 4866 602 4930; x_wconf 86' lang='lat' dir='ltr'><strong>abnuit;</strong></span> <span class='ocrx_word' id='word_1_702' title='bbox 656 4864 866 4921; x_wconf 80' lang='lat' dir='ltr'><strong>facinus</strong></span> <span class='ocrx_word' id='word_1_703' title='bbox 905 4875 1271 4937; x_wconf 86' lang='lat' dir='ltr'><strong>perpetratum</strong></span> <span class='ocrx_word' id='word_1_704' title='bbox 1318 4871 1501 4925; x_wconf 90' lang='lat' dir='ltr'><strong>animo</strong></span> <span class='ocrx_word' id='word_1_705' title='bbox 1541 4870 1795 4928; x_wconf 87' lang='lat' dir='ltr'><strong>elementi</strong></span> 
     </span>
    </p>
   </div>
   <div class='ocr_carea' id='block_1_96' title="bbox 223 4952 1794 5034">
    <p class='ocr_par' dir='ltr' id='par_1_96' title="bbox 223 4952 1794 5034">
     <span class='ocr_line' id='line_1_96' title="bbox 223 4952 1794 5034; baseline 0.01 -30"><span class='ocrx_word' id='word_1_706' title='bbox 223 4952 430 5019; x_wconf 78' lang='lat' dir='ltr'><strong>laxavit,</strong></span> <span class='ocrx_word' id='word_1_707' title='bbox 460 4966 514 5010; x_wconf 87' lang='lat' dir='ltr'><strong>et</strong></span> <span class='ocrx_word' id='word_1_708' title='bbox 537 4956 691 5025; x_wconf 88' lang='lat' dir='ltr'><strong>juxta</strong></span> <span class='ocrx_word' id='word_1_709' title='bbox 720 4959 1045 5012; x_wconf 89' lang='lat' dir='ltr'><strong>sententiam</strong></span> <span class='ocrx_word' id='word_1_710' title='bbox 1079 4970 1101 4999; x_wconf 73' lang='grc' dir='ltr'>ε</span> <span class='ocrx_word' id='word_1_711' title='bbox 1137 4959 1346 5017; x_wconf 90' lang='lat' dir='ltr'><strong>Domini</strong></span> <span class='ocrx_word' id='word_1_712' title='bbox 1377 4963 1563 5034; x_wconf 85' lang='lat' dir='ltr'><strong>culpas</strong></span> <span class='ocrx_word' id='word_1_713' title='bbox 1593 4964 1794 5020; x_wconf 78' lang='lat' dir='ltr'><strong>deben-</strong></span> 
     </span>
    </p>
   </div>
   <div class='ocr_carea' id='block_1_97' title="bbox 223 5048 1129 5111">
    <p class='ocr_par' dir='ltr' id='par_1_97' title="bbox 223 5048 1129 5111">
     <span class='ocr_line' id='line_1_97' title="bbox 223 5048 1129 5111; baseline 0.01 -16"><span class='ocrx_word' id='word_1_714' title='bbox 223 5048 338 5098; x_wconf 81' lang='lat' dir='ltr'><strong>tium</strong></span> <span class='ocrx_word' id='word_1_715' title='bbox 364 5064 466 5101; x_wconf 87' lang='lat' dir='ltr'><strong>non</strong></span> <span class='ocrx_word' id='word_1_716' title='bbox 497 5048 720 5102; x_wconf 84' lang='lat' dir='ltr'><strong>retinuit</strong></span> <span class='ocrx_word' id='word_1_717' title='bbox 738 5088 754 5111; x_wconf 88' lang='lat'><strong>,</strong></span> <span class='ocrx_word' id='word_1_718' title='bbox 781 5049 879 5103; x_wconf 86' lang='lat' dir='ltr'><strong>sed</strong></span> <span class='ocrx_word' id='word_1_719' title='bbox 909 5048 1129 5105; x_wconf 87' lang='lat' dir='ltr'><strong>dimisit.</strong></span> 
     </span>
    </p>
   </div>
   <div class='ocr_carea' id='block_1_98' title="bbox 222 5206 1791 5279">
    <p class='ocr_par' dir='ltr' id='par_1_98' title="bbox 222 5206 1791 5279">
     <span class='ocr_line' id='line_1_98' title="bbox 222 5206 1791 5279; baseline 0.01 -24"><span class='ocrx_word' id='word_1_720' title='bbox 222 5206 471 5279; x_wconf 55' lang='lat' dir='ltr'><strong>«trepidi;</strong></span> <span class='ocrx_word' id='word_1_721' title='bbox 512 5224 631 5261; x_wconf 72' lang='lat' dir='ltr'><strong>nam</strong></span> <span class='ocrx_word' id='word_1_722' title='bbox 662 5209 708 5261; x_wconf 79' lang='lat' dir='ltr'><strong>si</strong></span> <span class='ocrx_word' id='word_1_723' title='bbox 738 5210 943 5263; x_wconf 82' lang='lat' dir='ltr'><strong>tertium</strong></span> <span class='ocrx_word' id='word_1_724' title='bbox 972 5214 1255 5267; x_wconf 72' lang='lat' dir='ltr'><strong>(remissum</strong></span> <span class='ocrx_word' id='word_1_725' title='bbox 1300 5231 1403 5269; x_wconf 84' lang='lat' dir='ltr'><strong>non</strong></span> <span class='ocrx_word' id='word_1_726' title='bbox 1450 5216 1751 5273; x_wconf 54' lang='lat' dir='ltr'><strong>absmlissvs</strong></span> <span class='ocrx_word' id='word_1_727' title='bbox 1777 5262 1791 5279; x_wconf 84' lang='grc'><em>,</em></span> 
     </span>
    </p>
   </div>
   <div class='ocr_carea' id='block_1_99' title="bbox 223 5277 1790 5351">
    <p class='ocr_par' dir='ltr' id='par_1_99' title="bbox 223 5277 1790 5351">
     <span class='ocr_line' id='line_1_99' title="bbox 223 5277 1790 5351; baseline 0.012 -26"><span class='ocrx_word' id='word_1_728' title='bbox 223 5277 546 5351; x_wconf 70' lang='lat' dir='ltr'><strong>proculdubio</strong></span> <span class='ocrx_word' id='word_1_729' title='bbox 567 5284 1145 5351; x_wconf 73' lang='lat' dir='ltr'><strong>trrccttlosarcepisses.</strong></span> <span class='ocrx_word' id='word_1_730' title='bbox 1180 5284 1255 5338; x_wconf 80' lang='lat' dir='ltr'><strong>Ex</strong></span> <span class='ocrx_word' id='word_1_731' title='bbox 1288 5285 1517 5347; x_wconf 79' lang='lat' dir='ltr'><strong>liberali.</strong></span> <span class='ocrx_word' id='word_1_732' title='bbox 1540 5277 1790 5344; x_wconf 84' lang='lat' dir='ltr'><strong>nintirttnt</strong></span> 
     </span>
    </p>
   </div>
   <div class='ocr_carea' id='block_1_100' title="bbox 221 5350 1787 5467">
    <p class='ocr_par' dir='ltr' id='par_1_100' title="bbox 221 5350 1787 5467">
     <span class='ocr_line' id='line_1_100' title="bbox 221 5350 1787 5467; baseline 0.013 -73"><span class='ocrx_word' id='word_1_733' title='bbox 221 5354 448 5467; x_wconf 52' lang='grc' dir='ltr'><strong>ξιτ-ἑπιυο</strong></span> <span class='ocrx_word' id='word_1_734' title='bbox 464 5350 662 5405; x_wconf 83' lang='lat' dir='ltr'><strong>Christi</strong></span> <span class='ocrx_word' id='word_1_735' title='bbox 692 5351 1051 5420; x_wconf 70' lang='lat' dir='ltr'><strong>protttissiune</strong></span> <span class='ocrx_word' id='word_1_736' title='bbox 1078 5353 1266 5410; x_wconf 73' lang='lat' dir='ltr'><strong>Matth.</strong></span> <span class='ocrx_word' id='word_1_737' title='bbox 1302 5373 1410 5419; x_wconf 56' lang='grc' dir='ltr'><strong>δικ.</strong></span> <span class='ocrx_word' id='word_1_738' title='bbox 1435 5356 1525 5422; x_wconf 75' lang='lat'><strong>‘29,</strong></span> <span class='ocrx_word' id='word_1_739' title='bbox 1549 5367 1603 5412; x_wconf 88' lang='lat' dir='ltr'><strong>et</strong></span> <span class='ocrx_word' id='word_1_740' title='bbox 1628 5358 1787 5415; x_wconf 79' lang='lat' dir='ltr'><strong>Marc.</strong></span> 
     </span>
    </p>
   </div>
   <div class='ocr_carea' id='block_1_101' title="bbox 226 5428 371 5479">
    <p class='ocr_par' dir='ltr' id='par_1_101' title="bbox 226 5428 371 5479">
     <span class='ocr_line' id='line_1_101' title="bbox 226 5428 371 5479; baseline 0.021 -13"><span class='ocrx_word' id='word_1_741' title='bbox 226 5428 270 5479; x_wconf 82' lang='grc' dir='ltr'><strong>ι,</strong></span> <span class='ocrx_word' id='word_1_742' title='bbox 292 5428 371 5470; x_wconf 79' lang='lat' dir='ltr'><strong>au.</strong></span> 
     </span>
    </p>
   </div>
   <div class='ocr_carea' id='block_1_102' title="bbox 282 5484 1792 5564">
    <p class='ocr_par' dir='ltr' id='par_1_102' title="bbox 282 5484 1792 5564">
     <span class='ocr_line' id='line_1_102' title="bbox 282 5484 1792 5564; baseline 0.011 -26"><span class='ocrx_word' id='word_1_743' title='bbox 282 5495 303 5521; x_wconf 73' lang='grc'>⁸</span> <span class='ocrx_word' id='word_1_744' title='bbox 332 5484 551 5564; x_wconf 61' lang='grc' dir='ltr'><strong>ξ’νᾳςῖαιᾳ</strong></span> <span class='ocrx_word' id='word_1_745' title='bbox 578 5492 812 5560; x_wconf 83' lang='lat' dir='ltr'><strong>glariosu</strong></span> <span class='ocrx_word' id='word_1_746' title='bbox 844 5494 984 5561; x_wconf 76' lang='lat' dir='ltr'><strong>virga</strong></span> <span class='ocrx_word' id='word_1_747' title='bbox 1010 5494 1228 5564; x_wconf 81' lang='lat' dir='ltr'><strong>injurias</strong></span> <span class='ocrx_word' id='word_1_748' title='bbox 1255 5498 1387 5551; x_wconf 83' lang='lat' dir='ltr'><strong>serri</strong></span> <span class='ocrx_word' id='word_1_749' title='bbox 1418 5500 1500 5551; x_wconf 83' lang='lat' dir='ltr'><strong>sui</strong></span> <span class='ocrx_word' id='word_1_750' title='bbox 1528 5502 1792 5555; x_wconf 76' lang='lat' dir='ltr'><strong>severissi-</strong></span> 
     </span>
    </p>
   </div>
   <div class='ocr_carea' id='block_1_103' title="bbox 225 5559 1789 5629">
    <p class='ocr_par' dir='ltr' id='par_1_103' title="bbox 225 5559 1789 5629">
     <span class='ocr_line' id='line_1_103' title="bbox 225 5559 1789 5629; baseline 0.012 -21"><span class='ocrx_word' id='word_1_751' title='bbox 225 5559 567 5629; x_wconf 72' lang='lat' dir='ltr'><strong>msiudicarit</strong></span> <span class='ocrx_word' id='word_1_752' title='bbox 588 5559 821 5629; x_wconf 80' lang='lat' dir='ltr'><strong>ultione,</strong></span> <span class='ocrx_word' id='word_1_753' title='bbox 855 5559 959 5619; x_wconf 77' lang='lat' dir='ltr'><strong>etc.</strong></span> <span class='ocrx_word' id='word_1_754' title='bbox 1004 5559 1117 5617; x_wconf 72' lang='lat' dir='ltr'><strong>Non</strong></span> <span class='ocrx_word' id='word_1_755' title='bbox 1148 5571 1318 5621; x_wconf 85' lang='lat' dir='ltr'><strong>semel</strong></span> <span class='ocrx_word' id='word_1_756' title='bbox 1347 5567 1550 5623; x_wconf 84' lang='lat' dir='ltr'><strong>Eulalia</strong></span> <span class='ocrx_word' id='word_1_757' title='bbox 1583 5569 1789 5625; x_wconf 86' lang='lat' dir='ltr'><strong>Emeri-</strong></span> 
     </span>
    </p>
   </div>
   <div class='ocr_carea' id='block_1_104' title="bbox 226 5628 1787 5710">
    <p class='ocr_par' dir='ltr' id='par_1_104' title="bbox 226 5628 1787 5710">
     <span class='ocr_line' id='line_1_104' title="bbox 226 5628 1787 5710; baseline 0.01 -28"><span class='ocrx_word' id='word_1_758' title='bbox 226 5628 365 5710; x_wconf 63' lang='lat' dir='ltr'><strong>tettsis</strong></span> <span class='ocrx_word' id='word_1_759' title='bbox 390 5632 530 5710; x_wconf 77' lang='lat' dir='ltr'><strong>urbis</strong></span> <span class='ocrx_word' id='word_1_760' title='bbox 546 5643 605 5710; x_wconf 51' lang='lat' dir='ltr'><strong>et</strong></span> <span class='ocrx_word' id='word_1_761' title='bbox 642 5631 1171 5710; x_wconf 74' lang='lat' dir='ltr'><strong>Ecclesia:_t_tttelaris</strong></span> <span class='ocrx_word' id='word_1_762' title='bbox 1197 5647 1481 5710; x_wconf 82' lang='lat' dir='ltr'><strong>utratttqne</strong></span> <span class='ocrx_word' id='word_1_763' title='bbox 1523 5656 1551 5695; x_wconf 83' lang='lat' dir='ltr'><strong>a</strong></span> <span class='ocrx_word' id='word_1_764' title='bbox 1603 5650 1787 5710; x_wconf 79' lang='lat' dir='ltr'><strong>tyran-</strong></span> 
     </span>
    </p>
   </div>
   <div class='ocr_carea' id='block_1_105' title="bbox 226 5699 1786 5767">
    <p class='ocr_par' dir='ltr' id='par_1_105' title="bbox 226 5699 1786 5767">
     <span class='ocr_line' id='line_1_105' title="bbox 226 5699 1786 5767; baseline 0.01 -16"><span class='ocrx_word' id='word_1_765' title='bbox 226 5699 327 5752; x_wconf 73' lang='lat' dir='ltr'><strong>nide</strong></span> <span class='ocrx_word' id='word_1_766' title='bbox 351 5700 514 5756; x_wconf 77' lang='lat' dir='ltr'><strong>hostili</strong></span> <span class='ocrx_word' id='word_1_767' title='bbox 545 5702 821 5757; x_wconf 57' lang='lat' dir='ltr'><strong>liberavit.</strong></span> <span class='ocrx_word' id='word_1_768' title='bbox 858 5704 1089 5760; x_wconf 68' lang='lat' dir='ltr'><strong>Isidorus</strong></span> <span class='ocrx_word' id='word_1_769' title='bbox 1129 5708 1181 5760; x_wconf 89' lang='lat' dir='ltr'><strong>in</strong></span> <span class='ocrx_word' id='word_1_770' title='bbox 1211 5699 1414 5765; x_wconf 65' lang='lat' dir='ltr'><strong>Chron.</strong></span> <span class='ocrx_word' id='word_1_771' title='bbox 1457 5699 1686 5765; x_wconf 55' lang='lat' dir='ltr'><strong>notho}.</strong></span> <span class='ocrx_word' id='word_1_772' title='bbox 1721 5713 1786 5767; x_wconf 83' lang='lat' dir='ltr'><strong>:ttl</strong></span> 
     </span>
    </p>
   </div>
   <div class='ocr_carea' id='block_1_106' title="bbox 226 5769 1785 5838">
    <p class='ocr_par' dir='ltr' id='par_1_106' title="bbox 226 5769 1785 5838">
     <span class='ocr_line' id='line_1_106' title="bbox 226 5769 1785 5838; baseline 0.012 -19"><span class='ocrx_word' id='word_1_773' title='bbox 226 5783 326 5826; x_wconf 73' lang='lat' dir='ltr'><strong>ann.</strong></span> <span class='ocrx_word' id='word_1_774' title='bbox 351 5769 485 5828; x_wconf 55' lang='lat' dir='ltr'><strong>illi:</strong></span> <span class='ocrx_word' id='word_1_775' title='bbox 537 5771 896 5828; x_wconf 71' lang='lat' dir='ltr'><strong>Theudoricus</strong></span> <span class='ocrx_word' id='word_1_776' title='bbox 942 5777 1005 5830; x_wconf 83' lang='lat' dir='ltr'><strong>de</strong></span> <span class='ocrx_word' id='word_1_777' title='bbox 1054 5776 1305 5833; x_wconf 64' lang='lat' dir='ltr'><strong>(Iullu&#39;riu</strong></span> <span class='ocrx_word' id='word_1_778' title='bbox 1352 5784 1404 5835; x_wconf 81' lang='lat' dir='ltr'><strong>iu</strong></span> <span class='ocrx_word' id='word_1_779' title='bbox 1461 5783 1785 5838; x_wconf 74' lang='lat' dir='ltr'><strong>Lusiluuimu</strong></span> 
     </span>
    </p>
   </div>
   <div class='ocr_carea' id='block_1_107' title="bbox 229 5841 1783 5920">
    <p class='ocr_par' dir='ltr' id='par_1_107' title="bbox 229 5841 1783 5920">
     <span class='ocr_line' id='line_1_107' title="bbox 229 5841 1783 5920; baseline 0.007 -21"><span class='ocrx_word' id='word_1_780' title='bbox 229 5841 353 5920; x_wconf 51' lang='lat' dir='ltr'><strong>fit!!!</strong></span> <span class='ocrx_word' id='word_1_781' title='bbox 369 5847 661 5920; x_wconf 63' lang='lat' dir='ltr'><strong>mrtjtleus,</strong></span> <span class='ocrx_word' id='word_1_782' title='bbox 701 5844 1243 5920; x_wconf 8' lang='lat' dir='ltr'><strong>ﬁduntjtfmrritcust&#39;m</strong></span> <span class='ocrx_word' id='word_1_783' title='bbox 1290 5853 1465 5907; x_wconf 68' lang='lat' dir='ltr'><strong>urbem</strong></span> <span class='ocrx_word' id='word_1_784' title='bbox 1495 5858 1783 5920; x_wconf 77' lang='lat' dir='ltr'><strong>dcpm&#39;tluri</strong></span> 
     </span>
    </p>
   </div>
   <div class='ocr_carea' id='block_1_108' title="bbox 228 5914 1782 5993">
    <p class='ocr_par' dir='ltr' id='par_1_108' title="bbox 228 5914 1782 5993">
     <span class='ocr_line' id='line_1_108' title="bbox 228 5914 1782 5993; baseline 0.009 -25"><span class='ocrx_word' id='word_1_785' title='bbox 228 5915 456 5978; x_wconf 67' lang='lat' dir='ltr'><strong>‘lt&#39;lfh&#39;ltlf.</strong></span> <span class='ocrx_word' id='word_1_786' title='bbox 489 5917 814 5974; x_wconf 70' lang='lat' dir='ltr'><strong>beatissima:</strong></span> <span class='ocrx_word' id='word_1_787' title='bbox 846 5914 1069 5975; x_wconf 78' lang='lat' dir='ltr'><strong>Eululitt&#39;</strong></span> <span class='ocrx_word' id='word_1_788' title='bbox 1097 5926 1341 5993; x_wconf 67' lang='lat' dir='ltr'><strong>martyris</strong></span> <span class='ocrx_word' id='word_1_789' title='bbox 1373 5914 1583 5981; x_wconf 62' lang='lat' dir='ltr'><strong>lt&#39;nrlui</strong></span> <span class='ocrx_word' id='word_1_790' title='bbox 1607 5937 1782 5982; x_wconf 71' lang='lat' dir='ltr'><strong>vstru-</strong></span> 
     </span>
    </p>
   </div>
   <div class='ocr_carea' id='block_1_109' title="bbox 1907 4772 3498 4833">
    <p class='ocr_par' dir='ltr' id='par_1_109' title="bbox 1907 4772 3498 4833">
     <span class='ocr_line' id='line_1_109' title="bbox 1907 4772 3498 4833; baseline 0.001 -2"><span class='ocrx_word' id='word_1_791' title='bbox 1907 4780 1997 4833; x_wconf 87' lang='lat' dir='ltr'><strong>ille</strong></span> <span class='ocrx_word' id='word_1_792' title='bbox 2021 4780 2089 4832; x_wconf 86' lang='lat' dir='ltr'><strong>ad</strong></span> <span class='ocrx_word' id='word_1_793' title='bbox 2119 4776 2393 4831; x_wconf 62' lang='lat' dir='ltr'><strong>basilicam</strong></span> <span class='ocrx_word' id='word_1_794' title='bbox 2419 4783 2623 4829; x_wconf 64' lang='lat' dir='ltr'><strong>sancta:</strong></span> <span class='ocrx_word' id='word_1_795' title='bbox 2664 4772 2885 4828; x_wconf 70' lang='lat' dir='ltr'><strong>Eulalia:</strong></span> <span class='ocrx_word' id='word_1_796' title='bbox 2925 4775 3107 4829; x_wconf 88' lang='lat' dir='ltr'><strong>animo</strong></span> <span class='ocrx_word' id='word_1_797' title='bbox 3144 4776 3370 4831; x_wconf 81' lang='lat' dir='ltr'><strong>ferventi</strong></span> <span class='ocrx_word' id='word_1_798' title='bbox 3402 4778 3498 4832; x_wconf 85' lang='lat' dir='ltr'><strong>fre-</strong></span> 
     </span>
    </p>
   </div>
   <div class='ocr_carea' id='block_1_110' title="bbox 1901 4867 3471 4939">
    <p class='ocr_par' dir='ltr' id='par_1_110' title="bbox 1901 4867 3471 4939">
     <span class='ocr_line' id='line_1_110' title="bbox 1901 4867 3471 4939; baseline 0 -16"><span class='ocrx_word' id='word_1_799' title='bbox 1901 4870 2198 4939; x_wconf 83' lang='lat' dir='ltr'><strong>quentique</strong></span> <span class='ocrx_word' id='word_1_800' title='bbox 2220 4869 2410 4938; x_wconf 83' lang='lat' dir='ltr'><strong>spiritu</strong></span> <span class='ocrx_word' id='word_1_801' title='bbox 2434 4912 2447 4934; x_wconf 91' lang='lat'><strong>,</strong></span> <span class='ocrx_word' id='word_1_802' title='bbox 2478 4867 2755 4922; x_wconf 85' lang='lat' dir='ltr'><strong>adnitente</strong></span> <span class='ocrx_word' id='word_1_803' title='bbox 2788 4870 2930 4926; x_wconf 85' lang='lat' dir='ltr'><strong>Deo.</strong></span> <span class='ocrx_word' id='word_1_804' title='bbox 2966 4869 3248 4935; x_wconf 87' lang='lat' dir='ltr'><strong>pervenire</strong></span> <span class='ocrx_word' id='word_1_805' title='bbox 3272 4872 3471 4924; x_wconf 80' lang='lat' dir='ltr'><strong>meruit</strong></span> 
     </span>
    </p>
   </div>
   <div class='ocr_carea' id='block_1_111' title="bbox 1900 4956 3505 5031">
    <p class='ocr_par' dir='ltr' id='par_1_111' title="bbox 1900 4956 3505 5031">
     <span class='ocr_line' id='line_1_111' title="bbox 1900 4956 3505 5031; baseline -0.001 -14"><span class='ocrx_word' id='word_1_806' title='bbox 1900 4976 2131 5031; x_wconf 84' lang='lat' dir='ltr'><strong>eumque</strong></span> <span class='ocrx_word' id='word_1_807' title='bbox 2185 4960 2379 5014; x_wconf 88' lang='lat' dir='ltr'><strong>ibidem</strong></span> <span class='ocrx_word' id='word_1_808' title='bbox 2436 4967 2550 5014; x_wconf 91' lang='lat' dir='ltr'><strong>toto</strong></span> <span class='ocrx_word' id='word_1_809' title='bbox 2599 4958 2793 5013; x_wconf 87' lang='lat' dir='ltr'><strong>mentis</strong></span> <span class='ocrx_word' id='word_1_810' title='bbox 2848 4956 3050 5013; x_wconf 75' lang='lat' dir='ltr'><strong>affectu</strong></span> <span class='ocrx_word' id='word_1_811' title='bbox 3110 4960 3360 5015; x_wconf 83' lang='lat' dir='ltr'><strong>desiderii</strong></span> <span class='ocrx_word' id='word_1_812' title='bbox 3423 4978 3505 5019; x_wconf 90' lang='lat' dir='ltr'><strong>sttt</strong></span> 
     </span>
    </p>
   </div>
   <div class='ocr_carea' id='block_1_112' title="bbox 1901 5047 3505 5118">
    <p class='ocr_par' dir='ltr' id='par_1_112' title="bbox 1901 5047 3505 5118">
     <span class='ocr_line' id='line_1_112' title="bbox 1901 5047 3505 5118; baseline 0.001 -11"><span class='ocrx_word' id='word_1_813' title='bbox 1901 5052 2293 5108; x_wconf 83' lang='lat' dir='ltr'><strong>accumulasset</strong></span> <span class='ocrx_word' id='word_1_814' title='bbox 2322 5047 2574 5105; x_wconf 75' lang='lat' dir='ltr'><strong>ell‘ectutn</strong></span> <span class='ocrx_word' id='word_1_815' title='bbox 2602 5091 2616 5118; x_wconf 93' lang='lat'><strong>,</strong></span> <span class='ocrx_word' id='word_1_816' title='bbox 2647 5049 2927 5104; x_wconf 78' lang='lat' dir='ltr'><strong>exsultans</strong></span> <span class='ocrx_word' id='word_1_817' title='bbox 2970 5051 3021 5105; x_wconf 91' lang='lat' dir='ltr'><strong>in</strong></span> <span class='ocrx_word' id='word_1_818' title='bbox 3056 5050 3285 5106; x_wconf 85' lang='lat' dir='ltr'><strong>Domino</strong></span> <span class='ocrx_word' id='word_1_819' title='bbox 3316 5053 3505 5108; x_wconf 78' lang='lat' dir='ltr'><strong>exsul-</strong></span> 
     </span>
    </p>
   </div>
   <div class='ocr_carea' id='block_1_113' title="bbox 1905 5221 3507 5283">
    <p class='ocr_par' dir='ltr' id='par_1_113' title="bbox 1905 5221 3507 5283">
     <span class='ocr_line' id='line_1_113' title="bbox 1905 5221 3507 5283; baseline 0.004 -8"><span class='ocrx_word' id='word_1_820' title='bbox 1905 5227 1969 5277; x_wconf 81' lang='lat' dir='ltr'><strong>tis</strong></span> <span class='ocrx_word' id='word_1_821' title='bbox 2020 5240 2037 5275; x_wconf 92' lang='lat'><strong><em>:</em></strong></span> <span class='ocrx_word' id='word_1_822' title='bbox 2090 5238 2212 5275; x_wconf 63' lang='lat' dir='ltr'><strong>mox.</strong></span> <span class='ocrx_word' id='word_1_823' title='bbox 2258 5221 2487 5276; x_wconf 70' lang='lat' dir='ltr'><strong>adversis</strong></span> <span class='ocrx_word' id='word_1_824' title='bbox 2540 5222 2640 5275; x_wconf 83' lang='lat' dir='ltr'><strong>sibi</strong></span> <span class='ocrx_word' id='word_1_825' title='bbox 2688 5222 2881 5275; x_wconf 76' lang='lat' dir='ltr'><strong>nuntiis</strong></span> <span class='ocrx_word' id='word_1_826' title='bbox 2912 5222 3125 5275; x_wconf 78' lang='lat' dir='ltr'><strong>territus</strong></span> <span class='ocrx_word' id='word_1_827' title='bbox 3164 5224 3228 5277; x_wconf 80' lang='lat' dir='ltr'><strong>de</strong></span> <span class='ocrx_word' id='word_1_828' title='bbox 3276 5224 3507 5283; x_wconf 77' lang='lat' dir='ltr'><strong>Eum-itu</strong></span> 
     </span>
    </p>
   </div>
   <div class='ocr_carea' id='block_1_114' title="bbox 1903 5290 3503 5365">
    <p class='ocr_par' dir='ltr' id='par_1_114' title="bbox 1903 5290 3503 5365">
     <span class='ocr_line' id='line_1_114' title="bbox 1903 5290 3503 5365; baseline 0.003 -18"><span class='ocrx_word' id='word_1_829' title='bbox 1903 5310 2138 5365; x_wconf 66' lang='lat' dir='ltr'><strong>egressus</strong></span> <span class='ocrx_word' id='word_1_830' title='bbox 2169 5290 2371 5346; x_wconf 81' lang='lat' dir='ltr'><strong>Gallias</strong></span> <span class='ocrx_word' id='word_1_831' title='bbox 2402 5294 2603 5363; x_wconf 78' lang='lat' dir='ltr'><strong>repetit,</strong></span> <span class='ocrx_word' id='word_1_832' title='bbox 2637 5302 2739 5348; x_wconf 85' lang='lat' dir='ltr'><strong>etc.</strong></span> <span class='ocrx_word' id='word_1_833' title='bbox 2781 5291 2895 5344; x_wconf 79' lang='lat' dir='ltr'><strong>Vitl.</strong></span> <span class='ocrx_word' id='word_1_834' title='bbox 2933 5292 3183 5349; x_wconf 72' lang='lat' dir='ltr'><strong>ltodcric.</strong></span> <span class='ocrx_word' id='word_1_835' title='bbox 3219 5296 3262 5350; x_wconf 87' lang='grc' dir='ltr'><strong>Τ</strong></span> <span class='ocrx_word' id='word_1_836' title='bbox 3266 5298 3393 5351; x_wconf 67' lang='grc' dir='ltr'><strong>υι.οι.</strong></span> <span class='ocrx_word' id='word_1_837' title='bbox 3429 5314 3461 5351; x_wconf 93' lang='lat' dir='ltr'><strong>ll</strong></span> <span class='ocrx_word' id='word_1_838' title='bbox 3488 5342 3503 5363; x_wconf 82' lang='lat'><strong>,</strong></span> 
     </span>
    </p>
   </div>
   <div class='ocr_carea' id='block_1_115' title="bbox 1904 5362 2109 5419">
    <p class='ocr_par' dir='ltr' id='par_1_115' title="bbox 1904 5362 2109 5419">
     <span class='ocr_line' id='line_1_115' title="bbox 1904 5362 2109 5419; baseline -0.02 0"><span class='ocrx_word' id='word_1_839' title='bbox 1904 5362 2023 5419; x_wconf 70' lang='lat' dir='ltr'><strong>eun.</strong></span> <span class='ocrx_word' id='word_1_840' title='bbox 2058 5362 2109 5415; x_wconf 83' lang='lat'><strong>9.</strong></span> 
     </span>
    </p>
   </div>
   <div class='ocr_carea' id='block_1_116' title="bbox 1973 5382 3501 5501">
    <p class='ocr_par' dir='ltr' id='par_1_116' title="bbox 1973 5382 3501 5501">
     <span class='ocr_line' id='line_1_116' title="bbox 1992 5382 2109 5416; baseline 0 -1"><span class='ocrx_word' id='word_1_841' title='bbox 1992 5384 2023 5416; x_wconf 82' lang='lat' dir='ltr'><strong>t.</strong></span> <span class='ocrx_word' id='word_1_842' title='bbox 2058 5382 2109 5415; x_wconf 74' lang='grc' dir='ltr'><strong>υ.</strong></span> 
     </span>
     <span class='ocr_line' id='line_1_117' title="bbox 1973 5382 3501 5501; baseline 0.003 -14"><span class='ocrx_word' id='word_1_843' title='bbox 1973 5382 2261 5487; x_wconf 61' lang='grc' dir='ltr'><strong>ἱδιέντηιίονὶ</strong></span> <span class='ocrx_word' id='word_1_844' title='bbox 2301 5433 2574 5501; x_wconf 78' lang='lat' dir='ltr'><strong>supplicio.</strong></span> <span class='ocrx_word' id='word_1_845' title='bbox 2625 5435 2714 5488; x_wconf 70' lang='lat' dir='ltr'><strong>S’c</strong></span> <span class='ocrx_word' id='word_1_846' title='bbox 2766 5432 3051 5501; x_wconf 82' lang='lat' dir='ltr'><strong>legendum</strong></span> <span class='ocrx_word' id='word_1_847' title='bbox 3099 5451 3250 5496; x_wconf 88' lang='lat' dir='ltr'><strong>reor,</strong></span> <span class='ocrx_word' id='word_1_848' title='bbox 3301 5452 3407 5493; x_wconf 88' lang='lat' dir='ltr'><strong>non</strong></span> <span class='ocrx_word' id='word_1_849' title='bbox 3440 5458 3501 5494; x_wconf 81' lang='lat' dir='ltr'><strong>ue</strong></span> 
     </span>
    </p>
   </div>
   <div class='ocr_carea' id='block_1_117' title="bbox 1904 5503 3502 5576">
    <p class='ocr_par' dir='ltr' id='par_1_117' title="bbox 1904 5503 3502 5576">
     <span class='ocr_line' id='line_1_118' title="bbox 1904 5503 3502 5576; baseline 0.005 -17"><span class='ocrx_word' id='word_1_850' title='bbox 1904 5508 2109 5574; x_wconf 77' lang='lat' dir='ltr'><strong>gravius</strong></span> <span class='ocrx_word' id='word_1_851' title='bbox 2137 5503 2199 5557; x_wconf 84' lang='lat' dir='ltr'><strong>de</strong></span> <span class='ocrx_word' id='word_1_852' title='bbox 2211 5503 2413 5575; x_wconf 66' lang='lat' dir='ltr'><strong>judicio</strong></span> <span class='ocrx_word' id='word_1_853' title='bbox 2443 5506 2796 5567; x_wconf 83' lang='lat' dir='ltr'><strong>mulctnretur,</strong></span> <span class='ocrx_word' id='word_1_854' title='bbox 2831 5514 2889 5559; x_wconf 92' lang='lat' dir='ltr'><strong>ut</strong></span> <span class='ocrx_word' id='word_1_855' title='bbox 2918 5507 2969 5560; x_wconf 88' lang='lat' dir='ltr'><strong>itt</strong></span> <span class='ocrx_word' id='word_1_856' title='bbox 2995 5506 3396 5576; x_wconf 79' lang='lat' dir='ltr'><strong>exemplaribus</strong></span> <span class='ocrx_word' id='word_1_857' title='bbox 3426 5511 3502 5567; x_wconf 85' lang='lat' dir='ltr'><strong>le-</strong></span> 
     </span>
    </p>
   </div>
   <div class='ocr_carea' id='block_1_118' title="bbox 1939 5587 2060 5631">
    <p class='ocr_par' dir='ltr' id='par_1_118' title="bbox 1939 5587 2060 5631">
     <span class='ocr_line' id='line_1_119' title="bbox 1939 5587 2060 5631; baseline 0.017 -2"><span class='ocrx_word' id='word_1_858' title='bbox 1939 5587 2060 5631; x_wconf 89' lang='lat' dir='ltr'><strong>ttttr.</strong></span> 
     </span>
    </p>
   </div>
   <div class='ocr_carea' id='block_1_119' title="bbox 1900 5590 3400 5715">
    <p class='ocr_par' dir='ltr' id='par_1_119' title="bbox 1900 5590 3400 5715">
     <span class='ocr_line' id='line_1_120' title="bbox 1900 5590 3400 5715; baseline 0.004 -17"><span class='ocrx_word' id='word_1_859' title='bbox 1900 5590 2188 5700; x_wconf 45' lang='lat' dir='ltr'><strong>“initum</strong></span> <span class='ocrx_word' id='word_1_860' title='bbox 2215 5648 2524 5701; x_wconf 72' lang='lat' dir='ltr'><strong>sententiam</strong></span> <span class='ocrx_word' id='word_1_861' title='bbox 2560 5644 2787 5700; x_wconf 79' lang='lat' dir='ltr'><strong>Domini.</strong></span> <span class='ocrx_word' id='word_1_862' title='bbox 2820 5646 2971 5715; x_wconf 82' lang='lat' dir='ltr'><strong>Apud</strong></span> <span class='ocrx_word' id='word_1_863' title='bbox 2998 5645 3187 5703; x_wconf 79' lang='lat' dir='ltr'><strong>Matth.</strong></span> <span class='ocrx_word' id='word_1_864' title='bbox 3214 5666 3286 5712; x_wconf 71' lang='grc' dir='ltr'><strong>γι,</strong></span> <span class='ocrx_word' id='word_1_865' title='bbox 3318 5649 3400 5705; x_wconf 68' lang='grc'><strong>12.</strong></span> 
     </span>
    </p>
   </div>
   <div class='ocr_carea' id='block_1_120' title="bbox 1969 5716 3502 5787">
    <p class='ocr_par' dir='ltr' id='par_1_120' title="bbox 1969 5716 3502 5787">
     <span class='ocr_line' id='line_1_121' title="bbox 1969 5716 3502 5787; baseline 0.006 -17"><span class='ocrx_word' id='word_1_866' title='bbox 1969 5718 1993 5755; x_wconf 71' lang='grc' dir='ltr'><strong>ιι</strong></span> <span class='ocrx_word' id='word_1_867' title='bbox 2030 5716 2089 5770; x_wconf 78' lang='lat' dir='ltr'><strong>In</strong></span> <span class='ocrx_word' id='word_1_868' title='bbox 2118 5718 2306 5771; x_wconf 77' lang='lat' dir='ltr'><strong>ardore</strong></span> <span class='ocrx_word' id='word_1_869' title='bbox 2334 5720 2609 5772; x_wconf 72' lang='lat' dir='ltr'><strong>taumatia.</strong></span> <span class='ocrx_word' id='word_1_870' title='bbox 2646 5724 2823 5787; x_wconf 69' lang='grc' dir='ltr'><strong>Καῦμα</strong></span> <span class='ocrx_word' id='word_1_871' title='bbox 2866 5726 3029 5772; x_wconf 70' lang='lat' dir='ltr'><strong>iustus</strong></span> <span class='ocrx_word' id='word_1_872' title='bbox 3071 5728 3127 5774; x_wconf 90' lang='lat' dir='ltr'><strong>ct</strong></span> <span class='ocrx_word' id='word_1_873' title='bbox 3162 5721 3293 5775; x_wconf 84' lang='lat' dir='ltr'><strong>solis</strong></span> <span class='ocrx_word' id='word_1_874' title='bbox 3322 5718 3502 5779; x_wconf 78' lang='lat' dir='ltr'><strong>fervor</strong></span> 
     </span>
    </p>
   </div>
   <div class='ocr_carea' id='block_1_121' title="bbox 1894 5788 3497 5857">
    <p class='ocr_par' dir='ltr' id='par_1_121' title="bbox 1894 5788 3497 5857">
     <span class='ocr_line' id='line_1_122' title="bbox 1894 5788 3497 5857; baseline 0.004 -16"><span class='ocrx_word' id='word_1_875' title='bbox 1894 5798 2009 5843; x_wconf 69' lang='lat' dir='ltr'><strong>est:</strong></span> <span class='ocrx_word' id='word_1_876' title='bbox 2043 5796 2226 5841; x_wconf 82' lang='lat' dir='ltr'><strong>amant</strong></span> <span class='ocrx_word' id='word_1_877' title='bbox 2249 5789 2578 5854; x_wconf 74' lang='lat' dir='ltr'><strong>ejnscetnmli</strong></span> <span class='ocrx_word' id='word_1_878' title='bbox 2609 5790 2831 5843; x_wconf 76' lang='lat' dir='ltr'><strong>vocibus</strong></span> <span class='ocrx_word' id='word_1_879' title='bbox 2855 5788 3151 5857; x_wconf 70' lang='lat' dir='ltr'><strong>scriptores</strong></span> <span class='ocrx_word' id='word_1_880' title='bbox 3175 5792 3360 5847; x_wconf 71' lang='lat' dir='ltr'><strong>smettli</strong></span> <span class='ocrx_word' id='word_1_881' title='bbox 3384 5794 3497 5849; x_wconf 86' lang='lat' dir='ltr'><strong>bar-</strong></span> 
     </span>
    </p>
   </div>
   <div class='ocr_carea' id='block_1_122' title="bbox 1895 5859 3496 5929">
    <p class='ocr_par' dir='ltr' id='par_1_122' title="bbox 1895 5859 3496 5929">
     <span class='ocr_line' id='line_1_123' title="bbox 1895 5859 3496 5929; baseline 0.002 -17"><span class='ocrx_word' id='word_1_882' title='bbox 1895 5861 2080 5919; x_wconf 72' lang='lat' dir='ltr'><strong>ltarit&quot;,</strong></span> <span class='ocrx_word' id='word_1_883' title='bbox 2112 5859 2263 5927; x_wconf 65' lang='lat' dir='ltr'><strong>quasi</strong></span> <span class='ocrx_word' id='word_1_884' title='bbox 2294 5860 2541 5923; x_wconf 54' lang='lat' dir='ltr'><strong>gummis,</strong></span> <span class='ocrx_word' id='word_1_885' title='bbox 2571 5862 2666 5914; x_wconf 86' lang='lat' dir='ltr'><strong>nti.</strong></span> <span class='ocrx_word' id='word_1_886' title='bbox 2702 5860 2975 5929; x_wconf 66' lang='lat' dir='ltr'><strong>Exemplis</strong></span> <span class='ocrx_word' id='word_1_887' title='bbox 3006 5859 3354 5928; x_wconf 78' lang='lat' dir='ltr'><strong>conﬁrmare,</strong></span> <span class='ocrx_word' id='word_1_888' title='bbox 3385 5876 3496 5917; x_wconf 85' lang='lat' dir='ltr'><strong>ottn</strong></span> 
     </span>
    </p>
   </div>
   <div class='ocr_carea' id='block_1_123' title="bbox 1892 5930 2544 6003">
    <p class='ocr_par' dir='ltr' id='par_1_123' title="bbox 1892 5930 2544 6003">
     <span class='ocr_line' id='line_1_124' title="bbox 1892 5930 2544 6003; baseline 0.003 -16"><span class='ocrx_word' id='word_1_889' title='bbox 1892 5938 1947 5986; x_wconf 84' lang='lat' dir='ltr'><strong>ct</strong></span> <span class='ocrx_word' id='word_1_890' title='bbox 1980 5939 2221 6003; x_wconf 82' lang='lat' dir='ltr'><strong>tempore</strong></span> <span class='ocrx_word' id='word_1_891' title='bbox 2252 5930 2398 5986; x_wconf 83' lang='lat' dir='ltr'><strong>abuti</strong></span> <span class='ocrx_word' id='word_1_892' title='bbox 2422 5930 2544 5989; x_wconf 87' lang='lat' dir='ltr'><strong>erit.</strong></span> 
     </span>
    </p>
   </div>
  </div>
