3874 6224
253 417 339 469 11,3
1286 421 1370 474 DE
1418 415 1570 470 νιτΑ
1613 415 1892 472 ιιΑτιιυιι
1935 417 2471 481 ΕΜΕΒΠΕΝΞΙΠΜ.

3434 430 3534 482 134

248 546 320 590 tea
344 548 373 587 a
394 544 518 601 rcge
544 532 772 586 fuerant
802 531 1109 596 constituti,
1142 533 1372 588 consilio
1416 529 1687 586 diabolico
1715 543 1842 599 per-
1875 536 1916 588 Α
1949 533 2087 588 atrio
2110 573 2126 600 ,
2155 550 2278 591 mox
2333 553 2456 593 cum
2507 537 2710 605 ingenti
2759 536 3103 592 multitudine
3157 538 3536 608 perspicaciter

244 625 420 683 suasit.
449 636 661 689 eosque
711 625 788 678 de
837 624 1232 680 catholicorum
1284 623 1499 693 agmine
1539 637 1603 676 ac
1632 621 1838 690 gremio

244 713 509 773 catholici:
565 711 832 769 Ecclesia:
885 731 1013 769 cum
1067 713 1440 768 innumerabili
1499 713 1842 767 multitudine

248 806 417 877 populi
445 806 755 873 separavit,
782 816 838 859 et
867 816 892 843 ι
915 817 1105 861 contra
1134 804 1388 860 famulum
1414 805 1507 858 Dei
1539 803 1839 859 Massonam

245 894 542 964 episeopuni
575 893 931 949 fraudulenta
981 893 1228 957 consilia,
1260 894 1494 963 qualiter
1518 907 1644 948 eum
1674 893 1842 946 inter-

255 987 487 1045 beerent,
537 985 960 1037 commentarit.
994 982 1148 1038 Tunc
1184 983 1377 1039 deinde
1405 984 1470 1038 ad
1496 999 1617 1040 eum
1649 997 1846 1052 pueros

249 1090 365 1132 Suos
391 1076 534 1130 misit
561 1115 578 1139 ,
608 1085 669 1131 et
707 1079 866 1144 quasi
894 1094 960 1133 ex
993 1077 1186 1133 allecto
1217 1079 1497 1132 charitatis
1528 1079 1596 1131 ad
1624 1078 1844 1132 domum

247 1183 384 1223 suam
429 1183 526 1237 pro
567 1167 784 1223 eisdem
829 1171 1016 1223 venire
1048 1170 1286 1235 rogavit,
1330 1177 1387 1222 ut
1433 1168 1629 1223 ibidem
1675 1168 1845 1221 virum

252 1261 333 1315 Dei
377 1259 760 1314 crudelissima
813 1272 987 1315 morte
1033 1261 1356 1329 perimeret;
1387 1261 1477 1330 qui
1519 1276 1641 1316 cum
1672 1262 1850 1314 venis-

167 1355 180 1372 '
248 1363 391 1416 sent,
420 1354 581 1421 eique
639 1354 1068 1423 suggessissent,
1101 1369 1225 1406 mox
1269 1355 1350 1406 vir
1399 1353 1492 1406 Dei
1541 1351 1727 1420 spiritu
1757 1349 1849 1404 Dei

250 1444 505 1513 repletus,
540 1445 845 1499 consilium
877 1459 1064 1498 eorum
1095 1442 1357 1496 intellex't
1381 1481 1396 1505 ,
1427 1452 1483 1496 et
1520 1441 1699 1495 statim
1732 1441 1807 1493 ait
1835 1457 1848 1492 :

251 1533 352 1604 Εεη
381 1533 503 1587 illuc
528 1533 688 1587 abire
717 1533 886 1588 modo
909 1533 1128 1586 minime
1154 1547 1396 1600 possum,
1428 1532 1552 1600 quia
1579 1540 1682 1590 est.
1708 1531 1852 1600 quod

248 1638 339 1694 pro
363 1621 697 1676 utilitatibus
711 1623 994 1678 catholicn
1020 1621 1272 1676 Ecclesia:
1294 1621 1580 1692 disponere
1596 1623 1850 1686 debeam;

1945 646 2241 700 properans
2269 633 2466 699 adfuit,
2494 632 2746 702 idemque
2774 647 2896 686 cum
2926 632 3008 686 vir
3038 632 3261 687 illustris
3288 631 3540 687 Claudius

1943 719 2138 772 atrium
2168 720 2446 775 introisset
2473 759 2488 783 ,
2518 720 2764 789 protinus
2793 728 2849 773 et
2876 719 2950 772 illi
2977 759 2992 782 ,
3024 720 3115 789 qui
3145 735 3304 789 supra
3337 735 3543 776 memo-

1944 808 2045 862 rati
2070 817 2214 874 sunt,
2244 825 2365 864 cum
2399 810 2703 878 ingentibus
2730 809 2964 865 catervis
2986 810 3168 880 populi
3195 811 3540 879 introierunt,

1946 913 2011 954 ac
2038 899 2230 955 deinde
2259 901 2494 955 salutato
2517 901 2636 955 viro
2657 916 2722 956 ex
2747 917 2898 956 more
2931 901 3246 955 resederunt
3271 919 3285 968 ;
3310 917 3544 972 cumque

1946 988 2067 1056 diu,
2101 993 2436 1061 multumque
2481 992 2779 1046 residentes
2806 992 2870 1046 ad
2903 993 3129 1045 invicem
3161 992 3542 1060 loquerentur,

1950 1080 2089 1134 idem
2107 1080 2220 1150 jam
2245 1081 2418 1137 dictus
2441 1081 2774 1145 Wittericns,
2796 1081 3007 1149 juvenis
3031 1079 3373 1148 fortissimus,
3397 1091 3544 1138 stans

1952 1182 2072 1242 post
2101 1173 2374 1241 scapulam
2401 1173 2602 1242 egregii
2634 1173 2729 1225 viri
2761 1171 2966 1225 Claudii
2998 1171 3184 1235 ducis,
3215 1180 3274 1225 ut
3305 1181 3429 1241 pote
3454 1173 3543 1240 jtt-

1949 1266 2139 1320 venior
2169 1266 2347 1320 adhuc
2374 1275 2555 1332 :etate,
2587 1265 2815 1319 reddens
2844 1265 3160 1332 obsequium
3191 1264 3545 1328 seniori,itno

1953 1357 2202 1412 nutritori
2249 1373 2349 1412 suo
2377 1375 2393 1424 ;
2435 1357 2670 1426 gladium
2699 1371 2806 1424 quo
2838 1356 3109 1410 accinctus
3139 1364 3256 1410 erat
3284 1365 3400 1410 toto
3428 1355 3546 1410 nisu

1953 1464 1984 1502 e
2011 1448 2200 1516 vagina
2219 1463 2316 1502 sua
2334 1449 2568 1502 educere
2583 1446 2792 1512 maluit,
2812 1455 2870 1500 ut
2885 1455 3130 1500 sanctum
3145 1445 3446 1500 Massonam
3477 1447 3550 1500 si-

1955 1538 2174 1605 mulque
2195 1545 2250 1591 et
2271 1535 2552 1592 Claudium
2575 1537 2889 1605 (secundum
2905 1536 3048 1605 quod
3062 1536 3337 1590 definitum
3353 1534 3550 1604 fuerat)

1958 1627 2272 1693 trucidaret;
2290 1627 2383 1681 sed
2398 1636 2530 1681 nutu
2562 1627 2654 1679 Dei
2688 1628 2758 1679 ita
2779 1627 2986 1694 gladius
3009 1627 3061 1681 in
3086 1627 3277 1694 vagina
3297 1627 3553 1680 astrictus

248 1726 298 1772 at
339 1717 382 1770 si
431 1730 516 1770 me
564 1713 856 1770 desiderat
901 1715 1116 1781 videre,
1146 1715 1251 1770 huc
1293 1715 1344 1770 in
1374 1716 1568 1769 atrium
1602 1713 1857 1769 Ecclesiae
1957 1725 2144 1784 est,ut
2160 1725 2442 1787 putaretur
2463 1715 2971 1772 clavislerreiscum
2990 1730 3053 1768 ea
3071 1714 3234 1770 fuisse
3255 1714 3548 1781 confixum,

250 1810 442 1872 veniat,
491 1817 546 1864 et
598 1808 1069 1879 quemadmodum
1114 1809 1260 1873 vult,
1305 1809 1379 1863 ita
1421 1823 1509 1862 me
1541 1807 1742 1861 videbit
1773 1824 1786 1862 :
1821 1807 1856 1862 ii

1959 1823 2190 1876 cumque
2204 1809 2294 1862 diu
2327 1808 2660 1876 multumque
2703 1820 2886 1860 ensem
2929 1805 3162 1861 educere
3187 1806 3468 1872 voluisset,
3498 1816 3552 1859 et

249 1917 368 1958 vero
413 1900 506 1969 qui
554 1901 718 1955 missi
766 1898 982 1955 fuerant
1010 1898 1298 1954 redeuntes
1325 1915 1387 1953 ea
1417 1913 1538 1968 quae
1569 1899 1858 1954 audierunt
1890 1917 1936 1978 Β
1962 1901 2184 1956 omnino
2226 1899 3187 1968 nonvaluisset,cmperuntauctores
3214 1897 3374 1968 hujus
3403 1898 3552 1968 pravi

251 1991 698 2046 renuntiaverunt
717 2031 734 2056 ,
764 2005 997 2060 cumque
1023 1991 1138 2044 haec
1164 1989 1477 2050 audivisset,
1506 1987 1850 2057 supradictos

250 2082 490 2146 comiteS,
523 2097 654 2136 cum
692 2081 889 2149 quibus
916 2089 1163 2135 sanctum
1193 2079 1364 2133 virum
1397 2075 1703 2132 interficere
1732 2075 1853 2129 dis-

251 2176 492 2244 ponebat,
523 2171 594 2226 ad
619 2173 850 2227 domum
879 2187 1030 2227 suam
1062 2173 1310 2241 protinus
1338 2169 1552 2236 ascivit,
1579 2169 1767 2235 eisque
1795 2174 1854 2220 ut

251 2265 311 2320 ad
337 2264 529 2320 atrium
563 2279 679 2318 una
723 2278 846 2318 cum
888 2277 956 2317 eo
1000 2268 1290 2333 pergerent
1328 2259 1506 2325 dixit;
1558 2259 1630 2312 ita
1673 2267 1852 2310 tamen

253 2372 364 2413 cum
392 2356 470 2411 eis
498 2354 662 2425 prius
694 2353 942 2409 definivit
964 2393 978 2416 ,
1011 2360 1070 2406 ut
1096 2351 1224 2406 dum
1273 2350 1469 2404 atrium
1520 2348 1854 2414 introirent,

255 2462 382 2503 unus
433 2461 500 2500 ex
547 2445 698 2509 illis,
727 2444 817 2500 cui
848 2443 873 2482 δ
897 2442 1214 2497 Wittericns
1265 2455 1461 2496 nomen
1520 2448 1676 2505 erat,
1707 2452 1728 2478 ο
1759 2437 1855 2508 qui

253 2537 402 2594 etiam
433 2547 560 2606 post
607 2551 711 2590 rex
767 2533 1071 2589 Gothorum
1120 2531 1221 2587 fuit
1267 2538 1523 2601 exempto
1569 2529 1750 2600 gladio
1799 2531 1854 2584 in

255 2629 615 2686 beatissimum
679 2628 856 2683 virum
915 2641 1025 2682 uno
1070 2625 1181 2681 ictu
1242 2625 1746 2690 transverberaret,
1798 2629 1857 2676 ut

255 2723 480 2777 secando
511 2736 660 2790 opus
695 2734 802 2773 non
831 2726 995 2774 esset.
1020 2715 1154 2771 Cum
1179 2723 1359 2770 autem
1383 2713 1689 2784 hujusmodi
1719 2727 1855 2768 con-

255 2814 364 2868 tilio
384 2812 492 2879 jam
524 2812 738 2868 dictum
767 2809 1110 2866 Wittericum
1153 2807 1519 2874 informasset,
1564 2806 1630 2861 ad
1660 2806 1855 2860 atrium

255 2904 414 2960 sancti
485 2901 741 2973 episcopi
799 2917 911 2956 uno
967 2901 1150 2954 animo
1205 2899 1508 2967 eademque
1581 2897 1854 2954 sententia

256 3010 432 3050 omnes
459 2995 627 3049 simul
661 3003 1050 3064 perrexerunt;
1077 2992 1309 3061 quicum
1334 2992 1608 3046 venissent
1630 3000 1684 3045 et
1713 2991 1858 3045 illico

258 3086 449 3156 ingredi
507 3086 840 3151 voluissent,
878 3085 1133 3156 prohibiti
1181 3091 1341 3148 sunt,
1388 3093 1532 3137 etut
1585 3082 1860 3153 paulisper

257 3195 346 3247 pro
374 3177 580 3233 foribus
613 3185 996 3248 exspectarent
1022 3177 1283 3231 admoniti
1305 3185 1431 3229 sunt
1455 3217 1470 3241 ,
1503 3176 1858 3246 quoadusque

1961 1993 2172 2048 consilii
2203 1993 2366 2047 tacite
2377 1991 2632 2046 admirari
2651 2007 2746 2046 cur
2765 1990 3076 2046 Wittericus
3090 1989 3235 2060 quod
3251 1987 3426 2045 fuerat
3442 1991 3556 2060 pol-

1956 2084 2143 2140 licitus
2162 2083 2384 2138 minime
2397 2081 2735 2152 adimplerct,
2753 2095 2986 2150 eumque
2997 2081 3267 2136 subtiliter
3287 2079 3459 2135 oculis
3473 2079 3553 2135 in-

1957 2181 2169 2228 tuentes
2181 2174 2350 2242 magis
2363 2173 2638 2241 magisque
2662 2173 3016 2226 hortabantur
3033 2180 3090 2225 ut
3108 2179 3312 2226 tantum
3334 2170 3482 2227 nefas
3502 2179 3554 2226 et

1955 2272 2064 2318 tam
2095 2264 2330 2318 immane
2360 2263 2630 2331 piaculum
2665 2261 3045 2317 incunctanter
3072 2271 3286 2332 patrare
3323 2263 3548 2318 deberet

1956 2353 2059 2425 [An
2091 2350 2371 2423 auderet?]
2403 2362 2458 2407 et
2489 2353 2774 2421 prmdictos
2813 2351 2960 2406 viros
2989 2351 3169 2420 gladio
3199 2351 3554 2408 animadverti

1960 2443 2268 2500 nullatenus
2298 2443 2614 2499 formidaret
2642 2461 2656 2510 ;
2683 2443 2750 2496 ad
2774 2457 3004 2513 quorum
3036 2442 3216 2512 itaque
3243 2442 3554 2497 crudelissi-

1957 2549 2099 2588 mam
2125 2535 2565 2589 exhortationem
2611 2534 2807 2588 iterum
2835 2542 2997 2602 atque
3031 2535 3224 2588 iterum
3259 2545 3281 2571 ε
3312 2533 3556 2602 spatham

1958 2641 2110 2682 suam
2141 2641 2173 2681 e
2202 2625 2394 2694 vagina
2425 2627 2554 2680 totis
2585 2626 2787 2680 viribus
2817 2625 3049 2680 educere
3074 2626 3265 2691 voluit,
3292 2625 3386 2679 sed
3417 2641 3556 2678 nuu-

1957 2735 2118 2791 quam
2144 2721 2353 2791 potuit;
2379 2734 2610 2789 cumque
2642 2719 2745 2773 hoc
2766 2719 3108 2788 supradictus
3131 2719 3344 2790 juvenis
3371 2736 3556 2776 cerne-

1958 2822 2084 2879 ret,
2108 2813 2278 2868 sensit
2306 2812 2490 2866 divino
2519 2825 2742 2865 munere
2768 2809 3004 2879 gladium
3035 2811 3199 2866 fuisse
3233 2811 3513 2866 astrictum
3536 2853 3552 2881 ,

1960 2913 2019 2960 ut
2045 2920 2206 2975 quem
2234 2919 2447 2974 semper
2466 2903 2579 2958 suis
2601 2903 2784 2957 usibus
2809 2911 2992 2972 aptum
3020 2903 3272 2967 habebat,
3306 2912 3432 2957 tunc
3461 2904 3556 2957 mi-

1964 2999 2107 3052 nime
2138 2997 2372 3052 educere
2400 2997 2550 3066 potui
2583 3005 2660 3051 set
2691 3036 2708 3062 ,
2739 3007 2793 3050 ct
2821 2997 2908 3051 hic
2938 2995 2990 3050 in
3023 3004 3301 3065 stuporem
3335 2995 3556 3049 nimium

1961 3102 2254 3143 conversus
2281 3087 2569 3157 expalluit;
2598 3095 2850 3142 auctores
2876 3101 3004 3141 vero
3030 3086 3188 3155 hujus
3208 3101 3259 3139 ιιι
3277 3083 3418 3138 fandi
3443 3099 3556 3139 sce-

1962 3178 2117 3241 leris,
2175 3185 2232 3230 ut
2269 3179 2518 3231 viderunt
2553 3177 2568 3215 ί
2601 3179 3050 3232 concinnatioues
3098 3177 3180 3230 sui
3233 3174 3550 3244 nequissimi

256 3271 742 3327 sanctusllassona
786 3270 852 3324 ad
879 3267 902 3306 δ
931 3269 1214 3323 Claudium
1245 3269 1418 3323 virum
1465 3268 1852 3332 clarissimum,
1882 3297 1929 3360 Ο
1961 3269 2180 3324 consilii
2233 3269 2414 3323 divino
2439 3268 2642 3338 judicio
2689 3269 2852 3322 luisse
2899 3265 3208 3332 frustratas,
3255 3267 3397 3320 illico
3437 3281 3556 3319 sur~

257 3363 432 3420 ducem
465 3361 831 3418 Emeritensis
863 3360 1098 3416 civitatis
1129 3361 1387 3426 mitteret,
1423 3369 1563 3416 uteo
1586 3367 1854 3429 prasente

258 3469 310 3511 te
349 3455 552 3510 mutuis
599 3453 934 3521 alternisque
982 3461 1271 3508 cernerent
1322 3451 1653 3522 aspectibus.
1707 3449 1853 3504 Idem

259 3559 378 3600 vero
429 3543 698 3599 Claudius
742 3543 910 3600 nobili
965 3556 1163 3612 genere
1218 3551 1389 3608 ortus,
1445 3541 1703 3596 Romanis
1756 3541 1855 3594 fuit

261 3639 565 3708 parentibus
586 3639 938 3708 progenitus;
957 3635 1223 3691 existebat
1242 3650 1467 3705 prorsus
1497 3633 1601 3690 fide
1628 3633 1857 3689 catholi-

261 3745 364 3796 σω,
395 3739 449 3784 et
478 3729 764 3799 religionis
784 3727 1014 3782 vinculis
1037 3725 1247 3781 fortiter
1268 3726 1544 3786 astrictus.
1577 3727 1630 3778 in
1661 3723 1858 3794 praeliis

261 3830 502 3877 amntis
529 3863 546 3886 ,
592 3822 648 3875 in
689 3821 884 3874 timore
929 3817 1023 3873 Dei
1070 3818 1226 3874 valde
1274 3818 1749 3888 promptissimus,
1801 3817 1855 3870 in

262 3912 441 3968 bellica
471 3914 655 3967 studia
703 3913 947 3970 eruditus
967 3953 982 3976 ,
1011 3914 1064 3969 in
1092 3916 1270 3970 causis
1301 3913 1478 3986 (Fort.
1506 3915 1675 3984 ausis)
1706 3913 1859 3969 belli-

262 4003 336 4057 cis
361 4003 715 4058 nihilominus
745 4007 1109 4068 exercitatus;
1161 4021 1393 4075 cumque
1422 4005 1594 4060 eidem
1641 4005 1853 4059 nuntia-

266 4099 369 4147 tum
420 4091 644 4161 fuisset,
677 4095 803 4163 quia
849 4092 1040 4149 domus
1069 4095 1189 4164 ejus
1235 4093 1394 4149 valde
1438 4092 1694 4161 contigua
1741 4097 1858 4147 erat

265 4231 554 4300 prouincias
594 4247 621 4282 r
651 4229 913 4300 gutttilib.
956 4245 1013 4294 tt,
1060 4229 1120 4285 C.
1157 4230 1237 4284 tit.
1273 4229 1360 4284 M.
1402 4230 1476 4285 De
1503 4228 1818 4297 Wisigotltis
1842 4267 1857 4293 ,

267 4299 496 4369 ipsorum
547 4299 725 4369 legum
772 4299 955 4355 Codex
1001 4317 1108 4356 non
1157 4301 1325 4355 semel
1353 4301 1578 4355 ciuitatis
1619 4303 1860 4354 comitem

268 4368 414 4439 ιρωι
441 4383 562 4437 πα-
592 4369 649 4424 3.
681 4368 789 4428 Τίι.
822 4369 857 4423 4
887 4372 978 4426 lib.
1010 4388 1138 4436 xvn,
1169 4372 1344 4439 qualis
1369 4371 1668 4425 Waldrieus
1690 4387 1861 4423 cornea

271 4438 528 4510 Toletth
553 4442 800 4508 ciuitatis,
849 4444 936 4508 qui
972 4443 1164 4498 concil.
1193 4438 1376 4496 Tolet.
1413 4458 1468 4496 ιιι
1500 4441 1858 4510 subscripsit;

268 4509 412 4578 cujus
440 4512 612 4566 moris
639 4511 864 4579 vestigia
897 4515 1058 4566 etiam
1089 4513 1228 4581 apud
1261 4511 1642 4567 Misti-Arabes
1664 4509 1863 4564 Mauris

269 4595 439 4634 rerum
489 4581 824 4650 patientibus
865 4583 1187 4638 remansisse
1231 4584 1381 4637 testis
1431 4591 1513 4636 est
1563 4581 1862 4636 Servandus

269 4651 1649 4744 ἵῖξξῖἓέυέὲἷῖῗνδῗὲθπῖ-³δ.δέί².’1¹1⁶ίζξε¹¹¹δθε⁸1ῗ⁴ῗξῖ¹
1667 4651 1857 4744 999°?!
1895 4689 1944 4744 υ

271 4730 508 4789 tempore
557 4722 769 4787 pnrfat.
811 4723 899 4777 lib.
947 4739 980 4777 ιι
1033 4722 1261 4792 Apolog.
1310 4721 1446 4777 Hinc
1492 4722 1646 4777 initio
1687 4730 1857 4775 tracta

269 4791 602 4872 armetudo
653 4792 794 4870 apud
844 4807 997 4862 rcges
1032 4802 1262 4872 _nostros
1304 4795 1533 4872 comites
1589 4791 1859 4872 eligendi,

268 4876 400 4934 qtae
427 4863 654 4934 nimium
689 4863 800 4934 jam
832 4865 1101 4928 excrevit,
1130 4877 1356 4934 qumque
1384 4863 1565 4919 notior
1589 4871 1672 4918 est
1699 4875 1858 4930 quam

273 4942 325 4985 ut
351 4931 437 4987 hic
466 4933 641 4999 repeti
679 4931 892 4986 debeat.

338 5015 360 5036 ⁶
389 4999 589 5074 Contr_a
637 5002 889 5071 [aritulurn
934 5002 1033 5057 Dei
1085 5004 1248 5059 Musa.
1307 5007 1467 5072 episc.
1527 5004 1860 5074 fraudulenta

271 5073 506 5144 consilia.
536 5069 670 5126 Rem
693 5081 1186 5144 accuratenarrant
1207 5069 1395 5130 Mora].
1425 5069 1635 5139 libfxn,
1661 5091 1779 5144 cap.
1800 5075 1857 5141 ’ἒς

276 5140 469 5197 Padilla
501 5151 648 5198 cent.
679 5157 751 5205 vt,
781 5157 901 5214 cap.
930 5142 1019 5214 55,
1051 5155 1106 5200 et
1143 5148 1377 5200 Mariana
1410 5145 1504 5200 lib.
1536 5161 1587 5210 v,
1613 5140 1854 5214 capi“,

274 5214 528 5267 multatis
556 5222 736 5266 tamen
768 5228 796 5265 a
833 5211 996 5266 Paulo
1022 5215 1218 5270 verbis.

343 5282 368 5354 ξ
399 5281 825 5354 Νἱιιιιςὶίκιὸἰς
847 5288 1158 5337 ettnutnntis
1171 5301 1305 5354 quos
1326 5285 1502 5340 habeo
1539 5285 1678 5354 lego,
1694 5287 1858 5341 etiam

280 5353 322 5407 ai
349 5353 399 5407 in
424 5355 547 5408 aliis
577 5350 846 5407 Witiricus
891 5364 940 5407 et
983 5350 1258 5410 l’ictericus
1291 5358 1541 5411 distincte
1560 5397 1576 5424 ,
1596 5350 1710 5410 ’δεά
1738 5373 1863 5412 cor-

282 5431 428 5478 rlotc
450 5424 682 5478 leuatur.

348 5434 833 5576 Εωριέεὲπῖξιὶαηι
860 5509 952 5548 rex
977 5491 1131 5574 (Iolla.
1146 5495 1282 5632 [{uit.
1320 5494 1446 5548 Post
1488 5495 1687 5550 Liwam
1721 5496 1856 5550 Rec-

348 5563 451 5619 retlt
480 5563 670 5628 filium,
700 5583 850 5632 quem
876 5568 928 5620 in
955 5580 1122 5632 primo
1183 5581 1273 5619 ore
1295 5566 1653 5620 adoleaccntia:
1678 5566 1856 5620 Wilte—

281 5563 451 5637 ωαιι
480 5563 670 5628 ﬁlium,
700 5583 850 5637 quem
876 5568 928 5620 in
955 5569 1122 5637 primo
1146 5563 1273 5632 ﬂore
1295 5566 1653 5620 adoleaccntia:
1678 5566 1860 5620 Witte—

283 5635 410 5690 γεω
429 5645 636 5707 sumpta
663 5635 944 5707 tyrannide
969 5636 1246 5690 innocuum
1271 5653 1427 5706 regno
1449 5637 1652 5707 dejecit,
1675 5638 1836 5706 preci

285 5667 410 5690 10*
429 5667 636 5704 "II."
663 5667 943 5707 ,91111111⁸1ιῦ
969 5667 1246 5690 ιηηυισιυυη
1271 5667 1427 5706 lcyuv
1449 5667 1652 5707 πλειη,
1675 5667 1799 5706 μηδι
1818 5667 1863 5690 ι’

285 5720 430 5778 aequ
475 5705 586 5777 ejus
637 5707 729 5759 ἀει
742 5716 850 5760 tera
900 5707 1088 5762 occidit
1110 5747 1126 5772 ,
1176 5716 1310 5762 teste
1355 5707 1558 5761 Isidoro
1603 5723 1730 5762 ann.
1759 5707 1859 5761 (ill

285 5774 471 5832 Chron.
494 5775 728 5829 Gnther.

419 5793 471 5832 II.
494 5792 728 5829 IIOUIOI'.

346 5847 372 5884 ⁴
397 5850 473 5902 Ad
492 5846 777 5902 Claulium
811 5845 874 5900 ν.
904 5847 984 5900 Cl.
1017 5850 1197 5903 ducent
1242 5846 1577 5900 Emeritmsia
1617 5847 1862 5901 cit-italis.

291 5914 464 5975 l'aultts'
506 5917 741 5975 [iutilius
771 5919 825 5972 in
854 5918 948 5972 lih—
971 5921 1187 5976 rebertu
1215 5919 1279 5975 de
1310 5917 1552 5986 Longino
1577 5958 1593 5984 ,
1635 5921 1719 5984 qui
1755 5916 1863 5972 Ila-

1959 3371 2242 3425 rexerunt,
2275 3377 2339 3416 ac
2365 3359 2748 3416 valefacientes
2778 3361 2844 3414 ad
2874 3359 3067 3414 domos
3095 3375 3221 3414 suas
3251 3373 3374 3413 cum
3404 3372 3558 3412 ama-

1957 3457 2202 3513 ritudine
2233 3457 2536 3513 redierunt.

2530 3565 2761 3624 CAPUT
2798 3565 2986 3621 XVa".

1960 3701 2159 3757 Iterum
2191 3702 2441 3759 Mauona
2468 3702 2720 3758 liberatur
2745 3703 2809 3756 ab
2836 3704 3040 3756 insidiis
3063 3703 3261 3757 Sunnw
3290 3719 3382 3772 ope
3408 3703 3562 3757 Clau-

2031 3794 2104 3848 dii
2152 3795 2295 3848 ducia
2347 3792 2726 3858 Emeritensis;
2796 3793 2980 3847 Junna
3033 3801 3271 3861 pertinax
3318 3808 3367 3845 et
3418 3793 3563 3846 exsul

2031 3886 2154 3942 obiit
2204 3888 2258 3940 in
2307 3884 2676 3950 Mauritania;
2737 3884 2947 3940 Vacrila
3013 3885 3180 3937 socius
3227 3884 3457 3937 criminis
3505 3885 3563 3953 fit

2029 3981 2344 4051 mancipium
2385 3977 2652 4034 Ecclesiae.

2032 4091 2248 4162 illisque
2273 4092 2502 4147 reversis
2534 4090 2846 4147 Wittericus
2885 4105 3009 4146 cum
3040 4089 3118 4145 eis
3147 4088 3367 4143 minime
3411 4086 3563 4156 abiit,

1961 4243 2140 4283 venum
2167 4241 2310 4279 more
2340 4223 2626 4277 Gothorum
2655 4223 2826 4276 sedem
2871 4221 2968 4275 sibi
3003 4221 3161 4291 legit,
3188 4236 3356 4291 suum
3387 4221 3562 4291 cuique

1961 4298 2074 4352 urbi
2123 4298 2481 4366 magistratum
2511 4294 2676 4361 dedit,
2703 4293 2787 4362 qui
2817 4295 2982 4366 duces
3009 4289 3562 4366 vocitabanturzjam

1965 4369 2104 4439 apud
2119 4359 2493 4439 Goibosjttter
2510 4359 2809 4439 praecipuos
2823 4364 3090 4439 palatinos
3109 4366 3215 4439 dux
3239 4361 3366 4439 ἰδία·
3381 4359 3563 4414 Wmu-

1965 4429 2046 4494 bin
2063 4449 2307 4505 tempore
2333 4429 2535 4490 Paulus
2559 4429 3058 4505 duxNarbonensis
3077 4431 3218 4505 apud
3251 4429 3560 4505 Tudeusem

1965 4519 2020 4564 et
2051 4499 2374 4562 Rutlericum
2400 4507 2640 4576 episcop.
2673 4514 2727 4560 et
2774 4504 3064 4576 Reccaredi
3114 4499 3371 4576 Claudius
3408 4499 3564 4576 Eme:

1966 4578 2182 4634 ritensis
2233 4579 2376 4632 urbs
2421 4572 2566 4647 apud
2588 4572 2866 4631 nostrum.
2911 4574 3028 4630 Vid.
3070 4589 3188 4642 quin
3229 4573 3298 4626 ad
3348 4589 3471 4643 cap.
3504 4572 3564 4627 l9

1967 4651 2162 4704 dieatn.

2043 4730 2066 4756 ο
2097 4719 2372 4787 Spatium.
2423 4716 2540 4783 Qua
2581 4715 2932 4787 Witterieus,
2962 4724 3020 4769 ut
3048 4728 3233 4768 comes
3259 4755 3275 4779 ,
3321 4728 3387 4767 ex
3420 4729 3560 4782 piac-

1966 4785 2170 4858 scripto
2213 4791 2388 4856 legum
2419 4785 3030 4858 Gothicarum‘debebat
3079 4800 3198 4838 esse
3249 4793 3560 4838 Instructus.

1969 4855 2091 4914 Lib.
2137 4875 2208 4920 Ix.
2244 4855 2322 4912 tit.
2371 4858 2424 4924 2,
2459 4859 2561 4920 leg.
2589 4858 2685 4910 ult.
2716 4856 2943 4925 Wiseg.,
2989 4855 3117 4915 dux,
3161 4869 3330 4908 cornea
3357 4895 3373 4912 .
3413 4862 3563 4924 atque

1965 4932 2273 5001 gardingua,
2302 4938 2436 4994 etc.,
2467 4929 2650 4993 scutis,
2681 4927 2901 4997 spat/tia,
2931 4927 3168 5001 serentis,
3198 4925 3394 4977 lanceis
3419 4962 3435 4986 ,
3469 4940 3560 4977 aa-

1964 4999 2206 5072 Qittisque
2227 5000 2328 5072 sint
2349 5001 2604 5072 instructi.
2624 5001 2762 5052 Sunt
2782 5013 2871 5066 qui
2899 4999 3139 5072 Latinam
3163 5002 3562 5072 vocemputent

1965 5066 2260 5141 apud'lsid.
2322 5086 2407 5123 χιι
2431 5087 2465 5124 ι.
2515 5069 2661 5138 Orig.
2695 5072 2748 5129 (i,
2790 5085 2850 5122 eo
2887 5068 3022 5141 quod
3062 5067 3290 5141 spatioso
3331 5066 3431 5128 ait,
3461 5074 3560 5119 tunc

1963 5135 2066 5214 est,
2099 5142 2206 5194 lata
2231 5151 2280 5192 et
2307 5143 2480 5214 ampltt
2506 5157 2522 5193 :
2552 5135 2909 5214 qu'u_utuntur
2941 5135 3192 5214 Vegetius
3210 5135 3313 5214 ιιι).
3349 5149 3402 5214 tt,
3435 5149 3556 5214 cap.

1964 5205 2060 5279 15,
2086 5221 2141 5265 et
2168 5227 2244 5271 ιιι,
2270 5205 2508 5278 eain-llo;
2538 5205 2794 5279 Apuleius
2818 5226 2834 5263 ι
2865 5217 2920 5279 et
2951 5224 2980 5260 ι
3011 5205 3182 5259 miles.
3209 5205 3480 5279 διεκρίθη.
3503 5205 3560 5279 in

1964 5272 2207 5344 Adriam;
2239 5272 2746 5337 Clninluscnistna
2777 5281 2841 5333 ad
2879 5277 3109 5330 Eborum
3151 5275 3292 5344 np-al
3324 5272 3556 5329 Trebell.

1965 5354 2208 5415 l’ollinn;
2238 5351 2346 5403 alii.
2380 5351 2514 5405 lliuc
2541 5350 2761 5420 Hispani
2786 5359 2804 5402 t
2839 5352 2887 5402 in
2917 5348 3329 5420 denmmutatn,
3356 5353 3411 5398 et
3431 5355 3560 5420 ante

1961 5441 2016 5477 se
2043 5414 2225 5476 addito
2251 5462 2266 5484 ,
2299 5430 2484 5475 nostro
2517 5414 2683 5483 more,
2712 5421 2906 5488 cspada
2930 5417 3153 5488 dicimus
3183 5414 3358 5479 nunc;
3391 5414 3551 5466 olim-

1962 5511 2068 5561 que
2116 5492 2181 5544 lsi
2205 5493 2303 5544 lor.
2350 5493 2475 5544 ibit.
2513 5511 2523 5544 :
2562 5485 2786 5543 Framcn
2824 5505 2940 5541 vero
2983 5485 3188 5557 gladius
3229 5500 3294 5537 ea:
3342 5494 3556 5552 utraque

1963 5575 2121 5634 parte
2135 5571 2340 5634 neut-ca.
2385 5580 2538 5632 qnam
2574 5562 2718 5634 vulgo
2765 5569 2966 5634 spetam
2998 5565 3194 5634 rorant.

2043 5634 2059 5672 ί
2103 5624 2535 5686 Concinnationes
2557 5632 2635 5683 sui
2657 5624 2958 5699 invitissimi
3003 5624 3227 5699 consilii.
3259 5625 3348 5699 Sic
3382 5625 3432 5679 in
3462 5641 3557 5680 sa-

1964 5705 2090 5759 cris.
2127 5701 2318 5756 Psa'm.
2349 5719 2502 5768 χιιι,
2535 5700 2634 5753 l9:
2666 5695 2867 5771 Lingua
2899 5710 2983 5750 tua
3009 5695 3354 5771 concinmbat
3382 5699 3550 5771 dolos,

1965 5786 2024 5828 et
2045 5789 2170 5834 ιλιι,
2194 5771 2228 5826 5
2261 5766 2594 5843 zilnjttslitias
2618 5766 2798 5843 manu}
2829 5777 3010 5824 ucstra:
3024 5769 3333 5843 concinnant
3360 5784 3386 5843 :_
3407 5766 3556 5822 [sane

1971 5860 2134 5907 xtxn,
2166 5843 2197 5895 7
2225 5862 2237 5895 :
2274 5837 2394 5913 Ipse
2412 5846 2548 5896 enim
2577 5841 2924 5913 «agitationes
2949 5840 3273 5913 concinnavit
3315 5837 3386 5892 ad
3432 5851 3552 5908 pro

1971 5917 2194 5970 dendum
2226 5909 2370 5970 milia
2414 5915 2466 5967 in
2511 5909 2747 5968 axrtnone
2774 5909 3004 5964 mendaci
