3874 6224
252 357 352 412 13.5

1379 345 1508 403 PAIJ
1521 346 1582 400 LI
1645 343 2018 400 EMEBITANI
2066 344 2336 402 DIACONI

3451 320 3564 376 1316

247 475 340 531 sed
390 470 571 526 statim
622 464 1003 524 tremelmndus
1052 460 1120 515 ad
1170 458 1334 531 pedes
1377 462 1481 514 vlrt
1526 454 1851 514 sanctissimi
1882 445 2083 509 Acum
2142 447 2391 502 similiter
2441 445 2755 515 episcopum
2810 442 2941 498 nihil
2993 442 3186 497 horum
3242 441 3573 531 opinantem

249 579 510 633 Massone
548 571 782 643 episcopi
813 566 1038 632 corruit,
1080 576 1350 633 omneque
1391 557 1674 615 consilium
1727 565 1855 621 pro-

246 671 420 738 didit,
469 680 527 725 et
571 660 1025 737 quemadmodum
1074 674 1198 714 eum
1248 662 1531 727 percutere
1582 652 1852 706 voluerat,

249 779 349 821 nec
388 760 626 832 gladium
657 760 887 814 educere
917 753 1156 807 valuerat
1182 793 1196 817 ,
1229 747 1512 803 sinceriter
1540 740 1853 812 enarravit;

248 873 371 936 post
418 864 532 919 haec
584 876 705 916 eum
756 858 1010 928 lacrymis
1059 855 1135 909 ait
1182 871 1195 907 :
1238 850 1517 908 Confiteor
1570 852 1853 917 peceatum

248 971 449 1023 Ineum,
497 953 621 1023 quia
672 960 785 1006 tota
837 947 1134 1002 intentione
1166 945 1266 998 hoi-
1297 942 1495 996 malum
1542 948 1855 1008 perpetrare

248 1045 412 1109 volui,
460 1042 556 1099 sed
604 1057 711 1097 non
763 1054 851 1095 me
896 1038 1139 1108 permisit
1169 1035 1343 1097 Deus;
1375 1040 1430 1087 et
1458 1028 1696 1097 adjecit:
1730 1042 1852 1080 nam
1944 1074 1945 1077 η

248 1148 302 1194 et
332 1136 474 1191 aliud
504 1135 764 1190 adversus
794 1143 845 1188 te
873 1133 1253 1201 disposuerunt
1281 1124 1587 1189 consilium,
1641 1129 1697 1175 ut
1726 1122 1853 1189 quia

249 1239 371 1292 dum
417 1237 470 1291 in
517 1237 711 1291 atrimn
759 1233 922 1289 modo
963 1248 1069 1285 non
1105 1227 1534 1299 prmvaluerunt,
1571 1221 1761 1277 saltem
1801 1220 1852 1273 in

250 1333 391 1385 diem
419 1328 842 1386 sacratissimum
874 1324 1094 1378 Pasch-.e
1146 1318 1473 1392 prmvaleant
1500 1334 1511 1368 :
1537 1316 1679 1370 hanc
1722 1326 1855 1367 vero

250 1419 655 1489 dispositionem
687 1415 911 1481 habent,
954 1422 1008 1467 ut
1040 1426 1159 1467 cum
1192 1426 1258 1464 ex
1288 1423 1439 1462 more
1470 1404 1689 1459 Pascha:
1739 1402 1858 1457 hiis.

251 1528 364 1567 sam
410 1508 811 1565 celebraveritis
843 1507 893 1560 in
925 1504 1153 1560 ecclesia
1189 1502 1423 1563 seniore,
1474 1506 1597 1569 post
1632 1498 1851 1551 missam

252 1604 424 1673 (juxta
474 1599 619 1672 quod
667 1614 786 1654 mos
829 1597 936 1665 est)
964 1595 1030 1649 ad
1060 1593 1333 1648 ba~ilicam
1363 1589 1420 1645 S.
1459 1587 1677 1643 Eulaliae
1706 1602 1767 1657 ps
1802 1586 1850 1639 l-

252 1705 412 1761 lendo
454 1720 574 1760 cum
605 1703 750 1757 omni
784 1700 984 1773 populo
1010 1699 1283 1755 catholico
1321 1694 1713 1767 processeritis,
1755 1693 1853 1747 ho-

1955 537 2388 608 comprebendit,
2419 550 2655 606 eumque
2683 535 2849 590 arduo
2886 532 3297 589 custodiendum
3327 528 3387 583 S.
3419 528 3575 582 Mas-

1954 643 2104 685 sonzc
2129 630 2385 699 episcopo
2415 627 2705 695 delegavit,
2753 626 3025 694 similique
3071 624 3233 678 modo
3281 621 3576 677 universos

1958 720 2192 790 collegas
2219 719 2336 787 ejus
2361 718 2622 773 custodia:
2652 716 3001 787 mancipavit,
3031 713 3375 768 Wittcricum
3407 727 3571 773 vero,

1956 814 2046 878 qui
2105 812 2459 866 nef-unlorum
2520 810 2805 866 coasilimn
2871 808 3276 873 manifesta‘it,
3329 805 3575 859 libi-runt

1956 903 2104 957 abire
2134 903 2419 973 praecepit;
2470 912 2526 956 et
2570 903 2753 956 omnia
2800 901 2962 971 igitur
3004 915 3125 968 qum
3172 899 3383 953 fuerant
3412 906 3577 962 gesta

1955 995 2259 1049 orthodoxo
2310 994 2532 1063 principi
2583 992 2895 1047 lleccaredo
2923 990 3177 1045 Claudius
3206 988 3314 1042 dux
3344 988 3576 1042 intima-

1955 1089 2052 1152 vit,
2084 1097 2250 1156 atque
2280 1096 2338 1140 ut
2365 1094 2612 1156 porrecta
2641 1084 2927 1139 confestim
2976 1080 3180 1137 decreti
3216 1079 3488 1133 sententia
3522 1077 3578 1130 ci

1956 1179 2276 1248 principeret
2326 1176 2451 1247 quid
2500 1177 2567 1230 de
2618 1175 2862 1230 hostibus
2913 1170 3130 1228 Domini
3181 1168 3309 1225 Jesu
3363 1166 3582 1221 Christi

1959 1270 2072 1323 lii-ri
2123 1270 2367 1332 deberet,
2418 1266 2705 1335 suggessit.
2759 1266 2873 1320 Rex
2922 1278 3051 1318 vero
3102 1258 3407 1330 hujusmodi
3439 1270 3578 1324 sug-

1955 1371 2256 1431 gestionem
2320 1361 2613 1431 accipiens,
2664 1360 2825 1413 talem
2872 1356 3024 1412 dedit
3068 1353 3398 1410 sententiam
3439 1370 3455 1404 :
3508 1346 3583 1404 Ut

1954 1455 2157 1520 cuncti,
2207 1453 2456 1509 omnibus
2496 1452 2835 1524 patrimoniis
2883 1448 2968 1504 vel
3007 1447 3305 1503 honoribus
3349 1442 3578 1516 privati.

1956 1547 2146 1601 exsilio
2178 1546 2360 1601 multis
2407 1546 2632 1602 vinculis
2678 1543 2870 1600 ferreis
2895 1542 3177 1599 constricti
3225 1540 3580 1609 legarentur;

1956 1626 2195 1692 Sunnain
2242 1653 2372 1693 vero
2420 1637 2946 1708 pseudoepiscopum
2988 1634 3408 1689 exhortareutur
3434 1646 3583 1687 eon-

1956 1729 2092 1783 verti
2123 1729 2190 1782 ad
2223 1727 2384 1782 fidem
2414 1727 2739 1782 catholicam
2765 1744 2778 1779 :
2805 1736 2879 1791 et,
2908 1726 2953 1780 si
2984 1731 3420 1791 converteretur,
3444 1731 3585 1778 tunc

252 1813 427 1855 """95
453 1812 640 1852 eorm“
686 1795 753 1848 ad
797 1800 1007 1861 ponam
1053 1788 1439 1890 ei'musncu'.“
1471 1784 1653 1890 ":"ms
1885 1813 1929 1872 Β
1958 1819 2174 1873 demum
2222 1819 2271 1873 ei
2322 1818 2639 1890 praeciperet
2667 1825 2727 1871 ut
2755 1782 3128 1885 pteriitentiam
3168 1824 3373 1884 ageret,
3406 1782 3462 1869 et
3491 1829 3585 1868 saa

250 1893 376 1949 stris
404 1890 611 1947 onustis
657 1886 869 1956 gladiis,
917 1892 973 1940 et
1011 1882 1255 1939 vectibus
1282 1877 1614 1935 dissimulata
1646 1874 1853 1930 ca‘lidi-

252 1994 384 2048 tale,
416 1984 569 2054 (ιιιθεὶ
600 1982 866 2037 frumenta
899 1978 1161 2040 deferant,
1210 1974 1396 2030 statuti
1428 1981 1574 2035 sunt,
1624 1982 1857 2037 cumque

252 2092 349 2127 vos
399 2076 630 2128 inermes
676 2071 992 2142 simpliciter
1022 2066 1413 2140 processeritis,
1462 2062 1638 2117 omnis
1666 2055 1855 2117 éorum

252 2173 452 2243 repleta
483 2186 645 2242 super
673 2185 769 2225 vos
797 2169 967 2225 irruat
1010 2166 1319 2234 multitudo,
1361 2163 1697 2234 arreptisque
1742 2162 1857 2231 gla-

252 2266 353 2319 diis
396 2265 477 2319 vel
520 2264 746 2322 fustibus
783 2280 973 2319 omnes
1012 2262 1215 2331 pariter
1262 2261 1410 2314 viros
1457 2273 1521 2313 ac
1567 2257 1855 2318 mulieres.

252 2372 409 2412 senes
460 2365 516 2411 et
563 2356 851 2425 parvulos,
898 2354 1103 2411 crudeli
1148 2360 1324 2407 morte
1366 2350 1694 2405 interimant.
1747 2347 1857 2417 Ego
1912 2376 1915 2377 ν

252 2467 380 2506 vero
436 2450 643 2518 infelix,
687 2450 776 2522 qui
822 2464 911 2505 me
941 2450 993 2504 in
1024 2456 1231 2503 tantum
1262 2445 1470 2501 facinus
1498 2442 1709 2507 miscui,
1742 2457 1771 2495 a
1803 2448 1858 2495 te

252 2542 491 2611 piiSsimo
540 2542 762 2598 domino
814 2540 1198 2610 indulgentiam
1241 2547 1387 2609 peto,
1419 2545 1474 2591 et
1504 2546 1561 2593 ut
1590 2535 1721 2591 mihi
1754 2534 1858 2590 tuis

253 2632 503 2700 precibus
559 2634 770 2688 veniam
825 2633 1081 2688 Dominus
1131 2632 1331 2686 tribuat
1377 2644 1621 2700 precor;
1677 2627 1857 2681 omnia

254 2737 440 2776 eorum
470 2738 590 2793 quae
618 2724 741 2777 novi
773 2722 1002 2777 fideliter
1029 2737 1281 2791 suggero,
1331 2728 1385 2774 et
1426 2719 1715 2789 purissime
1744 2732 1859 2772 ma-

254 2808 469 2877 nifesto,
501 2820 556 2865 et
584 2826 712 2867 ecce
742 2814 792 2865 in
824 2813 1066 2867 manibus
1096 2812 1289 2866 vestr's
1316 2826 1456 2875 sum,
1502 2809 1660 2863 facite
1689 2808 1741 2861 in
1772 2822 1860 2863 me

253 2902 399 2970 quod
430 2903 630 2957 bonum
660 2912 761 2968 est,
793 2913 847 2958 et
877 2912 1082 2957 rectum
1112 2904 1321 2957 videtur
1351 2903 1403 2956 in
1432 2902 1603 2957 oculis
1633 2901 1856 2965 vestris;

255 3012 317 3050 ac
348 3009 413 3049 ne
445 2994 665 3050 forsitan
699 3011 784 3050 me
812 3006 835 3029 δι
871 3005 961 3051 tua
988 2996 1244 3051 sanctitas
1272 2995 1517 3050 fallacem
1548 3004 1642 3049 aut
1676 2994 1860 3048 illuso-

256 3116 368 3153 l‘t‘ttl
399 3099 690 3162 existimet,
725 3115 829 3153 non
858 3115 945 3155 me
974 3102 1253 3170 permittas
1280 3099 1483 3168 egredi,
1524 3098 1617 3154 sed
1667 3100 1719 3153 in
1763 3113 1861 3153 cu-

1961 1911 2263 1967 tisfactione
2312 1911 2673 1983 laerymarum
2721 1924 2817 1965 sua
2852 1908 3049 1963 delicta
3093 1907 3336 1973 deﬁeret,
3367 1915 3428 1960 ut
3455 1915 3585 1961 acta

1959 2005 2330 2075 paenitudine,
2380 2020 2503 2060 cum
2550 2018 2675 2060 eum
2713 2002 2825 2073 jam
2873 2009 3237 2072 agnoscerent
3276 2004 3584 2073 perlectum

1959 2112 2078 2153 esse
2108 2098 2463 2162 catholicum,
2493 2113 2617 2153 eum
2646 2097 2991 2168 postmodum
3024 2097 3076 2151 in
3103 2111 3430 2167 quacunque
3472 2096 3585 2152 alia

1958 2189 2179 2243 civitate
2227 2188 2543 2244 ordinarent
2594 2190 2935 2260 episcopum.
2989 2188 3235 2258 Cumque
3283 2187 3333 2244 ei
3380 2187 3586 2244 crebro

1959 2278 2202 2334 dicerent
2247 2289 2308 2334 ut
2353 2280 2726 2350 ptenitentiam
2776 2280 2938 2335 tantis
2967 2295 3065 2349 pro
3095 2278 3323 2350 piaculis
3370 2286 3585 2348 ageret,

1958 2385 2014 2429 et
2063 2374 2300 2429 furorem
2348 2374 2584 2443 Domini,
2636 2390 2799 2444 quem
2826 2372 3190 2443 delinquendo
3220 2374 3583 2440 excitaverat,

1958 2465 2208 2521 deflendo
2238 2467 2543 2535 mitigaret;
2576 2464 2722 2536 quod
2751 2479 2914 2535 agere
2944 2465 3146 2533 noluit;
3176 2465 3269 2521 sed
3299 2465 3585 2531 pristinam

1962 2575 2066 2613 non
2111 2559 2371 2614 amittens
2402 2558 2762 2631 tyrannidem,
2798 2560 2912 2613 inec
2941 2558 3221 2627 respondit
3252 2576 3262 2609 :
3292 2556 3406 2625 Ego
3453 2556 3586 2626 quid

1958 2651 2029 2705 sit
2076 2652 2389 2721 poenitentia
2443 2652 2652 2720 ignoro,
2685 2651 2755 2705 ob
2790 2650 2895 2705 hoc
2924 2658 3263 2720 compertum
3314 2650 3381 2701 sit
3408 2648 3585 2715 vobis,

1959 2743 2082 2812 quia
2108 2742 2481 2813 pmnitentiam
2511 2742 2717 2807 nescio,
2747 2750 2803 2798 et
2828 2740 3131 2797 catholicus
3155 2755 3431 2810 nunquam
3460 2756 3584 2802 ero,

1960 2833 2053 2887 sed
2084 2849 2151 2888 eo
2178 2833 2286 2887 ritu
2312 2848 2421 2903 quo
2454 2833 2559 2887 vixi
2588 2832 2788 2897 vivam,
2838 2841 2933 2887 aut
2963 2847 3063 2903 pro
3094 2832 3361 2896 religione
3391 2831 3445 2885 in
3474 2846 3587 2899 qua

1960 2938 2105 2978 nunc
2153 2922 2220 2977 ab
2269 2923 2487 2978 ineunte
2533 2931 2693 2978 :ctate
2742 2937 2864 2978 mea
2913 2924 3185 2993 permansi
3229 2921 3590 2977 libentissime

1960 3015 2181 3069 moriar.
2224 3012 2390 3084 Cujus
2434 3016 2561 3071 dum
2593 3024 2828 3071 mentem
2857 3014 3187 3070 obstinatam
3219 3016 3591 3085 pertinacem-

1961 3120 2071 3173 que
2118 3105 2171 3158 in
2218 3105 2378 3173 matis
2424 3114 2736 3173 cernerent,
2782 3106 2926 3161 hunc
2971 3105 3223 3175 protinus
3272 3106 3339 3160 de
3392 3105 3592 3161 finibus

256 3190 430 3247 stodia
477 3207 581 3262 qua
628 3191 820 3261 jubeas
869 3194 1039 3258 trade,
1081 3195 1256 3249 donec
1286 3194 1466 3249 omnia
1493 3203 1710 3250 strenue
1739 3207 1861 3261 per-
1890 3186 1939 3249 C
1974 3195 2266 3267 llispanite,
2309 3210 2377 3251 ne
2421 3195 2558 3251 alios
2589 3194 2845 3267 pestifero
2871 3195 3063 3252 morbo
3094 3195 3409 3261 macularet,
3460 3212 3592 3251 eum

258 3284 458 3351 quiras,
490 3294 583 3339 aut
611 3286 912 3341 certissime
943 3300 1262 3354 cognoscas,
1293 3295 1365 3350 et,
1398 3286 1442 3341 si
1473 3300 1560 3339 me
1600 3286 1866 3340 mentien-

260 3384 367 3427 tem
420 3376 595 3429 aliter
629 3378 942 3445 repereris,
998 3377 1123 3430 nolo
1177 3378 1377 3431 vivere.
1435 3376 1569 3430 Cum
1622 3376 1737 3431 hanc
1786 3376 1869 3430 vir

262 3464 471 3518 Domini
517 3465 784 3529 lllassona,
816 3466 907 3536 qui
937 3481 1154 3536 semper
1180 3468 1375 3521 virtute
1406 3468 1623 3537 pictatis
1651 3468 1864 3531 enituit,

260 3559 515 3624 audisset,
562 3575 683 3612 eum
716 3567 773 3613 ut
805 3559 938 3613 nihil
984 3560 1207 3614 omnino
1254 3567 1521 3614 metucrrt
1552 3559 1744 3613 blande
1775 3557 1869 3611 ad~

262 3648 504 3712 monuit;
552 3648 752 3716 gratias
790 3650 1148 3718 omnipotenti
1200 3650 1310 3704 Deo
1359 3651 1488 3719 egit,
1541 3650 1631 3717 qni
1682 3664 1869 3706 servos

262 3754 391 3794 suos
416 3740 483 3795 de
512 3743 674 3795 tantis
704 3742 956 3811 periculis
987 3742 1255 3807 liberavit,
1299 3757 1363 3798 ac
1389 3742 1583 3797 deinde
1610 3740 1675 3795 ad
1703 3741 1868 3796 Clau—

263 3828 408 3883 dium
456 3830 648 3886 ducem
699 3832 883 3896 misit,
942 3833 1102 3901 eique
1150 3834 1332 3886 omnia
1384 3833 1667 3887 intimavit.
1717 3830 1871 3897 Quod

264 3938 384 3977 cum
434 3923 523 3977 ille
568 3924 878 3987 audivisset,
927 3927 1182 3995 praecepit
1207 3935 1268 3980 ut
1295 3941 1454 3980 causa
1500 3926 1772 3994 paululum
1800 3926 1872 3980 si-

266 4023 433 4079 lentio
473 4033 767 4092 tegeretur,
811 4026 857 4080 si
906 4027 1126 4081 forsitan
1170 4039 1558 4096 cognosccntes
1600 4030 1872 4100 proditum

267 4113 432 4169 fuisse
461 4128 650 4169 eorum
681 4118 985 4185 consilium,
1016 4118 1193 4189 fugam
1234 4120 1558 4189 arriperent,
1607 4122 1701 4175 sed
1748 4123 1873 4177 dum

266 4208 533 4274 sagaciter
573 4208 934 4279 investigavit,
983 4213 1417 4267 manifestissime
1462 4214 1663 4282 reperit
1711 4213 1876 4268 fuisse

270 4313 455 4351 verum
485 4298 625 4369 quod
656 4299 829 4354 fuerat
851 4302 1174 4356 nuntiatum.
1206 4303 1450 4373 Cumque
1478 4320 1541 4359 ea
1571 4319 1691 4373 qua:
1718 4320 1877 4375 expt‘r

269 4399 489 4443 suerant
537 4393 764 4447 comites
810 4393 1103 4462 supradicti
1154 4395 1334 4450 Ariani
1388 4397 1759 4464 praebuissent,
1809 4412 1877 4452 ex

260 4496 423 4536 more
455 4483 505 4536 in
538 4500 823 4538 occursum
851 4486 1107 4554 disposita
1141 4486 1561 4559 circumquaque
1592 4490 1877 4545 multitudo

1967 3304 2181 3345 sunnno
2222 3290 2492 3346 dedecore
2538 3290 2825 3345 infeliciter
2866 3290 3224 3360 pepulerunt,
3271 3297 3435 3359 atque
3462 3304 3593 3346 eum

1969 3382 2237 3437 modicam
2267 3397 2430 3452 supra
2452 3372 2765 3436 naviculam
2797 3381 3156 3449 ignominiose
3188 3382 3592 3451 imposuerunt,

1968 3475 2126 3543 eique
2152 3474 2547 3528 comminantes
2578 3481 2968 3544 pri-ceperunt,
3020 3482 3079 3527 ut
3122 3474 3173 3528 in
3212 3488 3596 3545 quemcunque

1972 3566 2152 3620 locum
2185 3565 2265 3620 vel
2296 3565 2573 3635 regionem
2607 3574 2943 3620 transmeare
2972 3564 3173 3629 vellet,
3228 3564 3455 3620 liberum
3487 3565 3593 3620 ha-

1971 3660 2127 3714 beret
2155 3658 2458 3725 arbitrium,
2489 3674 2817 3729 quocunque
2847 3674 2975 3713 vero
3008 3666 3254 3729 tempore
3297 3657 3350 3712 in
3395 3654 3596 3727 llispa-

1974 3754 2059 3807 nia
2090 3752 2275 3807 luisset
2300 3763 2567 3823 repertus,
2592 3753 2824 3821 graviori
2855 3767 2913 3808 se
2942 3759 3299 3824 cognosceret
3326 3750 3597 3805 mulctan-

1974 3845 2104 3899 dum
2151 3849 2441 3901 sententia.
2498 3846 2647 3900 'l‘unc
2700 3845 2896 3900 deinde
2948 3844 3207 3913 navigans
3256 3842 3599 3899 Mauritania

1976 3936 2212 4003 regionis
2257 3936 2521 4005 contingit
2561 3936 2730 4001 littus,
2780 3946 2942 4004 atque
2978 3934 3031 3988 in
3075 3933 3263 3990 eadem
3313 3935 3597 4005 provincia

1976 4028 2287 4097 aliquandiu
2310 4036 2698 4093 commoratus,
2724 4026 2925 4081 multos
2946 4026 3173 4095 perfidia
3197 4026 3344 4095 impii
3375 4024 3600 4094 dogma-

1980 4120 2046 4174 tis
2098 4119 2425 4179 maculavit;
2495 4118 2691 4172 deinde
2744 4118 2990 4189 protinus
3042 4117 3257 4173 Averno
3305 4117 3601 4172 mulctatus

1973 4212 2199 4281 judicio,
2249 4212 2456 4267 crudeli
2505 4211 2652 4265 exitu
2704 4210 2869 4264 vitam
2917 4209 3110 4264 finivit.
3156 4208 3413 4264 Basilicas
3442 4223 3597 4272 vero,

1979 4305 2175 4373 quibus
2200 4305 2259 4358 S.
2288 4302 2535 4357 Massona
2565 4302 2767 4356 dudum
2792 4301 2989 4370 injuste
3009 4307 3280 4364 caruerat,
3303 4300 3451 4367 juste
3473 4315 3599 4353 cum

1980 4394 2232 4449 omnibus
2284 4392 2574 4463 privilegiis
2619 4391 2861 4460 recipere
2904 4392 3125 4457 meruit,
3156 4398 3212 4446 et
3239 4405 3402 4444 omne
3429 4390 3601 4459 patri-

1982 4488 2223 4542 monium
2250 4485 2546 4557 supradicti
2580 4483 2816 4539 hmretici
2862 4483 3202 4539 concedente
3229 4492 3252 4519 ι
3283 4481 3602 4536 clementis-

274 4574 326 4627 in
359 4573 578 4638 insidiis,
614 4585 836 4645 repente
876 4592 1039 4646 super
1064 4593 1161 4633 eos
1189 4579 1295 4632 dux
1328 4579 1480 4633 irruit
1509 4580 1782 4647 Claudius,
1820 4590 1877 4634 et
1906 4572 1954 4630 D
1981 4581 2119 4635 simo
2162 4577 2405 4649 principe
2452 4574 2763 4631 llercaredo
2791 4573 3021 4645 adeptus
3062 4580 3145 4627 est
3170 4590 3182 4624 :
3205 4581 3437 4627 cmtcros
3468 4587 3516 4625 Vt
3537 4588 3603 4626 ro

276 4667 364 4721 alii
413 4684 479 4721 ex
522 4670 600 4725 eis
644 4670 786 4739 capti
832 4680 979 4733 sunt,
1026 4673 1116 4727 alii
1160 4687 1290 4725 vero
1318 4672 1407 4741 qui
1438 4673 1626 4739 gladiis
1659 4674 1872 4742 operari

277 4762 581 4826 voluerunt,
613 4764 790 4829 gladio
820 4760 999 4818 statim
1032 4766 1338 4833 perierunt;
1388 4775 1516 4819 tunc
1562 4765 1758 4818 deinde
1806 4765 1872 4818 ad

274 4853 494 4908 domum
544 4851 573 4889 ι’
625 4854 895 4911 Sunnonis
954 4857 1139 4911 Ariani
1200 4858 1440 4926 episcopi
1494 4872 1618 4910 cum
1676 4856 1874 4924 ingenti

276 4948 615 5002 umltituline
642 4948 746 5002 dux
777 4948 1034 5005 Claudius
1063 4950 1320 5021 perrexit,
1354 4950 1637 5018 ipsumque
1672 4949 1879 5003 lnrreii-

352 5158 373 5183 ³
412 5148 521 5201 Tua
550 5151 819 5203 sanctitas.
858 5148 1221 5219 Compellatio
1254 5149 1627 5204 sacerdotibus
1657 5148 1875 5218 propria

278 5217 439 5270 etiam
473 5219 610 5285 apud
642 5221 918 5284 ethnicos,
953 5217 1089 5274 teste
1120 5220 1406 5274 Plutarcho
1450 5221 1515 5274 ad
1541 5223 1747 5274 calcent
1782 5220 1875 5273 lib.

278 5290 345 5342 de
374 5287 577 5343 Del'ect.
612 5292 819 5344 oracul.
856 5291 971 5344 Vill.
1006 5306 1126 5361 qua:
1169 5291 1234 5345 ad
1275 5291 1532 5347 Dcxtrnm
1582 5291 1696 5362 ipso
1725 5290 1878 5345 initio

284 5369 434 5412 tritttt.

351 5432 374 5468 ι’
405 5429 674 5485 Sunnouis
703 5430 910 5486 Ariani.
942 5434 1111 5499 Quem
1140 5431 1383 5487 Sonnam
1415 5448 1635 5501 semjmr
1678 5432 1878 5488 Paulus

279 5498 427 5553 dicit.
484 5503 635 5556 Anne
687 5502 772 5556 hic
829 5498 1087 5557 Sinonem
1154 5520 1221 5558 ex
1268 5503 1454 5557 Sunua
1502 5498 1569 5558 de
1617 5505 1880 5560 industria

278 5572 513 5641 Scriptor
537 5583 723 5628 noster
751 5574 1035 5637 continuit,
1066 5584 1123 5629 et
1150 5577 1216 5628 ad
1250 5574 1421 5641 illum,
1454 5574 1544 5644 qui

408 5702 419 5714 .
459 5702 469 5714 .
510 5701 523 5713 .
562 5700 574 5713 .
615 5704 625 5714 .
667 5666 845 5715 Fidens
865 5669 1028 5727 animi,
1056 5671 1272 5731 atquein
1300 5679 1563 5729 utrumque
1592 5676 1789 5727 palatus

403 5730 503 5778 Seu
533 5741 731 5777 versare
753 5731 907 5788 dolos,
933 5744 1021 5777 seu
1048 5730 1200 5777 certe
1219 5733 1514 5780 orcuoibere
1538 5733 1682 5779 morti
1709 5764 1725 5788 ,

285 5811 424 5883 apud
447 5812 687 5869 divinum
715 5819 925 5880 vatem,
970 5826 1009 5869 tt
1058 5812 1239 5883 operis
1264 5814 1452 5870 tetcrni
1477 5851 1491 5878 ,
1531 5810 1750 5883 'l‘rojani
1779 5817 1851 5871 im

1975 4673 2238 4745 scelestos
2264 4674 2423 4742 (quos
2446 4686 2605 4740 supra
2631 4664 3072 4735 memoravimus)
3089 4666 3242 4736 juxta
3268 4674 3602 4735 praeceptum

1979 4765 2120 4833 regis
2167 4764 2361 4818 exsilio
2411 4762 2719 4832 relegarunt
2749 4777 2763 4813 :
2788 4774 2821 4815 e
2863 4759 3060 4829 quibus
3093 4773 3231 4813 unus
3259 4755 3604 4812 recitabatur

1978 4858 2002 4894 ά
2040 4858 2272 4920 \‘aerila,
2304 4855 2371 4911 de
2403 4870 2590 4911 eorum
2641 4855 2890 4909 manibus
2919 4853 3159 4909 evadens
3205 4850 3274 4906 ad
3317 4849 3604 4906 basilicam

1979 4952 2037 5006 S.
2069 4950 2290 5006 Eulalia:
2310 4950 2381 5005 ob
2402 4949 2699 5005 remedium
2722 4946 3127 5020 percipiendum
3150 4944 3414 5014 confugit.
3440 4941 3604 5011 Quod

1985 5154 2118 5223 perii
2148 5153 2300 5206 ruina
2333 5151 2475 5223 fuit?
2493 5152 2572 5204 An
2605 5149 2876 5223 Sunnqnis
2906 5145 3470 5223 legendutn,_Cot_hiea
3502 5147 3605 5223 de-

1985 5218 2301 5286 clinatione,
2327 5234 2385 5276 ut
2411 5221 2746 5282 Wambanis,
2775 5220 3042 5289 Egicanis.
3065 5218 3409 5282 Chintilanis,
3433 5218 3607 5273 Suin-

1988 5296 2185 5355 ttlanis,
2219 5302 2273 5346 et
2301 5294 2349 5347 id
2381 5308 2550 5361 genus
2577 5293 2825 5361 aliorum.

2062 5378 2082 5402 τ
2108 5357 2431 5418 Clementis}.
2458 5363 2692 5432 principe
2722 5360 3036 5414 Iiercnredo.
3060 5357 3141 5412 Ob
3170 5358 3434 5426 insignem
3459 5358 3605 5414 hanc

1990 5436 2283 5490 lieccaredi
2317 5436 2457 5503 regis
2487 5434 2538 5487 in
2580 5432 2811 5486 rebelles
2840 5432 3185 5503 clementiam
3217 5445 3469 5503 nummus
3498 5447 3601 5503 au-

1986 5522 2110 5562 reus
2137 5521 2297 5559 cusus
2320 5500 2403 5560 est
2428 5521 2551 5560 cum
2585 5503 2753 5571 ipsius
2777 5502 2953 5565 elligie
2993 5510 3049 5554 et
3085 5500 3302 5555 nomine
3334 5500 3483 5571 hisee
3513 5501 3603 5554 lit-

1984 5578 2115 5631 teris
2159 5577 2533 5631 ltcccanenus.
2570 5570 2840 5628 Ennium.
2893 5571 3050 5639 l‘tus,
3097 5580 3155 5626 ut
3197 5579 3351 5641 putat
3402 5570 3596 5626 llloral.

1993 5650 2086 5703 lib.
2124 5664 2212 5709 ut,
2246 5665 2365 5715 cap.
2394 5647 2447 5699 9..

2058 5719 2083 5754 ά
2128 5709 2473 5822 γιη·ι’ἰιιὶ.)1ὶι·
2501 5733 2608 5788 quo
2672 5716 2815 5771 idem
2864 5710 3055 5769 Moral.
3108 5712 3230 5768 ibid.
3266 5720 3318 5768 ct
3364 5709 3594 5767 Marian.

1988 5790 2083 5845 lib.
2116 5805 2168 5857 v,
2202 5804 2320 5858 cap.
2355 5790 2403 5844 2.
