3874 6224
358 331 455 384 1:39

349 450 416 498 de
485 445 713 499 inimicis
776 444 1053 500 miritiram
1138 444 1264 499 fecit
1327 445 1580 498 ultionem

350 548 383 601 ιι
415 532 634 586 ostratis
686 533 1148 600 consternatisque
1197 531 1460 586 universis
1502 531 1620 586 tidei
1669 532 1948 587 catholica:

352 625 584 680 inimicis
635 633 660 662 ι
705 634 924 680 sanctus
971 625 1218 678 Massona
1285 625 1569 694 episc0pus
1632 640 1757 679 cum
1803 625 1950 679 omni

352 716 506 779 plebe
550 729 646 770 sua
687 715 1001 785 ’psalmodir.
1052 715 1318 770 canticum
1370 730 1596 770 exorsus
1637 713 1665 752 δ
1696 716 1951 786 mysticas

350 805 536 860 laudes
585 807 811 861 Domino
837 807 1056 872 cecinit,
1088 806 1152 858 ad
1183 806 1360 860 aulam
1391 806 1546 860 alma:
1591 806 1810 874 virginis
1841 804 1949 858 Eu-

348 899 484 951 lalia:
538 899 683 951 oumi
731 913 852 953 cum
912 898 1067 966 plebe
1118 896 1420 965 laudantes,
1473 897 1951 967 ltymnizantesque

345 997 640 1052 venerunt;
677 1003 738 1042 ac
765 987 961 1042 deinde
993 986 1303 1042 Paschalem
1334 988 1730 1042 solemnitatem
1761 1000 1951 1041 onmes

343 1094 466 1134 cum
496 1094 562 1134 eo
592 1081 737 1134 cives
762 1079 1150 1148 iucundissime
1200 1079 1537 1133 celebrantes
1566 1093 1717 1133 more
1747 1080 1952 1148 prisco-

343 1189 463 1227 rum
495 1189 591 1242 per
621 1173 826 1242 plateas
856 1173 1069 1242 fragore
1098 1187 1294 1241 magno
1319 1171 1611 1240 jubilantes
1641 1174 1691 1226 in
1722 1174 1949 1241 gloriam

345 1261 556 1316 Domini
605 1262 1018 1321 clamaverunt.
1068 1257 1653 1315 dicenteszCantemus
1699 1260 1944 1325 Domino,

343 1356 564 1424 gloriose
611 1354 747 1405 enim
777 1353 1140 1421 magni/iratus
1193 1360 1309 1415 est;
1363 1361 1418 1405 et
1465 1353 1694 1405 iterum:
1727 1350 1950 1405 Dextera

345 1457 452 1509 tua,
481 1444 720 1509 Domine,
752 1443 1043 1514 gloriﬁcata
1072 1453 1168 1510 est,
1217 1447 1270 1496 in
1299 1444 1480 1496 virtute
1510 1444 1734 1496 dextere
1763 1457 1948 1495 manus

344 1548 445 1590 tua
473 1536 726 1605 confregit
755 1533 991 1586 inimicos
1015 1547 1031 1583 :
1055 1543 1102 1585 et
1146 1549 1255 1602 prw
1303 1533 1631 1586 multitudine
1660 1533 1947 1602 majestatis

345 1637 446 1681 tute
485 1625 771 1680 contrivisti
800 1623 1126 1678 adversarios
1166 1622 1361 1692 (Exod.
1399 1639 1485 1688 xv,
1522 1623 1573 1689 l,
1603 1623 1659 1689 6,
1693 1624 1766 1692 7).
1820 1622 1950 1676 Post

343 1720 455 1774 [ινα
498 1717 722 1772 remotis
762 1715 830 1769 ab
871 1715 1016 1769 enini
1051 1723 1200 1782 parte
1230 1715 1642 1782 tempestatibus
1671 1716 1946 1783 copiosam

342 1806 598 1863 Dominus
622 1805 822 1875 popqu
863 1805 1133 1859 catholico
1155 1803 1336 1870 largiri
1357 1803 1608 1872 dignatus
1630 1813 1711 1858 est
1737 1818 1941 1871 pacem.
1983 1835 2025 1893 Β

942 1893 1173 1948 CAPUT
1213 1893 1328 1950 XX.

343 1988 595 2044 Massona
614 1988 762 2041 valde
782 2003 939 2039 senex
953 1986 1106 2056 factis
1123 1985 1458 2057 eleemosyuis
1474 1985 1948 2049 mortlur,EleutIte'

387 2082 465 2133 rio
479 2078 847 2132 arcliidiacono
863 2093 926 2129 ex
939 2076 1272 2146 praedictione
1285 2076 1380 2130 viri
1397 2079 1562 2130 sancti
1578 2088 1909 2145 prmnortuo.

409 2172 637 2226 Sanetus
693 2170 874 2238 itaque
929 2168 1177 2224 Massona
1233 2169 1360 2223 dum
1423 2169 1604 2222 multis
1661 2171 1946 2226 curriculis

339 2278 597 2316 nunerum
622 2260 1038 2315 adminiculante
1059 2260 1240 2314 divino
1266 2259 1520 2328 suffragio
1549 2259 1943 2316 Emeritensem

340 2359 550 2421 regeret
597 2350 932 2416 Ecclesiam,
986 2349 1266 2417 fessusque
1301 2351 1409 2419 jam
1451 2351 1614 2404 nimia
1661 2361 1944 2408 senectute

341 2447 392 2500 in
424 2445 612 2500 febrim
645 2453 931 2512 correptus
962 2451 1064 2507 est,
1096 2443 1368 2513 C(Bpilqtte
1394 2444 1596 2498 viribus
1628 2445 1792 2498 totius
1821 2460 1942 2498 cor-

340 2536 484 2605 poris
529 2543 750 2606 repente
778 2534 1032 2596 destitui;
1058 2542 1184 2588 tunc
1210 2534 1402 2590 deinde
1431 2550 1737 2590 convocans
1766 2536 1942 2590 archi-

340 2629 626 2684 tliaconum
679 2646 832 2685 suum
884 2629 1102 2684 nomine
1148 2627 1534 2693 Eleutherium,
1586 2630 1661 2682 ait
1693 2629 1940 2684 illi:(;o-

339 2733 560 2789 gnosce,
613 2720 705 2784 tili,
753 2721 897 2786 quod
947 2727 1159 2788 tempus
1208 2733 1342 2772 meae
1390 2718 1735 2774 resolutionis
1781 2719 1943 2774 instat

341 2809 426 2878 (Il
463 2808 595 2863 Tim.
631 2825 703 2875 tv,
734 2809 787 2879 6)
819 2826 831 2861 :
858 2819 910 2862 et
954 2809 1074 2863 ideo
1103 2809 1328 2863 obsecro
1360 2816 1431 2870 te,
1463 2817 1625 2878 atque
1655 2808 1939 2875 admoneo,

342 2911 400 2955 ut
422 2903 532 2970 jam
565 2901 724 2955 modo
775 2907 844 2954 ita
889 2915 1070 2954 curam
1102 2911 1300 2957 sanctae
1349 2898 1620 2966 Ecclesiae,
1671 2901 1942 2972 totiusque

339 3000 538 3046 sancta:
567 2991 995 3059 congregationis
1023 2991 1251 3046 sollicite
1273 3006 1452 3060 geras,
1485 3000 1545 3045 ut
1573 3007 1658 3046 me
1684 2992 1736 3046 in
1766 2992 1941 3048 omni-

339 3084 438 3138 bus
485 3096 732 3140 securum
782 3081 995 3145 reddas,
1027 3090 1082 3136 et
1109 3081 1239 3136 mihi
1270 3083 1426 3136 liceat
1473 3081 1526 3136 iu
1571 3082 1691 3136 loco
1730 3094 1939 3138 secreto

339 3173 586 3229 maeroris
612 3211 627 3237 ,
678 3173 841 3226 animi
896 3187 1055 3236 mea,
1103 3173 1415 3242 priusquam
1459 3173 1669 3238 abeam,
1710 3171 1934 3227 deﬂeam

341 3263 552 3318 delicta.
599 3261 692 3316 llis
733 3261 954 3327 auditis,
996 3260 1108 3329 jam
1146 3262 1322 3316 dictus
1361 3261 1775 3317 archidiaconus
1819 3263 1938 3331 ejus

340 3373 445 3411 non
498 3355 794 3410 inﬁrmitati
840 3364 895 3410 et
941 3355 1204 3410 senectuti
1255 3369 1568 3424 compassus
1610 3363 1712 3418 est,
1744 3371 1851 3411 non
1880 3371 1939 3412 se

341 3447 574 3503 desolari
603 3447 735 3500 tanti
769 3443 942 3500 Patris
966 3447 1162 3501 solatio
1207 3444 1419 3511 doluit,
1469 3445 1564 3501 sed
1615 3447 1794 3516 potius
1844 3461 1942 3516 per

341 3541 458 3608 ejus
503 3539 707 3595 obitum
752 3537 949 3606 gaudio
998 3552 1193 3607 magno
1235 3538 1452 3606 gavisus
1489 3547 1593 3605 est,
1642 3553 1739 3593 cor
1783 3553 1940 3592 suum

340 3630 524 3685 laetitia
572 3628 893 3683 transitoria
939 3627 1224 3697 potestatis
1274 3627 1511 3694 inﬂavit;
1562 3627 1636 3681 ita
1689 3627 1938 3682 nimirum

341 3733 401 3778 ut
447 3737 569 3779 cum
619 3735 815 3791 magno
846 3721 1106 3774 comitatu
1153 3735 1441 3790 puerorum
1490 3718 1755 3790 superbus
1799 3733 1941 3788 equo

341 3816 572 3871 vehente
628 3815 732 3868 huc
788 3813 1018 3881 illucque
1067 3820 1384 3882 properaret
1430 3830 1442 3863 :
1487 3822 1610 3881 post
1656 3811 1942 3881 aliquantis

341 3915 521 3958 autem
550 3902 736 3958 diebus
765 3901 980 3964 accidit,
1015 3909 1075 3954 ut
1103 3908 1324 3954 sanctus
1366 3898 1609 3956 Massona
1655 3901 1941 3970 episcopus

347 4006 369 4033 ο
403 3995 658 4066 puerulis.
690 3997 779 4063 qui
812 3994 861 4049 ei
894 3991 1049 4048 fidele
1078 3991 1405 4047 exhibebant
1434 3993 1730 4058 servitium,
1779 3992 1940 4047 liber-

343 4086 471 4141 tatis
525 4084 796 4139 chartulas
843 4082 1242 4148 conscriberet,
1300 4091 1354 4138 et
1403 4099 1502 4152 per
1547 4081 1941 4139 conﬂrmandas

343 4238 478 4275 rum.
532 4217 629 4273 Cui
656 4219 818 4290 inter
865 4222 1002 4283 alia,
1043 4221 1179 4282 Quia
1224 4221 1471 4290 unguenti
1512 4236 1653 4274 more
1691 4220 1939 4274 bonorum

347 4296 551 4363 fragrat
581 4288 778 4363 opinio,
806 4299 989 4363 vestra:
1017 4291 1196 4363 gloria:
1217 4290 1279 4340 de
1299 4286 1676 4363 'Occideritibtts
1705 4291 1941 4358 partibus

347 4355 1031 4430 hucusque'odortetcnditf
1065 4357 1129 4409 Et
1163 4369 1282 4426 post
1314 4373 1513 4430 pauca,
1538 4355 1732 4430 Magna
1766 4369 1939 4430 autem

344 4425 530 4487 vestrm-
545 4429 717 4483 laudis
741 4429 896 4481 datur
922 4425 1174 4492 assertio,
1194 4427 1328 4486 tmod
1352 4425 1936 4481 excellenti'Gotltorum

345 4506 454 4571 rrgi
495 4510 664 4555 restra
699 4499 867 4571 gloria
909 4499 1087 4552 sedulo
1128 4497 1391 4571 adltwrere
1422 4496 1714 4571 perhibetur
1753 4514 1770 4549 :
1820 4499 1940 4567 quia

1525 338 1730 396 PAULI
1771 339 2145 398 ΕΜΕΒΙΤᾹΝΙ
2191 342 2462 402 DltCONl

1645 462 1658 498 :
1721 443 1952 512 denique
1984 453 2028 510 Α
2056 459 2242 499 eorum
2293 445 2567 502 libertates
2614 445 2846 516 aliquam
2893 449 3207 517 particulam
3237 451 3538 520 peeuniohe
3565 455 3664 508 tri-

3563 345 3662 395 lli!)

2057 533 2266 602 buerct,
2297 543 2389 590 aut
2427 544 2578 591 certe
2609 536 2833 606 exiguas
2862 539 3316 605 possessiunculas
3345 528 3661 602 conterret:

2056 632 2112 676 at
2152 622 2242 677 ubi
2283 623 2666 680 archidiacouo
2692 626 2803 694 jam
2840 625 2990 682 dicto
3017 628 3318 684 nuntiatum
3365 639 3470 696 est,
3511 630 3666 685 illico

2055 716 2248 770 atrium
2279 716 2452 786 petiit,
2499 717 2952 788 quemadmodum
2996 728 3214 775 sanctus
3241 722 3528 794 episcopus
3559 722 3665 778 Ita-

2055 803 2205 857 heret
2232 803 2557 870 sciscitavit;
2601 806 2688 859 cui
2733 820 2856 860 cum
2893 806 3094 861 dictum
3124 817 3230 876 est,
3261 811 3388 877 quia
3420 809 3666 866 invaleso

2054 902 2210 949 cente
2270 894 2526 965 languore
2583 901 2742 955 morti
2792 900 2903 969 jam
2962 904 3184 972 jamque
3246 905 3664 976 proiiinquaret,

2054 984 2235 1036 statim
2284 987 2614 1053 supradictos
2658 991 2909 1058 puerulos
2948 992 3255 1061 accersivit,
3296 1003 3351 1047 et
3380 997 3507 1061 quid
3549 996 3665 1050 illis

2055 1071 2240 1128 fuisset
2285 1078 2550 1132 veraciter
2579 1094 2608 1132 a
2640 1089 2828 1135 sancto
2870 1082 3127 1152 episcopo
3173 1083 3378 1138 illattun
3421 1085 3663 1153 requisi-

2052 1164 2166 1227 vit;
2211 1165 2295 1217 cui
2345 1180 2465 1220 cum
2517 1167 2590 1220 il‘i
2641 1170 2907 1224 veraciter
2955 1169 3238 1239 dixissent,
3283 1173 3549 1228 excitatus
3607 1173 3663 1227 iu

2052 1257 2187 1311 furia
2230 1260 2394 1329 coepit
2422 1261 2500 1315 eis
2529 1262 2742 1320 minans
2791 1265 3124 1321 turbulenter
3169 1267 3504 1336 prmteudcre
3543 1279 3666 1323 ter-

2051 1363 2224 1414 rores,
2268 1358 2324 1405 et
2362 1351 2545 1407 dicere
2571 1372 2581 1404 :
2607 1353 2798 1410 Videte
2826 1357 2969 1424 quod
2999 1357 3305 1428 accepistis,
3351 1358 3492 1413 bene
3527 1367 3669 1416 cotr'

2049 1446 2282 1504 servate,
2314 1455 2436 1494 nam
2481 1444 2524 1496 si
2566 1445 2746 1498 omnia
2788 1446 2918 1500 mihi
2950 1447 3290 1513 intemerata,
3323 1464 3446 1504 cum
3477 1448 3667 1518 requi-

2050 1529 2213 1590 siero,
2266 1546 2373 1585 non
2423 1535 2895 1600 prmsentaveritis,
2945 1537 3142 1592 scitote
3186 1553 3284 1594 vos
3328 1539 3667 1606 gratissimis

2050 1622 2326 1689 suppliciis
2353 1621 2469 1678 fore
2500 1626 2922 1690 excruciandos;
2954 1636 3009 1681 et
3037 1628 3121 1684 his
3138 1628 3298 1684 dictis
3323 1643 3446 1684 cum
3474 1628 3663 1686 lurore

2050 1712 2116 1764 ad
2144 1713 2364 1765 domum
2412 1728 2564 1766 suam
2611 1729 2860 1771 reversus
2902 1726 3006 1772 est.
3049 1717 3201 1774 Tunc
3237 1719 3434 1776 deinde
3457 1735 3659 1790 supra-

2051 1805 2179 1860 dicti
2209 1806 2382 1874 pueri,
2415 1806 2606 1860 cellam
2638 1807 2689 1860 in
2721 1821 2826 1874 qua
2863 1809 3233 1866 sanctissimus
3277 1812 3360 1865 vir
3405 1810 3661 1868 Nascon:

2051 1897 2339 1966 episcopus
2367 1910 2507 1966 :rger
2537 1897 2588 1950 in
2615 1898 2813 1952 lectulo
2843 1899 3155 1966 recubabat,
3204 1900 3451 1971 ingressi,
3505 1916 3660 1956 ama-

2048 1989 2260 2043 rissime
2300 2003 2484 2042 coram
2525 2004 2591 2043 eo
2631 1987 2760 2044 ﬂere
2789 2000 3087 2060 ceperunt,
3134 1991 3414 2049 dicentes:
3446 1993 3652 2050 Miseri-

2048 2077 2286 2130 cordiam
2321 2077 2372 2130 in
2406 2092 2503 2132 nos
2533 2078 2778 2146 indignos
2808 2095 2906 2148 pro
2937 2087 3025 2134 tua
3057 2081 3258 2149 pietate
3287 2081 3486 2146 fecisti,
3507 2083 3660 2152 quod

2049 2168 2234 2235 utique
2264 2167 2458 2221 melius
2487 2167 2641 2222 nobis
2670 2177 3018 2235 convenerat,
3048 2171 3092 2224 si
3120 2186 3228 2227 non
3260 2169 3497 2236 fecisses,
3527 2187 3660 2229 ecce

2047 2259 2222 2314 adhuc
2250 2268 2306 2312 tu
2337 2260 2490 2327 vivis,
2519 2269 2574 2313 et
2601 2268 2776 2314 tantas
2805 2261 2958 2316 nobis
3000 2261 3172 2316 minas
3199 2262 3570 2333 pra-tendunt,
3603 2271 3659 2319 te

2046 2349 2300 2404 defuncto
2325 2351 2446 2418 quis
2473 2365 2503 2404 e
2535 2350 2687 2405 nobis
2725 2351 2792 2404 de
2835 2366 3022 2406 eorum
3050 2353 3296 2410 manibus
3322 2363 3488 2425 queat
3518 2353 3656 2410 lihe-

2046 2441 2199 2494 rare?
2229 2439 2353 2496 Haec
2381 2451 2435 2495 et
2462 2441 2544 2496 his
2571 2441 2764 2497 similia
2795 2441 2961 2497 multa
2987 2457 3172 2499 coram
3216 2459 3284 2500 eo
3333 2445 3657 2516 lacrymabi-

2047 2529 2168 2583 liter
2207 2530 2353 2585 allati
2394 2540 2552 2597 sunt;
2599 2540 2654 2585 at
2682 2531 2770 2586 ille
2801 2531 2886 2586 liis
2913 2533 3109 2589 auditis
3139 2550 3247 2589 non
3277 2533 3436 2589 facile
3472 2533 3658 2588 credi-

2045 2620 2143 2686 dit,
2175 2621 2266 2675 sed
2312 2623 2482 2691 prius,
2531 2630 2588 2676 ut
2631 2637 2741 2676 sum
2779 2623 3029 2689 gravitati
3071 2625 3428 2692 condecebat,
3473 2634 3657 2681 utrum

2044 2724 2228 2764 verum
2283 2725 2349 2764 an
2410 2710 2602 2766 talsum
2651 2721 2794 2767 esset
2834 2714 2978 2784 quod
3029 2713 3336 2781 dicebatur,
3383 2715 3656 2784 sagaciter

2044 2801 2333 2870 exquisivit
2362 2819 2386 2858 :.
2407 2817 2530 2858 cum
2558 2811 2737 2860 autem
2769 2805 3119 2878 comperisset
3147 2821 3334 2861 verum
3359 2821 3482 2862 esse
3506 2806 3655 2876 quod

2044 2892 2310 2962 audierat,
2356 2893 2681 2967 lacrymatus
2717 2906 2821 2966 est,
2851 2899 3142 2968 statimque
3188 2898 3242 2954 in
3289 2898 3542 2955 cellulam
3571 2899 3651 2956 le-

2043 2986 2182 3052 vari,
2229 2997 2284 3040 et
2330 2984 2398 3040 ad
2444 2987 2717 3042 basilicam
2746 2998 2946 3046 sancta:
2973 2989 3190 3046 Eulalite
3237 2989 3461 3062 virginis
3513 2993 3651 3064 (cui

2041 3096 2256 3150 semper
2298 3081 2492 3137 devota
2541 3091 2722 3138 mente
2762 3084 3068 3152 servierat)
3110 3084 3307 3141 deferri
3350 3086 3650 3157 praecepit:

2042 3189 2272 3242 etunque
2308 3173 2504 3228 ibidem
2545 3175 2913 3230 sanctissimus
2949 3190 3117 3231 senex
3162 3175 3514 3244 pervenisset,
3546 3191 3649 3232 co-

2043 3277 2157 3317 ram
2188 3263 2341 3318 altari
2369 3279 2526 3319 sacro
2556 3279 2747 3320 manus
2777 3263 3112 3335 expandens,
3140 3265 3405 3335 simulque
3427 3279 3650 3322 venera-

2042 3353 2176 3409 biles
2202 3356 2388 3410 oculos
2414 3372 2536 3410 cum
2568 3355 2818 3427 lacrymis
2862 3355 2931 3411 ad
2958 3356 3152 3412 ciuium
3180 3357 3489 3426 sustollens,
3519 3372 3648 3415 cum

2045 3458 2238 3512 magno
2275 3447 2475 3513 gemitu
2525 3447 2722 3502 sesein
2753 3456 2955 3501 terram
2998 3448 3309 3516 prostravit,
3356 3459 3413 3503 et
3459 3463 3650 3517 preces

2043 3552 2168 3591 suas
2211 3537 2300 3590 d:u
2349 3536 2684 3605 multumque
2733 3537 2783 3592 iu
2828 3545 3176 3608 conspectum
3222 3537 3433 3592 Domini
3481 3537 3647 3594 fudit.

2043 3629 2319 3698 Completa
2351 3646 2479 3684 vero
2508 3632 2753 3685 oratione
2780 3630 2922 3685 clara
2952 3645 3088 3686 voce
3129 3630 3337 3686 cunctis
3379 3630 3648 3685 audienti-

2043 3719 2144 3774 bus
2185 3719 2260 3773 ait
2287 3738 2299 3772 :
2324 3719 2536 3775 Gratias
2567 3722 2659 3776 tibi
2688 3721 2884 3785 refero,
2909 3720 3161 3788 Domine,
3187 3722 3444 3792 quoniam
3471 3736 3647 3777 exau-

2041 3809 2164 3864 disti
2193 3825 2298 3874 me,
2344 3810 2659 3866 benedictus
2689 3811 2739 3864 in
2768 3811 2961 3866 szecula
3004 3811 3346 3875 saeculorum,
3375 3813 3500 3882 quia
3533 3827 3646 3867 non

2044 3902 2290 3956 amovisti
2348 3901 2781 3972 deprecationem
2836 3917 3013 3956 meam
3038 3942 3054 3968 ,
3110 3910 3166 3957 et
3218 3901 3643 3958 misericordiam

2043 4004 2188 4050 tuam
2219 4011 2250 4049 a
2278 4011 2364 4050 me
2389 4013 2402 4048 :
2426 4003 2480 4048 et
2518 3995 2601 4051 his
2627 3994 2786 4050 dictis
2813 3994 2878 4050 ad
2907 3993 2933 4031 ά
2964 3994 3294 4065 episcOpium
3340 3993 3520 4060 rediit.
3567 3993 3644 4050 ita

2043 4088 2294 4141 nimirum
2337 4087 2576 4143 redditus
2617 4089 2842 4158 pristino
2880 4088 3085 4156 robori,
3135 4095 3194 4143 ut
3238 4097 3458 4160 putares
3498 4087 3644 4144 hunc

2046 4217 2311 4291 Toletum.
2343 4218 2550 4291 imperii
2578 4219 2978 4291 Giotlticisedes
3022 4220 3172 4291 illum
3211 4222 3640 4291 triumphantem

2045 4288 2336 4354 exceperit.
2387 4285 2455 4339 M.
2490 4287 2707 4341 Maxim.
2759 4289 2825 4341 ad
2871 4302 2996 4341 ann.
3047 4289 3152 4342 686
3185 4308 3200 4343 :
3230 4285 3580 4344 Recctiredum
3609 4309 3641 4344 ε

2046 4358 2235 4430 (lalliis
2284 4358 2578 4430 redeuutem
2623 4358 2864 4411 victorem
2910 4355 3146 4414 Toletani
3186 4367 3457 4430 gratanter
3491 4363 3641 4415 excir-

2046 4429 2212 4496 piunt,
2245 4430 2366 4482 lwta
2396 4427 2577 4481 victori
2606 4435 3007 4496 comprecantes.

2121 4495 2421 4566 lHllysticas
2473 4498 2652 4552 laudes
2701 4495 2923 4552 Domino
2975 4500 3251 4562 cecinit,...
3309 4514 3426 4552 cum
3485 4500 3640 4567 plebe

348 4566 469 4624 dum
510 4571 660 4625 malis
701 4566 820 4645 boni
861 4585 1061 4645 semper
1097 4570 1440 4645 _disp_liceant__,
1494 4566 1652 4621 bonos
1693 4584 1791 4645 nos
1815 4566 1937 4645 esse
1968 4587 2015 4645 ι)
2043 4568 2354 4645 la_udantes,_
2395 4567 2863 4645 Itymnizantesque.
2892 4567 3250 4645 __Cret_l_iclt:_rit_u
3293 4566 3494 4645 lautch
3542 4571 3642 4624 ltas

347 4651 538 4695 certum
578 4651 672 4702 est,
718 4641 839 4710 quia
882 4639 1012 4693 bona
1055 4639 1341 4707 placuistis.
1391 4637 1670 4706 Propterea
1710 4637 1935 4690 debitum

349 4711 675 4780 salutationis
722 4711 1001 4780 alloquium
1031 4711 1278 4780 solvens,
1323 4717 1465 4780 opto,
1493 4725 1576 4762 vos
1614 4710 1679 4780 in
1718 4710 1799 4761 his
1825 4723 1938 4771 quis

350 4779 570 4863 cepistis
607 4778 853 4863 generi,
891 4778 1812 4863 etc._Frelquens"a'p'ud_Scriptores
1841 4794 1938 4858 uo-

349 4847 491 4903 stros
516 4848 584 4902 de
609 4847 831 4902 Claudio
862 4849 1081 4902 mentio.
1120 4847 1656 4904 Concilio‘Toletauo
1699 4848 1768 4901 72
1795 4847 1936 4914 epis-

351 4933 539 4987 copor.
593 4915 859 4987 Hispania:
901 4927 954 4971 et
1001 4916 1186 4970 Galliae
1229 4919 1591 4974 Narbonensis
1620 4919 1937 4987 subscripsit

352 4983 601 5056 Claudius
630 5001 797 5056 comes
819 4983 1137 5040 Limitaneus
1157 4997 1203 5039 et
1233 4990 1340 5041 dua:
1359 4990 1500 5056 apud
1529 4989 1597 5043 Μ.
1632 4983 1846 5044 Maximi
1870 4988 1936 5041 ad

349 5074 477 5114 anu.
511 5054 633 5109 590.
667 5055 970 5127 Eutraudus
998 5057 1111 5109 sive
1157 5054 1511 5127 Luitprindus
1546 5061 1599 5113 in
1628 5059 1897 5114 Chronico
1918 5097 1933 5121 ,

350 5127 495 5198 quod
522 5129 694 5198 primo
715 5125 1098 5198 evolgavimus,
1149 5125 1405 5198 arraigli‘l'l
1456 5130 1604 5185 illum
1650 5146 1773 5184 cum
1823 5127 1934 5181 lilio

353 5193 593 5255 celebrat
625 5194 833 5250 Flavius
863 5193 1105 5270 Claudius
1240 5196 1500 5270 llassona:
1527 5201 1753 5270 episcopi
1782 5198 1935 5270 Entef

351 5269 560 5325 ritcnsis
601 5283 669 5320 ex
700 5273 877 5320 sorore
904 5275 952 5318 et
994 5263 1196 5319 Claudii
1243 5263 1575 5324 Emeritensis
1617 5263 1762 5323 ducis
1788 5312 1802 5335 ,
1838 5269 1934 5322 viri

353 5338 633 5408 clarissimi
661 5337 801 5408 ﬁlius
833 5337 1001 5408 ﬂoret.
1035 5336 1405 5408 l’luradlt‘abes
1442 5341 1580 5407 apud
1611 5339 1800 5394 Morel.
1835 5341 1928 5392 lib.

357 5427 450 5466 xu.
485 5425 536 5463 c.
569 5404 636 5475 5;
661 5403 909 5463 Vasa-um
939 5405 1006 5458 ad
1035 5423 1159 5478 anu.
1179 5403 1327 5478 588;
1360 5403 1580 5463 Marian.
1612 5410 1703 5464 lib.
1723 5426 1773 5474 ν,
1806 5423 1927 5478 cap.

359 5480 459 5545 μς
492 5474 677 5534 Padill.
706 5487 848 5533 cent.
879 5492 950 5542 vl,
982 5491 1100 5544 cap.
1131 5474 1219 5530 64.

429 5559 454 5586 ι
484 5547 545 5602 S.
577 5547 824 5602 Massoua
843 5547 1003 5618 cpite.
1032 5562 1146 5599 cum
1171 5549 1309 5618 omni
1335 5548 1481 5618 plebe
1506 5563 1603 5602 sua
1628 5547 1941 5604 Psalmodite

357 5622 612 5674 canticum
633 5616 882 5673 exorsum
896 5616 1027 5673 Nam
1047 5632 1168 5672 cum
1189 5616 1401 5672 Claudii
1433 5616 1732 5675 Eun-ritens
1751 5619 1942 5676 educis

361 5688 669 5758 fortitudine
699 5689 812 5743 lucc
838 5697 986 5757 gesta
1015 5695 1215 5758 e-seut,
1247 5685 1489 5758 ﬁnierim:
1517 5688 1602 5742 lau
1623 5689 1761 5744 libus
1787 5705 1943 5758 opor-

363 5761 510 5812 tebat
536 5756 902 5819 adnumerari;
936 5757 1076 5813 unde
1107 5758 1158 5811 in
1187 5759 1362 5812 aureis
1386 5757 1676 5813 lleccaredi
1708 5756 1940 5813 nummis

365 5829 629 5892 legimus,
686 5825 1054 5886 lluccsnnnzs.
1105 5825 1366 5883 Euenm.
1419 5826 1656 5896 VICTOIt;
1725 5828 1939 5885 etiamsi

2045 4636 2150 4708 illis
2176 4654 2278 4690 non
2309 4636 2610 4704 absiinites,
2641 4636 2772 4708 quas
2804 4639 2854 4691 in
2885 4639 3092 4695 Concil.
3125 4638 3259 4694 Tale
3287 4677 3300 4693 .
3335 4655 3391 4693 ut
3442 4639 3636 4694 Patres

2046 4706 2354 4762 lleccaredo
2376 4713 2626 4762 accinuut
2658 4706 2672 4760 ξ
2698 4708 2839 4762 Tunc
2865 4709 3206 4764 acclamatum
3223 4719 3301 4762 est
3319 4711 3374 4763 in
3391 4709 3636 4763 laudibus

2046 4776 2162 4848 Dei.
2189 4789 2237 4848 et
2266 4779 2578 4848 in‘favorem
2605 4779 2850 4848 principis
2892 4778 2955 4832 ab
2995 4781 3233 4834 universo
3255 4780 3413 4833 clere.
3443 4775 3634 4832 Gloria

2044 4847 2154 4899 Deo
2189 4846 2249 4899 P.
2296 4846 2363 4901 Ισῖ
2395 4860 2443 4901 et
2473 4849 2533 4903 S.
2567 4846 2654 4912 8.,
2690 4846 2778 4903 cui
2816 4866 2941 4902 cura
2980 4858 3057 4904 cst
3087 4865 3263 4913 parent
3298 4859 3350 4901 et
3382 4849 3638 4901 unitatem

2043 4915 2291 4971 Ecclesia:
2318 4934 2425 4972 sum
2453 4930 2647 4973 sancta:
2675 4919 2948 4973 catholica:
2973 4919 3304 4988 providere...
3337 4915 3430 4988 Ctti
3460 4933 3495 4970 ιι
3524 4914 3635 4988 Deo

2042 4998 2287 5055 internum
2309 4992 2565 5055 meritum,
2590 4989 2692 5043 nisi
2722 5005 2840 5042 vero
2864 4985 3117 5042 catholico
3144 4985 3466 5055 Reccaredo‘
3482 4987 3594 5055 regi
3611 4987 3638 5042 .’

2044 5054 2139 5108 Cui
2164 5075 2194 5109 α
2229 5056 2334 5111 Deo
2364 5052 2562 5113 (eterna
2603 5075 2794 5113 corona
2827 5060 2928 5113 nisi
2957 5073 3073 5111 vero
3102 5057 3392 5113 orthodoxe
3437 5052 3636 5110 Becca-

2044 5127 2167 5198 r_edo
2180 5130 2336 5198 _regi?
2376 5127 2468 5182 Cui
2499 5145 2727 5198 prwseys
2748 5127 2914 5196 gloria
2943 5137 2994 5180 et
3023 5138 3237 5198 talenta.
3269 5128 3372 5198 nisi
3400 5129 3630 5198 amatori

2046 5196 2145 5271 Dei
2170 5194 2459 5271 Reccaredo
2489 5194 2592 5271 regi
2613 5204 2635 5251 ζ’
2657 5194 2778 5271 Ipse
2800 5213 3044 5251 novarum
3070 5197 3295 5271 plebium
3313 5197 3368 5250 iu
3393 5194 3634 5253 Ecclesia

2041 5267 2294 5320 catholica
2324 5267 2673 5338 conquisi'tor;
2705 5270 2814 5337 ipse
2844 5267 3376 5338 mereatar‘veraciter
3412 5278 3631 5337 aposto-

2040 5338 2202 5408 licum
2225 5336 2494 5404 meritum,
2521 5341 2609 5408 qui
2629 5336 2981 5408 apostolicum
2997 5336 3223 5408 implevit
3249 5336 3490 5408 oﬂicium,
3521 5347 3630 5393 σω.

2117 5421 2135 5443 ν
2169 5405 2429 5478 Puerulis,
2457 5405 2608 5476 qui—ei
2640 5405 2793 5478 ﬁdele
2822 5405 3132 5478 easltib.baut
3156 5405 3440 5478 servitium,
3471 5407 3634 5463 liber-

2045 5477 2165 5530 tatis
2177 5477 2438 5550 cltartulas
2461 5476 2818 5550 conscriberet.
2836 5476 3022 5550 Exstat
3043 5477 3095 5550 in
3111 5479 3308 5535 concil.
3329 5477 3632 5550 Spalensir,

2043 5561 2136 5622 ter.
2166 5546 2290 5622 ωδ.
2319 5564 2512 5604 canon.
2538 5550 2603 5604 de
2623 5548 2904 5622 Mancipiis
2925 5546 2991 5622 ab
3003 5549 3256 5622 episcopis
3271 5546 3630 5622 manumissis,

2043 5565 2136 5600 aer.
2169 5565 2290 5605 ωδ.
2319 5565 2512 5604 canon.
2538 5565 2603 5604 ue
2623 5565 2904 5672 statich:
2925 5565 3256 5622 coepiscopis
3271 5565 3630 5612 meminimus,

2042 5617 2133 5681 qui
2165 5618 2266 5672 huc
2293 5630 2501 5687 spectat
2533 5636 2546 5672 :
2588 5629 2643 5673 et
2669 5619 2761 5687 qui
2841 5632 2870 5687 '_
2893 5618 3036 5673 lesia:
3059 5620 3223 5683 servi,
3247 5629 3435 5675 notqu
3463 5619 3633 5675 etiam

2041 5702 2109 5740 ex
2129 5685 2527 5757 _rot_icil."l‘olet.
2557 5705 2631 5756 Ix,
2657 5685 2777 5757 cap.
2813 5685 2901 5745 12.

2113 5755 2138 5792 ά
2173 5755 2519 5827 Ερίεουμὶειυι.
2542 5755 2696 5825 Quod
2718 5755 2846 5812 alibi
2869 5757 3061 5813 atrium
3082 5759 3238 5815 dicit:
3259 5775 3383 5814 nam
3409 5764 3626 5816 lateae-

2044 5836 2183 5884 ntiov
2211 5830 2608 5886 tabernaculum
2645 5831 2818 5900 ipsum
2841 5837 2894 5884 et
2925 5830 3086 5887 statio
3111 5831 3349 5902 episcopi
3378 5835 3488 5885 cst.
