  <div class='ocr_page' id='page_1' title='image "/cluster/home/n/w/nwhite01/storage/ocr_20150623/80/uva.x000827068/098.png"; bbox 0 0 3856 6218; ppageno 0'>
   <div class='ocr_carea' id='block_1_1' title="bbox 217 411 2836 478">
    <p class='ocr_par' dir='ltr' id='par_1_1' title="bbox 217 411 2836 478">
     <span class='ocr_line' id='line_1_1' title="bbox 217 411 2836 478; baseline -0.005 -2"><span class='ocrx_word' id='word_1_1' title='bbox 217 422 297 478; x_wconf 63' lang='lat' dir='ltr'><strong>liii</strong></span> <span class='ocrx_word' id='word_1_2' title='bbox 834 417 1235 474; x_wconf 64' lang='lat' dir='ltr'><strong>GUNDEMARI</strong></span> <span class='ocrx_word' id='word_1_3' title='bbox 1279 414 1483 472; x_wconf 74' lang='lat' dir='ltr'><strong>REGIS</strong></span> <span class='ocrx_word' id='word_1_4' title='bbox 1525 413 1897 471; x_wconf 74' lang='lat' dir='ltr'><strong>DECRETUM</strong></span> <span class='ocrx_word' id='word_1_5' title='bbox 1944 413 2031 469; x_wconf 85' lang='lat' dir='ltr'><strong>DE</strong></span> <span class='ocrx_word' id='word_1_6' title='bbox 2074 411 2405 468; x_wconf 69' lang='lat' dir='ltr'><strong>ECCIJSSIA</strong></span> <span class='ocrx_word' id='word_1_7' title='bbox 2446 411 2836 469; x_wconf 69' lang='lat' dir='ltr'><strong>TOLE&#39;I&#39;ANA.</strong></span> 
     </span>
    </p>
   </div>
   <div class='ocr_carea' id='block_1_2' title="bbox 3386 417 3488 464">
    <p class='ocr_par' dir='ltr' id='par_1_2' title="bbox 3386 417 3488 464">
     <span class='ocr_line' id='line_1_2' title="bbox 3386 417 3488 464; baseline 0 0"><span class='ocrx_word' id='word_1_8' title='bbox 3386 417 3488 464; x_wconf 72' lang='lat' dir='ltr'><strong>ur:</strong></span> 
     </span>
    </p>
   </div>
   <div class='ocr_carea' id='block_1_3' title="bbox 211 523 3484 605">
    <p class='ocr_par' dir='ltr' id='par_1_3' title="bbox 211 523 3484 605">
     <span class='ocr_line' id='line_1_3' title="bbox 211 523 3484 605; baseline -0.003 -20"><span class='ocrx_word' id='word_1_9' title='bbox 211 533 305 605; x_wconf 78' lang='lat' dir='ltr'><strong>phii</strong></span> <span class='ocrx_word' id='word_1_10' title='bbox 329 540 618 591; x_wconf 82' lang='lat' dir='ltr'><strong>successor,</strong></span> <span class='ocrx_word' id='word_1_11' title='bbox 651 527 918 584; x_wconf 73' lang='lat' dir='ltr'><strong>Aurasins</strong></span> <span class='ocrx_word' id='word_1_12' title='bbox 946 528 1136 584; x_wconf 89' lang='lat' dir='ltr'><strong>studiis</strong></span> <span class='ocrx_word' id='word_1_13' title='bbox 1164 529 1465 583; x_wconf 89' lang='lat' dir='ltr'><strong>litterarum</strong></span> <span class='ocrx_word' id='word_1_14' title='bbox 1496 526 1786 581; x_wconf 68' lang='lat' dir='ltr'><strong>doetriuze-</strong></span> <span class='ocrx_word' id='word_1_15' title='bbox 1820 530 1867 587; x_wconf 80' lang='grc' dir='ltr'><strong>Α</strong></span> <span class='ocrx_word' id='word_1_16' title='bbox 1896 524 2066 592; x_wconf 86' lang='lat' dir='ltr'><strong>Quam</strong></span> <span class='ocrx_word' id='word_1_17' title='bbox 2112 523 2433 579; x_wconf 89' lang='lat' dir='ltr'><strong>sententiam</strong></span> <span class='ocrx_word' id='word_1_18' title='bbox 2478 536 2733 593; x_wconf 86' lang='lat' dir='ltr'><strong>separato</strong></span> <span class='ocrx_word' id='word_1_19' title='bbox 2759 524 2894 579; x_wconf 75' lang='lat' dir='ltr'><strong>cudi.</strong></span> <span class='ocrx_word' id='word_1_20' title='bbox 2919 524 3011 578; x_wconf 85' lang='lat' dir='ltr'><strong>illo</strong></span> <span class='ocrx_word' id='word_1_21' title='bbox 3045 523 3484 593; x_wconf 59' lang='lat' dir='ltr'><strong>Carthaginiensis</strong></span> 
     </span>
    </p>
   </div>
   <div class='ocr_carea' id='block_1_4' title="bbox 210 621 1785 699">
    <p class='ocr_par' dir='ltr' id='par_1_4' title="bbox 210 621 1785 699">
     <span class='ocr_line' id='line_1_4' title="bbox 210 621 1785 699; baseline -0.004 -20"><span class='ocrx_word' id='word_1_22' title='bbox 210 642 321 699; x_wconf 73' lang='lat' dir='ltr'><strong>qur,</strong></span> <span class='ocrx_word' id='word_1_23' title='bbox 366 622 527 678; x_wconf 79' lang='lat' dir='ltr'><strong>animi</strong></span> <span class='ocrx_word' id='word_1_24' title='bbox 577 621 955 690; x_wconf 82' lang='lat' dir='ltr'><strong>magnitudine</strong></span> <span class='ocrx_word' id='word_1_25' title='bbox 983 630 1039 675; x_wconf 88' lang='lat' dir='ltr'><strong>et</strong></span> <span class='ocrx_word' id='word_1_26' title='bbox 1084 621 1355 692; x_wconf 91' lang='lat' dir='ltr'><strong>probitate</strong></span> <span class='ocrx_word' id='word_1_27' title='bbox 1408 634 1530 675; x_wconf 87' lang='lat' dir='ltr'><strong>cum</strong></span> <span class='ocrx_word' id='word_1_28' title='bbox 1591 632 1785 689; x_wconf 83' lang='lat' dir='ltr'><strong>(|ll0\&#39;lS</strong></span> 
     </span>
    </p>
   </div>
   <div class='ocr_carea' id='block_1_5' title="bbox 212 709 1787 790">
    <p class='ocr_par' dir='ltr' id='par_1_5' title="bbox 212 709 1787 790">
     <span class='ocr_line' id='line_1_5' title="bbox 212 709 1787 790; baseline -0.006 -17"><span class='ocrx_word' id='word_1_29' title='bbox 212 719 422 790; x_wconf 75' lang='lat' dir='ltr'><strong>priomu</strong></span> <span class='ocrx_word' id='word_1_30' title='bbox 473 713 900 782; x_wconf 83' lang='lat' dir='ltr'><strong>comparandus.</strong></span> <span class='ocrx_word' id='word_1_31' title='bbox 966 711 1046 768; x_wconf 85' lang='lat' dir='ltr'><strong>Eo</strong></span> <span class='ocrx_word' id='word_1_32' title='bbox 1103 710 1359 782; x_wconf 88' lang='lat' dir='ltr'><strong>pontitice</strong></span> <span class='ocrx_word' id='word_1_33' title='bbox 1411 718 1575 779; x_wconf 87' lang='lat' dir='ltr'><strong>atque</strong></span> <span class='ocrx_word' id='word_1_34' title='bbox 1644 709 1787 763; x_wconf 87' lang='lat' dir='ltr'><strong>adeo</strong></span> 
     </span>
    </p>
   </div>
   <div class='ocr_carea' id='block_1_6' title="bbox 213 799 1783 879">
    <p class='ocr_par' dir='ltr' id='par_1_6' title="bbox 213 799 1783 879">
     <span class='ocr_line' id='line_1_6' title="bbox 213 799 1783 879; baseline -0.007 -17"><span class='ocrx_word' id='word_1_35' title='bbox 213 809 360 879; x_wconf 80' lang='lat' dir='ltr'><strong>primo</strong></span> <span class='ocrx_word' id='word_1_36' title='bbox 386 818 522 858; x_wconf 87' lang='lat' dir='ltr'><strong>anno</strong></span> <span class='ocrx_word' id='word_1_37' title='bbox 546 803 704 872; x_wconf 75' lang='lat' dir='ltr'><strong>regni</strong></span> <span class='ocrx_word' id='word_1_38' title='bbox 736 801 1093 866; x_wconf 79' lang='lat' dir='ltr'><strong>Cundemari,</strong></span> <span class='ocrx_word' id='word_1_39' title='bbox 1146 800 1331 869; x_wconf 91' lang='lat' dir='ltr'><strong>viginti</strong></span> <span class='ocrx_word' id='word_1_40' title='bbox 1378 799 1617 870; x_wconf 90' lang='lat' dir='ltr'><strong>quinque</strong></span> <span class='ocrx_word' id='word_1_41' title='bbox 1646 813 1783 869; x_wconf 78' lang='lat' dir='ltr'><strong>pra:-</strong></span> 
     </span>
    </p>
   </div>
   <div class='ocr_carea' id='block_1_7' title="bbox 211 890 1786 964">
    <p class='ocr_par' dir='ltr' id='par_1_7' title="bbox 211 890 1786 964">
     <span class='ocr_line' id='line_1_7' title="bbox 211 890 1786 964; baseline -0.006 -10"><span class='ocrx_word' id='word_1_42' title='bbox 211 897 336 955; x_wconf 69' lang='lat' dir='ltr'><strong>suhs</strong></span> <span class='ocrx_word' id='word_1_43' title='bbox 358 909 420 950; x_wconf 80' lang='lat' dir='ltr'><strong>ex</strong></span> <span class='ocrx_word' id='word_1_44' title='bbox 449 894 609 951; x_wconf 86' lang='lat' dir='ltr'><strong>variis</strong></span> <span class='ocrx_word' id='word_1_45' title='bbox 638 893 918 964; x_wconf 82' lang='lat' dir='ltr'><strong>llispania:</strong></span> <span class='ocrx_word' id='word_1_46' title='bbox 950 893 1192 964; x_wconf 88' lang='lat' dir='ltr'><strong>partibus</strong></span> <span class='ocrx_word' id='word_1_47' title='bbox 1217 890 1465 948; x_wconf 83' lang='lat' dir='ltr'><strong>Toletum</strong></span> <span class='ocrx_word' id='word_1_48' title='bbox 1493 890 1786 945; x_wconf 78' lang='lat' dir='ltr'><strong>convocati</strong></span> 
     </span>
    </p>
   </div>
   <div class='ocr_carea' id='block_1_8' title="bbox 212 982 1788 1055">
    <p class='ocr_par' dir='ltr' id='par_1_8' title="bbox 212 982 1788 1055">
     <span class='ocr_line' id='line_1_8' title="bbox 212 982 1788 1055; baseline -0.005 -13"><span class='ocrx_word' id='word_1_49' title='bbox 212 990 255 1042; x_wconf 90' lang='lat' dir='ltr'><strong>iu</strong></span> <span class='ocrx_word' id='word_1_50' title='bbox 277 1000 422 1043; x_wconf 84' lang='lat' dir='ltr'><strong>causa</strong></span> <span class='ocrx_word' id='word_1_51' title='bbox 450 984 701 1041; x_wconf 85' lang='lat' dir='ltr'><strong>Toletani</strong></span> <span class='ocrx_word' id='word_1_52' title='bbox 731 984 973 1055; x_wconf 75' lang='lat' dir='ltr'><strong>episcopi</strong></span> <span class='ocrx_word' id='word_1_53' title='bbox 1002 992 1059 1039; x_wconf 87' lang='lat' dir='ltr'><strong>et</strong></span> <span class='ocrx_word' id='word_1_54' title='bbox 1083 986 1459 1055; x_wconf 85' lang='lat' dir='ltr'><strong>episcoporum</strong></span> <span class='ocrx_word' id='word_1_55' title='bbox 1491 982 1788 1053; x_wconf 62' lang='lat' dir='ltr'><strong>provinciae</strong></span> 
     </span>
    </p>
   </div>
   <div class='ocr_carea' id='block_1_9' title="bbox 210 1072 1786 1148">
    <p class='ocr_par' dir='ltr' id='par_1_9' title="bbox 210 1072 1786 1148">
     <span class='ocr_line' id='line_1_9' title="bbox 210 1072 1786 1148; baseline -0.006 -12"><span class='ocrx_word' id='word_1_56' title='bbox 210 1076 636 1148; x_wconf 80' lang='lat' dir='ltr'><strong>Carthaginensis,</strong></span> <span class='ocrx_word' id='word_1_57' title='bbox 664 1084 948 1133; x_wconf 87' lang='lat' dir='ltr'><strong>conventu</strong></span> <span class='ocrx_word' id='word_1_58' title='bbox 971 1091 1156 1133; x_wconf 89' lang='lat' dir='ltr'><strong>coram</strong></span> <span class='ocrx_word' id='word_1_59' title='bbox 1194 1090 1322 1147; x_wconf 88' lang='lat' dir='ltr'><strong>rege</strong></span> <span class='ocrx_word' id='word_1_60' title='bbox 1365 1073 1592 1144; x_wconf 89' lang='lat' dir='ltr'><strong>ejusque</strong></span> <span class='ocrx_word' id='word_1_61' title='bbox 1628 1072 1786 1143; x_wconf 86' lang='lat' dir='ltr'><strong>jussu</strong></span> 
     </span>
    </p>
   </div>
   <div class='ocr_carea' id='block_1_10' title="bbox 212 1164 1791 1241">
    <p class='ocr_par' dir='ltr' id='par_1_10' title="bbox 212 1164 1791 1241">
     <span class='ocr_line' id='line_1_10' title="bbox 212 1164 1791 1241; baseline -0.006 -15"><span class='ocrx_word' id='word_1_62' title='bbox 212 1172 407 1236; x_wconf 85' lang='lat' dir='ltr'><strong>habito,</strong></span> <span class='ocrx_word' id='word_1_63' title='bbox 460 1169 869 1241; x_wconf 85' lang='lat' dir='ltr'><strong>disceptarunt.</strong></span> <span class='ocrx_word' id='word_1_64' title='bbox 925 1168 1242 1238; x_wconf 84' lang='lat' dir='ltr'><strong>Euphimius</strong></span> <span class='ocrx_word' id='word_1_65' title='bbox 1302 1166 1445 1223; x_wconf 91' lang='lat' dir='ltr'><strong>enim</strong></span> <span class='ocrx_word' id='word_1_66' title='bbox 1496 1164 1791 1220; x_wconf 88' lang='lat' dir='ltr'><strong>Toletanus</strong></span> 
     </span>
    </p>
   </div>
   <div class='ocr_carea' id='block_1_11' title="bbox 213 1258 1791 1334">
    <p class='ocr_par' dir='ltr' id='par_1_11' title="bbox 213 1258 1791 1334">
     <span class='ocr_line' id='line_1_11' title="bbox 213 1258 1791 1334; baseline -0.005 -17"><span class='ocrx_word' id='word_1_67' title='bbox 213 1261 379 1334; x_wconf 57' lang='lat' dir='ltr'><strong>paul</strong></span> <span class='ocrx_word' id='word_1_68' title='bbox 406 1260 456 1315; x_wconf 86' lang='lat' dir='ltr'><strong>in</strong></span> <span class='ocrx_word' id='word_1_69' title='bbox 479 1261 787 1331; x_wconf 85' lang='lat' dir='ltr'><strong>superioris</strong></span> <span class='ocrx_word' id='word_1_70' title='bbox 812 1259 1058 1316; x_wconf 88' lang='lat' dir='ltr'><strong>Toletani</strong></span> <span class='ocrx_word' id='word_1_71' title='bbox 1087 1258 1304 1316; x_wconf 82' lang='lat' dir='ltr'><strong>concilii</strong></span> <span class='ocrx_word' id='word_1_72' title='bbox 1330 1258 1468 1313; x_wconf 87' lang='lat' dir='ltr'><strong>actis</strong></span> <span class='ocrx_word' id='word_1_73' title='bbox 1490 1272 1550 1311; x_wconf 88' lang='lat' dir='ltr'><strong>se</strong></span> <span class='ocrx_word' id='word_1_74' title='bbox 1590 1264 1791 1327; x_wconf 82' lang='lat' dir='ltr'><strong>metro-</strong></span> 
     </span>
    </p>
   </div>
   <div class='ocr_carea' id='block_1_12' title="bbox 213 1347 1791 1425">
    <p class='ocr_par' dir='ltr' id='par_1_12' title="bbox 213 1347 1791 1425">
     <span class='ocr_line' id='line_1_12' title="bbox 213 1347 1791 1425; baseline -0.004 -18"><span class='ocrx_word' id='word_1_75' title='bbox 213 1355 475 1425; x_wconf 82' lang='lat' dir='ltr'><strong>politanum</strong></span> <span class='ocrx_word' id='word_1_76' title='bbox 499 1369 599 1423; x_wconf 87' lang='lat' dir='ltr'><strong>per</strong></span> <span class='ocrx_word' id='word_1_77' title='bbox 627 1352 1059 1424; x_wconf 81' lang='lat' dir='ltr'><strong>imprudentiam</strong></span> <span class='ocrx_word' id='word_1_78' title='bbox 1100 1352 1316 1406; x_wconf 80' lang='lat' dir='ltr'><strong>dixerat</strong></span> <span class='ocrx_word' id='word_1_79' title='bbox 1346 1349 1634 1417; x_wconf 67' lang='lat' dir='ltr'><strong>provisu-ite</strong></span> <span class='ocrx_word' id='word_1_80' title='bbox 1660 1347 1791 1401; x_wconf 62' lang='lat' dir='ltr'><strong>Caro</strong></span> 
     </span>
    </p>
   </div>
   <div class='ocr_carea' id='block_1_13' title="bbox 214 1439 1788 1516">
    <p class='ocr_par' dir='ltr' id='par_1_13' title="bbox 214 1439 1788 1516">
     <span class='ocr_line' id='line_1_13' title="bbox 214 1439 1788 1516; baseline -0.006 -17"><span class='ocrx_word' id='word_1_81' title='bbox 214 1445 429 1516; x_wconf 63' lang='lat' dir='ltr'><strong>pctanite.</strong></span> <span class='ocrx_word' id='word_1_82' title='bbox 461 1444 678 1514; x_wconf 82' lang='lat' dir='ltr'><strong>Reliqui</strong></span> <span class='ocrx_word' id='word_1_83' title='bbox 711 1444 970 1515; x_wconf 62' lang='lat' dir='ltr'><strong>praesules</strong></span> <span class='ocrx_word' id='word_1_84' title='bbox 999 1440 1443 1511; x_wconf 72' lang='lat' dir='ltr'><strong>Carthaginiensis</strong></span> <span class='ocrx_word' id='word_1_85' title='bbox 1472 1439 1788 1508; x_wconf 62' lang='lat' dir='ltr'><strong>provincia},</strong></span> 
     </span>
    </p>
   </div>
   <div class='ocr_carea' id='block_1_14' title="bbox 213 1530 1793 1615">
    <p class='ocr_par' dir='ltr' id='par_1_14' title="bbox 213 1530 1793 1615">
     <span class='ocr_line' id='line_1_14' title="bbox 213 1530 1793 1615; baseline -0.004 -23"><span class='ocrx_word' id='word_1_86' title='bbox 213 1553 315 1605; x_wconf 78' lang='lat' dir='ltr'><strong>qua:</strong></span> <span class='ocrx_word' id='word_1_87' title='bbox 346 1535 653 1606; x_wconf 83' lang='lat' dir='ltr'><strong>regionibus</strong></span> <span class='ocrx_word' id='word_1_88' title='bbox 701 1536 878 1615; x_wconf 71' lang='lat' dir='ltr'><strong>multo</strong></span> <span class='ocrx_word' id='word_1_89' title='bbox 930 1535 1088 1589; x_wconf 86' lang='lat' dir='ltr'><strong>latior</strong></span> <span class='ocrx_word' id='word_1_90' title='bbox 1139 1541 1287 1599; x_wconf 87' lang='lat' dir='ltr'><strong>erat,</strong></span> <span class='ocrx_word' id='word_1_91' title='bbox 1344 1530 1617 1602; x_wconf 84' lang='lat' dir='ltr'><strong>Euphimii</strong></span> <span class='ocrx_word' id='word_1_92' title='bbox 1664 1530 1793 1585; x_wconf 83' lang='lat' dir='ltr'><strong>sub-</strong></span> 
     </span>
    </p>
   </div>
   <div class='ocr_carea' id='block_1_15' title="bbox 218 1621 1797 1698">
    <p class='ocr_par' dir='ltr' id='par_1_15' title="bbox 218 1621 1797 1698">
     <span class='ocr_line' id='line_1_15' title="bbox 218 1621 1797 1698; baseline -0.004 -12"><span class='ocrx_word' id='word_1_93' title='bbox 218 1630 535 1698; x_wconf 84' lang='lat' dir='ltr'><strong>scriptionem</strong></span> <span class='ocrx_word' id='word_1_94' title='bbox 574 1637 861 1684; x_wconf 82' lang='lat' dir='ltr'><strong>vertentes</strong></span> <span class='ocrx_word' id='word_1_95' title='bbox 888 1626 956 1683; x_wconf 85' lang='lat' dir='ltr'><strong>ad</strong></span> <span class='ocrx_word' id='word_1_96' title='bbox 985 1626 1327 1682; x_wconf 89' lang='lat' dir='ltr'><strong>occasionem</strong></span> <span class='ocrx_word' id='word_1_97' title='bbox 1360 1624 1645 1690; x_wconf 88' lang='lat' dir='ltr'><strong>libertatis,</strong></span> <span class='ocrx_word' id='word_1_98' title='bbox 1692 1621 1797 1680; x_wconf 85' lang='lat' dir='ltr'><strong>Ec-</strong></span> 
     </span>
    </p>
   </div>
   <div class='ocr_carea' id='block_1_16' title="bbox 220 1715 1795 1789">
    <p class='ocr_par' dir='ltr' id='par_1_16' title="bbox 220 1715 1795 1789">
     <span class='ocr_line' id='line_1_16' title="bbox 220 1715 1795 1789; baseline -0.004 -14"><span class='ocrx_word' id='word_1_99' title='bbox 220 1718 373 1775; x_wconf 76' lang='lat' dir='ltr'><strong>clesia:</strong></span> <span class='ocrx_word' id='word_1_100' title='bbox 421 1716 704 1773; x_wconf 65' lang='lat' dir='ltr'><strong>Toletanis:</strong></span> <span class='ocrx_word' id='word_1_101' title='bbox 761 1733 955 1789; x_wconf 89' lang='lat' dir='ltr'><strong>parere</strong></span> <span class='ocrx_word' id='word_1_102' title='bbox 1009 1725 1357 1782; x_wconf 81' lang='lat' dir='ltr'><strong>recusantes,</strong></span> <span class='ocrx_word' id='word_1_103' title='bbox 1406 1716 1474 1771; x_wconf 89' lang='lat' dir='ltr'><strong>ad</strong></span> <span class='ocrx_word' id='word_1_104' title='bbox 1513 1715 1795 1772; x_wconf 82' lang='lat' dir='ltr'><strong>dicendam</strong></span> 
     </span>
    </p>
   </div>
   <div class='ocr_carea' id='block_1_17' title="bbox 220 1809 1791 1880">
    <p class='ocr_par' dir='ltr' id='par_1_17' title="bbox 220 1809 1791 1880">
     <span class='ocr_line' id='line_1_17' title="bbox 220 1809 1791 1880; baseline -0.002 -14"><span class='ocrx_word' id='word_1_105' title='bbox 220 1826 409 1867; x_wconf 76' lang='lat' dir='ltr'><strong>causam</strong></span> <span class='ocrx_word' id='word_1_106' title='bbox 437 1812 639 1874; x_wconf 88' lang='lat' dir='ltr'><strong>vocati,</strong></span> <span class='ocrx_word' id='word_1_107' title='bbox 694 1812 1026 1867; x_wconf 87' lang='lat' dir='ltr'><strong>sententiam</strong></span> <span class='ocrx_word' id='word_1_108' title='bbox 1074 1819 1288 1866; x_wconf 88' lang='lat' dir='ltr'><strong>mutare</strong></span> <span class='ocrx_word' id='word_1_109' title='bbox 1330 1809 1596 1880; x_wconf 87' lang='lat' dir='ltr'><strong>compulsi</strong></span> <span class='ocrx_word' id='word_1_110' title='bbox 1625 1818 1791 1864; x_wconf 88' lang='lat' dir='ltr'><strong>sunt:</strong></span> 
     </span>
    </p>
   </div>
   <div class='ocr_carea' id='block_1_18' title="bbox 215 1902 1792 1974">
    <p class='ocr_par' dir='ltr' id='par_1_18' title="bbox 215 1902 1792 1974">
     <span class='ocr_line' id='line_1_18' title="bbox 215 1902 1792 1974; baseline -0.002 -16"><span class='ocrx_word' id='word_1_111' title='bbox 215 1920 317 1959; x_wconf 85' lang='lat' dir='ltr'><strong>cum</strong></span> <span class='ocrx_word' id='word_1_112' title='bbox 338 1903 620 1960; x_wconf 79' lang='lat' dir='ltr'><strong>secutidum</strong></span> <span class='ocrx_word' id='word_1_113' title='bbox 645 1902 860 1960; x_wconf 82' lang='lat' dir='ltr'><strong>Aurasii</strong></span> <span class='ocrx_word' id='word_1_114' title='bbox 884 1904 1029 1974; x_wconf 84' lang='lat' dir='ltr'><strong>jura,</strong></span> <span class='ocrx_word' id='word_1_115' title='bbox 1048 1913 1159 1957; x_wconf 91' lang='lat' dir='ltr'><strong>tum</strong></span> <span class='ocrx_word' id='word_1_116' title='bbox 1188 1918 1217 1956; x_wconf 93' lang='lat' dir='ltr'><strong>a</strong></span> <span class='ocrx_word' id='word_1_117' title='bbox 1241 1917 1365 1970; x_wconf 88' lang='lat' dir='ltr'><strong>rege</strong></span> <span class='ocrx_word' id='word_1_118' title='bbox 1387 1903 1792 1971; x_wconf 89' lang='lat' dir='ltr'><strong>pronuntiatum</strong></span> 
     </span>
    </p>
   </div>
   <div class='ocr_carea' id='block_1_19' title="bbox 1894 612 3482 685">
    <p class='ocr_par' dir='ltr' id='par_1_19' title="bbox 1894 612 3482 685">
     <span class='ocr_line' id='line_1_19' title="bbox 1894 612 3482 685; baseline -0.001 -17"><span class='ocrx_word' id='word_1_119' title='bbox 1894 614 2177 685; x_wconf 75' lang='lat' dir='ltr'><strong>provincic</strong></span> <span class='ocrx_word' id='word_1_120' title='bbox 2199 612 2457 683; x_wconf 71' lang='lat' dir='ltr'><strong>prmsnlcs</strong></span> <span class='ocrx_word' id='word_1_121' title='bbox 2476 614 2806 682; x_wconf 84' lang='lat' dir='ltr'><strong>quindecim,</strong></span> <span class='ocrx_word' id='word_1_122' title='bbox 2829 629 3060 682; x_wconf 88' lang='lat' dir='ltr'><strong>quorum</strong></span> <span class='ocrx_word' id='word_1_123' title='bbox 3091 628 3181 667; x_wconf 89' lang='lat' dir='ltr'><strong>res</strong></span> <span class='ocrx_word' id='word_1_124' title='bbox 3203 614 3482 681; x_wconf 63' lang='lat' dir='ltr'><strong>agi-batur,</strong></span> 
     </span>
    </p>
   </div>
   <div class='ocr_carea' id='block_1_20' title="bbox 1886 701 3485 771">
    <p class='ocr_par' dir='ltr' id='par_1_20' title="bbox 1886 701 3485 771">
     <span class='ocr_line' id='line_1_20' title="bbox 1886 701 3485 771; baseline -0.001 -11"><span class='ocrx_word' id='word_1_125' title='bbox 1886 702 2292 760; x_wconf 77' lang='lat' dir='ltr'><strong>conﬁrmarunt.</strong></span> <span class='ocrx_word' id='word_1_126' title='bbox 2345 701 2695 771; x_wconf 73' lang='lat' dir='ltr'><strong>Protogenes,</strong></span> <span class='ocrx_word' id='word_1_127' title='bbox 2727 713 2926 759; x_wconf 81' lang='lat' dir='ltr'><strong>sancta:</strong></span> <span class='ocrx_word' id='word_1_128' title='bbox 2978 702 3238 759; x_wconf 71' lang='lat' dir='ltr'><strong>Ecclesia:</strong></span> <span class='ocrx_word' id='word_1_129' title='bbox 3276 705 3485 771; x_wconf 76' lang='lat' dir='ltr'><strong>Segon-</strong></span> 
     </span>
    </p>
   </div>
   <div class='ocr_carea' id='block_1_21' title="bbox 1890 792 3486 864">
    <p class='ocr_par' dir='ltr' id='par_1_21' title="bbox 1890 792 3486 864">
     <span class='ocr_line' id='line_1_21' title="bbox 1890 792 3486 864; baseline -0.003 -12"><span class='ocrx_word' id='word_1_130' title='bbox 1890 795 2134 862; x_wconf 77' lang='lat' dir='ltr'><strong>tinensis,</strong></span> <span class='ocrx_word' id='word_1_131' title='bbox 2160 792 2474 848; x_wconf 71' lang='lat' dir='ltr'><strong>TllCOtlnl‘lls</strong></span> <span class='ocrx_word' id='word_1_132' title='bbox 2500 794 2926 861; x_wconf 63' lang='grc' dir='ltr'><strong>Οειειιιιυιιριι›ἱε,</strong></span> <span class='ocrx_word' id='word_1_133' title='bbox 2975 794 3290 851; x_wconf 78' lang='lat' dir='ltr'><strong>Minicianus</strong></span> <span class='ocrx_word' id='word_1_134' title='bbox 3318 797 3486 864; x_wconf 81' lang='lat' dir='ltr'><strong>Sego-</strong></span> 
     </span>
    </p>
   </div>
   <div class='ocr_carea' id='block_1_22' title="bbox 1890 884 3487 955">
    <p class='ocr_par' dir='ltr' id='par_1_22' title="bbox 1890 884 3487 955">
     <span class='ocr_line' id='line_1_22' title="bbox 1890 884 3487 955; baseline 0.002 -14"><span class='ocrx_word' id='word_1_135' title='bbox 1890 886 2114 951; x_wconf 72' lang='lat' dir='ltr'><strong>hLensis,</strong></span> <span class='ocrx_word' id='word_1_136' title='bbox 2158 885 2465 955; x_wconf 82' lang='lat' dir='ltr'><strong>Stephanus</strong></span> <span class='ocrx_word' id='word_1_137' title='bbox 2510 884 2809 952; x_wconf 88' lang='lat' dir='ltr'><strong>Oretanos,</strong></span> <span class='ocrx_word' id='word_1_138' title='bbox 2837 886 3070 943; x_wconf 76' lang='lat' dir='ltr'><strong>lacubus</strong></span> <span class='ocrx_word' id='word_1_139' title='bbox 3120 887 3487 955; x_wconf 79' lang='lat' dir='ltr'><strong>Mentesanus,</strong></span> 
     </span>
    </p>
   </div>
   <div class='ocr_carea' id='block_1_23' title="bbox 1890 976 3484 1046">
    <p class='ocr_par' dir='ltr' id='par_1_23' title="bbox 1890 976 3484 1046">
     <span class='ocr_line' id='line_1_23' title="bbox 1890 976 3484 1046; baseline 0.004 -16"><span class='ocrx_word' id='word_1_140' title='bbox 1890 976 2227 1046; x_wconf 80' lang='lat' dir='ltr'><strong>Magnentius</strong></span> <span class='ocrx_word' id='word_1_141' title='bbox 2276 977 2435 1032; x_wconf 86' lang='lat' dir='ltr'><strong>Valer</strong></span> <span class='ocrx_word' id='word_1_142' title='bbox 2455 979 2634 1041; x_wconf 87' lang='lat' dir='ltr'><strong>ensis,</strong></span> <span class='ocrx_word' id='word_1_143' title='bbox 2687 977 3025 1035; x_wconf 83' lang='lat' dir='ltr'><strong>Theodosius</strong></span> <span class='ocrx_word' id='word_1_144' title='bbox 3077 980 3484 1046; x_wconf 80' lang='lat' dir='ltr'><strong>Ercaviccnsis,</strong></span> 
     </span>
    </p>
   </div>
   <div class='ocr_carea' id='block_1_24' title="bbox 1892 1067 3486 1140">
    <p class='ocr_par' dir='ltr' id='par_1_24' title="bbox 1892 1067 3486 1140">
     <span class='ocr_line' id='line_1_24' title="bbox 1892 1067 3486 1140; baseline 0.002 -17"><span class='ocrx_word' id='word_1_145' title='bbox 1892 1068 2153 1123; x_wconf 83' lang='lat' dir='ltr'><strong>Martinus</strong></span> <span class='ocrx_word' id='word_1_146' title='bbox 2171 1067 2503 1136; x_wconf 85' lang='lat' dir='ltr'><strong>Valentinus,</strong></span> <span class='ocrx_word' id='word_1_147' title='bbox 2523 1068 2823 1125; x_wconf 91' lang='lat' dir='ltr'><strong>Tonentius</strong></span> <span class='ocrx_word' id='word_1_148' title='bbox 2846 1070 3185 1140; x_wconf 81' lang='lat' dir='ltr'><strong>Palentinus,</strong></span> <span class='ocrx_word' id='word_1_149' title='bbox 3208 1070 3299 1126; x_wconf 70' lang='lat' dir='ltr'><strong>l’oi</strong></span> <span class='ocrx_word' id='word_1_150' title='bbox 3316 1080 3388 1127; x_wconf 84' lang='lat' dir='ltr'><strong>tat</strong></span> <span class='ocrx_word' id='word_1_151' title='bbox 3403 1073 3486 1126; x_wconf 83' lang='lat' dir='ltr'><strong>ius</strong></span> 
     </span>
    </p>
   </div>
   <div class='ocr_carea' id='block_1_25' title="bbox 1890 1159 3488 1229">
    <p class='ocr_par' dir='ltr' id='par_1_25' title="bbox 1890 1159 3488 1229">
     <span class='ocr_line' id='line_1_25' title="bbox 1890 1159 3488 1229; baseline 0.002 -15"><span class='ocrx_word' id='word_1_152' title='bbox 1890 1159 2285 1228; x_wconf 81' lang='lat' dir='ltr'><strong>Segobiicnsis,</strong></span> <span class='ocrx_word' id='word_1_153' title='bbox 2311 1159 2622 1215; x_wconf 83' lang='lat' dir='ltr'><strong>Vincentius</strong></span> <span class='ocrx_word' id='word_1_154' title='bbox 2648 1160 3042 1229; x_wconf 81' lang='lat' dir='ltr'><strong>Bigastriensis,</strong></span> <span class='ocrx_word' id='word_1_155' title='bbox 3069 1161 3282 1217; x_wconf 78' lang='lat' dir='ltr'><strong>Eterius</strong></span> <span class='ocrx_word' id='word_1_156' title='bbox 3312 1164 3488 1219; x_wconf 78' lang='lat' dir='ltr'><strong>llasti-</strong></span> 
     </span>
    </p>
   </div>
   <div class='ocr_carea' id='block_1_26' title="bbox 1892 1249 3485 1323">
    <p class='ocr_par' dir='ltr' id='par_1_26' title="bbox 1892 1249 3485 1323">
     <span class='ocr_line' id='line_1_26' title="bbox 1892 1249 3485 1323; baseline 0.004 -20"><span class='ocrx_word' id='word_1_157' title='bbox 1892 1258 2072 1318; x_wconf 87' lang='lat' dir='ltr'><strong>tanus,</strong></span> <span class='ocrx_word' id='word_1_158' title='bbox 2087 1251 2378 1319; x_wconf 78' lang='lat' dir='ltr'><strong>Gregorius</strong></span> <span class='ocrx_word' id='word_1_159' title='bbox 2396 1250 2738 1319; x_wconf 74' lang='lat' dir='ltr'><strong>Osouiensis,</strong></span> <span class='ocrx_word' id='word_1_160' title='bbox 2764 1250 3049 1308; x_wconf 72' lang='lat' dir='ltr'><strong>Prmsidius</strong></span> <span class='ocrx_word' id='word_1_161' title='bbox 3068 1249 3391 1323; x_wconf 79' lang='lat' dir='ltr'><strong>Coi&#39;nplutcu</strong></span> <span class='ocrx_word' id='word_1_162' title='bbox 3421 1254 3485 1320; x_wconf 84' lang='lat' dir='ltr'><strong>is,</strong></span> 
     </span>
    </p>
   </div>
   <div class='ocr_carea' id='block_1_27' title="bbox 1892 1342 3485 1415">
    <p class='ocr_par' dir='ltr' id='par_1_27' title="bbox 1892 1342 3485 1415">
     <span class='ocr_line' id='line_1_27' title="bbox 1892 1342 3485 1415; baseline 0.003 -17"><span class='ocrx_word' id='word_1_163' title='bbox 1892 1342 2158 1399; x_wconf 89' lang='lat' dir='ltr'><strong>Senabilis</strong></span> <span class='ocrx_word' id='word_1_164' title='bbox 2184 1343 2463 1400; x_wconf 86' lang='lat' dir='ltr'><strong>Elotanus.</strong></span> <span class='ocrx_word' id='word_1_165' title='bbox 2489 1342 2642 1401; x_wconf 84' lang='lat' dir='ltr'><strong>Unde</strong></span> <span class='ocrx_word' id='word_1_166' title='bbox 2671 1346 2985 1415; x_wconf 74' lang='lat' dir='ltr'><strong>intelligitur</strong></span> <span class='ocrx_word' id='word_1_167' title='bbox 3002 1344 3250 1400; x_wconf 83' lang='lat' dir='ltr'><strong>Toletani</strong></span> <span class='ocrx_word' id='word_1_168' title='bbox 3283 1357 3485 1403; x_wconf 85' lang='lat' dir='ltr'><strong>metro-</strong></span> 
     </span>
    </p>
   </div>
   <div class='ocr_carea' id='block_1_28' title="bbox 1893 1434 3487 1507">
    <p class='ocr_par' dir='ltr' id='par_1_28' title="bbox 1893 1434 3487 1507">
     <span class='ocr_line' id='line_1_28' title="bbox 1893 1434 3487 1507; baseline 0.001 -18"><span class='ocrx_word' id='word_1_169' title='bbox 1893 1434 2115 1503; x_wconf 90' lang='lat' dir='ltr'><strong>politani</strong></span> <span class='ocrx_word' id='word_1_170' title='bbox 2160 1434 2364 1489; x_wconf 89' lang='lat' dir='ltr'><strong>ditione</strong></span> <span class='ocrx_word' id='word_1_171' title='bbox 2407 1436 2578 1491; x_wconf 91' lang='lat' dir='ltr'><strong>multo</strong></span> <span class='ocrx_word' id='word_1_172' title='bbox 2626 1437 2808 1506; x_wconf 81' lang='lat' dir='ltr'><strong>plures</strong></span> <span class='ocrx_word' id='word_1_173' title='bbox 2852 1435 3121 1492; x_wconf 87' lang='lat' dir='ltr'><strong>Ecclesias</strong></span> <span class='ocrx_word' id='word_1_174' title='bbox 3164 1439 3293 1492; x_wconf 89' lang='lat' dir='ltr'><strong>olim</strong></span> <span class='ocrx_word' id='word_1_175' title='bbox 3323 1455 3487 1507; x_wconf 77' lang='lat' dir='ltr'><strong>quam</strong></span> 
     </span>
    </p>
   </div>
   <div class='ocr_carea' id='block_1_29' title="bbox 1894 1524 3490 1597">
    <p class='ocr_par' dir='ltr' id='par_1_29' title="bbox 1894 1524 3490 1597">
     <span class='ocr_line' id='line_1_29' title="bbox 1894 1524 3490 1597; baseline 0.004 -22"><span class='ocrx_word' id='word_1_176' title='bbox 1894 1533 2078 1578; x_wconf 89' lang='lat' dir='ltr'><strong>nostra</strong></span> <span class='ocrx_word' id='word_1_177' title='bbox 2118 1531 2279 1577; x_wconf 65' lang='lat' dir='ltr'><strong>actate</strong></span> <span class='ocrx_word' id='word_1_178' title='bbox 2320 1525 2609 1580; x_wconf 72' lang='lat' dir='ltr'><strong>contineri.</strong></span> <span class='ocrx_word' id='word_1_179' title='bbox 2647 1524 2781 1579; x_wconf 81' lang='lat' dir='ltr'><strong>Nam</strong></span> <span class='ocrx_word' id='word_1_180' title='bbox 2825 1525 2892 1581; x_wconf 87' lang='lat' dir='ltr'><strong>de</strong></span> <span class='ocrx_word' id='word_1_181' title='bbox 2919 1526 3174 1597; x_wconf 85' lang='lat' dir='ltr'><strong>primatu,</strong></span> <span class='ocrx_word' id='word_1_182' title='bbox 3221 1543 3382 1596; x_wconf 82' lang='lat' dir='ltr'><strong>quem</strong></span> <span class='ocrx_word' id='word_1_183' title='bbox 3437 1529 3490 1583; x_wconf 94' lang='lat' dir='ltr'><strong>in</strong></span> 
     </span>
    </p>
   </div>
   <div class='ocr_carea' id='block_1_30' title="bbox 1893 1611 3487 1687">
    <p class='ocr_par' dir='ltr' id='par_1_30' title="bbox 1893 1611 3487 1687">
     <span class='ocr_line' id='line_1_30' title="bbox 1893 1611 3487 1687; baseline 0.002 -19"><span class='ocrx_word' id='word_1_184' title='bbox 1893 1627 2084 1669; x_wconf 85' lang='lat' dir='ltr'><strong>outnes</strong></span> <span class='ocrx_word' id='word_1_185' title='bbox 2110 1611 2377 1684; x_wconf 76' lang='lat' dir='ltr'><strong>lliSpauia:</strong></span> <span class='ocrx_word' id='word_1_186' title='bbox 2398 1614 2663 1670; x_wconf 80' lang='lat' dir='ltr'><strong>Ecclesias</strong></span> <span class='ocrx_word' id='word_1_187' title='bbox 2682 1614 2909 1679; x_wconf 80' lang='lat' dir='ltr'><strong>obtinet,</strong></span> <span class='ocrx_word' id='word_1_188' title='bbox 2940 1630 3117 1686; x_wconf 86' lang='lat' dir='ltr'><strong>neque</strong></span> <span class='ocrx_word' id='word_1_189' title='bbox 3138 1633 3282 1671; x_wconf 91' lang='lat' dir='ltr'><strong>nunc</strong></span> <span class='ocrx_word' id='word_1_190' title='bbox 3307 1617 3487 1687; x_wconf 75' lang='lat' dir='ltr'><strong>dispn~</strong></span> 
     </span>
    </p>
   </div>
   <div class='ocr_carea' id='block_1_31' title="bbox 1898 1705 3489 1779">
    <p class='ocr_par' dir='ltr' id='par_1_31' title="bbox 1898 1705 3489 1779">
     <span class='ocr_line' id='line_1_31' title="bbox 1898 1705 3489 1779; baseline 0.004 -20"><span class='ocrx_word' id='word_1_191' title='bbox 1898 1714 2094 1773; x_wconf 87' lang='lat' dir='ltr'><strong>tamus,</strong></span> <span class='ocrx_word' id='word_1_192' title='bbox 2130 1722 2306 1777; x_wconf 87' lang='lat' dir='ltr'><strong>neque</strong></span> <span class='ocrx_word' id='word_1_193' title='bbox 2352 1716 2478 1762; x_wconf 90' lang='lat' dir='ltr'><strong>tunc</strong></span> <span class='ocrx_word' id='word_1_194' title='bbox 2506 1705 2575 1761; x_wconf 90' lang='lat' dir='ltr'><strong>de</strong></span> <span class='ocrx_word' id='word_1_195' title='bbox 2603 1706 2695 1763; x_wconf 92' lang='lat' dir='ltr'><strong>illo</strong></span> <span class='ocrx_word' id='word_1_196' title='bbox 2724 1716 2975 1779; x_wconf 89' lang='lat' dir='ltr'><strong>suscepta</strong></span> <span class='ocrx_word' id='word_1_197' title='bbox 3002 1716 3121 1763; x_wconf 86' lang='lat' dir='ltr'><strong>erat</strong></span> <span class='ocrx_word' id='word_1_198' title='bbox 3147 1707 3489 1777; x_wconf 67' lang='lat' dir='ltr'><strong>disceptatio.</strong></span> 
     </span>
    </p>
   </div>
   <div class='ocr_carea' id='block_1_32' title="bbox 1898 1798 3491 1871">
    <p class='ocr_par' dir='ltr' id='par_1_32' title="bbox 1898 1798 3491 1871">
     <span class='ocr_line' id='line_1_32' title="bbox 1898 1798 3491 1871; baseline 0 -17"><span class='ocrx_word' id='word_1_199' title='bbox 1898 1799 1977 1855; x_wconf 81' lang='lat' dir='ltr'><strong>Ex</strong></span> <span class='ocrx_word' id='word_1_200' title='bbox 2019 1798 2279 1865; x_wconf 79' lang='lat' dir='ltr'><strong>Montani,</strong></span> <span class='ocrx_word' id='word_1_201' title='bbox 2329 1800 2472 1855; x_wconf 86' lang='lat' dir='ltr'><strong>haud</strong></span> <span class='ocrx_word' id='word_1_202' title='bbox 2498 1800 2743 1865; x_wconf 88' lang='lat' dir='ltr'><strong>dubimu,</strong></span> <span class='ocrx_word' id='word_1_203' title='bbox 2789 1806 3034 1871; x_wconf 90' lang='lat' dir='ltr'><strong>tempore</strong></span> <span class='ocrx_word' id='word_1_204' title='bbox 3087 1801 3215 1856; x_wconf 90' lang='lat' dir='ltr'><strong>olim</strong></span> <span class='ocrx_word' id='word_1_205' title='bbox 3244 1800 3491 1856; x_wconf 82' lang='lat' dir='ltr'><strong>Toletani</strong></span> 
     </span>
    </p>
   </div>
   <div class='ocr_carea' id='block_1_33' title="bbox 1896 1890 3493 1962">
    <p class='ocr_par' dir='ltr' id='par_1_33' title="bbox 1896 1890 3493 1962">
     <span class='ocr_line' id='line_1_33' title="bbox 1896 1890 3493 1962; baseline -0.001 -15"><span class='ocrx_word' id='word_1_206' title='bbox 1896 1890 2160 1962; x_wconf 89' lang='lat' dir='ltr'><strong>episcopi,</strong></span> <span class='ocrx_word' id='word_1_207' title='bbox 2192 1900 2462 1947; x_wconf 90' lang='lat' dir='ltr'><strong>conventu</strong></span> <span class='ocrx_word' id='word_1_208' title='bbox 2503 1892 2555 1946; x_wconf 92' lang='lat' dir='ltr'><strong>in</strong></span> <span class='ocrx_word' id='word_1_209' title='bbox 2586 1906 2649 1946; x_wconf 89' lang='lat' dir='ltr'><strong>ea</strong></span> <span class='ocrx_word' id='word_1_210' title='bbox 2680 1891 2810 1945; x_wconf 84' lang='lat' dir='ltr'><strong>urbe</strong></span> <span class='ocrx_word' id='word_1_211' title='bbox 2859 1890 3067 1957; x_wconf 87' lang='lat' dir='ltr'><strong>habito,</strong></span> <span class='ocrx_word' id='word_1_212' title='bbox 3090 1891 3179 1960; x_wconf 85' lang='lat' dir='ltr'><strong>jus</strong></span> <span class='ocrx_word' id='word_1_213' title='bbox 3219 1892 3272 1945; x_wconf 89' lang='lat' dir='ltr'><strong>in</strong></span> <span class='ocrx_word' id='word_1_214' title='bbox 3305 1908 3493 1947; x_wconf 85' lang='lat' dir='ltr'><strong>omnes</strong></span> 
     </span>
    </p>
   </div>
   <div class='ocr_carea' id='block_1_34' title="bbox 216 1966 3493 2067">
    <p class='ocr_par' dir='ltr' id='par_1_34' title="bbox 216 1966 3493 2067">
     <span class='ocr_line' id='line_1_34' title="bbox 216 1966 3493 2067; baseline -0.003 -16"><span class='ocrx_word' id='word_1_215' title='bbox 216 2006 355 2064; x_wconf 71' lang='lat' dir='ltr'><strong>isset,</strong></span> <span class='ocrx_word' id='word_1_216' title='bbox 383 2006 488 2052; x_wconf 81' lang='lat' dir='ltr'><strong>tnui</strong></span> <span class='ocrx_word' id='word_1_217' title='bbox 512 1998 581 2052; x_wconf 89' lang='lat' dir='ltr'><strong>ab</strong></span> <span class='ocrx_word' id='word_1_218' title='bbox 609 1966 909 2067; x_wconf 60' lang='lat' dir='ltr'><strong>episeogris,</strong></span> <span class='ocrx_word' id='word_1_219' title='bbox 940 1998 990 2050; x_wconf 91' lang='lat' dir='ltr'><strong>in</strong></span> <span class='ocrx_word' id='word_1_220' title='bbox 1015 1997 1213 2065; x_wconf 88' lang='lat' dir='ltr'><strong>quibus</strong></span> <span class='ocrx_word' id='word_1_221' title='bbox 1238 1994 1484 2049; x_wconf 78' lang='lat' dir='ltr'><strong>Leandre</strong></span> <span class='ocrx_word' id='word_1_222' title='bbox 1506 1993 1656 2048; x_wconf 78' lang='lat' dir='ltr'><strong>fratri</strong></span> <span class='ocrx_word' id='word_1_223' title='bbox 1681 1993 1794 2062; x_wconf 87' lang='lat' dir='ltr'><strong>jam</strong></span> <span class='ocrx_word' id='word_1_224' title='bbox 1826 1966 1874 2026; x_wconf 76' lang='grc' dir='ltr'><strong>Β</strong></span> <span class='ocrx_word' id='word_1_225' title='bbox 1901 1984 2340 2052; x_wconf 80' lang='lat' dir='ltr'><strong>Carthaginensis</strong></span> <span class='ocrx_word' id='word_1_226' title='bbox 2368 1984 2657 2054; x_wconf 73' lang='lat' dir='ltr'><strong>provincia:</strong></span> <span class='ocrx_word' id='word_1_227' title='bbox 2686 1980 2959 2038; x_wconf 86' lang='lat' dir='ltr'><strong>Ecclesias</strong></span> <span class='ocrx_word' id='word_1_228' title='bbox 2988 1985 3306 2054; x_wconf 53' lang='lat' dir='ltr'><strong>praesulibus</strong></span> <span class='ocrx_word' id='word_1_229' title='bbox 3336 1985 3493 2042; x_wconf 80' lang='lat' dir='ltr'><strong>Tole-</strong></span> 
     </span>
    </p>
   </div>
   <div class='ocr_carea' id='block_1_35' title="bbox 217 2086 1795 2156">
    <p class='ocr_par' dir='ltr' id='par_1_35' title="bbox 217 2086 1795 2156">
     <span class='ocr_line' id='line_1_35' title="bbox 217 2086 1795 2156; baseline 0 -14"><span class='ocrx_word' id='word_1_230' title='bbox 217 2088 441 2144; x_wconf 86' lang='lat' dir='ltr'><strong>dcluncto</strong></span> <span class='ocrx_word' id='word_1_231' title='bbox 468 2103 752 2143; x_wconf 78' lang='lat' dir='ltr'><strong>successor</strong></span> <span class='ocrx_word' id='word_1_232' title='bbox 780 2087 1022 2142; x_wconf 83' lang='lat' dir='ltr'><strong>Isidorus</strong></span> <span class='ocrx_word' id='word_1_233' title='bbox 1056 2086 1411 2156; x_wconf 87' lang='lat' dir='ltr'><strong>llispalcnsis,</strong></span> <span class='ocrx_word' id='word_1_234' title='bbox 1450 2086 1795 2154; x_wconf 82' lang='lat' dir='ltr'><strong>Innocentius</strong></span> 
     </span>
    </p>
   </div>
   <div class='ocr_carea' id='block_1_36' title="bbox 219 2177 1792 2246">
    <p class='ocr_par' dir='ltr' id='par_1_36' title="bbox 219 2177 1792 2246">
     <span class='ocr_line' id='line_1_36' title="bbox 219 2177 1792 2246; baseline 0 -13"><span class='ocrx_word' id='word_1_235' title='bbox 219 2179 554 2244; x_wconf 82' lang='lat' dir='ltr'><strong>Eineritensis,</strong></span> <span class='ocrx_word' id='word_1_236' title='bbox 586 2178 856 2234; x_wconf 79' lang='lat' dir='ltr'><strong>Eusebius</strong></span> <span class='ocrx_word' id='word_1_237' title='bbox 885 2178 1331 2243; x_wconf 76' lang='lat' dir='ltr'><strong>Tarraconensis,</strong></span> <span class='ocrx_word' id='word_1_238' title='bbox 1371 2187 1427 2231; x_wconf 87' lang='lat' dir='ltr'><strong>et</strong></span> <span class='ocrx_word' id='word_1_239' title='bbox 1456 2186 1651 2246; x_wconf 77' lang='lat' dir='ltr'><strong>praeter</strong></span> <span class='ocrx_word' id='word_1_240' title='bbox 1673 2177 1792 2244; x_wconf 88' lang='lat' dir='ltr'><strong>hos,</strong></span> 
     </span>
    </p>
   </div>
   <div class='ocr_carea' id='block_1_37' title="bbox 222 2270 1792 2340">
    <p class='ocr_par' dir='ltr' id='par_1_37' title="bbox 222 2270 1792 2340">
     <span class='ocr_line' id='line_1_37' title="bbox 222 2270 1792 2340; baseline 0.002 -16"><span class='ocrx_word' id='word_1_241' title='bbox 222 2272 304 2325; x_wconf 80' lang='lat' dir='ltr'><strong>sisi</strong></span> <span class='ocrx_word' id='word_1_242' title='bbox 330 2271 532 2328; x_wconf 76' lang='lat' dir='ltr'><strong>codices</strong></span> <span class='ocrx_word' id='word_1_243' title='bbox 570 2282 695 2327; x_wconf 87' lang='lat' dir='ltr'><strong>sunt</strong></span> <span class='ocrx_word' id='word_1_244' title='bbox 719 2270 937 2337; x_wconf 79' lang='lat' dir='ltr'><strong>vitiati,</strong></span> <span class='ocrx_word' id='word_1_245' title='bbox 970 2270 1249 2340; x_wconf 86' lang='lat' dir='ltr'><strong>Bcnjamin</strong></span> <span class='ocrx_word' id='word_1_246' title='bbox 1281 2270 1584 2326; x_wconf 84' lang='lat' dir='ltr'><strong>Dumiensis</strong></span> <span class='ocrx_word' id='word_1_247' title='bbox 1613 2278 1792 2327; x_wconf 90' lang='lat' dir='ltr'><strong>erant.</strong></span> 
     </span>
    </p>
   </div>
   <div class='ocr_carea' id='block_1_38' title="bbox 229 2380 3145 2412">
    <p class='ocr_par' dir='ltr' id='par_1_38' title="bbox 229 2380 3145 2412">
     <span class='ocr_line' id='line_1_38' title="bbox 229 2380 3145 2412; baseline 0 -16"><span class='ocrx_word' id='word_1_248' title='bbox 229 2380 3145 2412; x_wconf 48' lang='grc' dir='ltr'><strong>’,Ψ-ΨΜ.</strong></span> 
     </span>
    </p>
   </div>
   <div class='ocr_carea' id='block_1_39' title="bbox 1905 2082 3490 2152">
    <p class='ocr_par' dir='ltr' id='par_1_39' title="bbox 1905 2082 3490 2152">
     <span class='ocr_line' id='line_1_39' title="bbox 1905 2082 3490 2152; baseline -0.002 -15"><span class='ocrx_word' id='word_1_249' title='bbox 1905 2082 2043 2137; x_wconf 84' lang='lat' dir='ltr'><strong>lanis</strong></span> <span class='ocrx_word' id='word_1_250' title='bbox 2065 2082 2273 2149; x_wconf 88' lang='lat' dir='ltr'><strong>datum,</strong></span> <span class='ocrx_word' id='word_1_251' title='bbox 2299 2082 2397 2151; x_wconf 84' lang='lat' dir='ltr'><strong>ipsi</strong></span> <span class='ocrx_word' id='word_1_252' title='bbox 2414 2098 2641 2151; x_wconf 89' lang='lat' dir='ltr'><strong>quorum</strong></span> <span class='ocrx_word' id='word_1_253' title='bbox 2663 2098 2824 2138; x_wconf 90' lang='lat' dir='ltr'><strong>causa</strong></span> <span class='ocrx_word' id='word_1_254' title='bbox 2853 2084 3116 2152; x_wconf 79' lang='lat' dir='ltr'><strong>agebatur</strong></span> <span class='ocrx_word' id='word_1_255' title='bbox 3136 2083 3461 2138; x_wconf 89' lang='lat' dir='ltr'><strong>conlitcntur</strong></span> <span class='ocrx_word' id='word_1_256' title='bbox 3484 2102 3490 2133; x_wconf 87' lang='lat'>;</span> 
     </span>
    </p>
   </div>
   <div class='ocr_carea' id='block_1_40' title="bbox 1905 2176 3492 2246">
    <p class='ocr_par' dir='ltr' id='par_1_40' title="bbox 1905 2176 3492 2246">
     <span class='ocr_line' id='line_1_40' title="bbox 1905 2176 3492 2246; baseline -0.002 -14"><span class='ocrx_word' id='word_1_257' title='bbox 1905 2187 1964 2232; x_wconf 92' lang='lat' dir='ltr'><strong>ut</strong></span> <span class='ocrx_word' id='word_1_258' title='bbox 1989 2176 2146 2245; x_wconf 89' lang='lat' dir='ltr'><strong>hujus</strong></span> <span class='ocrx_word' id='word_1_259' title='bbox 2170 2183 2471 2231; x_wconf 89' lang='lat' dir='ltr'><strong>conventus</strong></span> <span class='ocrx_word' id='word_1_260' title='bbox 2498 2184 2617 2231; x_wconf 87' lang='lat' dir='ltr'><strong>acta</strong></span> <span class='ocrx_word' id='word_1_261' title='bbox 2646 2184 2702 2231; x_wconf 91' lang='lat' dir='ltr'><strong>ct</strong></span> <span class='ocrx_word' id='word_1_262' title='bbox 2730 2176 2922 2232; x_wconf 87' lang='lat' dir='ltr'><strong>borum</strong></span> <span class='ocrx_word' id='word_1_263' title='bbox 2952 2176 3331 2246; x_wconf 86' lang='lat' dir='ltr'><strong>episcoporum</strong></span> <span class='ocrx_word' id='word_1_264' title='bbox 3366 2191 3492 2231; x_wconf 48' lang='lat' dir='ltr'><strong>san.</strong></span> 
     </span>
    </p>
   </div>
   <div class='ocr_carea' id='block_1_41' title="bbox 1906 2268 2669 2325">
    <p class='ocr_par' dir='ltr' id='par_1_41' title="bbox 1906 2268 2669 2325">
     <span class='ocr_line' id='line_1_41' title="bbox 1906 2268 2669 2325; baseline -0.001 0"><span class='ocrx_word' id='word_1_265' title='bbox 1906 2268 2019 2325; x_wconf 90' lang='lat' dir='ltr'><strong>ctio</strong></span> <span class='ocrx_word' id='word_1_266' title='bbox 2052 2268 2342 2324; x_wconf 79' lang='lat' dir='ltr'><strong>manifesto</strong></span> <span class='ocrx_word' id='word_1_267' title='bbox 2370 2268 2669 2325; x_wconf 87' lang='lat' dir='ltr'><strong>declarant.</strong></span> 
     </span>
    </p>
   </div>
   <div class='ocr_carea' id='block_1_42' title="bbox 3168 2378 3495 2403">
    <p class='ocr_par' dir='ltr' id='par_1_42' title="bbox 3168 2378 3495 2403">
     <span class='ocr_line' id='line_1_42' title="bbox 3168 2378 3495 2403; baseline 0.006 -8"><span class='ocrx_word' id='word_1_268' title='bbox 3168 2381 3186 2395; x_wconf 62' lang='grc' dir='ltr'><strong>Ω</strong></span> <span class='ocrx_word' id='word_1_269' title='bbox 3191 2378 3495 2403; x_wconf 47' lang='lat'><strong>1‘-&quot;—</strong></span> 
     </span>
    </p>
   </div>
   <div class='ocr_carea' id='block_1_43' title="bbox 1550 2620 2128 2674">
    <p class='ocr_par' dir='ltr' id='par_1_43' title="bbox 1550 2620 2128 2674">
     <span class='ocr_line' id='line_1_43' title="bbox 1550 2620 2128 2674; baseline -0.003 0"><span class='ocrx_word' id='word_1_270' title='bbox 1550 2620 1907 2674; x_wconf 71' lang='lat' dir='ltr'><strong>GO&#39;I&#39;IlOllUM</strong></span> <span class='ocrx_word' id='word_1_271' title='bbox 1948 2620 1985 2670; x_wconf 86' lang='lat' dir='ltr'><strong>ll</strong></span> <span class='ocrx_word' id='word_1_272' title='bbox 1994 2620 2128 2672; x_wconf 79' lang='lat' dir='ltr'><strong>EGIS</strong></span> 
     </span>
    </p>
   </div>
   <div class='ocr_carea' id='block_1_44' title="bbox 511 2745 3165 2868">
    <p class='ocr_par' dir='ltr' id='par_1_44' title="bbox 511 2745 3165 2868">
     <span class='ocr_line' id='line_1_44' title="bbox 511 2745 3165 2868; baseline -0.002 -1"><span class='ocrx_word' id='word_1_273' title='bbox 511 2750 1296 2868; x_wconf 81' lang='lat' dir='ltr'><strong>DECRETUM</strong></span> <span class='ocrx_word' id='word_1_274' title='bbox 1360 2749 1545 2863; x_wconf 85' lang='lat' dir='ltr'><strong>DE</strong></span> <span class='ocrx_word' id='word_1_275' title='bbox 1601 2745 2299 2863; x_wconf 82' lang='lat' dir='ltr'><strong>ECCLESIA</strong></span> <span class='ocrx_word' id='word_1_276' title='bbox 2358 2745 3165 2867; x_wconf 86' lang='lat' dir='ltr'><strong>TOLETANA.</strong></span> 
     </span>
    </p>
   </div>
   <div class='ocr_carea' id='block_1_45' title="bbox 1766 2924 1940 2937">
    <p class='ocr_par' dir='ltr' id='par_1_45' title="bbox 1766 2924 1940 2937">
     <span class='ocr_line' id='line_1_45' title="bbox 1766 2924 1940 2937; baseline 0.011 -2"><span class='ocrx_word' id='word_1_277' title='bbox 1766 2924 1940 2937; x_wconf 78' lang='lat'><em>——</em></span> 
     </span>
    </p>
   </div>
   <div class='ocr_carea' id='block_1_46' title="bbox 1545 2961 2155 3029">
    <p class='ocr_par' dir='ltr' id='par_1_46' title="bbox 1545 2961 2155 3029">
     <span class='ocr_line' id='line_1_46' title="bbox 1545 2961 2155 3029; baseline 0.003 -18"><span class='ocrx_word' id='word_1_278' title='bbox 1545 2961 1745 3024; x_wconf 74' lang='lat' dir='ltr'><strong>(Mansi,</strong></span> <span class='ocrx_word' id='word_1_279' title='bbox 1768 2962 1980 3025; x_wconf 84' lang='lat' dir='ltr'><strong>Concil.,</strong></span> <span class='ocrx_word' id='word_1_280' title='bbox 2004 2971 2040 3017; x_wconf 89' lang='lat' dir='ltr'><strong>t.</strong></span> <span class='ocrx_word' id='word_1_281' title='bbox 2065 2962 2155 3029; x_wconf 83' lang='lat' dir='ltr'><strong>X.)</strong></span> 
     </span>
    </p>
   </div>
   <div class='ocr_carea' id='block_1_47' title="bbox 217 3111 1760 3172">
    <p class='ocr_par' dir='ltr' id='par_1_47' title="bbox 217 3111 1760 3172">
     <span class='ocr_line' id='line_1_47' title="bbox 217 3111 1760 3172; baseline -0.001 0"><span class='ocrx_word' id='word_1_282' title='bbox 217 3136 226 3144; x_wconf 91' lang='grc'><strong>·</strong></span> <span class='ocrx_word' id='word_1_283' title='bbox 271 3119 454 3171; x_wconf 67' lang='lat' dir='ltr'><strong>Flauius</strong></span> <span class='ocrx_word' id='word_1_284' title='bbox 477 3118 850 3170; x_wconf 49' lang='lat' dir='ltr'><strong>laudemus</strong></span> <span class='ocrx_word' id='word_1_285' title='bbox 876 3130 971 3169; x_wconf 68' lang='lat' dir='ltr'><strong>rea:</strong></span> <span class='ocrx_word' id='word_1_286' title='bbox 1000 3113 1369 3169; x_wconf 71' lang='lat' dir='ltr'><strong>venerabilisz</strong></span> <span class='ocrx_word' id='word_1_287' title='bbox 1400 3111 1640 3170; x_wconf 77' lang='lat' dir='ltr'><strong>Patribus</strong></span> <span class='ocrx_word' id='word_1_288' title='bbox 1668 3132 1760 3172; x_wconf 81' lang='lat' dir='ltr'><strong>no-</strong></span> 
     </span>
    </p>
   </div>
   <div class='ocr_carea' id='block_1_48' title="bbox 474 3184 1517 3254">
    <p class='ocr_par' dir='ltr' id='par_1_48' title="bbox 474 3184 1517 3254">
     <span class='ocr_line' id='line_1_48' title="bbox 474 3184 1517 3254; baseline -0.001 -14"><span class='ocrx_word' id='word_1_289' title='bbox 474 3188 598 3240; x_wconf 77' lang='lat' dir='ltr'><strong>stris</strong></span> <span class='ocrx_word' id='word_1_290' title='bbox 627 3187 1119 3254; x_wconf 76' lang='lat' dir='ltr'><strong>Curthaginensibus</strong></span> <span class='ocrx_word' id='word_1_291' title='bbox 1144 3184 1517 3239; x_wconf 75' lang='lat' dir='ltr'><strong>sacerdotibus.</strong></span> 
     </span>
    </p>
   </div>
   <div class='ocr_carea' id='block_1_49' title="bbox 291 3297 1808 3371">
    <p class='ocr_par' dir='ltr' id='par_1_49' title="bbox 291 3297 1808 3371">
     <span class='ocr_line' id='line_1_49' title="bbox 291 3297 1808 3371; baseline 0 -15"><span class='ocrx_word' id='word_1_292' title='bbox 291 3302 425 3358; x_wconf 83' lang='lat' dir='ltr'><strong>Licet</strong></span> <span class='ocrx_word' id='word_1_293' title='bbox 450 3301 603 3371; x_wconf 86' lang='lat' dir='ltr'><strong>regni</strong></span> <span class='ocrx_word' id='word_1_294' title='bbox 635 3299 807 3355; x_wconf 88' lang='lat' dir='ltr'><strong>nostri</strong></span> <span class='ocrx_word' id='word_1_295' title='bbox 829 3314 960 3356; x_wconf 91' lang='lat' dir='ltr'><strong>cura</strong></span> <span class='ocrx_word' id='word_1_296' title='bbox 974 3298 1028 3353; x_wconf 92' lang='lat' dir='ltr'><strong>in</strong></span> <span class='ocrx_word' id='word_1_297' title='bbox 1049 3297 1397 3370; x_wconf 82' lang='lat' dir='ltr'><strong>disponendis</strong></span> <span class='ocrx_word' id='word_1_298' title='bbox 1418 3306 1582 3370; x_wconf 86' lang='lat' dir='ltr'><strong>atque</strong></span> <span class='ocrx_word' id='word_1_299' title='bbox 1610 3300 1808 3370; x_wconf 90' lang='lat' dir='ltr'><strong>guber-</strong></span> 
     </span>
    </p>
   </div>
   <div class='ocr_carea' id='block_1_50' title="bbox 232 3391 1808 3463">
    <p class='ocr_par' dir='ltr' id='par_1_50' title="bbox 232 3391 1808 3463">
     <span class='ocr_line' id='line_1_50' title="bbox 232 3391 1808 3463; baseline 0 -15"><span class='ocrx_word' id='word_1_300' title='bbox 232 3394 397 3449; x_wconf 82' lang='lat' dir='ltr'><strong>naudis</strong></span> <span class='ocrx_word' id='word_1_301' title='bbox 414 3394 638 3448; x_wconf 82' lang='lat' dir='ltr'><strong>butuaui</strong></span> <span class='ocrx_word' id='word_1_302' title='bbox 662 3392 880 3463; x_wconf 80' lang='lat' dir='ltr'><strong>generis</strong></span> <span class='ocrx_word' id='word_1_303' title='bbox 919 3391 1081 3450; x_wconf 80' lang='lat' dir='ltr'><strong>rebus</strong></span> <span class='ocrx_word' id='word_1_304' title='bbox 1124 3392 1527 3463; x_wconf 71' lang='lat' dir='ltr'><strong>l‘rornptissima</strong></span> <span class='ocrx_word' id='word_1_305' title='bbox 1559 3408 1681 3449; x_wconf 85' lang='lat' dir='ltr'><strong>esse</strong></span> <span class='ocrx_word' id='word_1_306' title='bbox 1727 3393 1808 3448; x_wconf 38' lang='lat' dir='ltr'><strong>vis</strong></span> 
     </span>
    </p>
   </div>
   <div class='ocr_carea' id='block_1_51' title="bbox 232 3485 1807 3557">
    <p class='ocr_par' dir='ltr' id='par_1_51' title="bbox 232 3485 1807 3557">
     <span class='ocr_line' id='line_1_51' title="bbox 232 3485 1807 3557; baseline 0 -15"><span class='ocrx_word' id='word_1_307' title='bbox 232 3488 418 3553; x_wconf 78' lang='lat' dir='ltr'><strong>deatur,</strong></span> <span class='ocrx_word' id='word_1_308' title='bbox 449 3496 579 3542; x_wconf 88' lang='lat' dir='ltr'><strong>ttmc</strong></span> <span class='ocrx_word' id='word_1_309' title='bbox 612 3494 795 3541; x_wconf 90' lang='lat' dir='ltr'><strong>tamen</strong></span> <span class='ocrx_word' id='word_1_310' title='bbox 823 3486 1084 3556; x_wconf 86' lang='lat' dir='ltr'><strong>majestas</strong></span> <span class='ocrx_word' id='word_1_311' title='bbox 1124 3494 1309 3541; x_wconf 89' lang='lat' dir='ltr'><strong>nostra</strong></span> <span class='ocrx_word' id='word_1_312' title='bbox 1339 3485 1574 3542; x_wconf 75' lang='lat' dir='ltr'><strong>maxime</strong></span> <span class='ocrx_word' id='word_1_313' title='bbox 1600 3486 1807 3557; x_wconf 69' lang='lat' dir='ltr'><strong>glorio-</strong></span> 
     </span>
    </p>
   </div>
   <div class='ocr_carea' id='block_1_52' title="bbox 232 3575 1809 3648">
    <p class='ocr_par' dir='ltr' id='par_1_52' title="bbox 232 3575 1809 3648">
     <span class='ocr_line' id='line_1_52' title="bbox 232 3575 1809 3648; baseline -0.001 -13"><span class='ocrx_word' id='word_1_314' title='bbox 232 3579 344 3635; x_wconf 83' lang='lat' dir='ltr'><strong>siori</strong></span> <span class='ocrx_word' id='word_1_315' title='bbox 386 3578 679 3635; x_wconf 84' lang='lat' dir='ltr'><strong>decoratur</strong></span> <span class='ocrx_word' id='word_1_316' title='bbox 708 3575 851 3632; x_wconf 72' lang='lat' dir='ltr'><strong>fama</strong></span> <span class='ocrx_word' id='word_1_317' title='bbox 881 3578 1142 3632; x_wconf 88' lang='lat' dir='ltr'><strong>virtutum</strong></span> <span class='ocrx_word' id='word_1_318' title='bbox 1166 3617 1182 3639; x_wconf 88' lang='lat'><em>.</em></span> <span class='ocrx_word' id='word_1_319' title='bbox 1205 3593 1329 3633; x_wconf 84' lang='lat' dir='ltr'><strong>cum</strong></span> <span class='ocrx_word' id='word_1_320' title='bbox 1356 3593 1420 3632; x_wconf 88' lang='lat' dir='ltr'><strong>ea</strong></span> <span class='ocrx_word' id='word_1_321' title='bbox 1449 3591 1569 3648; x_wconf 75' lang='lat' dir='ltr'><strong>qua:</strong></span> <span class='ocrx_word' id='word_1_322' title='bbox 1623 3576 1691 3631; x_wconf 90' lang='lat' dir='ltr'><strong>ad</strong></span> <span class='ocrx_word' id='word_1_323' title='bbox 1722 3577 1809 3633; x_wconf 88' lang='lat' dir='ltr'><strong>Di-</strong></span> 
     </span>
    </p>
   </div>
   <div class='ocr_carea' id='block_1_53' title="bbox 233 3667 1811 3740">
    <p class='ocr_par' dir='ltr' id='par_1_53' title="bbox 233 3667 1811 3740">
     <span class='ocr_line' id='line_1_53' title="bbox 233 3667 1811 3740; baseline -0.001 -15"><span class='ocrx_word' id='word_1_324' title='bbox 233 3669 445 3725; x_wconf 80' lang='lat' dir='ltr'><strong>vinitatis</strong></span> <span class='ocrx_word' id='word_1_325' title='bbox 470 3680 548 3726; x_wconf 80' lang='lat' dir='ltr'><strong>.et</strong></span> <span class='ocrx_word' id='word_1_326' title='bbox 578 3668 859 3737; x_wconf 85' lang='lat' dir='ltr'><strong>religionis</strong></span> <span class='ocrx_word' id='word_1_327' title='bbox 898 3668 1143 3723; x_wconf 88' lang='lat' dir='ltr'><strong>ordinem</strong></span> <span class='ocrx_word' id='word_1_328' title='bbox 1200 3667 1474 3740; x_wconf 86' lang='lat' dir='ltr'><strong>pertinent</strong></span> <span class='ocrx_word' id='word_1_329' title='bbox 1497 3707 1514 3734; x_wconf 94' lang='lat'><strong>,</strong></span> <span class='ocrx_word' id='word_1_330' title='bbox 1558 3667 1811 3738; x_wconf 64' lang='lat' dir='ltr'><strong>mquitate</strong></span> 
     </span>
    </p>
   </div>
   <div class='ocr_carea' id='block_1_54' title="bbox 233 3756 1813 3829">
    <p class='ocr_par' dir='ltr' id='par_1_54' title="bbox 233 3756 1813 3829">
     <span class='ocr_line' id='line_1_54' title="bbox 233 3756 1813 3829; baseline 0 -16"><span class='ocrx_word' id='word_1_331' title='bbox 233 3761 491 3825; x_wconf 79' lang='lat' dir='ltr'><strong>rectissimi</strong></span> <span class='ocrx_word' id='word_1_332' title='bbox 523 3758 762 3814; x_wconf 82' lang='lat' dir='ltr'><strong>tramitis</strong></span> <span class='ocrx_word' id='word_1_333' title='bbox 797 3758 1193 3829; x_wconf 87' lang='lat' dir='ltr'><strong>disponuntur;</strong></span> <span class='ocrx_word' id='word_1_334' title='bbox 1219 3758 1451 3813; x_wconf 67' lang='lat' dir='ltr'><strong>scientes</strong></span> <span class='ocrx_word' id='word_1_335' title='bbox 1473 3759 1544 3813; x_wconf 91' lang='lat' dir='ltr'><strong>ob</strong></span> <span class='ocrx_word' id='word_1_336' title='bbox 1574 3756 1677 3813; x_wconf 86' lang='lat' dir='ltr'><strong>hoc</strong></span> <span class='ocrx_word' id='word_1_337' title='bbox 1699 3757 1813 3828; x_wconf 54' lang='lat' dir='ltr'><strong>pie-</strong></span> 
     </span>
    </p>
   </div>
   <div class='ocr_carea' id='block_1_55' title="bbox 235 3848 1814 3919">
    <p class='ocr_par' dir='ltr' id='par_1_55' title="bbox 235 3848 1814 3919">
     <span class='ocr_line' id='line_1_55' title="bbox 235 3848 1814 3919; baseline 0.001 -14"><span class='ocrx_word' id='word_1_338' title='bbox 235 3862 380 3909; x_wconf 82' lang='lat' dir='ltr'><strong>tatem</strong></span> <span class='ocrx_word' id='word_1_339' title='bbox 443 3860 691 3908; x_wconf 88' lang='lat' dir='ltr'><strong>nostram</strong></span> <span class='ocrx_word' id='word_1_340' title='bbox 742 3865 849 3906; x_wconf 91' lang='lat' dir='ltr'><strong>non</strong></span> <span class='ocrx_word' id='word_1_341' title='bbox 907 3850 1085 3905; x_wconf 87' lang='lat' dir='ltr'><strong>solum</strong></span> <span class='ocrx_word' id='word_1_342' title='bbox 1130 3848 1447 3904; x_wconf 90' lang='lat' dir='ltr'><strong>diuturnum</strong></span> <span class='ocrx_word' id='word_1_343' title='bbox 1499 3849 1814 3919; x_wconf 86' lang='lat' dir='ltr'><strong>temporalis</strong></span> 
     </span>
    </p>
   </div>
   <div class='ocr_carea' id='block_1_56' title="bbox 236 3940 1814 4017">
    <p class='ocr_par' dir='ltr' id='par_1_56' title="bbox 236 3940 1814 4017">
     <span class='ocr_line' id='line_1_56' title="bbox 236 3940 1814 4017; baseline -0.001 -20"><span class='ocrx_word' id='word_1_344' title='bbox 236 3946 419 4017; x_wconf 83' lang='lat' dir='ltr'><strong>imperii</strong></span> <span class='ocrx_word' id='word_1_345' title='bbox 446 3942 709 4013; x_wconf 63' lang='lat' dir='ltr'><strong>consequi</strong></span> <span class='ocrx_word' id='word_1_346' title='bbox 738 3941 974 4005; x_wconf 85' lang='lat' dir='ltr'><strong>titulum,</strong></span> <span class='ocrx_word' id='word_1_347' title='bbox 1005 3940 1100 3997; x_wconf 84' lang='lat' dir='ltr'><strong>sed</strong></span> <span class='ocrx_word' id='word_1_348' title='bbox 1148 3940 1311 3996; x_wconf 87' lang='lat' dir='ltr'><strong>etiam</strong></span> <span class='ocrx_word' id='word_1_349' title='bbox 1339 3948 1664 3995; x_wconf 72' lang='lat' dir='ltr'><strong>mternorum</strong></span> <span class='ocrx_word' id='word_1_350' title='bbox 1694 3940 1814 3995; x_wconf 86' lang='lat' dir='ltr'><strong>adi-</strong></span> 
     </span>
    </p>
   </div>
   <div class='ocr_carea' id='block_1_57' title="bbox 237 4030 1816 4105">
    <p class='ocr_par' dir='ltr' id='par_1_57' title="bbox 237 4030 1816 4105">
     <span class='ocr_line' id='line_1_57' title="bbox 237 4030 1816 4105; baseline -0.003 -14"><span class='ocrx_word' id='word_1_351' title='bbox 237 4035 346 4105; x_wconf 75' lang='lat' dir='ltr'><strong>pisci</strong></span> <span class='ocrx_word' id='word_1_352' title='bbox 370 4036 594 4105; x_wconf 76' lang='lat' dir='ltr'><strong>gloriam</strong></span> <span class='ocrx_word' id='word_1_353' title='bbox 635 4033 971 4089; x_wconf 89' lang='lat' dir='ltr'><strong>meritorum.</strong></span> <span class='ocrx_word' id='word_1_354' title='bbox 998 4031 1253 4087; x_wconf 81' lang='lat' dir='ltr'><strong>Nonnulli</strong></span> <span class='ocrx_word' id='word_1_355' title='bbox 1274 4033 1418 4087; x_wconf 90' lang='lat' dir='ltr'><strong>enim</strong></span> <span class='ocrx_word' id='word_1_356' title='bbox 1437 4032 1490 4085; x_wconf 92' lang='lat' dir='ltr'><strong>in</strong></span> <span class='ocrx_word' id='word_1_357' title='bbox 1514 4030 1816 4101; x_wconf 88' lang='lat' dir='ltr'><strong>disciplinis</strong></span> 
     </span>
    </p>
   </div>
   <div class='ocr_carea' id='block_1_58' title="bbox 235 4122 1819 4192">
    <p class='ocr_par' dir='ltr' id='par_1_58' title="bbox 235 4122 1819 4192">
     <span class='ocr_line' id='line_1_58' title="bbox 235 4122 1819 4192; baseline -0.003 -11"><span class='ocrx_word' id='word_1_358' title='bbox 235 4126 636 4192; x_wconf 79' lang='lat' dir='ltr'><strong>ecclesiasticis,</strong></span> <span class='ocrx_word' id='word_1_359' title='bbox 690 4132 883 4179; x_wconf 86' lang='lat' dir='ltr'><strong>contra</strong></span> <span class='ocrx_word' id='word_1_360' title='bbox 929 4138 1209 4178; x_wconf 87' lang='lat' dir='ltr'><strong>canonum</strong></span> <span class='ocrx_word' id='word_1_361' title='bbox 1251 4122 1676 4188; x_wconf 90' lang='lat' dir='ltr'><strong>auctoritatem,</strong></span> <span class='ocrx_word' id='word_1_362' title='bbox 1719 4136 1819 4191; x_wconf 92' lang='lat' dir='ltr'><strong>per</strong></span> 
     </span>
    </p>
   </div>
   <div class='ocr_carea' id='block_1_59' title="bbox 238 4204 1818 4288">
    <p class='ocr_par' dir='ltr' id='par_1_59' title="bbox 238 4204 1818 4288">
     <span class='ocr_line' id='line_1_59' title="bbox 238 4204 1818 4288; baseline -0.005 -13"><span class='ocrx_word' id='word_1_363' title='bbox 238 4233 399 4275; x_wconf 74' lang='lat' dir='ltr'><strong>moras</strong></span> <span class='ocrx_word' id='word_1_364' title='bbox 451 4216 878 4288; x_wconf 71' lang='lat' dir='ltr'><strong>pmcedeutium</strong></span> <span class='ocrx_word' id='word_1_365' title='bbox 934 4224 1262 4286; x_wconf 86' lang='lat' dir='ltr'><strong>temporum,</strong></span> <span class='ocrx_word' id='word_1_366' title='bbox 1294 4204 1567 4268; x_wconf 79' lang='lat' dir='ltr'><strong>licentiam</strong></span> <span class='ocrx_word' id='word_1_367' title='bbox 1614 4212 1719 4268; x_wconf 88' lang='lat' dir='ltr'><strong>sibi</strong></span> <span class='ocrx_word' id='word_1_368' title='bbox 1748 4212 1818 4267; x_wconf 84' lang='lat' dir='ltr'><strong>de</strong></span> 
     </span>
    </p>
   </div>
   <div class='ocr_carea' id='block_1_60' title="bbox 239 4303 1817 4380">
    <p class='ocr_par' dir='ltr' id='par_1_60' title="bbox 239 4303 1817 4380">
     <span class='ocr_line' id='line_1_60' title="bbox 239 4303 1817 4380; baseline -0.004 -16"><span class='ocrx_word' id='word_1_369' title='bbox 239 4310 571 4379; x_wconf 72' lang='lat' dir='ltr'><strong>usurpatione</strong></span> <span class='ocrx_word' id='word_1_370' title='bbox 606 4307 867 4380; x_wconf 72' lang='lat' dir='ltr'><strong>pra-teriti</strong></span> <span class='ocrx_word' id='word_1_371' title='bbox 908 4308 1169 4379; x_wconf 87' lang='lat' dir='ltr'><strong>principis</strong></span> <span class='ocrx_word' id='word_1_372' title='bbox 1198 4305 1477 4363; x_wconf 77' lang='lat' dir='ltr'><strong>fecerunt:</strong></span> <span class='ocrx_word' id='word_1_373' title='bbox 1513 4304 1587 4359; x_wconf 88' lang='lat' dir='ltr'><strong>ita</strong></span> <span class='ocrx_word' id='word_1_374' title='bbox 1615 4312 1676 4360; x_wconf 92' lang='lat' dir='ltr'><strong>ut</strong></span> <span class='ocrx_word' id='word_1_375' title='bbox 1695 4303 1817 4374; x_wconf 86' lang='lat' dir='ltr'><strong>qui-</strong></span> 
     </span>
    </p>
   </div>
   <div class='ocr_carea' id='block_1_61' title="bbox 237 4396 1819 4471">
    <p class='ocr_par' dir='ltr' id='par_1_61' title="bbox 237 4396 1819 4471">
     <span class='ocr_line' id='line_1_61' title="bbox 237 4396 1819 4471; baseline 0.002 -22"><span class='ocrx_word' id='word_1_376' title='bbox 237 4400 343 4453; x_wconf 79' lang='lat' dir='ltr'><strong>ilaui</strong></span> <span class='ocrx_word' id='word_1_377' title='bbox 363 4401 739 4471; x_wconf 84' lang='lat' dir='ltr'><strong>episcoporum</strong></span> <span class='ocrx_word' id='word_1_378' title='bbox 771 4396 1215 4467; x_wconf 85' lang='lat' dir='ltr'><strong>Carthaginensis</strong></span> <span class='ocrx_word' id='word_1_379' title='bbox 1262 4396 1554 4469; x_wconf 73' lang='lat' dir='ltr'><strong>provincia:</strong></span> <span class='ocrx_word' id='word_1_380' title='bbox 1600 4411 1819 4452; x_wconf 88' lang='lat' dir='ltr'><strong>nonre-</strong></span> 
     </span>
    </p>
   </div>
   <div class='ocr_carea' id='block_1_62' title="bbox 237 4490 1816 4559">
    <p class='ocr_par' dir='ltr' id='par_1_62' title="bbox 237 4490 1816 4559">
     <span class='ocr_line' id='line_1_62' title="bbox 237 4490 1816 4559; baseline -0.002 -13"><span class='ocrx_word' id='word_1_381' title='bbox 237 4501 533 4559; x_wconf 72' lang='lat' dir='ltr'><strong>rereantur,</strong></span> <span class='ocrx_word' id='word_1_382' title='bbox 563 4494 757 4548; x_wconf 82' lang='lat' dir='ltr'><strong>contra‘</strong></span> <span class='ocrx_word' id='word_1_383' title='bbox 783 4492 1063 4548; x_wconf 80' lang='lat' dir='ltr'><strong>canonica:</strong></span> <span class='ocrx_word' id='word_1_384' title='bbox 1098 4491 1439 4547; x_wconf 87' lang='lat' dir='ltr'><strong>auctoritatis</strong></span> <span class='ocrx_word' id='word_1_385' title='bbox 1468 4490 1816 4555; x_wconf 88' lang='lat' dir='ltr'><strong>sententiam,</strong></span> 
     </span>
    </p>
   </div>
   <div class='ocr_carea' id='block_1_63' title="bbox 1917 3116 3500 3187">
    <p class='ocr_par' dir='ltr' id='par_1_63' title="bbox 1917 3116 3500 3187">
     <span class='ocr_line' id='line_1_63' title="bbox 1917 3116 3500 3187; baseline -0.002 -15"><span class='ocrx_word' id='word_1_386' title='bbox 1917 3117 2105 3186; x_wconf 79' lang='lat' dir='ltr'><strong>Neque</strong></span> <span class='ocrx_word' id='word_1_387' title='bbox 2124 3116 2368 3171; x_wconf 87' lang='lat' dir='ltr'><strong>eamdem</strong></span> <span class='ocrx_word' id='word_1_388' title='bbox 2406 3116 2881 3187; x_wconf 84' lang='lat' dir='ltr'><strong>Carthagiueusem</strong></span> <span class='ocrx_word' id='word_1_389' title='bbox 2925 3118 3256 3182; x_wconf 86' lang='lat' dir='ltr'><strong>provinciam</strong></span> <span class='ocrx_word' id='word_1_390' title='bbox 3304 3126 3357 3173; x_wconf 90' lang='lat' dir='ltr'><strong>tu</strong></span> <span class='ocrx_word' id='word_1_391' title='bbox 3409 3136 3500 3175; x_wconf 78' lang='lat' dir='ltr'><strong>an.</strong></span> 
     </span>
    </p>
   </div>
   <div class='ocr_carea' id='block_1_64' title="bbox 1837 3194 3504 3280">
    <p class='ocr_par' dir='ltr' id='par_1_64' title="bbox 1837 3194 3504 3280">
     <span class='ocr_line' id='line_1_64' title="bbox 1837 3194 3504 3280; baseline 0.004 -15"><span class='ocrx_word' id='word_1_392' title='bbox 1837 3194 1883 3255; x_wconf 82' lang='lat' dir='ltr'><strong>C</strong></span> <span class='ocrx_word' id='word_1_393' title='bbox 1914 3210 2067 3280; x_wconf 69' lang='lat' dir='ltr'><strong>cipit!</strong></span> <span class='ocrx_word' id='word_1_394' title='bbox 2114 3208 2344 3265; x_wconf 91' lang='lat' dir='ltr'><strong>duorum</strong></span> <span class='ocrx_word' id='word_1_395' title='bbox 2391 3211 2932 3280; x_wconf 88' lang='lat' dir='ltr'><strong>metropolitanorum</strong></span> <span class='ocrx_word' id='word_1_396' title='bbox 2998 3211 3259 3279; x_wconf 89' lang='lat' dir='ltr'><strong>regimine</strong></span> <span class='ocrx_word' id='word_1_397' title='bbox 3312 3222 3504 3272; x_wconf 78' lang='lat' dir='ltr'><strong>contra</strong></span> 
     </span>
    </p>
   </div>
   <div class='ocr_carea' id='block_1_65' title="bbox 1917 3298 3506 3372">
    <p class='ocr_par' dir='ltr' id='par_1_65' title="bbox 1917 3298 3506 3372">
     <span class='ocr_line' id='line_1_65' title="bbox 1917 3298 3506 3372; baseline 0.003 -17"><span class='ocrx_word' id='word_1_398' title='bbox 1917 3300 2140 3355; x_wconf 78' lang='lat' dir='ltr'><strong>Patrum</strong></span> <span class='ocrx_word' id='word_1_399' title='bbox 2178 3298 2398 3356; x_wconf 87' lang='lat' dir='ltr'><strong>decreta</strong></span> <span class='ocrx_word' id='word_1_400' title='bbox 2446 3300 2806 3370; x_wconf 85' lang='lat' dir='ltr'><strong>periniuimus</strong></span> <span class='ocrx_word' id='word_1_401' title='bbox 2833 3300 3216 3368; x_wconf 64' lang='lat' dir='ltr'><strong>dividendam,</strong></span> <span class='ocrx_word' id='word_1_402' title='bbox 3242 3318 3338 3372; x_wconf 81' lang='lat' dir='ltr'><strong>per</strong></span> <span class='ocrx_word' id='word_1_403' title='bbox 3361 3307 3506 3368; x_wconf 86' lang='lat' dir='ltr'><strong>quod</strong></span> 
     </span>
    </p>
   </div>
   <div class='ocr_carea' id='block_1_66' title="bbox 1916 3390 3508 3464">
    <p class='ocr_par' dir='ltr' id='par_1_66' title="bbox 1916 3390 3508 3464">
     <span class='ocr_line' id='line_1_66' title="bbox 1916 3390 3508 3464; baseline -0.001 -17"><span class='ocrx_word' id='word_1_404' title='bbox 1916 3393 2124 3447; x_wconf 84' lang='lat' dir='ltr'><strong>oriatur</strong></span> <span class='ocrx_word' id='word_1_405' title='bbox 2153 3390 2385 3447; x_wconf 85' lang='lat' dir='ltr'><strong>varietas</strong></span> <span class='ocrx_word' id='word_1_406' title='bbox 2411 3391 2761 3449; x_wconf 89' lang='lat' dir='ltr'><strong>schismatum</strong></span> <span class='ocrx_word' id='word_1_407' title='bbox 2780 3436 2794 3460; x_wconf 94' lang='lat'><strong>,</strong></span> <span class='ocrx_word' id='word_1_408' title='bbox 2823 3394 3019 3464; x_wconf 86' lang='lat' dir='ltr'><strong>quibus</strong></span> <span class='ocrx_word' id='word_1_409' title='bbox 3062 3394 3407 3449; x_wconf 86' lang='lat' dir='ltr'><strong>subvertatnr</strong></span> <span class='ocrx_word' id='word_1_410' title='bbox 3450 3395 3508 3447; x_wconf 85' lang='lat' dir='ltr'><strong>li-</strong></span> 
     </span>
    </p>
   </div>
   <div class='ocr_carea' id='block_1_67' title="bbox 1916 3482 3509 3557">
    <p class='ocr_par' dir='ltr' id='par_1_67' title="bbox 1916 3482 3509 3557">
     <span class='ocr_line' id='line_1_67' title="bbox 1916 3482 3509 3557; baseline 0.004 -19"><span class='ocrx_word' id='word_1_411' title='bbox 1916 3484 2033 3549; x_wconf 88' lang='lat' dir='ltr'><strong>des,</strong></span> <span class='ocrx_word' id='word_1_412' title='bbox 2064 3490 2122 3538; x_wconf 89' lang='lat' dir='ltr'><strong>et</strong></span> <span class='ocrx_word' id='word_1_413' title='bbox 2152 3482 2327 3538; x_wconf 90' lang='lat' dir='ltr'><strong>unitas</strong></span> <span class='ocrx_word' id='word_1_414' title='bbox 2357 3483 2676 3552; x_wconf 87' lang='lat' dir='ltr'><strong>sciudatur;</strong></span> <span class='ocrx_word' id='word_1_415' title='bbox 2719 3487 2813 3541; x_wconf 91' lang='lat' dir='ltr'><strong>sed</strong></span> <span class='ocrx_word' id='word_1_416' title='bbox 2838 3487 2952 3543; x_wconf 79' lang='lat' dir='ltr'><strong>lucc</strong></span> <span class='ocrx_word' id='word_1_417' title='bbox 2983 3487 3097 3557; x_wconf 86' lang='lat' dir='ltr'><strong>ipsa</strong></span> <span class='ocrx_word' id='word_1_418' title='bbox 3145 3488 3326 3551; x_wconf 84' lang='lat' dir='ltr'><strong>sedes,</strong></span> <span class='ocrx_word' id='word_1_419' title='bbox 3369 3489 3509 3544; x_wconf 87' lang='lat' dir='ltr'><strong>sicut</strong></span> 
     </span>
    </p>
   </div>
   <div class='ocr_carea' id='block_1_68' title="bbox 1916 3574 3511 3648">
    <p class='ocr_par' dir='ltr' id='par_1_68' title="bbox 1916 3574 3511 3648">
     <span class='ocr_line' id='line_1_68' title="bbox 1916 3574 3511 3648; baseline 0.004 -18"><span class='ocrx_word' id='word_1_420' title='bbox 1916 3574 2358 3645; x_wconf 70' lang='lat' dir='ltr'><strong>praxlictumcst,</strong></span> <span class='ocrx_word' id='word_1_421' title='bbox 2389 3578 2610 3648; x_wconf 87' lang='lat' dir='ltr'><strong>antiqua</strong></span> <span class='ocrx_word' id='word_1_422' title='bbox 2636 3580 2869 3634; x_wconf 85' lang='lat' dir='ltr'><strong>nominis</strong></span> <span class='ocrx_word' id='word_1_423' title='bbox 2896 3580 3013 3645; x_wconf 84' lang='lat' dir='ltr'><strong>sui,</strong></span> <span class='ocrx_word' id='word_1_424' title='bbox 3055 3596 3119 3634; x_wconf 89' lang='lat' dir='ltr'><strong>ac</strong></span> <span class='ocrx_word' id='word_1_425' title='bbox 3166 3582 3334 3636; x_wconf 89' lang='lat' dir='ltr'><strong>nostri</strong></span> <span class='ocrx_word' id='word_1_426' title='bbox 3359 3584 3511 3636; x_wconf 89' lang='lat' dir='ltr'><strong>cultu</strong></span> 
     </span>
    </p>
   </div>
   <div class='ocr_carea' id='block_1_69' title="bbox 1917 3665 3512 3742">
    <p class='ocr_par' dir='ltr' id='par_1_69' title="bbox 1917 3665 3512 3742">
     <span class='ocr_line' id='line_1_69' title="bbox 1917 3665 3512 3742; baseline 0.006 -22"><span class='ocrx_word' id='word_1_427' title='bbox 1917 3665 2151 3735; x_wconf 69' lang='lat' dir='ltr'><strong>imperii,</strong></span> <span class='ocrx_word' id='word_1_428' title='bbox 2182 3667 2254 3721; x_wconf 90' lang='lat' dir='ltr'><strong>ita</strong></span> <span class='ocrx_word' id='word_1_429' title='bbox 2277 3676 2333 3722; x_wconf 90' lang='lat' dir='ltr'><strong>et</strong></span> <span class='ocrx_word' id='word_1_430' title='bbox 2363 3668 2527 3727; x_wconf 81' lang='lat' dir='ltr'><strong>totius</strong></span> <span class='ocrx_word' id='word_1_431' title='bbox 2544 3671 2846 3739; x_wconf 77' lang='lat' dir='ltr'><strong>provincia:</strong></span> <span class='ocrx_word' id='word_1_432' title='bbox 2902 3673 3105 3742; x_wconf 84' lang='lat' dir='ltr'><strong>polleat</strong></span> <span class='ocrx_word' id='word_1_433' title='bbox 3148 3674 3392 3729; x_wconf 77' lang='lat' dir='ltr'><strong>ecclesia:</strong></span> <span class='ocrx_word' id='word_1_434' title='bbox 3431 3675 3512 3729; x_wconf 86' lang='lat' dir='ltr'><strong>di-</strong></span> 
     </span>
    </p>
   </div>
   <div class='ocr_carea' id='block_1_70' title="bbox 1916 3759 2891 3833">
    <p class='ocr_par' dir='ltr' id='par_1_70' title="bbox 1916 3759 2891 3833">
     <span class='ocr_line' id='line_1_70' title="bbox 1916 3759 2891 3833; baseline 0.003 -19"><span class='ocrx_word' id='word_1_435' title='bbox 1916 3759 2147 3830; x_wconf 79' lang='lat' dir='ltr'><strong>gnitate,</strong></span> <span class='ocrx_word' id='word_1_436' title='bbox 2180 3769 2239 3816; x_wconf 91' lang='lat' dir='ltr'><strong>et</strong></span> <span class='ocrx_word' id='word_1_437' title='bbox 2268 3761 2574 3831; x_wconf 71' lang='lat' dir='ltr'><strong>prmcclleat</strong></span> <span class='ocrx_word' id='word_1_438' title='bbox 2604 3771 2891 3833; x_wconf 88' lang='lat' dir='ltr'><strong>potestate.</strong></span> 
     </span>
    </p>
   </div>
   <div class='ocr_carea' id='block_1_71' title="bbox 1992 3853 3513 3929">
    <p class='ocr_par' dir='ltr' id='par_1_71' title="bbox 1992 3853 3513 3929">
     <span class='ocr_line' id='line_1_71' title="bbox 1992 3853 3513 3929; baseline 0.003 -21"><span class='ocrx_word' id='word_1_439' title='bbox 1992 3853 2125 3908; x_wconf 82' lang='lat' dir='ltr'><strong>Illo-.l</strong></span> <span class='ocrx_word' id='word_1_440' title='bbox 2151 3863 2333 3908; x_wconf 85' lang='lat' dir='ltr'><strong>autem</strong></span> <span class='ocrx_word' id='word_1_441' title='bbox 2366 3854 2510 3925; x_wconf 86' lang='lat' dir='ltr'><strong>quod</strong></span> <span class='ocrx_word' id='word_1_442' title='bbox 2546 3854 2656 3924; x_wconf 76' lang='lat' dir='ltr'><strong>jam</strong></span> <span class='ocrx_word' id='word_1_443' title='bbox 2681 3855 2884 3925; x_wconf 85' lang='lat' dir='ltr'><strong>pridem</strong></span> <span class='ocrx_word' id='word_1_444' title='bbox 2914 3855 2968 3909; x_wconf 93' lang='lat' dir='ltr'><strong>iu</strong></span> <span class='ocrx_word' id='word_1_445' title='bbox 3015 3858 3254 3926; x_wconf 85' lang='lat' dir='ltr'><strong>generali</strong></span> <span class='ocrx_word' id='word_1_446' title='bbox 3306 3859 3513 3929; x_wconf 84' lang='lat' dir='ltr'><strong>synodo</strong></span> 
     </span>
    </p>
   </div>
   <div class='ocr_carea' id='block_1_72' title="bbox 1920 3944 3514 4019">
    <p class='ocr_par' dir='ltr' id='par_1_72' title="bbox 1920 3944 3514 4019">
     <span class='ocr_line' id='line_1_72' title="bbox 1920 3944 3514 4019; baseline 0.001 -20"><span class='ocrx_word' id='word_1_447' title='bbox 1920 3945 2139 4000; x_wconf 87' lang='lat' dir='ltr'><strong>concilii</strong></span> <span class='ocrx_word' id='word_1_448' title='bbox 2170 3944 2418 4001; x_wconf 90' lang='lat' dir='ltr'><strong>Toletani</strong></span> <span class='ocrx_word' id='word_1_449' title='bbox 2480 3961 2511 4001; x_wconf 86' lang='lat' dir='ltr'><strong>a</strong></span> <span class='ocrx_word' id='word_1_450' title='bbox 2568 3946 2863 4002; x_wconf 72' lang='lat' dir='ltr'><strong>venerabili</strong></span> <span class='ocrx_word' id='word_1_451' title='bbox 2911 3945 3212 4019; x_wconf 86' lang='lat' dir='ltr'><strong>Euphemio</strong></span> <span class='ocrx_word' id='word_1_452' title='bbox 3253 3948 3514 4017; x_wconf 80' lang='lat' dir='ltr'><strong>episcopo</strong></span> 
     </span>
    </p>
   </div>
   <div class='ocr_carea' id='block_1_73' title="bbox 1922 4036 3513 4109">
    <p class='ocr_par' dir='ltr' id='par_1_73' title="bbox 1922 4036 3513 4109">
     <span class='ocr_line' id='line_1_73' title="bbox 1922 4036 3513 4109; baseline 0.003 -20"><span class='ocrx_word' id='word_1_453' title='bbox 1922 4051 2115 4089; x_wconf 87' lang='lat' dir='ltr'><strong>manus</strong></span> <span class='ocrx_word' id='word_1_454' title='bbox 2144 4036 2544 4106; x_wconf 81' lang='lat' dir='ltr'><strong>subscriptione</strong></span> <span class='ocrx_word' id='word_1_455' title='bbox 2579 4046 2824 4092; x_wconf 90' lang='lat' dir='ltr'><strong>notatum</strong></span> <span class='ocrx_word' id='word_1_456' title='bbox 2856 4046 2959 4101; x_wconf 88' lang='lat' dir='ltr'><strong>est,</strong></span> <span class='ocrx_word' id='word_1_457' title='bbox 2992 4037 3330 4109; x_wconf 77' lang='lat' dir='ltr'><strong>Carpetania:</strong></span> <span class='ocrx_word' id='word_1_458' title='bbox 3389 4053 3513 4109; x_wconf 83' lang='lat' dir='ltr'><strong>pro-</strong></span> 
     </span>
    </p>
   </div>
   <div class='ocr_carea' id='block_1_74' title="bbox 1921 4126 3516 4203">
    <p class='ocr_par' dir='ltr' id='par_1_74' title="bbox 1921 4126 3516 4203">
     <span class='ocr_line' id='line_1_74' title="bbox 1921 4126 3516 4203; baseline 0.005 -23"><span class='ocrx_word' id='word_1_459' title='bbox 1921 4127 2112 4182; x_wconf 70' lang='lat' dir='ltr'><strong>vincia:</strong></span> <span class='ocrx_word' id='word_1_460' title='bbox 2135 4126 2453 4183; x_wconf 85' lang='lat' dir='ltr'><strong>Toletanam</strong></span> <span class='ocrx_word' id='word_1_461' title='bbox 2483 4144 2603 4183; x_wconf 89' lang='lat' dir='ltr'><strong>esse</strong></span> <span class='ocrx_word' id='word_1_462' title='bbox 2633 4130 2817 4184; x_wconf 70' lang='lat' dir='ltr'><strong>sedem</strong></span> <span class='ocrx_word' id='word_1_463' title='bbox 2848 4131 3218 4201; x_wconf 86' lang='lat' dir='ltr'><strong>metropolim,</strong></span> <span class='ocrx_word' id='word_1_464' title='bbox 3246 4148 3343 4186; x_wconf 85' lang='lat' dir='ltr'><strong>uos</strong></span> <span class='ocrx_word' id='word_1_465' title='bbox 3373 4133 3516 4203; x_wconf 62' lang='lat' dir='ltr'><strong>ejttsa</strong></span> 
     </span>
    </p>
   </div>
   <div class='ocr_carea' id='block_1_75' title="bbox 1920 4216 3517 4290">
    <p class='ocr_par' dir='ltr' id='par_1_75' title="bbox 1920 4216 3517 4290">
     <span class='ocr_line' id='line_1_75' title="bbox 1920 4216 3517 4290; baseline 0.004 -19"><span class='ocrx_word' id='word_1_466' title='bbox 1920 4216 2043 4271; x_wconf 91' lang='lat' dir='ltr'><strong>dem</strong></span> <span class='ocrx_word' id='word_1_467' title='bbox 2098 4217 2413 4286; x_wconf 71' lang='lat' dir='ltr'><strong>ignominia:</strong></span> <span class='ocrx_word' id='word_1_468' title='bbox 2469 4219 2795 4273; x_wconf 68' lang='lat' dir='ltr'><strong>svutcntiam</strong></span> <span class='ocrx_word' id='word_1_469' title='bbox 2844 4220 3163 4290; x_wconf 87' lang='lat' dir='ltr'><strong>corrigimus</strong></span> <span class='ocrx_word' id='word_1_470' title='bbox 3207 4238 3221 4273; x_wconf 90' lang='lat'><strong>:</strong></span> <span class='ocrx_word' id='word_1_471' title='bbox 3280 4223 3517 4277; x_wconf 82' lang='lat' dir='ltr'><strong>scientes</strong></span> 
     </span>
    </p>
   </div>
   <div class='ocr_carea' id='block_1_76' title="bbox 1922 4309 3518 4383">
    <p class='ocr_par' dir='ltr' id='par_1_76' title="bbox 1922 4309 3518 4383">
     <span class='ocr_line' id='line_1_76' title="bbox 1922 4309 3518 4383; baseline 0.003 -21"><span class='ocrx_word' id='word_1_472' title='bbox 1922 4310 2109 4380; x_wconf 89' lang='lat' dir='ltr'><strong>procul</strong></span> <span class='ocrx_word' id='word_1_473' title='bbox 2134 4309 2300 4363; x_wconf 88' lang='lat' dir='ltr'><strong>dubio</strong></span> <span class='ocrx_word' id='word_1_474' title='bbox 2329 4309 2671 4380; x_wconf 75' lang='lat' dir='ltr'><strong>Carpetania:</strong></span> <span class='ocrx_word' id='word_1_475' title='bbox 2710 4311 2988 4380; x_wconf 87' lang='lat' dir='ltr'><strong>regionem</strong></span> <span class='ocrx_word' id='word_1_476' title='bbox 3014 4327 3124 4366; x_wconf 91' lang='lat' dir='ltr'><strong>non</strong></span> <span class='ocrx_word' id='word_1_477' title='bbox 3152 4327 3273 4367; x_wconf 86' lang='lat' dir='ltr'><strong>esse</strong></span> <span class='ocrx_word' id='word_1_478' title='bbox 3297 4314 3518 4383; x_wconf 82' lang='lat' dir='ltr'><strong>provin-</strong></span> 
     </span>
    </p>
   </div>
   <div class='ocr_carea' id='block_1_77' title="bbox 1922 4400 3519 4473">
    <p class='ocr_par' dir='ltr' id='par_1_77' title="bbox 1922 4400 3519 4473">
     <span class='ocr_line' id='line_1_77' title="bbox 1922 4400 3519 4473; baseline 0.003 -18"><span class='ocrx_word' id='word_1_479' title='bbox 1922 4401 2084 4466; x_wconf 83' lang='lat' dir='ltr'><strong>ciam,</strong></span> <span class='ocrx_word' id='word_1_480' title='bbox 2111 4400 2206 4455; x_wconf 88' lang='lat' dir='ltr'><strong>sed</strong></span> <span class='ocrx_word' id='word_1_481' title='bbox 2267 4409 2474 4471; x_wconf 71' lang='lat' dir='ltr'><strong>partem</strong></span> <span class='ocrx_word' id='word_1_482' title='bbox 2513 4401 2960 4471; x_wconf 70' lang='lat' dir='ltr'><strong>Carthaginiensis</strong></span> <span class='ocrx_word' id='word_1_483' title='bbox 3004 4404 3318 4473; x_wconf 58' lang='lat' dir='ltr'><strong>provinciae,</strong></span> <span class='ocrx_word' id='word_1_484' title='bbox 3366 4404 3519 4472; x_wconf 71' lang='lat' dir='ltr'><strong>juxta</strong></span> 
     </span>
    </p>
   </div>
   <div class='ocr_carea' id='block_1_78' title="bbox 1923 4492 3521 4563">
    <p class='ocr_par' dir='ltr' id='par_1_78' title="bbox 1923 4492 3521 4563">
     <span class='ocr_line' id='line_1_78' title="bbox 1923 4492 3521 4563; baseline 0.004 -18"><span class='ocrx_word' id='word_1_485' title='bbox 1923 4493 2067 4563; x_wconf 89' lang='lat' dir='ltr'><strong>quod</strong></span> <span class='ocrx_word' id='word_1_486' title='bbox 2096 4499 2153 4546; x_wconf 89' lang='lat' dir='ltr'><strong>et</strong></span> <span class='ocrx_word' id='word_1_487' title='bbox 2199 4492 2419 4562; x_wconf 88' lang='lat' dir='ltr'><strong>antiqua</strong></span> <span class='ocrx_word' id='word_1_488' title='bbox 2448 4509 2628 4550; x_wconf 88' lang='lat' dir='ltr'><strong>rerum</strong></span> <span class='ocrx_word' id='word_1_489' title='bbox 2651 4501 2924 4562; x_wconf 75' lang='lat' dir='ltr'><strong>gestarum</strong></span> <span class='ocrx_word' id='word_1_490' title='bbox 2955 4505 3305 4551; x_wconf 88' lang='lat' dir='ltr'><strong>monumenta</strong></span> <span class='ocrx_word' id='word_1_491' title='bbox 3336 4496 3521 4551; x_wconf 83' lang='lat' dir='ltr'><strong>decla-</strong></span> 
     </span>
    </p>
   </div>
   <div class='ocr_carea' id='block_1_79' title="bbox 239 4580 3521 4660">
    <p class='ocr_par' dir='ltr' id='par_1_79' title="bbox 239 4580 3521 4660">
     <span class='ocr_line' id='line_1_79' title="bbox 239 4580 3521 4660; baseline 0.001 -22"><span class='ocrx_word' id='word_1_492' title='bbox 239 4586 418 4651; x_wconf 79' lang='lat' dir='ltr'><strong>passirn</strong></span> <span class='ocrx_word' id='word_1_493' title='bbox 449 4600 514 4641; x_wconf 89' lang='lat' dir='ltr'><strong>ac</strong></span> <span class='ocrx_word' id='word_1_494' title='bbox 536 4585 728 4649; x_wconf 86' lang='lat' dir='ltr'><strong>libere,</strong></span> <span class='ocrx_word' id='word_1_495' title='bbox 744 4592 938 4640; x_wconf 89' lang='lat' dir='ltr'><strong>contra</strong></span> <span class='ocrx_word' id='word_1_496' title='bbox 966 4583 1402 4654; x_wconf 72' lang='lat' dir='ltr'><strong>metropolitanum</strong></span> <span class='ocrx_word' id='word_1_497' title='bbox 1434 4582 1690 4638; x_wconf 76' lang='lat' dir='ltr'><strong>Ecclesia:</strong></span> <span class='ocrx_word' id='word_1_498' title='bbox 1721 4596 1821 4652; x_wconf 88' lang='lat' dir='ltr'><strong>po-</strong></span> <span class='ocrx_word' id='word_1_499' title='bbox 1850 4598 1892 4660; x_wconf 70' lang='grc' dir='ltr'>ε</span> <span class='ocrx_word' id='word_1_500' title='bbox 1927 4593 2066 4636; x_wconf 85' lang='lat' dir='ltr'><strong>rant.</strong></span> <span class='ocrx_word' id='word_1_501' title='bbox 2100 4580 2182 4636; x_wconf 89' lang='lat' dir='ltr'><strong>0b</strong></span> <span class='ocrx_word' id='word_1_502' title='bbox 2212 4583 2346 4649; x_wconf 89' lang='lat' dir='ltr'><strong>hoc,</strong></span> <span class='ocrx_word' id='word_1_503' title='bbox 2400 4583 2525 4650; x_wconf 86' lang='lat' dir='ltr'><strong>quia</strong></span> <span class='ocrx_word' id='word_1_504' title='bbox 2559 4598 2663 4637; x_wconf 89' lang='lat' dir='ltr'><strong>una</strong></span> <span class='ocrx_word' id='word_1_505' title='bbox 2710 4582 3013 4653; x_wconf 89' lang='lat' dir='ltr'><strong>eademque</strong></span> <span class='ocrx_word' id='word_1_506' title='bbox 3061 4586 3339 4656; x_wconf 80' lang='lat' dir='ltr'><strong>provincia</strong></span> <span class='ocrx_word' id='word_1_507' title='bbox 3395 4594 3478 4641; x_wconf 80' lang='lat' dir='ltr'><strong>est</strong></span> <span class='ocrx_word' id='word_1_508' title='bbox 3505 4628 3521 4652; x_wconf 94' lang='lat'><strong>,</strong></span> 
     </span>
    </p>
   </div>
   <div class='ocr_carea' id='block_1_80' title="bbox 238 4674 1815 4747">
    <p class='ocr_par' dir='ltr' id='par_1_80' title="bbox 238 4674 1815 4747">
     <span class='ocr_line' id='line_1_80' title="bbox 238 4674 1815 4747; baseline -0.002 -16"><span class='ocrx_word' id='word_1_509' title='bbox 238 4682 495 4741; x_wconf 77' lang='lat' dir='ltr'><strong>testateln,</strong></span> <span class='ocrx_word' id='word_1_510' title='bbox 528 4692 628 4747; x_wconf 85' lang='lat' dir='ltr'><strong>per</strong></span> <span class='ocrx_word' id='word_1_511' title='bbox 651 4675 915 4747; x_wconf 85' lang='lat' dir='ltr'><strong>quasdam</strong></span> <span class='ocrx_word' id='word_1_512' title='bbox 961 4674 1212 4742; x_wconf 79' lang='lat' dir='ltr'><strong>fratrias,</strong></span> <span class='ocrx_word' id='word_1_513' title='bbox 1249 4685 1306 4730; x_wconf 88' lang='lat' dir='ltr'><strong>et</strong></span> <span class='ocrx_word' id='word_1_514' title='bbox 1349 4675 1815 4746; x_wconf 88' lang='lat' dir='ltr'><strong>conspirationes,</strong></span> 
     </span>
    </p>
   </div>
   <div class='ocr_carea' id='block_1_81' title="bbox 241 4766 1811 4838">
    <p class='ocr_par' dir='ltr' id='par_1_81' title="bbox 241 4766 1811 4838">
     <span class='ocr_line' id='line_1_81' title="bbox 241 4766 1811 4838; baseline -0.001 -17"><span class='ocrx_word' id='word_1_515' title='bbox 241 4767 569 4837; x_wconf 76' lang='lat' dir='ltr'><strong>inexplorata:</strong></span> <span class='ocrx_word' id='word_1_516' title='bbox 595 4767 719 4823; x_wconf 75' lang='lat' dir='ltr'><strong>vita:</strong></span> <span class='ocrx_word' id='word_1_517' title='bbox 774 4781 967 4823; x_wconf 87' lang='lat' dir='ltr'><strong>omnes</strong></span> <span class='ocrx_word' id='word_1_518' title='bbox 1021 4766 1319 4838; x_wconf 82' lang='lat' dir='ltr'><strong>episcopali</strong></span> <span class='ocrx_word' id='word_1_519' title='bbox 1352 4767 1533 4824; x_wconf 81' lang='lat' dir='ltr'><strong>oﬂicio</strong></span> <span class='ocrx_word' id='word_1_520' title='bbox 1554 4766 1811 4838; x_wconf 90' lang='lat' dir='ltr'><strong>provehi,</strong></span> 
     </span>
    </p>
   </div>
   <div class='ocr_carea' id='block_1_82' title="bbox 240 4855 1813 4931">
    <p class='ocr_par' dir='ltr' id='par_1_82' title="bbox 240 4855 1813 4931">
     <span class='ocr_line' id='line_1_82' title="bbox 240 4855 1813 4931; baseline -0.001 -20"><span class='ocrx_word' id='word_1_521' title='bbox 240 4866 387 4925; x_wconf 83' lang='lat' dir='ltr'><strong>atque</strong></span> <span class='ocrx_word' id='word_1_522' title='bbox 416 4860 564 4915; x_wconf 85' lang='lat' dir='ltr'><strong>hane‘</strong></span> <span class='ocrx_word' id='word_1_523' title='bbox 583 4858 755 4931; x_wconf 85' lang='lat' dir='ltr'><strong>ipsam</strong></span> <span class='ocrx_word' id='word_1_524' title='bbox 786 4856 1023 4928; x_wconf 71' lang='lat' dir='ltr'><strong>pmfabe</strong></span> <span class='ocrx_word' id='word_1_525' title='bbox 1050 4855 1307 4913; x_wconf 65' lang='lat' dir='ltr'><strong>Ecclesia:</strong></span> <span class='ocrx_word' id='word_1_526' title='bbox 1353 4856 1676 4925; x_wconf 84' lang='lat' dir='ltr'><strong>dignitatem</strong></span> <span class='ocrx_word' id='word_1_527' title='bbox 1720 4858 1813 4911; x_wconf 88' lang='lat' dir='ltr'><strong>im-</strong></span> 
     </span>
    </p>
   </div>
   <div class='ocr_carea' id='block_1_83' title="bbox 242 4947 1823 5018">
    <p class='ocr_par' dir='ltr' id='par_1_83' title="bbox 242 4947 1823 5018">
     <span class='ocr_line' id='line_1_83' title="bbox 242 4947 1823 5018; baseline -0.003 -13"><span class='ocrx_word' id='word_1_528' title='bbox 242 4950 361 5017; x_wconf 80' lang='lat' dir='ltr'><strong>perii</strong></span> <span class='ocrx_word' id='word_1_529' title='bbox 380 4949 545 5005; x_wconf 70' lang='lat' dir='ltr'><strong>nostri</strong></span> <span class='ocrx_word' id='word_1_530' title='bbox 560 4948 699 5005; x_wconf 87' lang='lat' dir='ltr'><strong>solio</strong></span> <span class='ocrx_word' id='word_1_531' title='bbox 714 4948 1062 5004; x_wconf 86' lang='lat' dir='ltr'><strong>sublimatam</strong></span> <span class='ocrx_word' id='word_1_532' title='bbox 1084 4960 1437 5004; x_wconf 87' lang='lat' dir='ltr'><strong>contemnere</strong></span> <span class='ocrx_word' id='word_1_533' title='bbox 1456 4967 1471 5013; x_wconf 82' lang='lat'><strong>;</strong></span> <span class='ocrx_word' id='word_1_534' title='bbox 1494 4947 1823 5018; x_wconf 81' lang='lat' dir='ltr'><strong>perturban-</strong></span> 
     </span>
    </p>
   </div>
   <div class='ocr_carea' id='block_1_84' title="bbox 244 5038 1819 5109">
    <p class='ocr_par' dir='ltr' id='par_1_84' title="bbox 244 5038 1819 5109">
     <span class='ocr_line' id='line_1_84' title="bbox 244 5038 1819 5109; baseline 0 -15"><span class='ocrx_word' id='word_1_535' title='bbox 244 5046 315 5094; x_wconf 81' lang='lat' dir='ltr'><strong>tes</strong></span> <span class='ocrx_word' id='word_1_536' title='bbox 340 5039 692 5095; x_wconf 83' lang='lat' dir='ltr'><strong>ecclesiastici</strong></span> <span class='ocrx_word' id='word_1_537' title='bbox 719 5039 927 5095; x_wconf 88' lang='lat' dir='ltr'><strong>ordinis</strong></span> <span class='ocrx_word' id='word_1_538' title='bbox 945 5039 1252 5103; x_wconf 80' lang='lat' dir='ltr'><strong>veritatem,</strong></span> <span class='ocrx_word' id='word_1_539' title='bbox 1276 5038 1504 5109; x_wconf 84' lang='lat' dir='ltr'><strong>ejusque</strong></span> <span class='ocrx_word' id='word_1_540' title='bbox 1524 5039 1669 5094; x_wconf 86' lang='lat' dir='ltr'><strong>sedis</strong></span> <span class='ocrx_word' id='word_1_541' title='bbox 1690 5053 1819 5094; x_wconf 80' lang='lat' dir='ltr'><strong>auc-</strong></span> 
     </span>
    </p>
   </div>
   <div class='ocr_carea' id='block_1_85' title="bbox 246 5127 1818 5199">
    <p class='ocr_par' dir='ltr' id='par_1_85' title="bbox 246 5127 1818 5199">
     <span class='ocr_line' id='line_1_85' title="bbox 246 5127 1818 5199; baseline 0.003 -20"><span class='ocrx_word' id='word_1_542' title='bbox 246 5127 465 5194; x_wconf 66' lang='lat' dir='ltr'><strong>imitate,</strong></span> <span class='ocrx_word' id='word_1_543' title='bbox 492 5144 656 5199; x_wconf 89' lang='lat' dir='ltr'><strong>quam</strong></span> <span class='ocrx_word' id='word_1_544' title='bbox 697 5129 874 5199; x_wconf 89' lang='lat' dir='ltr'><strong>prisca</strong></span> <span class='ocrx_word' id='word_1_545' title='bbox 930 5144 1197 5184; x_wconf 84' lang='lat' dir='ltr'><strong>canonum</strong></span> <span class='ocrx_word' id='word_1_546' title='bbox 1222 5130 1463 5185; x_wconf 88' lang='lat' dir='ltr'><strong>declarat</strong></span> <span class='ocrx_word' id='word_1_547' title='bbox 1514 5131 1818 5195; x_wconf 89' lang='lat' dir='ltr'><strong>sententia,</strong></span> 
     </span>
    </p>
   </div>
   <div class='ocr_carea' id='block_1_86' title="bbox 247 5218 1822 5294">
    <p class='ocr_par' dir='ltr' id='par_1_86' title="bbox 247 5218 1822 5294">
     <span class='ocr_line' id='line_1_86' title="bbox 247 5218 1822 5294; baseline 0.006 -24"><span class='ocrx_word' id='word_1_548' title='bbox 247 5218 528 5275; x_wconf 80' lang='lat' dir='ltr'><strong>abutentes.</strong></span> <span class='ocrx_word' id='word_1_549' title='bbox 575 5220 733 5287; x_wconf 83' lang='lat' dir='ltr'><strong>Quod</strong></span> <span class='ocrx_word' id='word_1_550' title='bbox 777 5234 877 5275; x_wconf 87' lang='lat' dir='ltr'><strong>nos</strong></span> <span class='ocrx_word' id='word_1_551' title='bbox 920 5219 1062 5275; x_wconf 90' lang='lat' dir='ltr'><strong>ultra</strong></span> <span class='ocrx_word' id='word_1_552' title='bbox 1086 5223 1247 5275; x_wconf 85' lang='lat' dir='ltr'><strong>modo</strong></span> <span class='ocrx_word' id='word_1_553' title='bbox 1299 5237 1468 5291; x_wconf 80' lang='lat' dir='ltr'><strong>usque</strong></span> <span class='ocrx_word' id='word_1_554' title='bbox 1497 5223 1548 5277; x_wconf 93' lang='lat' dir='ltr'><strong>in</strong></span> <span class='ocrx_word' id='word_1_555' title='bbox 1626 5238 1822 5294; x_wconf 85' lang='lat' dir='ltr'><strong>perpe-</strong></span> 
     </span>
    </p>
   </div>
   <div class='ocr_carea' id='block_1_87' title="bbox 250 5312 1825 5384">
    <p class='ocr_par' dir='ltr' id='par_1_87' title="bbox 250 5312 1825 5384">
     <span class='ocr_line' id='line_1_87' title="bbox 250 5312 1825 5384; baseline 0.003 -20"><span class='ocrx_word' id='word_1_556' title='bbox 250 5320 384 5365; x_wconf 75' lang='lat' dir='ltr'><strong>tuum</strong></span> <span class='ocrx_word' id='word_1_557' title='bbox 412 5312 520 5367; x_wconf 80' lang='lat' dir='ltr'><strong>ﬁeri</strong></span> <span class='ocrx_word' id='word_1_558' title='bbox 568 5326 915 5383; x_wconf 73' lang='lat' dir='ltr'><strong>nequaquam</strong></span> <span class='ocrx_word' id='word_1_559' title='bbox 972 5313 1360 5384; x_wconf 88' lang='lat' dir='ltr'><strong>permittimus,</strong></span> <span class='ocrx_word' id='word_1_560' title='bbox 1409 5315 1506 5371; x_wconf 86' lang='lat' dir='ltr'><strong>sed</strong></span> <span class='ocrx_word' id='word_1_561' title='bbox 1560 5316 1825 5370; x_wconf 89' lang='lat' dir='ltr'><strong>honorem</strong></span> 
     </span>
    </p>
   </div>
   <div class='ocr_carea' id='block_1_88' title="bbox 252 5400 1826 5477">
    <p class='ocr_par' dir='ltr' id='par_1_88' title="bbox 252 5400 1826 5477">
     <span class='ocr_line' id='line_1_88' title="bbox 252 5400 1826 5477; baseline 0.006 -24"><span class='ocrx_word' id='word_1_562' title='bbox 252 5400 509 5471; x_wconf 86' lang='lat' dir='ltr'><strong>primatus,</strong></span> <span class='ocrx_word' id='word_1_563' title='bbox 534 5404 691 5473; x_wconf 78' lang='lat' dir='ltr'><strong>juxta</strong></span> <span class='ocrx_word' id='word_1_564' title='bbox 735 5405 1013 5474; x_wconf 86' lang='lat' dir='ltr'><strong>antiquam</strong></span> <span class='ocrx_word' id='word_1_565' title='bbox 1041 5405 1316 5477; x_wconf 81' lang='lat' dir='ltr'><strong>synodalis</strong></span> <span class='ocrx_word' id='word_1_566' title='bbox 1336 5407 1555 5461; x_wconf 89' lang='lat' dir='ltr'><strong>concilii</strong></span> <span class='ocrx_word' id='word_1_567' title='bbox 1585 5408 1826 5463; x_wconf 88' lang='lat' dir='ltr'><strong>auctori-</strong></span> 
     </span>
    </p>
   </div>
   <div class='ocr_carea' id='block_1_89' title="bbox 256 5498 1827 5569">
    <p class='ocr_par' dir='ltr' id='par_1_89' title="bbox 256 5498 1827 5569">
     <span class='ocr_line' id='line_1_89' title="bbox 256 5498 1827 5569; baseline 0.006 -23"><span class='ocrx_word' id='word_1_568' title='bbox 256 5502 423 5561; x_wconf 85' lang='lat' dir='ltr'><strong>tatem,</strong></span> <span class='ocrx_word' id='word_1_569' title='bbox 451 5510 544 5565; x_wconf 90' lang='lat' dir='ltr'><strong>per</strong></span> <span class='ocrx_word' id='word_1_570' title='bbox 571 5512 765 5553; x_wconf 75' lang='lat' dir='ltr'><strong>mnnes</strong></span> <span class='ocrx_word' id='word_1_571' title='bbox 788 5498 1232 5569; x_wconf 71' lang='lat' dir='ltr'><strong>Carthaginiensis</strong></span> <span class='ocrx_word' id='word_1_572' title='bbox 1254 5499 1545 5567; x_wconf 70' lang='lat' dir='ltr'><strong>provincia:</strong></span> <span class='ocrx_word' id='word_1_573' title='bbox 1568 5501 1827 5557; x_wconf 66' lang='lat' dir='ltr'><strong>ecclesias</strong></span> 
     </span>
    </p>
   </div>
   <div class='ocr_carea' id='block_1_90' title="bbox 258 5582 1823 5663">
    <p class='ocr_par' dir='ltr' id='par_1_90' title="bbox 258 5582 1823 5663">
     <span class='ocr_line' id='line_1_90' title="bbox 258 5582 1823 5663; baseline 0.006 -24"><span class='ocrx_word' id='word_1_574' title='bbox 258 5582 507 5642; x_wconf 79' lang='lat' dir='ltr'><strong>Toletana:</strong></span> <span class='ocrx_word' id='word_1_575' title='bbox 535 5589 783 5645; x_wconf 59' lang='lat' dir='ltr'><strong>ecclesiae</strong></span> <span class='ocrx_word' id='word_1_576' title='bbox 811 5591 963 5648; x_wconf 88' lang='lat' dir='ltr'><strong>sedis</strong></span> <span class='ocrx_word' id='word_1_577' title='bbox 988 5590 1304 5663; x_wconf 84' lang='lat' dir='ltr'><strong>episcopum</strong></span> <span class='ocrx_word' id='word_1_578' title='bbox 1336 5592 1536 5649; x_wconf 87' lang='lat' dir='ltr'><strong>habere</strong></span> <span class='ocrx_word' id='word_1_579' title='bbox 1579 5593 1823 5649; x_wconf 86' lang='lat' dir='ltr'><strong>ostendi-</strong></span> 
     </span>
    </p>
   </div>
   <div class='ocr_carea' id='block_1_91' title="bbox 256 5681 1827 5756">
    <p class='ocr_par' dir='ltr' id='par_1_91' title="bbox 256 5681 1827 5756">
     <span class='ocr_line' id='line_1_91' title="bbox 256 5681 1827 5756; baseline 0.008 -24"><span class='ocrx_word' id='word_1_580' title='bbox 256 5691 395 5733; x_wconf 83' lang='lat' dir='ltr'><strong>Inus:</strong></span> <span class='ocrx_word' id='word_1_581' title='bbox 423 5694 649 5749; x_wconf 88' lang='lat' dir='ltr'><strong>eumque</strong></span> <span class='ocrx_word' id='word_1_582' title='bbox 676 5681 823 5737; x_wconf 89' lang='lat' dir='ltr'><strong>inter</strong></span> <span class='ocrx_word' id='word_1_583' title='bbox 850 5699 979 5739; x_wconf 89' lang='lat' dir='ltr'><strong>suos</strong></span> <span class='ocrx_word' id='word_1_584' title='bbox 1011 5684 1406 5756; x_wconf 68' lang='lat' dir='ltr'><strong>coepiswpos,</strong></span> <span class='ocrx_word' id='word_1_585' title='bbox 1463 5696 1572 5740; x_wconf 89' lang='lat' dir='ltr'><strong>tam</strong></span> <span class='ocrx_word' id='word_1_586' title='bbox 1606 5687 1827 5744; x_wconf 87' lang='lat' dir='ltr'><strong>honoris</strong></span> 
     </span>
    </p>
   </div>
   <div class='ocr_carea' id='block_1_92' title="bbox 261 5771 1827 5847">
    <p class='ocr_par' dir='ltr' id='par_1_92' title="bbox 261 5771 1827 5847">
     <span class='ocr_line' id='line_1_92' title="bbox 261 5771 1827 5847; baseline 0.004 -19"><span class='ocrx_word' id='word_1_587' title='bbox 261 5771 542 5838; x_wconf 65' lang='lat' dir='ltr'><strong>linteum:</strong></span> <span class='ocrx_word' id='word_1_588' title='bbox 586 5772 853 5847; x_wconf 83' lang='lat' dir='ltr'><strong>dignitate</strong></span> <span class='ocrx_word' id='word_1_589' title='bbox 882 5791 1045 5845; x_wconf 86' lang='lat' dir='ltr'><strong>quam</strong></span> <span class='ocrx_word' id='word_1_590' title='bbox 1099 5777 1364 5844; x_wconf 87' lang='lat' dir='ltr'><strong>nominis;</strong></span> <span class='ocrx_word' id='word_1_591' title='bbox 1391 5777 1544 5845; x_wconf 75' lang='lat' dir='ltr'><strong>juxta</strong></span> <span class='ocrx_word' id='word_1_592' title='bbox 1574 5781 1717 5847; x_wconf 90' lang='lat' dir='ltr'><strong>quod</strong></span> <span class='ocrx_word' id='word_1_593' title='bbox 1761 5780 1827 5837; x_wconf 91' lang='lat' dir='ltr'><strong>de</strong></span> 
     </span>
    </p>
   </div>
   <div class='ocr_carea' id='block_1_93' title="bbox 262 5865 1825 5943">
    <p class='ocr_par' dir='ltr' id='par_1_93' title="bbox 262 5865 1825 5943">
     <span class='ocr_line' id='line_1_93' title="bbox 262 5865 1825 5943; baseline 0.007 -24"><span class='ocrx_word' id='word_1_594' title='bbox 262 5865 658 5937; x_wconf 78' lang='lat' dir='ltr'><strong>ntetropolitanis</strong></span> <span class='ocrx_word' id='word_1_595' title='bbox 688 5882 786 5938; x_wconf 88' lang='lat' dir='ltr'><strong>per</strong></span> <span class='ocrx_word' id='word_1_596' title='bbox 813 5866 1052 5938; x_wconf 85' lang='lat' dir='ltr'><strong>singulas</strong></span> <span class='ocrx_word' id='word_1_597' title='bbox 1084 5872 1386 5941; x_wconf 87' lang='lat' dir='ltr'><strong>provincias</strong></span> <span class='ocrx_word' id='word_1_598' title='bbox 1410 5873 1631 5943; x_wconf 82' lang='lat' dir='ltr'><strong>antiqua</strong></span> <span class='ocrx_word' id='word_1_599' title='bbox 1659 5892 1825 5930; x_wconf 75' lang='lat' dir='ltr'><strong>cano-</strong></span> 
     </span>
    </p>
   </div>
   <div class='ocr_carea' id='block_1_94' title="bbox 266 5959 1822 6035">
    <p class='ocr_par' dir='ltr' id='par_1_94' title="bbox 266 5959 1822 6035">
     <span class='ocr_line' id='line_1_94' title="bbox 266 5959 1822 6035; baseline 0.006 -21"><span class='ocrx_word' id='word_1_600' title='bbox 266 5959 601 6019; x_wconf 67' lang='lat' dir='ltr'><strong>mtralitio</strong></span> <span class='ocrx_word' id='word_1_601' title='bbox 642 5960 845 6035; x_wconf 71' lang='lat' dir='ltr'><strong>sanxit,</strong></span> <span class='ocrx_word' id='word_1_602' title='bbox 904 5970 961 6020; x_wconf 83' lang='lat' dir='ltr'><strong>et</strong></span> <span class='ocrx_word' id='word_1_603' title='bbox 1013 5967 1308 6023; x_wconf 74' lang='lat' dir='ltr'><strong>auctoritas</strong></span> <span class='ocrx_word' id='word_1_604' title='bbox 1356 5976 1511 6023; x_wconf 78' lang='lat' dir='ltr'><strong>vetus</strong></span> <span class='ocrx_word' id='word_1_605' title='bbox 1557 5968 1822 6035; x_wconf 77' lang='lat' dir='ltr'><strong>pcrmisit.</strong></span> 
     </span>
    </p>
   </div>
   <div class='ocr_carea' id='block_1_95' title="bbox 1923 4673 3521 4753">
    <p class='ocr_par' dir='ltr' id='par_1_95' title="bbox 1923 4673 3521 4753">
     <span class='ocr_line' id='line_1_95' title="bbox 1923 4673 3521 4753; baseline 0 -24"><span class='ocrx_word' id='word_1_606' title='bbox 1923 4673 2263 4729; x_wconf 86' lang='lat' dir='ltr'><strong>decernimus</strong></span> <span class='ocrx_word' id='word_1_607' title='bbox 2290 4682 2366 4739; x_wconf 89' lang='lat' dir='ltr'><strong>ut,</strong></span> <span class='ocrx_word' id='word_1_608' title='bbox 2388 4674 2526 4729; x_wconf 85' lang='lat' dir='ltr'><strong>sicut</strong></span> <span class='ocrx_word' id='word_1_609' title='bbox 2558 4673 2778 4741; x_wconf 61' lang='lat' dir='ltr'><strong>Btetica,</strong></span> <span class='ocrx_word' id='word_1_610' title='bbox 2811 4674 3107 4741; x_wconf 80' lang='lat' dir='ltr'><strong>Lusitania,</strong></span> <span class='ocrx_word' id='word_1_611' title='bbox 3139 4677 3222 4730; x_wconf 90' lang='lat' dir='ltr'><strong>vel</strong></span> <span class='ocrx_word' id='word_1_612' title='bbox 3252 4675 3521 4753; x_wconf 73' lang='lat' dir='ltr'><strong>Tarraco-</strong></span> 
     </span>
    </p>
   </div>
   <div class='ocr_carea' id='block_1_96' title="bbox 1928 4764 3524 4837">
    <p class='ocr_par' dir='ltr' id='par_1_96' title="bbox 1928 4764 3524 4837">
     <span class='ocr_line' id='line_1_96' title="bbox 1928 4764 3524 4837; baseline 0.003 -20"><span class='ocrx_word' id='word_1_613' title='bbox 1928 4766 2110 4819; x_wconf 88' lang='lat' dir='ltr'><strong>nensis</strong></span> <span class='ocrx_word' id='word_1_614' title='bbox 2140 4764 2441 4835; x_wconf 81' lang='lat' dir='ltr'><strong>provincia,</strong></span> <span class='ocrx_word' id='word_1_615' title='bbox 2470 4764 2554 4820; x_wconf 90' lang='lat' dir='ltr'><strong>vel</strong></span> <span class='ocrx_word' id='word_1_616' title='bbox 2578 4766 2801 4837; x_wconf 79' lang='lat' dir='ltr'><strong>reliqua:</strong></span> <span class='ocrx_word' id='word_1_617' title='bbox 2828 4767 2894 4821; x_wconf 90' lang='lat' dir='ltr'><strong>ad</strong></span> <span class='ocrx_word' id='word_1_618' title='bbox 2924 4768 3074 4836; x_wconf 89' lang='lat' dir='ltr'><strong>regni</strong></span> <span class='ocrx_word' id='word_1_619' title='bbox 3104 4768 3272 4824; x_wconf 89' lang='lat' dir='ltr'><strong>nostri</strong></span> <span class='ocrx_word' id='word_1_620' title='bbox 3302 4770 3524 4837; x_wconf 80' lang='lat' dir='ltr'><strong>regimi-</strong></span> 
     </span>
    </p>
   </div>
   <div class='ocr_carea' id='block_1_97' title="bbox 1930 4857 3524 4930">
    <p class='ocr_par' dir='ltr' id='par_1_97' title="bbox 1930 4857 3524 4930">
     <span class='ocr_line' id='line_1_97' title="bbox 1930 4857 3524 4930; baseline 0.003 -21"><span class='ocrx_word' id='word_1_621' title='bbox 1930 4871 1997 4909; x_wconf 87' lang='lat' dir='ltr'><strong>na</strong></span> <span class='ocrx_word' id='word_1_622' title='bbox 2040 4857 2395 4927; x_wconf 78' lang='lat' dir='ltr'><strong>pertinentes,</strong></span> <span class='ocrx_word' id='word_1_623' title='bbox 2429 4858 2726 4911; x_wconf 88' lang='lat' dir='ltr'><strong>secundum</strong></span> <span class='ocrx_word' id='word_1_624' title='bbox 2755 4859 2978 4930; x_wconf 88' lang='lat' dir='ltr'><strong>antiqua</strong></span> <span class='ocrx_word' id='word_1_625' title='bbox 3023 4859 3243 4913; x_wconf 82' lang='lat' dir='ltr'><strong>l&#39;atrum</strong></span> <span class='ocrx_word' id='word_1_626' title='bbox 3281 4858 3524 4925; x_wconf 87' lang='lat' dir='ltr'><strong>decreta,</strong></span> 
     </span>
    </p>
   </div>
   <div class='ocr_carea' id='block_1_98' title="bbox 1931 4946 3525 5020">
    <p class='ocr_par' dir='ltr' id='par_1_98' title="bbox 1931 4946 3525 5020">
     <span class='ocr_line' id='line_1_98' title="bbox 1931 4946 3525 5020; baseline 0.003 -21"><span class='ocrx_word' id='word_1_627' title='bbox 1931 4946 2174 5014; x_wconf 88' lang='lat' dir='ltr'><strong>singulos</strong></span> <span class='ocrx_word' id='word_1_628' title='bbox 2214 4956 2513 5002; x_wconf 25' lang='lat' dir='ltr'><strong>noscuntur.</strong></span> <span class='ocrx_word' id='word_1_629' title='bbox 2564 4948 2769 5003; x_wconf 86' lang='lat' dir='ltr'><strong>habere</strong></span> <span class='ocrx_word' id='word_1_630' title='bbox 2818 4950 3293 5020; x_wconf 83' lang='lat' dir='ltr'><strong>mctmpolitanos,</strong></span> <span class='ocrx_word' id='word_1_631' title='bbox 3350 4950 3422 5005; x_wconf 90' lang='lat' dir='ltr'><strong>ita</strong></span> <span class='ocrx_word' id='word_1_632' title='bbox 3472 4958 3525 5004; x_wconf 88' lang='lat' dir='ltr'><strong>ct</strong></span> 
     </span>
    </p>
   </div>
   <div class='ocr_carea' id='block_1_99' title="bbox 1930 5037 3527 5112">
    <p class='ocr_par' dir='ltr' id='par_1_99' title="bbox 1930 5037 3527 5112">
     <span class='ocr_line' id='line_1_99' title="bbox 1930 5037 3527 5112; baseline 0.003 -20"><span class='ocrx_word' id='word_1_633' title='bbox 1930 5037 2371 5106; x_wconf 80' lang='lat' dir='ltr'><strong>Carthaginensis</strong></span> <span class='ocrx_word' id='word_1_634' title='bbox 2411 5039 2686 5109; x_wconf 88' lang='lat' dir='ltr'><strong>provincia</strong></span> <span class='ocrx_word' id='word_1_635' title='bbox 2720 5057 2885 5097; x_wconf 90' lang='lat' dir='ltr'><strong>unum</strong></span> <span class='ocrx_word' id='word_1_636' title='bbox 2921 5042 3317 5112; x_wconf 88' lang='lat' dir='ltr'><strong>eumdemque,</strong></span> <span class='ocrx_word' id='word_1_637' title='bbox 3365 5058 3527 5112; x_wconf 71' lang='grc' dir='ltr'><strong>(ιιι-1η</strong></span> 
     </span>
    </p>
   </div>
   <div class='ocr_carea' id='block_1_100' title="bbox 1932 5133 3529 5205">
    <p class='ocr_par' dir='ltr' id='par_1_100' title="bbox 1932 5133 3529 5205">
     <span class='ocr_line' id='line_1_100' title="bbox 1932 5133 3529 5205; baseline 0.002 -18"><span class='ocrx_word' id='word_1_638' title='bbox 1932 5135 2108 5205; x_wconf 85' lang='lat' dir='ltr'><strong>prisca</strong></span> <span class='ocrx_word' id='word_1_639' title='bbox 2163 5133 2438 5204; x_wconf 84' lang='lat' dir='ltr'><strong>synodalis</strong></span> <span class='ocrx_word' id='word_1_640' title='bbox 2479 5133 2721 5189; x_wconf 75' lang='lat' dir='ltr'><strong>detlarat</strong></span> <span class='ocrx_word' id='word_1_641' title='bbox 2766 5141 3084 5200; x_wconf 84' lang='lat' dir='ltr'><strong>auctoritas,</strong></span> <span class='ocrx_word' id='word_1_642' title='bbox 3138 5145 3195 5189; x_wconf 90' lang='lat' dir='ltr'><strong>et</strong></span> <span class='ocrx_word' id='word_1_643' title='bbox 3241 5144 3529 5190; x_wconf 84' lang='lat' dir='ltr'><strong>veneretur</strong></span> 
     </span>
    </p>
   </div>
   <div class='ocr_carea' id='block_1_101' title="bbox 1930 5226 3528 5301">
    <p class='ocr_par' dir='ltr' id='par_1_101' title="bbox 1930 5226 3528 5301">
     <span class='ocr_line' id='line_1_101' title="bbox 1930 5226 3528 5301; baseline -0.001 -18"><span class='ocrx_word' id='word_1_644' title='bbox 1930 5246 1964 5301; x_wconf 91' lang='lat' dir='ltr'><strong>p</strong></span> <span class='ocrx_word' id='word_1_645' title='bbox 2000 5230 2238 5292; x_wconf 76' lang='lat' dir='ltr'><strong>inuitem,</strong></span> <span class='ocrx_word' id='word_1_646' title='bbox 2268 5237 2325 5282; x_wconf 88' lang='lat' dir='ltr'><strong>et</strong></span> <span class='ocrx_word' id='word_1_647' title='bbox 2352 5228 2491 5281; x_wconf 86' lang='lat' dir='ltr'><strong>inter</strong></span> <span class='ocrx_word' id='word_1_648' title='bbox 2511 5244 2702 5284; x_wconf 87' lang='lat' dir='ltr'><strong>oumes</strong></span> <span class='ocrx_word' id='word_1_649' title='bbox 2736 5226 3229 5298; x_wconf 86' lang='lat' dir='ltr'><strong>comprovinciales</strong></span> <span class='ocrx_word' id='word_1_650' title='bbox 3256 5244 3528 5283; x_wconf 85' lang='lat' dir='ltr'><strong>summum</strong></span> 
     </span>
    </p>
   </div>
   <div class='ocr_carea' id='block_1_102' title="bbox 1931 5319 3530 5391">
    <p class='ocr_par' dir='ltr' id='par_1_102' title="bbox 1931 5319 3530 5391">
     <span class='ocr_line' id='line_1_102' title="bbox 1931 5319 3530 5391; baseline -0.004 -14"><span class='ocrx_word' id='word_1_651' title='bbox 1931 5323 2167 5377; x_wconf 78' lang='lat' dir='ltr'><strong>honoret</strong></span> <span class='ocrx_word' id='word_1_652' title='bbox 2224 5319 2555 5383; x_wconf 86' lang='lat' dir='ltr'><strong>antistitem;</strong></span> <span class='ocrx_word' id='word_1_653' title='bbox 2616 5336 2791 5391; x_wconf 83' lang='lat' dir='ltr'><strong>neque</strong></span> <span class='ocrx_word' id='word_1_654' title='bbox 2869 5320 3159 5390; x_wconf 86' lang='lat' dir='ltr'><strong>quidquam</strong></span> <span class='ocrx_word' id='word_1_655' title='bbox 3214 5330 3530 5390; x_wconf 85' lang='lat' dir='ltr'><strong>contempto</strong></span> 
     </span>
    </p>
   </div>
   <div class='ocr_carea' id='block_1_103' title="bbox 1931 5409 3529 5482">
    <p class='ocr_par' dir='ltr' id='par_1_103' title="bbox 1931 5409 3529 5482">
     <span class='ocr_line' id='line_1_103' title="bbox 1931 5409 3529 5482; baseline -0.004 -13"><span class='ocrx_word' id='word_1_656' title='bbox 1931 5412 2125 5469; x_wconf 86' lang='lat' dir='ltr'><strong>eodem</strong></span> <span class='ocrx_word' id='word_1_657' title='bbox 2169 5409 2307 5464; x_wconf 89' lang='lat' dir='ltr'><strong>ultra</strong></span> <span class='ocrx_word' id='word_1_658' title='bbox 2354 5410 2450 5464; x_wconf 81' lang='lat' dir='ltr'><strong>liat</strong></span> <span class='ocrx_word' id='word_1_659' title='bbox 2470 5452 2485 5477; x_wconf 95' lang='lat'><strong>,</strong></span> <span class='ocrx_word' id='word_1_660' title='bbox 2516 5412 2694 5482; x_wconf 81' lang='lat' dir='ltr'><strong>qualia</strong></span> <span class='ocrx_word' id='word_1_661' title='bbox 2722 5411 2987 5466; x_wconf 85' lang='lat' dir='ltr'><strong>hactenus</strong></span> <span class='ocrx_word' id='word_1_662' title='bbox 3036 5410 3407 5480; x_wconf 82' lang='lat' dir='ltr'><strong>arrogantium</strong></span> <span class='ocrx_word' id='word_1_663' title='bbox 3436 5424 3529 5465; x_wconf 86' lang='lat' dir='ltr'><strong>sa-</strong></span> 
     </span>
    </p>
   </div>
   <div class='ocr_carea' id='block_1_104' title="bbox 1933 5502 3533 5577">
    <p class='ocr_par' dir='ltr' id='par_1_104' title="bbox 1933 5502 3533 5577">
     <span class='ocr_line' id='line_1_104' title="bbox 1933 5502 3533 5577; baseline 0 -16"><span class='ocrx_word' id='word_1_664' title='bbox 1933 5506 2215 5561; x_wconf 88' lang='lat' dir='ltr'><strong>cerdotum</strong></span> <span class='ocrx_word' id='word_1_665' title='bbox 2264 5505 2496 5575; x_wconf 86' lang='lat' dir='ltr'><strong>superba</strong></span> <span class='ocrx_word' id='word_1_666' title='bbox 2548 5503 2775 5558; x_wconf 87' lang='lat' dir='ltr'><strong>tentavit</strong></span> <span class='ocrx_word' id='word_1_667' title='bbox 2828 5503 3199 5574; x_wconf 75' lang='lat' dir='ltr'><strong>pnesumptio.</strong></span> <span class='ocrx_word' id='word_1_668' title='bbox 3244 5502 3389 5559; x_wconf 88' lang='lat' dir='ltr'><strong>Sane</strong></span> <span class='ocrx_word' id='word_1_669' title='bbox 3436 5518 3533 5577; x_wconf 84' lang='lat' dir='ltr'><strong>per</strong></span> 
     </span>
    </p>
   </div>
   <div class='ocr_carea' id='block_1_105' title="bbox 1939 5594 3531 5660">
    <p class='ocr_par' dir='ltr' id='par_1_105' title="bbox 1939 5594 3531 5660">
     <span class='ocr_line' id='line_1_105' title="bbox 1939 5594 3531 5660; baseline -0.001 -8"><span class='ocrx_word' id='word_1_670' title='bbox 1939 5599 2044 5652; x_wconf 81' lang='lat' dir='ltr'><strong>hoc</strong></span> <span class='ocrx_word' id='word_1_671' title='bbox 2073 5596 2411 5652; x_wconf 86' lang='lat' dir='ltr'><strong>auctoritatis</strong></span> <span class='ocrx_word' id='word_1_672' title='bbox 2459 5603 2658 5649; x_wconf 74' lang='lat' dir='ltr'><strong>nostra:</strong></span> <span class='ocrx_word' id='word_1_673' title='bbox 2679 5594 2936 5660; x_wconf 89' lang='lat' dir='ltr'><strong>edictum,</strong></span> <span class='ocrx_word' id='word_1_674' title='bbox 2977 5594 3175 5651; x_wconf 89' lang='lat' dir='ltr'><strong>amodo</strong></span> <span class='ocrx_word' id='word_1_675' title='bbox 3223 5604 3280 5652; x_wconf 88' lang='lat' dir='ltr'><strong>et</strong></span> <span class='ocrx_word' id='word_1_676' title='bbox 3315 5596 3531 5653; x_wconf 78' lang='lat' dir='ltr'><strong>vivendi</strong></span> 
     </span>
    </p>
   </div>
   <div class='ocr_carea' id='block_1_106' title="bbox 1936 5684 3530 5756">
    <p class='ocr_par' dir='ltr' id='par_1_106' title="bbox 1936 5684 3530 5756">
     <span class='ocr_line' id='line_1_106' title="bbox 1936 5684 3530 5756; baseline -0.003 -12"><span class='ocrx_word' id='word_1_677' title='bbox 1936 5690 2129 5744; x_wconf 86' lang='lat' dir='ltr'><strong>damus</strong></span> <span class='ocrx_word' id='word_1_678' title='bbox 2161 5698 2427 5754; x_wconf 89' lang='lat' dir='ltr'><strong>tenorem,</strong></span> <span class='ocrx_word' id='word_1_679' title='bbox 2460 5695 2513 5741; x_wconf 88' lang='lat' dir='ltr'><strong>et</strong></span> <span class='ocrx_word' id='word_1_680' title='bbox 2536 5685 2831 5754; x_wconf 87' lang='lat' dir='ltr'><strong>religionis,</strong></span> <span class='ocrx_word' id='word_1_681' title='bbox 2862 5685 2948 5742; x_wconf 88' lang='lat' dir='ltr'><strong>vel</strong></span> <span class='ocrx_word' id='word_1_682' title='bbox 2972 5684 3307 5741; x_wconf 53' lang='lat' dir='ltr'><strong>innocentiae</strong></span> <span class='ocrx_word' id='word_1_683' title='bbox 3325 5686 3530 5756; x_wconf 79' lang='lat' dir='ltr'><strong>legem;</strong></span> 
     </span>
    </p>
   </div>
   <div class='ocr_carea' id='block_1_107' title="bbox 1936 5778 3531 5853">
    <p class='ocr_par' dir='ltr' id='par_1_107' title="bbox 1936 5778 3531 5853">
     <span class='ocr_line' id='line_1_107' title="bbox 1936 5778 3531 5853; baseline -0.003 -15"><span class='ocrx_word' id='word_1_684' title='bbox 1936 5798 2036 5838; x_wconf 90' lang='lat' dir='ltr'><strong>nec</strong></span> <span class='ocrx_word' id='word_1_685' title='bbox 2064 5782 2205 5837; x_wconf 88' lang='lat' dir='ltr'><strong>ultra</strong></span> <span class='ocrx_word' id='word_1_686' title='bbox 2226 5797 2314 5853; x_wconf 71' lang='lat' dir='ltr'><strong>po:</strong></span> <span class='ocrx_word' id='word_1_687' title='bbox 2330 5780 2572 5836; x_wconf 88' lang='lat' dir='ltr'><strong>tmodmn</strong></span> <span class='ocrx_word' id='word_1_688' title='bbox 2602 5779 2905 5835; x_wconf 80' lang='lat' dir='ltr'><strong>inordinata</strong></span> <span class='ocrx_word' id='word_1_689' title='bbox 2928 5779 3143 5834; x_wconf 85' lang='lat' dir='ltr'><strong>licentia</strong></span> <span class='ocrx_word' id='word_1_690' title='bbox 3171 5778 3239 5832; x_wconf 90' lang='lat' dir='ltr'><strong>ab</strong></span> <span class='ocrx_word' id='word_1_691' title='bbox 3260 5778 3531 5851; x_wconf 78' lang='lat' dir='ltr'><strong>episcopis</strong></span> 
     </span>
    </p>
   </div>
   <div class='ocr_carea' id='block_1_108' title="bbox 1935 5868 3529 5944">
    <p class='ocr_par' dir='ltr' id='par_1_108' title="bbox 1935 5868 3529 5944">
     <span class='ocr_line' id='line_1_108' title="bbox 1935 5868 3529 5944; baseline -0.007 -13"><span class='ocrx_word' id='word_1_692' title='bbox 1935 5876 2130 5931; x_wconf 87' lang='lat' dir='ltr'><strong>similia</strong></span> <span class='ocrx_word' id='word_1_693' title='bbox 2164 5875 2277 5932; x_wconf 87' lang='lat' dir='ltr'><strong>lieri</strong></span> <span class='ocrx_word' id='word_1_694' title='bbox 2323 5873 2580 5944; x_wconf 80' lang='lat' dir='ltr'><strong>patimur,</strong></span> <span class='ocrx_word' id='word_1_695' title='bbox 2636 5873 2729 5928; x_wconf 92' lang='lat' dir='ltr'><strong>scd</strong></span> <span class='ocrx_word' id='word_1_696' title='bbox 2760 5886 2856 5942; x_wconf 88' lang='lat' dir='ltr'><strong>per</strong></span> <span class='ocrx_word' id='word_1_697' title='bbox 2895 5878 3135 5925; x_wconf 87' lang='lat' dir='ltr'><strong>nostram</strong></span> <span class='ocrx_word' id='word_1_698' title='bbox 3190 5868 3529 5923; x_wconf 85' lang='lat' dir='ltr'><strong>clementiam</strong></span> 
     </span>
    </p>
   </div>
   <div class='ocr_carea' id='block_1_109' title="bbox 1939 5958 3527 6041">
    <p class='ocr_par' dir='ltr' id='par_1_109' title="bbox 1939 5958 3527 6041">
     <span class='ocr_line' id='line_1_109' title="bbox 1939 5958 3527 6041; baseline -0.009 -16"><span class='ocrx_word' id='word_1_699' title='bbox 1939 5970 2224 6041; x_wconf 59' lang='lat' dir='ltr'><strong>pra-terim:</strong></span> <span class='ocrx_word' id='word_1_700' title='bbox 2254 5966 2591 6037; x_wconf 59' lang='lat' dir='ltr'><strong>negligentie</strong></span> <span class='ocrx_word' id='word_1_701' title='bbox 2617 6005 2633 6034; x_wconf 92' lang='lat'><strong>,</strong></span> <span class='ocrx_word' id='word_1_702' title='bbox 2689 5965 2901 6036; x_wconf 80' lang='lat' dir='ltr'><strong>pietatis</strong></span> <span class='ocrx_word' id='word_1_703' title='bbox 2953 5962 3173 6027; x_wconf 87' lang='lat' dir='ltr'><strong>intuitu,</strong></span> <span class='ocrx_word' id='word_1_704' title='bbox 3222 5968 3278 6016; x_wconf 89' lang='lat' dir='ltr'><strong>ct</strong></span> <span class='ocrx_word' id='word_1_705' title='bbox 3316 5958 3527 6013; x_wconf 84' lang='lat' dir='ltr'><strong>veniam</strong></span> 
     </span>
    </p>
   </div>
  </div>
