3856 6218
1596 318 1842 376 SANCTI
1884 316 2337 375 WARVAIIMIII

3541 327 3632 382 l33

333 447 594 511 quantum
634 451 782 492 esses
809 436 956 492 cordi
983 436 1026 491 si
1073 432 1322 489 facundia
1365 441 1704 488 succurreret
1734 431 1926 500 pr.t-le-
1957 431 2004 489 Α
2034 429 2230 486 Christi
2257 432 2654 488 confessionem
2705 434 2886 502 plures
2912 435 3310 491 conmilitones
3337 436 3629 505 aequirite,

335 533 552 586 rendus.
572 529 733 584 Gesta
761 537 916 583 sanet
937 542 1068 581 rrum
1095 523 1557 593 geminorum,qui
1589 522 1642 575 itt
1672 521 1931 575 suburbio

336 621 641 692 Lingonicus
666 617 895 675 civitatis
917 619 1208 688 pretiosam
1230 615 1409 684 adepti
1439 623 1563 667 sunt
1584 626 1930 667 consumma-

335 711 538 766 tionem
570 709 808 780 martyrii
842 709 925 762 Vel
969 706 1264 762 beati~simi
1311 715 1329 738 ⁸
1369 703 1633 757 Βδδίιιρι-ὶί
1683 700 1934 771 martyris

334 810 391 856 et
418 803 671 856 antistitis
711 801 876 871 ipsius
904 798 1134 853 civitatis
1158 837 1174 862 ,
1217 797 1360 851 sicut
1400 794 1707 849 devotionis
1753 793 1933 849 studio

335 893 659 963 imperastis,
685 895 756 947 ita
785 891 1279 946 desiderantissime
1307 904 1394 943 me
1416 887 1779 942 famulattonis
1809 886 1936 940 obe-

335 985 547 1039 dientia:
575 984 932 1054 cognoscatis.

848 1073 1079 1129 CAPUT
1120 1069 1412 1126 PRIMUM.

629 1169 688 1223 S.
726 1167 946 1239 Benigni
977 1169 1040 1220 ad
1077 1165 1340 1236 Lingonas
1366 1164 1635 1216 adventus.

404 1259 461 1313 '2.
502 1257 748 1312 Clorio-a
791 1266 1083 1328 martyrum
1135 1255 1429 1309 certamina
1460 1253 1748 1308 studiosius
1788 1267 1938 1308 rese-

338 1365 458 1404 rare
507 1350 723 1404 l'hristo
777 1359 1000 1402 auclore
1050 1347 1447 1415 cutttpelli:t;ur,
1494 1345 1548 1398 itt
1604 1344 1757 1412 cujus
1813 1343 1936 1398 lidei

337 1457 523 1495 amore
568 1451 687 1495 aeta
737 1440 899 1493 fuisse
957 1439 1141 1508 procul
1182 1438 1344 1492 dubio
1382 1435 1722 1490 confitemur.
1767 1435 1936 1504 Igitur

336 1533 504 1588 sancti
536 1541 644 1587 tres
668 1531 863 1600 gemini
915 1530 1103 1584 fratres
1131 1529 1463 1598 Speusippus
1487 1573 1500 1593 ,
1535 1526 1854 1597 Eleusippus
1881 1534 1936 1580 et

338 1625 736 1694 hleleosippus,
780 1610 903 1678 cum
954 1621 1168 1690 quantis
1219 1621 1284 1672 ad
1329 1620 1572 1688 martyrii
1620 1618 1971 1684 dignitatem,

337 1717 570 1789 pra-nnis
621 1715 964 1785 pervenerint
989 1753 1004 1777 ,
1047 1713 1336 1780 explanare
1376 1710 1555 1778 potius
1607 1723 1769 1775 quam
1803 1721 1938 1777 pra:-

2034 539 2155 575 cmtt
2184 524 2377 591 quibus
2406 523 2474 578 de
2501 526 2724 578 victoria
2763 526 3159 595 triumphantes
3183 569 3198 592 ,
3235 543 3434 580 nomen
3462 537 3518 581 et
3547 529 3634 582 di-

2033 614 2252 678 gnitatis
2278 615 2502 683 gloriam
2531 616 2746 684 possitis
2775 615 2998 686 adipisci
3031 619 3434 688 sempiternam.
3460 617 3638 674 Fruc-

2037 715 2121 759 tus
2153 707 2348 762 laboris
2392 711 2556 764 vestri
2608 709 2889 780 multiplici
2929 711 3209 779 opulentia
3240 715 3585 769 cumulentur
3621 732 3639 784 ς

2031 796 2298 866 jetstorum
2327 800 2556 869 paradisi
2579 800 2735 855 sedes
2761 817 2857 870 per
2883 818 2980 856 vos
3007 802 3294 870 plurimunt
3323 803 3391 858 de
3417 814 3642 859 sancta-

2037 900 2154 938 rum
2206 887 2504 941 animarum
2553 889 2908 954 acquisitione
2953 889 3220 944 lmtentur.
3270 888 3366 945 llis
3413 901 3470 946 et
3517 893 3644 948 aliis

2039 979 2222 1034 multis
2244 995 2339 1035 eos
2367 989 2590 1036 sanctus
2612 979 2942 1052 Polyearpus
2972 983 3404 1052 prosequebatur
3429 986 3641 1041 oratio-

2044 1071 2228 1124 nibus.

2111 1163 2163 1217 5.
2206 1162 2283 1218 llli
2335 1179 2484 1230 vero,
2517 1165 2828 1234 navigantes
2857 1165 3105 1230 feliciter,
3133 1167 3527 1234 gubernatione
3551 1167 3641 1221 di-

2039 1255 2161 1308 vina
2184 1253 2251 1308 ad
2284 1253 2696 1310 Massiliensium
2729 1256 2906 1312 littora
2955 1257 3185 1312 celerius
3230 1266 3596 1322 pervenerunt
3624 1275 3638 1310 :

2038 1346 2348 1415 egressique
2376 1346 2442 1400 ad
2473 1356 2643 1400 terras
2662 1389 2678 1416 ,
2711 1346 2806 1402 Dei
2855 1348 3048 1417 angelo
3093 1347 3433 1418 praecedente
3461 1387 3479 1412 ,
3508 1363 3641 1417 pro-

2038 1453 2254 1506 sperum
2285 1438 2388 1491 iter
2415 1448 2663 1506 agentes,
2703 1437 2721 1477 ί
2757 1438 2993 1494 ίΕάυειιη
3020 1441 3295 1496 civitatem
3325 1442 3643 1510 ingrediun-

2042 1540 2164 1580 tur:
2199 1528 2378 1596 ibique
2409 1528 2616 1583 Domini
2645 1531 2951 1598 provisione
2980 1571 2994 1594 ,
3028 1540 3244 1600 reperto
3286 1531 3506 1596 Fausto,
3543 1546 3646 1585 no-

2041 1618 2312 1670 bilissima:
2341 1618 2552 1672 familia:
2580 1620 2695 1672 viro
2713 1660 2727 1684 ,
2753 1621 3022 1674 senatoria
3046 1622 3304 1689 dignitate
3325 1622 3648 1692 consliieuo,

2042 1718 2094 1761 et
2125 1709 2462 1777 prietorianis
2495 1709 2726 1764 fascibus
2769 1712 3059 1766 sublimato
3082 1752 3097 1776 ,
3122 1715 3425 1781 gratissime
3457 1715 3526 1768 ab
3556 1730 3649 1768 eo-

343 1809 508 1863 terire
538 1806 845 1877 plenissima
874 1804 1129 1859 convenit
1159 1801 1388 1856 ratione.
1433 1797 1820 1853 Atlmirandum
1848 1813 1936 1852 sa-
1968 1806 2014 1866 Β
2043 1803 2162 1857 dem
2187 1803 2422 1872 hospitio
2448 1813 2573 1858 sunt
2594 1805 2816 1873 recepti.
2837 1804 2984 1871 Quos
3004 1821 3125 1859 ctttn
3149 1808 3511 1873 comperisset
3528 1822 3650 1861 esse

337 1898 407 1952 tis
436 1905 517 1951 est
544 1905 599 1952 et
627 1895 717 1949 Dei
747 1892 1135 1962 omnipotentis
1167 1889 1632 1960 pt'.rdeslittatione
1681 1887 1937 1957 multiplic

337 1991 473 2044 citer
501 1986 911 2059 pnefercndum.
955 1982 1096 2053 Ergo
1139 1983 1299 2051 hujus
1341 1983 1417 2037 rei
1459 1981 1703 2036 ordinem
1749 1995 1937 2050 prose-

337 2089 586 2151 quentes,
617 2088 672 2133 et
706 2078 1001 2148 gratiarum
1031 2076 1290 2130 brnelicia
1322 2073 1592 2143 largitoris
1631 2072 1939 2132 diligentius

339 2181 749 2246 perpensantes,
781 2169 1102 2240 principium
1131 2166 1487 2235 pnblieemus.

406 2265 461 2321 5.
504 2264 745 2332 Denique
791 2269 1009 2316 sanctus
1064 2258 1395 2329 l’olycarpus
1450 2254 1476 2291 ι)
1535 2253 1732 2324 Ephesi
1790 2251 1938 2308 urbis

336 2355 645 2426 episcopus,
660 2351 902 2406 doctrina
919 2347 1213 2421 beatissimi
1225 2344 1448 2401 Joannis
1463 2344 1692 2414 apostoli
1705 2352 1761 2398 et
1775 2358 1939 2397 evan—

336 2446 539 2517 gelista:
565 2443 804 2517 perfecte
846 2443 1172 2504 instructus,
1202 2437 1405 2508 Spiritu
1443 2443 1634 2492 saneto
1666 2433 1930 2504 repletus,

339 2537 460 2593 fidei
506 2537 704 2592 ducatu
746 2533 970 2603 cupiens
996 2529 1198 2586 Cltri-ti
1242 2528 1487 2584 militiam
1517 2527 1774 2596 ampliare
1797 2567 1814 2591 ,
1843 2539 1941 2595 per

340 2625 588 2681 diversas
642 2623 827 2677 tnundi
875 2630 1056 2691 partes
1109 2635 1237 2675 suos
1290 2617 1554 2687 dirigebat
1606 2615 1937 2686 discipulos,

342 2718 568 2771 verbum
615 2713 822 2769 Domini
855 2713 1024 2766 nostri
1054 2708 1182 2765 Jesu
1217 2709 1416 2766 Christi
1443 2708 1691 2777 gentibus
1717 2707 1940 2761 liducia-

340 2806 470 2863 liter
515 2805 829 2877 prazdicare.
871 2801 1110 2857 Audiens
1158 2800 1341 2869 itaque
1381 2797 1731 2852 Aurelianum
1778 2796 1936 2865 impe-

344 2901 735 2964 ratorem,post
765 2891 1063 2946 discessqu
1118 2900 1142 2928 ε
1175 2887 1362 2944 Severi
1396 2887 1544 2957 impii
1579 2885 1959 2958 persecutoris,

341 2985 764 3040 crudelissimam
793 2981 971 3037 denuo
1001 2979 1350 3036 resuscitasse
1378 2978 1813 3049 persecutionem
1836 3018 1851 3044 ,
1885 2985 1941 3031 et

341 3075 491 3148 quod
537 3074 679 3130 malo
726 3071 879 3144 pejor
925 3071 1176 3143 princeps
1218 3069 1444 3142 principi
1492 3068 1841 3125 successisset
1883 3067 1936 3122 in

2043 1896 2439 1965 pnesbyttros,
2497 1897 2814 1966 suppliciter
2861 1897 3150 1966 postulavit
3208 1904 3267 1950 ut
3315 1897 3524 1951 amicos
3567 1898 3650 1950 vel

2041 1986 2296 2040 familiam
2327 2003 2478 2041 suam
2524 2003 2620 2056 per
2656 1987 2987 2042 ablutionem
3033 1988 3342 2056 baptimatis
3371 1986 3650 2042 rfticrrent

2045 2077 2403 2132 Christianos.
2435 2076 2527 2131 llle
2559 2094 2640 2132 vet
2655 2094 2711 2140 ο,
2732 2095 2743 2146 ι
2765 2087 2953 2146 ropter
2967 2077 3294 2132 eminentem
3317 2079 3650 2146 persecutio-

2040 2275 2218 2324 suum,
2234 2269 2255 2303 ε
2281 2257 2732 2328 Symphorisnum
2750 2258 3494 2325 adolescentem,sanctormn
3519 2275 3649 2328 pra:-

2041 2351 2404 2406 dieatiouibus
2458 2350 2542 2404 vel
2601 2350 2782 2404 divina
2849 2351 3324 2421 prcedestinatione
3377 2351 3651 2408 succiduis

2061 2185 2188 2233 tem,
2213 2168 2484 2221 Christum
2507 2167 2720 2221 colebat
2744 2167 2973 2222 occulte.
2991 2166 3198 2220 Obtulit
3218 2168 3382 2220 etiam
3405 2174 3462 2220 et
3486 2167 3651 2220 lilium

1972 2185 2218 2342 Jlsuum,
2234 2269 2255 2303 ε
2281 2257 2732 2328 Symphorisnum
2750 2258 3494 2325 adolescentem,sanctormn
3519 2275 3649 2328 pra:-

2044 2444 2376 2514 tetnporibus
2400 2443 2714 2513 przeelarum
2739 2450 3033 2514 martyrem
3067 2442 3324 2496 futurum.
3358 2441 3423 2493 Et
3445 2443 3651 2496 sanctis

2044 2534 2261 2588 tradens
2289 2532 2537 2587 manibus
2558 2571 2572 2594 ,
2600 2538 2658 2585 ut
2687 2547 2717 2584 a
2744 2539 2933 2586 sancto
2963 2531 3328 2599 baptizaretur
3360 2530 3607 2596 Benigno
3630 2570 3649 2595 ,

2041 2634 2097 2680 et
2147 2625 2216 2680 de
2261 2640 2419 2679 sacro
2474 2623 2635 2678 fontis
2683 2623 2899 2678 lavacro
2951 2639 2982 2677 a
3038 2631 3228 2677 sancto
3281 2624 3649 2690 susciperetur

2041 2716 2354 2782 Andorltio,
2379 2717 2637 2770 attentius
2664 2715 2988 2783 deprecatus
3017 2724 3118 2771 est.
3151 2713 3231 2770 Illi
3259 2731 3390 2770 vero
3411 2732 3551 2785 opus
3578 2716 3645 2768 ad

2040 2808 2184 2877 quod
2206 2817 2463 2862 venerant
2484 2807 2690 2864 alacres
2714 2817 3053 2877 peragentes,
3077 2817 3133 2863 et
3154 2809 3288 2863 tanti
3308 2809 3404 2861 viri
3435 2808 3646 2862 obtent—

2042 2909 2296 2970 perantes
2325 2901 2572 2969 precibus
2599 2940 2615 2967 ,
2649 2915 2743 2968 per
2768 2901 3019 2969 baptismi
3045 2902 3273 2968 gratiam
3301 2941 3315 2966 ,
3350 2901 3647 2955 volnt-tatis

2043 3008 2153 3048 sua:
2181 2991 2466 3046 desideriis
2494 2991 2545 3043 in
2576 2991 2827 3045 omnibus
2853 2989 3251 3046 satisfecerunt.

2112 3081 2164 3136 6.
2207 3081 2331 3137 Post
2365 3083 2477 3136 haec
2504 3096 2626 3136 cum
2652 3080 2905 3149 praefatus
2929 3079 3154 3136 Faustus
3182 3095 3400 3134 causam
3427 3080 3648 3147 petitio-

342 3183 547 3239 rcguo,
579 3175 634 3222 et
678 3165 972 3221 Galliarum
1028 3161 1336 3233 provincias
1385 3177 1569 3216 coram
1617 3176 1677 3216 se
1718 3160 1935 3228 suisque

2047 3176 2126 3230 nis
2154 3190 2249 3246 per
2279 3174 2620 3228 collationem
2668 3186 2978 3226 sermonum
3022 3181 3334 3224 sanctorum
3383 3171 3643 3223 sacerdo—

343 3259 678 3327 prasidibns,
710 3271 774 3311 ac
799 3255 1123 3324 generaliter
1154 3253 1206 3307 in
1236 3259 1435 3307 cuncto
1460 3251 1660 3321 populo
1681 3250 1781 3307 sibi
1812 3250 1940 3305 sub-

341 3353 458 3408 dito
501 3348 870 3421 promulgasse
910 3346 1143 3402 edictum
1184 3353 1241 3401 et
1279 3343 1582 3400 decrevisse
1623 3352 1681 3397 ut
1715 3342 1941 3398 diversis

340 3455 531 3499 omnes
592 3440 811 3495 omnino
873 3438 1193 3510 punirentur
1255 3434 1538 3506 suppliciis
1596 3433 1939 3500 Christiani,

342 3535 532 3591 beatus
574 3533 902 3605 Polycarpus
937 3539 1158 3587 sanctos
1205 3528 1302 3582 Dei
1341 3527 1653 3581 sacerdotes
1678 3566 1693 3590 ,
1725 3525 1775 3580 id
1813 3533 1894 3580 est
1923 3566 1940 3595 ,

341 3623 368 3661 ἀ
400 3622 738 3679 Andochium
766 3630 821 3678 et
856 3631 878 3659 ο
911 3621 1206 3690 Benignum
1253 3616 1631 3688 presbyteros,
1662 3624 1720 3670 et
1763 3613 1941 3686 Thyr-

340 3729 456 3772 sum
478 3714 766 3769 diaconum
788 3753 804 3779 ,
837 3711 965 3768 illuc
990 3709 1389 3780 praedicationis
1417 3723 1581 3764 causa
1613 3706 1936 3773 destinavit,

340 3807 484 3862 viros
506 3805 711 3862 scilicet
733 3804 1016 3860 virtutibus
1037 3802 1528 3874 praistantissimos,
1555 3802 1608 3857 in
1631 3799 1724 3858 Dei
1753 3816 1941 3858 amore

339 3896 563 3953 dillusos
588 3937 605 3961 ,
634 3895 703 3950 ad
728 3892 1041 3950 certaminis
1069 3907 1298 3961 agonem
1326 3893 1550 3948 festinos
1570 3932 1587 3957 ,
1613 3907 1714 3962 pro
1739 3891 1939 3948 Christi

341 3990 562 4045 nomine
591 3989 842 4042 itinerum
874 3984 1088 4042 labores
1116 3998 1394 4045 assumere
1422 3985 1642 4040 omnino
1672 3984 1898 4042 devotos
1921 4023 1939 4052 ,

341 4080 580 4150 pericula
608 4077 771 4136 maris
791 4077 1061 4135 sustinere
1100 4092 1206 4134 non
1230 4077 1414 4131 tardos
1434 4115 1453 4143 ,
1483 4075 1942 4146 peregrinationes

341 4170 641 4227 ambienter
665 4178 926 4240 expetere
958 4168 1157 4223 hilares
1177 4182 1239 4222 ac
1269 4174 1524 4238 parentes
1550 4181 1649 4234 pro
1677 4168 1940 4237 religione

337 4262 536 4321 Christi
562 4270 838 4334 gratanter
867 4261 1174 4332 relinquere
1202 4299 1219 4325 ,
1253 4276 1534 4332 poenarum
1567 4261 1826 4330 supplicia
1855 4262 1940 4317 vel

343 4355 516 4412 beata:
563 4354 752 4409 mortis
809 4351 1116 4423 passionem
1172 4350 1480 4408 desiderare
1543 4350 1724 4421 potius
1776 4364 1938 4420 quam

345 4449 556 4504 timere.

2047 3273 2157 3320 tum
2221 3264 2528 3331 diligentius
2575 3263 2953 3330 explorasset,
3009 3277 3255 3317 sororem
3305 3271 3645 3330 nepotesque

2044 3355 2161 3425 ejus
2190 3355 2240 3408 in
2291 3355 2607 3407 inemoriam
2652 3353 2830 3406 divina
2883 3352 3055 3421 pietas
3085 3353 3354 3422 perduxit.
3385 3352 3538 3410 Tune
3566 3356 3647 3410 ait

2042 3449 2150 3503 eis:
2175 3445 2267 3500 Est
2300 3445 2426 3500 mihi
2458 3459 2617 3499 soror
2641 3458 2919 3513 germana,
2952 3443 3195 3497 Leonilla
3225 3442 3466 3511 nomine,
3491 3444 3646 3500 illus-

2045 3541 2139 3594 tris
2169 3546 2413 3592 matrona
2440 3580 2455 3602 ,
2485 3537 2618 3592 civis
2648 3535 2799 3590 urbis
2829 3533 3173 3604 Lingonicte;
3202 3535 3287 3590 cui
3317 3543 3443 3590 sunt
3472 3551 3645 3605 nepo-

2044 3638 2126 3685 tes
2152 3644 2218 3684 ex
2249 3625 2358 3682 [ilio
2390 3635 2500 3682 tres
2525 3625 2722 3695 gemini
2743 3624 2942 3681 fratres
2972 3640 3080 3678 uno
3101 3633 3256 3695 partu
3281 3624 3441 3679 simul
3470 3625 3600 3679 editi
3625 3666 3643 3692 ,

2042 3719 2236 3777 litteris
2283 3718 2594 3773 liberalibus
2622 3716 2856 3784 eruditi,
2884 3727 3108 3786 paterna
3141 3725 3320 3771 tamen
3349 3718 3646 3773 traditione

2042 3795 2218 3867 adhuc
2245 3809 2433 3880 gentili
2463 3823 2650 3863 errore
2673 3809 2916 3862 viventes
2943 3824 2957 3872 ;
2986 3821 3121 3874 quos
3167 3815 3342 3861 mater
3367 3808 3646 3864 desiderat

2041 3902 2110 3958 ad
2141 3901 2340 3958 Christi
2387 3899 2630 3955 militiam
2669 3899 2897 3954 sociare.
2946 3897 3242 3952 Subvenite
3266 3939 3280 3963 ,
3313 3899 3644 3954 sanctissimi

2039 3994 2350 4050 sacerdotes
2381 4032 2396 4058 ,
2425 3992 2537 4048 suis
2575 3991 2953 4047 devotionibus
2977 4030 2994 4057 ,
3020 3998 3075 4044 et
3117 3989 3506 4046 nobilissimam
3538 4008 3643 4046 no-

2040 4087 2249 4142 bilitate
2295 4085 2572 4149 familiam,
2604 4100 2769 4155 quam
2809 4083 3070 4154 cmpistis.
3114 4082 3206 4139 llis
3236 4082 3418 4150 dictis,
3465 4085 3643 4139 sancti

2039 4179 2137 4234 viri
2161 4219 2177 4244 ,
2209 4193 2322 4234 rem
2355 4193 2454 4248 pro
2482 4190 2587 4245 qua
2616 4183 2877 4230 venerant
2909 4174 3177 4229 attentius
3203 4181 3600 4243 pertractantes
3625 4213 3642 4236 .

2039 4271 2240 4343 placuit
2280 4271 2524 4339 utrisque
2568 4268 2853 4323 consilium
2876 4309 2890 4333 ,
2925 4275 2985 4322 ut
3026 4278 3246 4322 sanctus
3277 4266 3546 4336 Beniguus
3575 4267 3644 4325 ad

2041 4363 2367 4420 territorium
2395 4360 2746 4430 Lingonicum
2775 4358 3152 4413 illustrandum
3173 4401 3188 4425 ,
3209 4359 3362 4427 juxta
3393 4358 3488 4414 Dei
3512 4376 3643 4416 sen-

2040 4455 2280 4520 tentiam,
2305 4459 2638 4523 properaret.
2673 4450 2856 4506 Sancti
2886 4465 3016 4504 vero
3048 4450 3356 4505 Andochius
3382 4460 3437 4505 et
3465 4449 3643 4521 Thyr-

411 4540 461 4593 ι.
505 4539 606 4607 Qui
637 4539 737 4593 viri
765 4546 874 4594 tres
917 4537 1233 4594 obedientes
1259 4534 1460 4592 sanctis
1499 4533 1720 4590 monitis
1742 4575 1758 4599 ,
1789 4534 1935 4589 navi-

2047 4562 2152 4607 sus,
2203 4542 2740 4613 Augustodunensem
2783 4542 2963 4596 villam
3009 4541 3296 4611 plurimum
3341 4541 3393 4595 in
3445 4541 3643 4597 divinis

337 4632 514 4692 tutam
541 4631 894 4689 ascendentes
919 4674 935 4699 ,
958 4631 1164 4687 sanctis
1193 4638 1412 4686 sanctus
1448 4628 1757 4684 valediccns
1786 4627 1940 4701 Poly-

338 4737 535 4793 carpus
559 4766 574 4789 ,
605 4722 677 4777 ita
707 4721 929 4777 tradidit
965 4722 1016 4777 in
1047 4721 1352 4777 mandatis:
1387 4719 1501 4787 lte,
1532 4719 1632 4775 viri
1664 4720 1859 4788 fortes,
1883 4720 1936 4776 in

337 4817 652 4876 fortitudine
679 4818 878 4874 Christi
922 4817 1134 4874 tortiter
1173 4815 1491 4872 dhnicantes
1512 4855 1528 4880 ,
1563 4829 1662 4885 per
1693 4821 1934 4870 sanctam

411 4961 438 4990 ⁸
469 4953 655 5009 Sancti
703 4951 957 5024 Πειὶᾴςνὶί
1000 4954 1167 5023 episc.
1203 4951 1556 5024 Liogonensis
1582 4958 1637 5006 ct
1679 4951 1932 5022 martyris

342 5023 514 5079 Vitam
542 5025 788 5080 dabimus
814 5020 885 5075 ’ὕ
915 5020 1058 5077 maii.

411 5091 439 5131 δ
473 5093 599 5165 _Non
646 5093 838 5165 Ephesi
869 5135 884 5159 ,
931 5093 1036 5165 sed»
1059 5093 1300 5165 Smyrna;
1342 5092 1629 5165 episcopus
1659 5091 1931 5165 foit_s_at~_c-

342 5175 428 5219 ttts
471 5161 837 5235 Polyarpus,
870 5172 930 5219 ut
975 5163 1043 5218 ad
1086 5161 1203 5231 ejus
1253 5163 1418 5216 vitam
1471 5161 1540 5215 26
1567 5161 1808 5215 Januarii
1848 5162 1934 5216 di-

341 5250 652 5359 ccTui'tsimis
698 5303 766 5374 Si!)
813 5313 935 5374 post
980 5303 1154 5358 Sereri
1203 5309 1431 5374 mortem
1473 5302 1737 5372 imperare
1765 5300 1931 5374 coepit

342 5377 650 5430 Aurelianus
674 5417 686 5428 .
711 5369 964 5430 Neutrius
994 5383 1239 5443 tempora
1287 5372 1462 5442 attigit
1503 5369 1720 5427 sanctus
1768 5369 1930 5442 Poly-

375 5463 554 5499 ill’nlls.

343 5462 555 5639 Ῡιῖιῐίῗῖέ
601 5516 792 5571 sanctis
827 5515 1090 5570 Andochio
1118 5523 1171 5570 et
1214 5513 1412 5586 Thyrso
1442 5529 1660 5583 agemus
1689 5513 1756 5566 24
1798 5511 1930 5582 Sep-

370 5605 451 5639 en.
477 5603 512 5639 l.
1319 5636 1321 5639 .

348 5597 657 5711 ιΜιληθὶιτιηι
698 5658 863 5710 sancti
911 5656 1126 5728 Benigni
1171 5636 1415 5728 dabimus
1448 5654 1468 5707 l
1503 5653 1762 5709 Novemb.
1790 5695 1804 5718 ,
1834 5653 1930 5728 sed

346 5730 516 5794 ipsam
545 5743 760 5797 quoque
786 5729 853 5780 ah
891 5724 1161 5782 incurioso
1185 5727 1504 5794 descriptam
1538 5736 1757 5797 auctore
1781 5762 1797 5785 ,
1840 5724 1932 5797 qui

347 5792 448 5856 Sub
500 5792 686 5853 Murco
738 5800 957 5854 Antonio
995 5799 1216 5854 missum
1258 5813 1286 5851 ει
1333 5792 1521 5852 sancto
1556 5792 1851 5867 l'olycarpo
1879 5795 1930 5850 in

2045 4636 2516 4707 prtedicationibus
2542 4641 2970 4703 augmentantcs,
2993 4648 3098 4686 non
3124 4641 3243 4702 post
3268 4632 3493 4685 multum
3521 4648 3643 4702 spao

2045 4729 2176 4781 tium
2227 4725 2484 4794 temporis
2533 4724 2632 4778 sub
2679 4722 2971 4778 Aureliano
3025 4723 3267 4793 principe
3321 4721 3464 4778 felici
3511 4732 3641 4780 sunt

2041 4817 2286 4876 coronati
2321 4817 2598 4887 martyrio.
2645 4815 2901 4870 Sanctum
2947 4816 3128 4886 itaque
3166 4815 3462 4886 Benignum
3494 4831 3638 4886 prun

2038 4954 2237 5010 Gallias
2270 4953 2555 5023 Bettignnm
2579 4968 2699 5006 cum
2724 4952 2885 5006 sociis
2917 4951 3087 5023 trada.‘
3112 4993 3126 5015 ,
3178 4950 3445 5023 Severorin
3476 4951 3638 5023 Chri.

2036 5027 2243 5081 stianos
2283 5022 2536 5077 sazvteute
2583 5024 2892 5090 pervenisse
2921 5022 3236 5090 Lugdunum
3267 5061 3282 5086 ,
3313 5022 3412 5075 sub
3466 5022 3636 5074 Aure-

2038 5099 2178 5152 liano
2221 5095 2434 5149 tandem
2469 5093 2722 5161 martyrio
2751 5091 3108 5161 perfunctum.
3143 5092 3197 5146 lu
3247 5108 3311 5144 ea
3344 5093 3452 5144 vita
3482 5107 3634 5144 turno

2039 5172 2114 5221 tio
2137 5180 2351 5237 quoque
2383 5164 2439 5217 lit
2469 5173 2666 5218 sanctze
2696 5163 2947 5218 Leouillac
2978 5171 3033 5219 et
3064 5163 3482 5230 tergeminorutn
3509 5163 3632 5230 ejus

2091 5255 2318 5288 PDtIllllIl.

2038 5249 2408 5361 “triﬁll'brbs
2427 5305 2851 5377 Augustodunum
2876 5305 2990 5360 sive
3014 5302 3416 5374 Augustodunus
3444 5301 3631 5373 appel-

2036 5378 2196 5434 latur.

2189 5471 2397 5532 Augusti
2424 5477 2636 5520 montem
2662 5469 2893 5519 transfert
2921 5466 3051 5530 quod
3074 5467 3248 5517 celtica
3271 5467 3460 5529 lingua,

2036 5580 2495 5646 utinterpretatur
2547 5575 2732 5630 Ericus
2766 5574 2815 5626 in
2863 5571 2979 5626 Vtta
3029 5574 3203 5646 saecli
3228 5570 3481 5646 Germapi
3522 5567 3632 5646 Ah-

2037 5639 2423 5704 tisititlttrerisis.
2463 5646 2612 5702 Unde
2660 5646 2898 5711 corrigas
2924 5645 3066 5713 quod
3096 5643 3378 5704 Cornelius
3407 5639 3634 5713 Grattius

2037 5721 2221 5777 scribit
2247 5728 2462 5773 sanctos
2489 5717 2661 5770 Aitltta
2696 5712 3013 5780 Augostodu
3041 5731 3143 5767 .um
3177 5712 3544 5765 eontenJisse.

2113 5801 2135 5837 ιε
2179 5789 2251 5846 De
2281 5800 2460 5843 sancto
2489 5787 2870 5858 Symp/comma
2903 5801 3122 5856 agemus
3147 5783 3217 5836 2:2
3249 5783 3492 5850 Augusti.
