3856 6218
253 360 346 417 θεῦ

1214 366 1391 422 ACTA
1433 367 1525 421 SS.
1572 363 1965 422 MAIlTYllL'M
2008 364 2584 422 Τείιϐτκληκυηωι

3437 368 3540 422 ὶτνο

252 478 377 535 latos
417 475 647 534 [iustus
693 480 878 536 sorori
907 496 1018 536 sua:
1050 498 1144 550 pro
1187 498 1408 537 munere
1448 481 1631 534 divino
1659 520 1674 542 ,
1703 480 1842 534 sient
1876 483 1922 540 Α
1950 494 2071 533 cum
2119 491 2307 536 saneto
2359 481 2593 549 Benigno
2645 480 2754 535 suis
2795 482 3080 550 ncpmibus
3111 486 3466 552 grmdicarct,
3492 493 3550 543 et

249 580 356 627 οηι
377 610 394 637 ,
419 572 485 626 de
515 575 786 642 prmscnti
815 575 1131 629 transmisit.
1167 575 1258 629 Illa
1290 592 1414 635 cum
1445 576 1652 628 scilicet
1684 573 1851 628 veluti

251 677 429 720 mna
449 701 466 726 ,
485 662 632 729 quod
657 662 734 719 de
763 664 908 720 cmlo
946 664 1259 731 descendit,
1288 681 1410 721 cum
1453 657 1602 720 omni
1626 679 1852 718 venera-

254 756 385 810 tione
401 755 666 825 suscepit.

885 845 1117 902 CAPUT
1149 846 1221 903 li.

254 935 558 1008 Tergemini,
591 935 733 992 aria
759 940 962 992 monitu
987 980 1002 1005 ,
1034 948 1083 993 et
1114 939 1330 994 somniis
1353 940 1422 993 ad
1444 938 1606 1010 ﬁdem
1629 940 1850 994 incitati.

317 1051 365 1105 7.
402 1047 457 1105 In
510 1050 709 1105 eadem
763 1051 928 1120 igitur
963 1051 1052 1108 die
1094 1053 1378 1107 inemorati
1417 1063 1646 1122 nepotes
1675 1053 1758 1107 sui
1801 1053 1854 1107 in

253 1156 370 1207 ago
395 1140 478 1194 cui
509 1138 822 1196 Pahnasius
853 1157 1052 1198 nomen
1083 1152 1186 1208 est,
1215 1143 1281 1196 ad
1309 1141 1662 1197 simulacrum
1684 1152 1708 1178 ι
1734 1143 1856 1198 Dea:

255 1231 479 1291 Nmis
523 1232 635 1286 ritu
681 1233 850 1288 solito
879 1232 1107 1304 profana
1155 1234 1416 1289 sacrificia
1448 1234 1770 1298 offerebant,
1800 1245 1857 1290 et

255 1327 314 1382 de
337 1323 736 1395 superstitiosis
764 1324 1109 1380 libaminibus
1138 1325 1272 1379 avia:
1299 1341 1408 1380 sua:
1439 1325 1652 1379 residua
1682 1341 1858 1380 reser-

257 1427 536 1472 vaverant:
592 1431 766 1486 quam
815 1415 1106 1471 imitantes
1152 1414 1220 1470 ad
1273 1415 1585 1470 conviviqu
1639 1424 1853 1471 servata

256 1507 603 1579 protulerunt.
665 1504 768 1561 Illa
825 1521 974 1570 vero,
1007 1506 1192 1565 omnia
1247 1506 1540 1577 projiciens
1591 1506 1855 1570 canibus,

257 1602 450 1671 respuit
480 1607 751 1670 tanquam
778 1609 1010 1658 stercus.
1034 1600 1184 1656 Tunc
1212 1601 1481 1656 accedens
1503 1601 1569 1655 ad
1599 1617 1694 1656 eos
1722 1602 1853 1656 emi-

257 1710 348 1749 llas
370 1709 487 1749 cum
513 1703 715 1747 sancto
738 1691 978 1761 Benigno
1000 1692 1124 1745 talia
1151 1693 1317 1755 erepit
1334 1693 1496 1747 verba
1524 1693 1856 1762 producere:

258 1783 555 1840 Charissitni
587 1795 844 1855 nepotes,
868 1785 1179 1852 cognOSeite
1198 1784 1482 1839 Dominum
1507 1794 1748 1839 nostrum
1767 1783 1858 1839 .le-

1957 572 2010 626 in
2064 575 2312 627 cordibus
2367 589 2554 627 eorum
2606 589 2660 641 ja
2685 591 2714 624 ιι
2775 574 3028 642 inSpirata
3077 575 3247 641 gratia
3294 575 3552 632 divinitus

1957 665 2379 727 eonvale-sccret,
2414 666 2550 717 miro
2578 665 2776 732 pariter
2803 665 3086 717 a-titernnt
3115 675 3334 734 stupore
3357 666 3515 722 delixi
3533 707 3552 734 ,

1958 765 2013 810 et
2067 771 2124 808 se
2181 756 2407 809 invicem
2462 756 2750 820 intuentes,
2803 755 3314 825 eonsiderantesque
3367 758 3550 811 omnia

1957 863 2077 918 qua:
2119 848 2196 902 eis
2225 846 2366 902 dicta
2413 849 2623 901 l'ucrant
2654 885 2671 913 ,
2704 855 2757 900 et
2797 847 3042 901 conversi
3088 847 3153 901 ad
3193 848 3368 902 aviaui
3396 862 3553 904 suam

1961 939 2210 991 unanimo
2238 938 2488 991 dixerunt
2523 953 2628 992 una
2677 953 2844 991 voce:
2880 936 3059 1003 Quare
3107 947 3310 992 tantam
3349 947 3403 992 et
3441 948 3549 993 tam

1961 1030 2282 1100 pnecipuam
2335 1044 2448 1082 rem
2475 1070 2489 1093 ,
2526 1041 2631 1081 tam
2675 1029 2764 1082 diu
2807 1037 3001 1082 tectam
3031 1030 3247 1083 silentio
3292 1027 3550 1083 tenuisti!

1960 1137 2056 1175 cur
2088 1120 2241 1175 nobis
2273 1119 2513 1174 veritatis
2545 1119 2682 1172 viain
2712 1129 2768 1172 et
2814 1118 2992 1171 lumen
3039 1118 3358 1187 prteclarunt
3390 1115 3560 1172 tantis

1962 1217 2290 1286 temporibus
2339 1215 2658 1269 occultasti?
2696 1214 2898 1279 Quibus
2938 1213 3025 1266 illa
3079 1213 3272 1269 blando
3301 1229 3556 1269 sermone

1959 1306 2291 1375 respondens
2323 1348 2337 1371 ,
2393 1307 2612 1360 c'cvans
2668 1305 2854 1359 oculos
2911 1314 2963 1358 et
3017 1320 3207 1358 manus
3265 1306 3332 1358 ad
3388 1305 3558 1360 cu:lus

1958 1399 2270 1469 expandens
2295 1439 2308 1463 ,
2346 1399 2456 1453 Deo
2506 1399 2706 1466 gratias
2753 1414 2916 1467 agens
2939 1438 2952 1462 ,
2987 1398 3100 1451 iniit
3127 1414 3140 1451 :
3168 1396 3331 1450 Filius
3361 1413 3513 1452 meus
3541 1435 3556 1460 ,

1959 1501 2114 1559 pater
2143 1500 2320 1545 vester
2363 1490 2417 1544 in
2449 1498 2594 1542 tanta
2635 1489 2810 1542 cordis
2851 1487 3216 1557 perseveravit
3245 1485 3438 1541 duritia
3460 1526 3473 1548 ,
3502 1495 3560 1540 ut

1962 1585 2014 1638 in
2049 1591 2283 1636 tartarea
2334 1583 2464 1636 sede
2494 1580 2773 1636 demersus
2800 1621 2814 1644 ,
2842 1580 3161 1634 delictorum
3208 1579 3560 1633 obumbratus

1962 1675 2212 1744 caligine,
2237 1674 2506 1729 desiilatus
2533 1673 2678 1726 omni
2709 1671 2968 1740 sapientia
2997 1679 3051 1724 et
3069 1670 3555 1731 intellectu,cteca-

1964 1776 2051 1823 tus
2093 1768 2462 1838 pervcrsitatis
2512 1765 2773 1831 consilio,
2804 1762 3079 1817 Christum
3130 1760 3413 1814 Dominum
3460 1774 3559 1813 nec

260 1849 678 1935 ,ιιιιιειπξςωηί
699 1849 890 1932 verum
921 1849 1090 1932 ﬁcum
1118 1878 1365 1940 9359,“;
1395 1878 1568 1946 angeli
1600 1887 1655 1932 οι
1683 1879 1861 1932 omnis
1895 1849 1934 1907 Β
1965 1861 2194 1916 credidit
2238 1875 2339 1915 nec
2389 1875 2624 1929 unquam
2657 1857 2826 1912 voluit
2879 1854 3144 1911 conﬁteri.
3180 1855 3316 1922 Quid
3348 1853 3398 1908 ri
3447 1869 3561 1922 pro-

260 1977 490 2024 creatura
533 1965 748 2035 justam
795 1967 1056 2023 exhibeat
1100 1968 1411 2022 servitutem
1439 2009 1452 2031 ,
1480 1968 1570 2036 qui
1604 1968 1858 2022 nnnnlurn

261 2075 461 2115 onmem
488 2059 802 2124 constituit,
834 2073 1159 2127 omnemque
1181 2073 1360 2112 rerum
1392 2060 1668 2112 materiam
1701 2059 1863 2114 libra-

263 2158 361 2205 tam
391 2151 536 2206 verbi
555 2150 744 2205 subita
769 2148 1124 2218 dispositione
1141 2149 1472 2220 composuit;
1527 2149 1647 2202 coeli
1681 2149 1862 2202 altitu-

263 2241 426 2296 dinem
456 2240 652 2296 cadem
682 2240 900 2296 visione
927 2238 1186 2301 extendit;
1212 2249 1477 2294 terrarum
1504 2242 1679 2310 spatia
1721 2241 1863 2294 mul-

265 2332 351 2402 tipl
372 2331 450 2385 cia
483 2331 594 2384 late
625 2330 798 2386 latius
823 2329 1105 2393 dilatavit;
1135 2328 1454 2382 immensum
1507 2333 1638 2399 ahys
1670 2330 1683 2382 i
1712 2330 1860 2397 pelav

265 2437 353 2494 gos
384 2422 702 2493 currgregari
759 2430 818 2478 et
865 2421 1132 2484 littoribus
1169 2420 1437 2475 coarctari
1481 2429 1861 2474 momentanea

266 2518 516 2571 sententia
564 2513 882 2570 ordinavit:
928 2513 1102 2584 pinxit
1145 2513 1343 2568 cmlum
1396 2512 1606 2579 stellis,
1654 2521 1708 2567 et
1753 2513 1862 2567 duo

269 2604 536 2662 luminaria
581 2605 861 2677 prmeipua
904 2605 1276 2672 constituens,
1305 2619 1425 2674 qua:
1467 2602 1644 2658 omnia
1687 2603 1864 2657 succi-

271 2695 365 2752 dua
388 2696 765 2753 vicissitudine
791 2711 914 2766 qua:
942 2695 1147 2753 fecerat
1173 2705 1502 2753 exornarem
1524 2735 1540 2760 ,
1572 2712 1636 2751 ac
1664 2696 1858 2750 vestita

272 2785 456 2842 lumine
505 2795 712 2841 cuncta
746 2786 1087 2856 detegerem,
1134 2786 1356 2842 omnino
1403 2786 1683 2850 decrevit;
1716 2798 1864 2839 mare

272 2894 419 2933 omne
461 2878 514 2932 in
571 2879 803 2948 piscium
862 2879 1198 2934 habitatione
1250 2879 1316 2933 ad
1369 2877 1862 2948 pncambulandum

273 2967 552 3032 concessit;
583 2967 816 3022 diversis
848 2969 1132 3023 arboribus
1163 2977 1218 3023 et
1256 2969 1588 3037 graminibus
1616 2969 1864 3023 tellurem

275 3074 472 3116 omnem
526 3059 1001 3125 vestivit;omnia
1058 3076 1178 3129 qua:
1236 3062 1420 3116 mundi
1472 3078 1699 3132 qumque
1743 3063 1863 3116 ani-

277 3152 460 3206 mantia
485 3151 793 3207 crescentia
825 3190 841 3215 ,
873 3153 956 3208 vel
989 3153 1222 3206 viventia
1254 3162 1379 3208 sunt
1406 3195 1420 3218 ,
1447 3155 1636 3208 eadem
1667 3155 1861 3210 conati-

277 3241 469 3297 tutiono
505 3242 735 3296 creavit.
769 3241 1054 3298 Postremo
1085 3243 1356 3298 Immineat
1396 3245 1463 3299 ad
1494 3245 1778 3313 imaginem
1808 3256 1863 3307 et

277 3333 670 3390 similitudinem
697 3350 850 3390 suam
883 3335 1152 3414 formavit,
1175 3352 1337 3407 quem
1367 3337 1433 3392 ad
1455 3338 1559 3393 hoc
1587 3340 1865 3409 sapientia:

278 3435 328 3480 et
355 3426 721 3496 intelligentia:
749 3428 1008 3498 singulari
1054 3428 1198 3484 dono
1243 3430 1627 3500 locupletavit,
1659 3442 1719 3486 ut
1749 3443 1867 3488 tan-

281 3523 380 3569 tam
405 3517 692 3572 mundanae
720 3518 1105 3587 magnitudinis
1126 3521 1404 3582 fabricam.
1427 3522 1509 3576 vel
1535 3525 1715 3578 omnia
1745 3539 1865 3592 qua:

282 3608 499 3677 patravit
526 3606 838 3676 diligentius
887 3611 1155 3678 requirat,
1199 3618 1257 3664 ut
1284 3609 1557 3666 discernat
1601 3613 1802 3667 bonum
1831 3629 1862 3669 a

283 3696 414 3752 man
447 3711 514 3752 ne
556 3712 656 3769 per
696 3697 1012 3766 ignorantia:
1039 3699 1300 3754 desidiam
1341 3710 1634 3772 postponat
1676 3715 1864 3761 aucto-

282 3788 544 3852 rem,se.l
593 3796 656 3842 ut
709 3787 1013 3844 simulacris
1068 3789 1347 3845 hominum
1396 3808 1558 3848 manu
1606 3794 1758 3850 factis
1795 3810 1863 3850 ex

283 3881 492 3936 diversis
541 3881 779 3937 metallis
807 3921 825 3946 ,
872 3897 1033 3938 sensu
1062 3883 1370 3940 carentibus
1401 3924 1418 3950 ,
1449 3894 1505 3939 et
1532 3887 1677 3940 omni
1716 3887 1862 3942 vitali

281 3973 558 4041 spiramine
599 3973 858 4029 desolatis
881 4011 898 4038 ,
921 3972 988 4028 ad
1015 3974 1301 4029 humanam
1349 3977 1722 4046 deceptionem
1749 3978 1863 4034 dia-

231 4074 240 4081 ‘
285 4064 442 4119 bolica
473 4063 858 4119 adiuventione
907 4062 1184 4133 ﬁguratis,
1216 4081 1322 4121 non
1373 4067 1549 4123 solum
1595 4069 1862 4127 culturam

285 4154 637 4211 venerationis
664 4155 730 4209 iis
778 4155 1037 4211 exhibere
1067 4172 1174 4211 non
1213 4157 1411 4212 debeat
1436 4200 1450 4224 ,
1481 4175 1668 4214 verum
1699 4163 1861 4216 etiam

286 4251 338 4298 ut
375 4244 644 4298 immunda
677 4243 730 4298 in
757 4244 904 4299 omni
936 4244 1196 4302 abusione
1221 4247 1572 4318 despiciendo
1596 4249 1857 4318 dill'ugiat.

284 4330 441 4402 Ipsius
463 4335 609 4390 enirn
638 4350 894 4404 perversa
925 4336 1232 4393 adinventio
1263 4341 1314 4394 in
1345 4340 1447 4395 hoc
1490 4343 1691 4398 mundo
1722 4344 1859 4399 ido'a

286 4425 554 4494 ﬁguravit,
587 4426 678 4494 qui
711 4426 881 4480 Adam
927 4427 1154 4496 primum
1205 4429 1477 4484 hominem
1519 4432 1571 4485 in
1613 4435 1862 4502 paradiso

284 4517 443 4572 cnnsti
471 4528 620 4571 utam
646 4560 662 4585 ,
695 4534 792 4587 per
826 4521 1326 4587 prtevaricationem
1358 4524 1588 4595 dec'epit.
1620 4526 1861 4583 Derelin-

1967 1950 2124 2004 desse
2152 1957 2363 2018 poterat
2405 1964 2584 2004 sermo
2613 1945 2823 2002 divinus
2850 1989 2864 2011 ,
2896 1946 3050 2014 cujus
3088 1944 3342 1999 interiora
3382 1943 3559 1999 cordis

1967 2039 2356 2094 incrctluILtatis
2404 2039 2605 2091 malitia
2662 2037 2728 2089 ad
2779 2037 3043 2103 integrum
3102 2033 3447 2104 possidebat,
3506 2042 3561 2088 et

1967 2135 2146 2184 lumen
2180 2147 2366 2185 verum
2404 2131 2790 2198 circumseptus
2822 2128 3085 2181 idolorum
3115 2125 3343 2193 caligine
3375 2124 3557 2178 vidcrc

1969 2240 2076 2278 non
2122 2223 2375 2291 poterat?
2403 2220 2521 2290 Ipse
2554 2205 2677 2274 lecit
2723 2220 2850 2272 mihi
2887 2221 3147 2272 hactenus
3177 2215 3558 2270 taciturnitatis

1966 2316 2238 2370 silentium
2269 2314 2542 2368 custodire
2566 2355 2582 2379 ,
2615 2312 2739 2366 dum
2785 2312 2936 2365 timui
2967 2326 3034 2368 nc
3061 2325 3157 2364 sua
3187 2309 3401 2364 inimica
3429 2323 3555 2362 sna-

1965 2407 2116 2462 sione
2147 2423 2243 2460 vos
2286 2407 2489 2460 faceret
2535 2421 2563 2459 a
2595 2415 2743 2459 recto
2776 2405 2990 2458 tramite
3039 2403 3421 2472 perpetualitcr
3463 2401 3559 2454 dc-

1969 2499 2136 2552 viare.
2162 2496 2451 2551 \‘oluntate
2480 2497 2622 2550 enim
2653 2495 2745 2563 Ι).νρ
2777 2511 2840 2549 eo
2872 2495 3153 2550 deficiente
3185 2493 3362 2547 omnia
3393 2493 3564 2563 impe-

1965 2587 2202 2642 dimenta
2232 2589 2436 2642 sublata
2469 2597 2610 2641 sunt.
2644 2585 2779 2641 Ecce
2807 2601 2950 2639 nunc
2976 2595 3186 2654 tempus
3208 2584 3562 2653 ai-ceptabile.

1967 2681 2188 2748 Apa‘ite
2220 2694 2350 2748 ergo
2375 2679 2562 2733 oculos
2593 2677 2775 2732 cordis
2799 2686 2852 2731 et
2874 2677 3138 2745 corporis,
3158 2676 3353 2731 ("telum
3385 2676 3565 2745 potius

1968 2767 2284 2836 intuentes,
2332 2769 2593 2822 idolorum
2647 2767 2916 2822 inimicam
2944 2767 3104 2821 saluti
3151 2777 3341 2824 vestra:
3390 2766 3565 2819 vultu-

1968 2875 2123 2926 ram,
2157 2861 2364 2915 Domini
2403 2859 2601 2914 Christi
2647 2859 2838 2928 repleti
2880 2859 3054 2926 gratia
3081 2900 3095 2922 ,
3156 2857 3225 2912 ab
3253 2856 3444 2912 animis
3474 2871 3564 2909 vc-

1966 2951 2094 3005 stris
2122 2952 2379 3005 radicitus
2408 2951 2798 3019 exstirpate,ut
2828 2947 3121 3018 possitisad
3141 2958 3340 3003 :eterna
3369 2945 3564 3016 gaudia

1967 3046 2269 3116 pervenire.

2037 3156 2088 3210 9.
2134 3155 2268 3209 Dum
2323 3155 2436 3209 lnrc
2481 3163 2535 3208 et
2583 3154 2686 3207 alia
2737 3153 2888 3224 plura
2939 3153 3097 3208 beata
3152 3149 3393 3206 Leonilla
3440 3165 3563 3204 cum

1967 3259 2158 3303 sancto
2189 3247 2427 3316 Benigno
2467 3255 2630 3317 nvpot
2655 3247 2754 3302 bus
2800 3245 2910 3300 suis
2942 3252 3250 3308 narrasset,
3281 3254 3336 3296 ut
3367 3243 3563 3296 credu-

1968 3339 2134 3393 litatis
2183 3338 2376 3391 indrcia
2415 3337 2597 3391 divina
2651 3337 2820 3405 pictas
2860 3336 2912 3389 in
2955 3334 3157 3389 eisdem
3201 3331 3564 3402 patefaceret,

1967 3431 2202 3485 visiones
2248 3444 2385 3499 quas
2441 3437 2599 3482 nocte
2651 3427 2921 3496 praeterita
2966 3426 3212 3479 viderant
3258 3424 3311 3477 in
3358 3437 3563 3477 mano-

1967 3525 2101 3579 riatn
2133 3532 2548 3578 revocaverunt.
2582 3521 2792 3576 Primus
2819 3521 3153 3590 Speusippus
3189 3520 3362 3574 dixit:
3397 3517 3564 3572 Vide-

1967 3617 2090 3671 bam
2121 3630 2205 3669 me
2251 3616 2304 3668 in
2363 3615 2569 3668 visione
2617 3612 2792 3667 noctis
2843 3611 3158 3680 prasteriLe,
3194 3609 3246 3663 in
3287 3609 3408 3664 sinu
3435 3607 3571 3662 avito

1966 3723 2135 3774 mem,
2170 3723 2287 3776 quae
2317 3707 2606 3760 tnamillam
2640 3721 2793 3759 suam
2827 3705 3038 3774 plenam
3072 3705 3211 3758 lat-te
3241 3702 3392 3757 labiis
3429 3701 3568 3756 meis

1968 3800 2254 3855 infundens
2277 3841 2294 3866 ,
2322 3799 2536 3854 dicebat
2563 3817 2576 3851 :
2610 3798 2944 3868 Speusippe,
2977 3797 3102 3852 bibe
3148 3795 3233 3850 lac
3257 3837 3274 3862 ,
3305 3795 3567 3863 quoniam

1968 3894 2020 3948 in
2051 3906 2224 3962 agone
2272 3902 2328 3947 et
2374 3892 2672 3946 certamine
2721 3907 2842 3945 cum
2885 3889 3143 3953 veneris,
3184 3895 3388 3956 quanto
3442 3883 3563 3954 plus

1967 3983 2166 4039 biberis
2189 4022 2204 4049 ,
2228 3991 2377 4038 tanto
2400 3983 2592 4036 fortius
2613 3992 2668 4036 et
2688 3980 2924 4034 velocius
2956 3980 3151 4032 vinces.
3206 3975 3272 4028 Et
3299 3977 3413 4030 bare
3441 3989 3566 4029 cum

1966 4075 2191 4129 dixisset
2235 4073 2570 4142 Spctnippus
2593 4110 2607 4134 ,
2642 4071 2960 4138 Eleusippus
3009 4069 3115 4121 ait:
3148 4066 3366 4122 Credite
3394 4074 3450 4121 et
3477 4079 3566 4118 me

1967 4165 2336 4234 hujuscemodi
2378 4163 2573 4217 vidisse
2622 4161 2923 4216 visionem:
2957 4159 3065 4213 vidi
3114 4159 3167 4212 in
3215 4158 3354 4213 cmlo
3399 4169 3564 4226 super

1965 4257 2150 4312 sedom
2182 4269 2426 4322 magnam
2457 4252 2736 4306 sedentem
2762 4293 2776 4316 ,
2811 4252 2962 4322 quasi
2992 4265 3057 4304 ex
3103 4249 3309 4304 electro
3336 4257 3391 4302 et
3411 4261 3560 4315 gem-

1966 4349 2067 4402 mis
2092 4388 2105 4410 ,
2139 4343 2434 4411 majestatis
2466 4343 2705 4412 potentia
2754 4342 3082 4404 radiantem,
3114 4339 3268 4406 cujus
3308 4334 3564 4404 Splendor

1969 4437 2261 4498 immensus
2304 4450 2482 4488 meum
2515 4432 2855 4488 obumbravit
2902 4438 3179 4496 aspectum
3213 4466 3227 4491 ,
3261 4434 3315 4478 et
3343 4427 3414 4478 ob
3446 4434 3562 4478 stu-

1971 4543 2157 4598 porcrn
2189 4528 2410 4581 nimium
2441 4541 2606 4597 pavor
2632 4523 2809 4578 cordis
2838 4520 2942 4574 mei
2977 4519 3168 4573 terruit
3199 4517 3555 4572 intellectura.

285 4607 421 4676 quite
449 4620 578 4675 ergo
606 4648 622 4673 ,
649 4607 942 4663 dulcissimi
982 4624 1209 4680 nepOtes
1231 4655 1247 4683 ,
1280 4616 1457 4669 omnia
1489 4616 1630 4672 idola
1661 4619 1861 4675 dacrno-
1891 4606 1939 4667 Β
1969 4619 2118 4674 Tunc
2150 4621 2193 4673 is
2223 4619 2370 4673 vultu
2409 4630 2600 4671 sereno
2646 4627 2732 4666 me
2759 4625 2958 4666 vocans
3014 4608 3079 4664 ad
3117 4625 3196 4673 se,
3242 4608 3412 4662 dixit:
3446 4607 3568 4663 Noli

289 4698 433 4754 nibus
460 4707 776 4754 consecrata
799 4738 814 4763 ,
840 4709 896 4753 et
917 4709 1222 4757 creatorem
1270 4706 1511 4761 omnium
1541 4723 1720 4762 rerum
1753 4709 1860 4765 Do-

285 4788 474 4843 minam
515 4799 758 4844 nostrum
787 4787 966 4844 Jesnm
997 4790 1271 4847 Christum
1312 4796 1428 4851 sine
1457 4798 1562 4852 ulla
1593 4799 1857 4867 ambigui-

287 4887 386 4937 tate
410 4882 758 4938 confitemini.
790 4881 940 4937 Hunc
967 4880 994 4920 δ
1035 4883 1208 4938 virum
1251 4896 1497 4942 sanctum
1523 4888 1815 4956 Benignurn
1841 4929 1858 4955 ,

285 4985 434 5039 quem
479 4983 712 5027 stantem
761 4988 944 5026 coram
992 4975 1141 5028 vobis
1171 4978 1424 5038 cernitis,
1458 4978 1524 5032 dc
1569 4979 1857 5048 longinqua

289 5062 491 5129 regione
519 5065 587 5117 ad
630 5079 723 5119 vos
769 5063 968 5133 pietate
1018 5064 1196 5119 divina
1247 5068 1446 5122 credite
1490 5069 1649 5123 fuisse
1684 5079 1860 5126 trans-

289 5153 512 5208 missum.
537 5155 813 5210 Attendite
843 5155 1000 5223 igitur
1021 5156 1085 5210 ad
1114 5159 1274 5211 verba
1307 5160 1413 5212 oris
1435 5159 1578 5227 ejus:
1606 5160 1694 5214 Dei
1721 5164 1863 5215 enim

290 5251 400 5296 sunt
435 5256 700 5317 pra-cepta
725 5288 741 5312 ,
770 5264 889 5317 quze
929 5246 995 5301 de
1035 5263 1128 5302 ore
1169 5248 1286 5316 ejus
1323 5251 1647 5318 procedunt,
1678 5253 1867 5310 discite

292 5332 349 5386 ab
374 5334 554 5389 eodem
602 5337 908 5393 doctrinam
961 5339 1080 5409 plus
1125 5342 1269 5394 omni
1318 5358 1538 5395 munere
1586 5346 1862 5414 copiosam

292 5433 339 5477 ct
364 5436 542 5480 vestra:
581 5429 868 5486 salvationi
899 5447 1061 5500 super
1092 5435 1269 5486 omnia
1303 5441 1681 5502 Opportunum.

352 5514 402 5569 8.
441 5516 570 5570 Dum
604 5519 717 5574 bmc
756 5520 1110 5577 saluberrima
1133 5524 1366 5594 alloquia
1397 5538 1579 5584 sancta
1620 5526 1860 5584 Lconilla

356 5679 379 5707 ι
415 5670 554 5745 Mena
573 5688 601 5726 a
627 5670 746 5745 Iovi
773 5670 1013 5729 Nemcvia
1037 5677 1366 5738 sacriﬁcasse.
1389 5679 1728 5745 Tcrgcminos
1755 5690 1864 5736 tra;

296 5736 426 5823 (linit,
446 5743 530 5823 qui
558 5744 969 5823 rnytlrugraphis
998 5736 1241 5813 ignotus,
1275 5749 1369 5823 nisi
1400 5750 1466 5802 sit
1493 5736 1684 5823 ilic-tus,
1719 5754 1861 5823 quod

298 5805 530 5868 Ntrrrrsim
559 5805 715 5886 (δίειιὶ
757 5805 948 5882 Spe-cie
990 5805 1308 5886 cirurprcﬁit
1338 5860 1352 5886 ,
1381 5837 1497 5876 cuni
1545 5805 1771 5888 ψδῶνῶ
1808 5805 1860 5879 in

1966 4712 2154 4765 timere
2177 4752 2192 4774 ,
2226 4724 2480 4765 coronam
2507 4704 2744 4759 victoria:
2776 4703 3193 4773 promerebcris.
3220 4701 3405 4757 Tertio
3435 4702 3561 4756 loco

1965 4802 2326 4868 Mcleusippus
2375 4797 2633 4851 visionem
2686 4812 2837 4850 suam
2883 4797 3171 4865 exposuit:
3207 4793 3324 4849 Vidi
3356 4802 3410 4848 et
3458 4807 3563 4857 ego

1966 4898 2147 4948 nescio
2174 4907 2331 4959 quem
2364 4904 2544 4954 regem
2577 4905 2830 4957 magnum
2879 4893 3010 4941 satis
3035 4929 3049 4952 ,
3083 4887 3370 4953 singularia
3403 4899 3560 4950 scep-

1967 4995 2043 5040 tra
2079 4992 2368 5038 tenentem.
2409 4981 2507 5036 llic
2539 4999 2636 5036 nos
2670 4992 2776 5036 tres
2809 4979 3009 5048 pariter
3030 4979 3094 5030 ad
3120 4990 3270 5028 suam
3311 4974 3556 5027 militiam

1972 5075 2290 5147 provoc:sbat
2321 5117 2335 5140 ,
2391 5076 2661 5144 νιτρώδη-ες
2714 5073 2902 5125 balteis
2953 5069 3303 5135 accingi-bat,
3361 5079 3558 5134 rmgno

1971 5187 2069 5225 nos
2101 5168 2272 5236 pretio
2322 5184 2350 5220 a
2406 5167 2735 5236 captivitatis
2786 5162 2997 5215 vinculo
3048 5160 3381 5224 redimebat,
3429 5174 3555 5228 per-

1973 5271 2143 5329 petua:
2195 5258 2459 5312 libertatis
2509 5267 2703 5310 nostrae
2732 5253 2950 5322 pra'mia
2984 5253 3163 5305 aureis
3204 5249 3391 5303 litteris
3419 5247 3556 5301 scri-

1972 5347 2130 5405 bebat
2155 5391 2168 5412 ,
2200 5349 2355 5402 donis
2384 5366 2489 5402 non
2523 5345 2948 5401 indelieientibus
2970 5344 3125 5396 simul
3153 5339 3553 5396 remunerabat.

1969 5441 2140 5509 Super
2168 5440 2249 5493 his
2279 5440 2342 5494 ad
2370 5457 2454 5493 me
2489 5438 2804 5491 hortandum
2836 5453 2863 5487 a
2889 5435 3071 5493 ldidit,
3097 5432 3315 5485 diCens:
3349 5427 3554 5483 Μνιυυ-

1964 5533 2113 5600 sippe
2135 5571 2147 5594 ,
2176 5549 2266 5585 vos
2301 5542 2406 5585 tres
2451 5531 2638 5583 fratres
2689 5528 2741 5582 in
2790 5543 2910 5581 meo
2943 5524 3140 5600 palatio
3167 5522 3436 5577 collocare
3459 5521 3553 5575 de-

1966 5703 2210 5742 anscrern
2267 5698 2410 5741 esset
2460 5696 2684 5747 mutata,
2744 5686 2825 5739 vel
2881 5684 3102 5749 decepta
3159 5695 3188 5732 a
3236 5677 3442 5733 Venere
3483 5677 3539 5733 iu

1967 5762 2195 5826 aquilam
2229 5777 2400 5812 versi.
2439 5757 2562 5808 Vide
2591 5757 2778 5811 Liliuat
2812 5759 2862 5810 in
2889 5751 3220 5809 Castortbus.

2041 5830 2065 5867 υ
2109 5832 2220 5885 ALia
2252 5830 2401 5898 iis,
2432 5827 2676 5882 Feliccrrt.
