3856 6218
332 329 421 381 illi

1585 347 1825 403 SANCTI
1866 347 2308 409 WAllNAlIAllll

3490 378 3596 432 ιη

322 443 502 509 rrcvi,
547 453 601 498 et
650 449 866 503 :eternis
914 453 1142 519 przcmiis
1199 457 1397 525 pariter
1438 475 1718 517 coronare.
1762 465 1891 519 Avia
1923 464 1966 517 Α
1998 464 2432 522 manifestissime
2484 468 2826 543 declinasse,
2878 485 2935 532 et
2985 477 3110 535 Jesu
3160 481 3359 542 Christi
3411 492 3594 545 οιιηοίο

322 541 499 587 ταμίη
529 537 735 593 cunctis
763 537 951 594 diebus
979 559 1043 597 ac
1087 545 1334 601 noctibus
1360 565 1456 617 pro
1504 560 1679 605 vestra
1726 556 1899 610 salute

318 624 586 692 supplices
611 642 796 695 preces
824 631 1052 687 effundit
1075 644 1131 689 ut
1152 646 1301 693 recto
1329 643 1541 696 tramite
1570 645 1895 711 gradientes,

319 712 527 769 liberati
552 717 617 773 de
647 720 929 777 tenebrosa
954 726 1201 794 caligine,
1233 745 1418 786 verum
1449 733 1626 790 lumen
1655 746 1899 792 content-

318 810 449 876 plari
488 812 702 881 possitis
724 853 741 880 ,
768 824 822 870 et
861 817 927 872 de
953 821 1396 880 eondemnatione
1426 829 1613 883 mortis
1640 831 1702 883 ad
1734 832 1897 887 vitam

316 900 544 955 veniatis
564 914 898 974 perpetuam.
930 908 1052 965 llaec
1090 920 1143 967 et
1165 914 1265 967 alia
1297 916 1521 984 plurima
1560 920 1894 979 adhortatio-

315 1003 439 1042 num
472 991 631 1046 verba
672 995 801 1050 mihi
856 1013 947 1052 rex
976 1040 992 1066 ,
1019 1016 1179 1067 quem
1205 1002 1356 1071 dixi,
1390 1010 1633 1063 narravit
1674 1014 1725 1067 in
1759 1016 1891 1070 visu.

311 1078 543 1150 Oquam
584 1082 923 1143 admirandas
950 1131 963 1155 ,
993 1105 1154 1159 quam
1202 1098 1597 1156 concordantes
1643 1112 1697 1158 et
1737 1107 1895 1163 unius

313 1171 390 1226 rei
422 1172 615 1229 indicia
662 1174 1044 1245 designantes,
1090 1184 1178 1237 vel
1226 1185 1278 1239 iu
1327 1198 1585 1258 perpetua
1635 1199 1894 1253 memoria

310 1261 620 1318 retinendas
640 1304 657 1330 ,
684 1265 735 1319 in
765 1270 939 1323 noctis
969 1274 1203 1329 tenebris
1237 1277 1415 1355 adhuc
1438 1283 1594 1348 positi
1619 1324 1635 1347 ,
1690 1286 1891 1343 illumi-

309 1351 419 1405 nati
444 1351 555 1419 jam
588 1354 1058 1423 pmdestinatiune
1114 1377 1179 1417 cx
1222 1367 1388 1432 gratia
1405 1351 1647 1438 ‘Spiritns
1689 1377 1891 1439 sancti,

310 1447 419 1495 tres
452 1439 642 1497 fratres
684 1446 881 1513 gemini
922 1463 1233 1507 meruerunt
1274 1457 1457 1514 videre
1502 1462 1764 1519 visiones!
1797 1468 1892 1525 llis

309 1528 480 1584 tribus
510 1534 689 1601 pueris
711 1574 728 1601 ,
755 1536 979 1592 obtentu
1009 1541 1157 1608 avize,
1176 1554 1332 1600 antea
1363 1556 1445 1603 est
1477 1549 1706 1609 Trinitas
1737 1574 1892 1612 reve-

306 1616 414 1671 lata
462 1634 559 1689 per
602 1624 863 1691 gratiam,
894 1637 1179 1698 antequam
1224 1637 1437 1705 plenam
1486 1640 1681 1698 Christi
1725 1650 1892 1716 perci-

304 1717 500 1775 perent.
542 1711 894 1782 disciplinam.
949 1717 1205 1785 Viderunt
1250 1726 1561 1784 i‘lnminatis
1611 1750 1677 1787 ex
1737 1747 1888 1803 parte

301 1798 473 1853 oculis
498 1800 643 1870 prius
675 1802 953 1861 Dominum
982 1807 1149 1865 Deum
1176 1855 1191 1875 ,
1230 1829 1386 1883 quam
1423 1836 1518 1888 per
1542 1824 1649 1878 oris
1676 1828 1886 1881 confes-
1922 1828 1965 1885 il
1993 1833 2045 1887 ia

302 1887 507 1944 sionem
530 1891 741 1962 plenius
769 1909 1165 1965 cognoscerent
1195 1887 1555 1965 Salvatorem.

920 2032 1148 2090 CAPUT
1184 2036 1269 2093 ill.

545 2136 751 2195 Eeersis
776 2142 958 2211 idolis,
985 2146 1145 2215 ﬁdem
1174 2149 1369 2219 publice
1400 2158 1641 2228 professi.

374 2245 458 2302 10.
504 2245 892 2320 Perpensantcs
920 2254 1150 2327 denique
1204 2261 1336 2318 infra
1377 2272 1547 2324 sancti
1578 2272 1787 2329 Gemini
1817 2278 1883 2332 de

297 2338 801 2405 roncordationihus
844 2344 1139 2415 visionum,
1192 2355 1655 2420 pm-licationibns
1709 2366 1882 2421 sancti

297 2421 519 2496 Benigni
543 2444 605 2484 ac
626 2430 795 2487 beata:
821 2432 1073 2491 Leonillzc
1097 2441 1428 2499 orationibus
1450 2447 1778 2507 incessanter
1802 2455 1881 2508 in-

293 2516 508 2585 structi,
531 2519 841 2588 cogitabant
867 2528 1125 2583 attentius
1146 2531 1273 2599 quid
1302 2548 1461 2602 agere
1489 2553 1879 2613 procurarent;

292 2603 661 2666 desiderantes
702 2614 863 2667 etiam
896 2626 953 2670 ut
992 2618 1204 2675 detersa
1249 2603 1700 2697 caligine—purum
1728 2633 1879 2689 clari-

295 2698 423 2754 tatis
448 2699 624 2758 iumen
656 2704 708 2760 in
737 2706 851 2762 visu
875 2708 1008 2765 lucis
1054 2712 1334 2770 visibiliter
1359 2722 1876 2791 contemplarentur,

292 2798 351 2844 et
379 2788 544 2847 Deum
571 2794 747 2849 vivum
777 2806 832 2851 et
880 2815 1063 2854 verum
1113 2802 1230 2858 sine
1256 2805 1361 2861 nlla
1400 2788 1745 2879 ambiguitate
1782 2788 1878 2871 co-

292 2882 808 2946 gnoscerent.‘l‘une
852 2888 1101 2945 dixerunt
1148 2894 1213 2947 ad
1256 2896 1430 2952 aviam
1485 2915 1667 2956 suam:
1702 2903 1875 2961 indica

292 2966 449 3025 nobis
476 2971 602 3041 quid
648 2974 908 3033 faciamus
938 2997 950 3042 ;
984 2988 1041 3034 ut
1079 2983 1383 3053 przedieatio
1430 2999 1608 3045 vestra
1630 3033 1647 3059 ,
1701 2996 1875 3051 omni-

291 3059 392 3114 bus
422 3063 694 3119 erroribus
738 3066 1003 3140 effugatis,
1036 3083 1273 3130 nostram
1315 3080 1483 3147 possit
1513 3084 1776 3151 proficere
1802 3086 1870 3143 ad

290 3150 535 3208 salutem.
559 3153 654 3211 liis
678 3155 833 3214 dictis
853 3160 1008 3216 beata
1041 3162 1280 3220 Leoiiilla
1302 3150 1576 3227 exsultans
1600 3173 1669 3231 de
1688 3186 1869 3235 sancta
1897 3196 1945 3260 ο

289 3242 626 3301 conlessione
655 3257 908 3318 nepotum
929 3269 1150 3308 suorum
1176 3293 1193 3318 ,
1226 3268 1281 3311 et
1306 3258 1414 3315 Deo
1444 3264 1643 3329 gratias
1664 3280 1828 3334 agens
1852 3312 1866 3334 ,

288 3330 422 3385 dixit
472 3334 541 3387 ad
591 3348 687 3390 eos
738 3352 839 3391 una
891 3354 1014 3395 cum
1058 3354 1248 3401 sancto
1300 3330 1871 3418 BeniguozCustodite

286 3434 416 3489 ergo
439 3423 619 3478 omnia
665 3439 929 3500 pneccpta
959 3432 1157 3503 divina,
1202 3446 1256 3492 et
1278 3440 1475 3509 Regem
1503 3460 1685 3515 regum
1715 3448 1871 3505 Chri-

285 3525 426 3573 stum
454 3518 622 3575 Deum
649 3538 769 3579 esse
796 3528 911 3582 sine
930 3530 1093 3587 dubio
1121 3536 1344 3606 credite,
1367 3544 1597 3611 separati
1621 3558 1651 3598 a
1677 3544 1866 3602 nefan-

285 3608 370 3663 dis
399 3608 557 3666 idolis
581 3652 598 3677 ,
627 3618 981 3687 vosmetipsos
1030 3622 1269 3681 Creatori
1297 3608 1477 3693 vestro
1505 3632 1615 3689 Deo
1652 3634 1860 3692 offerte.

287 3697 475 3755 Docuit
503 3710 681 3757 autem
711 3718 806 3760 eos
833 3720 1049 3765 sanctus
1080 3713 1347 3783 Denignus
1377 3735 1590 3777 omnem
1619 3735 1861 3783 sanetam

283 3788 604 3859 doctrinam,
628 3801 683 3847 et
712 3796 975 3864 perfectos
1004 3800 1056 3856 in
1104 3805 1208 3860 tide
1248 3808 1444 3865 Christi
1473 3815 1863 3875 confessionem

283 3880 617 3939 credulitatis
658 3901 838 3941 veram
882 3900 939 3945 et
990 3896 1370 3965 manifestam,
1401 3917 1498 3972 per
1538 3905 1863 3965 inlusionem

282 3974 450 4027 sancti
502 3974 773 4047 Spiritus,
818 3990 878 4036 ut
929 3990 1177 4054 cognovit
1216 3993 1433 4049 eosdem
1486 3997 1552 4051 ad
1600 4000 1863 4071 integrum

282 4058 589 4127 recepisse,
617 4063 953 4135 baptismatis
1002 4072 1165 4141 ipsius
1211 4080 1411 4146 pariter
1452 4087 1621 4150 gratia
1666 4058 1863 4145 conse-

282 4147 471 4204 cravit.
523 4150 722 4209 Deinde
764 4169 979 4215 sanctus
1030 4163 1296 4233 Benignus
1327 4177 1354 4205 ι
1385 4147 1659 4230 Divionem
1709 4181 1863 4247 petiit

281 4248 553 4307 castrtun,
584 4244 669 4297 ubi
702 4246 883 4315 plures
909 4251 1104 4307 laboris
1146 4257 1223 4310 sui
1256 4258 1459 4314 fruetus
1489 4244 1817 4334 congregans
1843 4309 1858 4335 ,

283 4348 391 4387 non
430 4340 551 4402 post
591 4336 815 4389 multum
845 4347 1051 4409 tempus
1080 4358 1179 4411 pro
1220 4348 1401 4403 multis
1431 4356 1634 4409 meritis
1672 4359 1859 4412 condi-

278 4436 437 4491 gnam
469 4426 707 4496 martyrii
742 4443 995 4485 cnronam
1028 4440 1340 4504 promeruit.

352 4511 438 4569 li.
480 4514 662 4571 Sancti
717 4532 847 4574 Vero
896 4524 1091 4589 gemini
1147 4525 1382 4595 fratres,
1440 4537 1739 4591 conhrmati
1798 4540 1849 4594 in

279 4604 426 4659 omni
464 4605 777 4662 credulitate
812 4611 1039 4678 Christi,
1076 4621 1246 4674 servis
1272 4623 1381 4676 suis
1408 4638 1778 4695 praeceperunt
1799 4639 1857 4686 ut

281 4692 623 4753 simulacrum
684 4698 924 4759 Nemesis
972 4692 1419 4782 confringerent,
1466 4725 1522 4771 ct
1568 4692 1853 4776 duodecim

280 4779 497 4851 templa,
520 4800 636 4855 quas
666 4787 717 4843 in
757 4792 919 4848 domo
947 4811 1135 4852 eorum
1170 4812 1325 4857 erant
1367 4779 1659 4863 constituta
1683 4848 1700 4873 ,
1732 4810 1856 4866 fun-

278 4871 420 4931 ditus
442 4886 777 4949 everterent;
808 4886 947 4954 ipsas
971 4890 1132 4945 etiam
1170 4892 1433 4951 idolorum
1461 4908 1665 4955 statuas
1692 4902 1848 4957 simul

280 4962 334 5017 in
383 4964 801 5029 confractionem
856 4976 1139 5043 redactas,
1196 4988 1435 5053 protinus
1489 4990 1845 5063 dissiparem:

278 5052 631 5125 feceruntque
665 5062 807 5116 servi
832 5068 1011 5122 omnia
1039 5084 1157 5139 qua:
1183 5052 1394 5134 fuerant
1436 5096 1466 5135 a
1494 5052 1728 5142 dominis
1753 5086 1854 5145 im-

278 5155 490 5214 persta.

348 5240 440 5297 ii.
481 5238 691 5300 latera
736 5244 876 5300 fama
923 5249 1085 5305 citata
1115 5268 1435 5323 percurrens
1480 5274 1709 5322 cunctos
1739 5276 1851 5323 ter-

275 5332 453 5389 minos
496 5333 732 5393 civitatis
759 5334 1062 5408 Lingonica:
1095 5352 1432 5417 peragravit,
1461 5359 1713 5415 nuntians
1742 5369 1852 5418 tres

274 5424 516 5488 gentinus
548 5426 740 5487 fratres
782 5440 1007 5503 nepotes
1034 5433 1205 5494 beata:
1233 5436 1485 5500 Lconilltc
1508 5487 1523 5511 ,
1553 5448 1848 5509 illustribus

276 5522 423 5568 ortos
451 5520 715 5579 natalibus
733 5562 750 5593 ,
787 5524 854 5582 ad
881 5522 1075 5583 Christi
1117 5532 1316 5591 cultum
1346 5537 1644 5602 devotionis
1669 5547 1847 5605 studio

2004 556 2235 619 potentis
2284 556 2508 624 fiducia,
2541 560 2773 618 Deorum
2815 566 3098 625 simulacra
3147 588 3245 642 pro
3291 578 3459 634 nihilo
3488 581 3591 637 du-

2003 656 2185 700 centes
2215 658 2268 702 et
2314 650 2368 704 in
2416 652 2564 707 omni
2610 654 2869 713 abusione
2914 659 3307 732 deSpicieutes,
3337 684 3366 721 a
3405 670 3590 728 funda-

2000 739 2196 792 mentis
2222 757 2345 795 eum
2384 741 2512 812 ipsis
2535 744 2692 802 idolis
2712 750 2881 804 everti
2905 752 3146 820 iussisse.
3170 756 3373 814 Crescit
3402 778 3592 819 rumor

2002 824 2294 883 immensus
2321 832 2371 884 in
2401 834 2600 903 populo
2622 876 2638 901 ,
2670 839 2976 895 excitantur
3017 842 3068 896 in
3119 843 3447 904 iracundiam
3474 854 3591 922 pri-

2000 929 2199 984 mates,
2228 919 2441 989 julices
2492 934 2547 979 et
2592 928 2903 984 sacerdotes
2952 931 3217 989 idolorum
3247 978 3264 1004 ,
3311 949 3367 994 et
3420 943 3589 1001 nimio

2001 1008 2182 1064 furore
2211 1013 2457 1066 succensi
2487 1012 2554 1067 ad
2596 1014 2687 1069 Dei
2717 1033 2915 1086 pueros
2938 1023 3175 1092 undique
3214 1032 3589 1104 conveniunt;

2001 1102 2415 1172 rongregatique
2444 1102 2499 1158 in
2546 1120 2711 1159 unum
2758 1107 3010 1173 dixerunt
3053 1117 3308 1183 primates
3345 1121 3410 1175 ad
3449 1102 3587 1182 eos:

1999 1189 2126 1254 Qua:
2154 1206 2248 1245 vos
2280 1199 2386 1245 tam
2429 1193 2712 1262 repentina
2757 1195 2951 1252 invasit
2983 1204 3252 1259 temeritas
3280 1207 3458 1276 ?Quis
3491 1228 3589 1269 vos

1997 1290 2261 1356 persuasit
2302 1291 2564 1345 culturam
2611 1292 2835 1351 deorum
2885 1309 3193 1359 nostrorum
3239 1307 3587 1379 relinquere,

1994 1392 2155 1447 quam
2182 1381 2348 1435 nostri
2375 1385 2645 1453 vestrique
2670 1395 2877 1442 veteres
2897 1390 2965 1444 ab
2986 1393 3221 1463 antiquis
3251 1402 3588 1467 temporibus

1993 1470 2224 1529 coluisse
2249 1484 2563 1541 noscuntur,
2595 1476 2811 1533 decreta
2845 1483 3142 1556 principum
3174 1491 3588 1549 convehentes?

1998 1559 2269 1617 Christum
2297 1604 2313 1629 ,
2343 1582 2501 1635 quem
2538 1589 2635 1642 pro
2681 1574 2792 1629 Deo
2823 1578 3090 1643 adoratis,
3127 1578 3290 1634 Ιιιιιιυὶ
3325 1581 3498 1650 ipsqu
3531 1586 3585 1641 in

1993 1652 2183 1705 mortis
2210 1655 2662 1716 condemnatione
2709 1665 2852 1719 cruci
2885 1667 3187 1721 al'lixertmt.
3234 1669 3371 1724 Tum
3411 1674 3585 1729 sancti

1990 1740 2181 1810 repleti
2209 1741 2409 1812 Spiritu
2438 1758 2627 1804 sancto
2668 1753 2920 1807 dixerunt
2959 1757 3026 1809 ad
3060 1774 3153 1812 eos
3181 1778 3193 1811 :
3225 1757 3270 1813 Ο
3300 1761 3583 1819 dementes

2102 1836 2361 1903 profunda
2415 1841 2646 1898 demersi
2700 1848 2963 1914 caligine,
3024 1854 3298 1921 perpetuis
3344 1859 3582 1913 tenebris

1991 1924 2294 1980 obumbrati
2321 1968 2335 1989 ,
2368 1940 2423 1984 et
2452 1934 2613 1988 uitnia
2667 1938 2870 2005 gravati
2905 1941 3046 1994 mole
3087 1952 3431 2012 peccatorum:
3462 1965 3580 2018 pw-

1991 2028 2179 2068 narum
2235 2016 2655 2077 indefleicntium
2698 2035 2870 2081 morte
2898 2039 3154 2098 perpetua
3192 2034 3535 2091 condemnati
3562 2080 3580 2105 ,

1989 2104 2191 2172 antiqui
2218 2107 2387 2163 hostis
2409 2125 2594 2167 errore
2624 2113 2861 2185 decepti,
2884 2118 3007 2187 quid
3038 2136 3137 2175 nos
3155 2137 3284 2176 saxa
3307 2134 3363 2178 et
3384 2137 3579 2183 extera

1988 2195 2203 2248 metalla
2229 2237 2243 2263 ,
2272 2197 2322 2252 in
2353 2200 2628 2257 hominum
2655 2205 2861 2275 eﬂigics
2882 2208 2949 2263 ab
2979 2209 3285 2268 hominibus
3309 2213 3533 2283 figurata
3559 2262 3577 2286 ,

1987 2284 2213 2341 adorare
2259 2291 2618 2359 compellitis,
2650 2309 2770 2364 qua:
2825 2297 3025 2352 nullum
3074 2300 3197 2354 vita:
3248 2304 3572 2373 spiraculmn

1985 2369 2184 2428 habere
2215 2376 2494 2437 videntur?
2518 2398 2589 2452 qu
2607 2403 2636 2438 υ
2666 2386 2795 2440 nihil
2823 2397 2944 2441 sunt
2972 2430 2987 2455 ,
3015 2387 3144 2444 nihil
3174 2369 3447 2461 sentiunt,
3474 2412 3574 2466 pro

1988 2463 2154 2520 nihilo
2203 2469 2270 2524 ab
2322 2470 2499 2529 stultis
2552 2474 2773 2529 omnino
2812 2476 3084 2535 cohmtur.
3129 2480 3269 2538 Deus
3316 2499 3476 2544 verus
3520 2498 3574 2544 et

1984 2553 2136 2612 vivus
2188 2555 2349 2613 Pater
2376 2571 2431 2615 et
2462 2561 2624 2617 Fdius
2668 2574 2723 2619 et
2775 2566 3002 2635 Spiritus
3045 2582 3302 2639 sanctus,
3335 2593 3472 2634 unus
3516 2580 3568 2635 iu

1985 2645 2221 2701 trinitate
2249 2648 2474 2704 Deitatis
2499 2659 2552 2705 et
2582 2653 2751 2707 trinus
2782 2656 2833 2709 in
2878 2659 3175 2727 maiestatis
3212 2665 3417 2722 unitate
3445 2685 3565 2725 erc-

1983 2731 2208 2789 dendus.
2242 2736 2502 2795 Dominus
2523 2750 2706 2797 noster
2730 2742 2885 2801 .lesus
2904 2746 3148 2806 Christus
3178 2753 3293 2823 ipse
3320 2766 3403 2811 est
3424 2758 3565 2817 Deus

1982 2822 2049 2877 de
2092 2823 2235 2893 Deo,
2264 2823 2468 2882 Lumen
2518 2829 2586 2885 de
2625 2831 2861 2901 lumine,
2894 2822 3233 2907 Splendora
3277 2846 3565 2913 splendore

1981 2914 2279 2981 procedens
2302 2957 2317 2983 ,
2350 2918 2440 2986 qui
2470 2933 2683 2990 semper
2709 2932 2790 2979 est
2828 2940 3145 2997 semperque
3176 2931 3274 2986 luit
3298 2975 3314 2999 ,
3341 2944 3397 2989 et
3423 2950 3484 2991 se
3506 2954 3564 2989 u-

1978 3016 2075 3073 per
2100 3004 2213 3075 ipse
2239 3006 2355 3063 sine
2386 3008 2493 3065 line
2524 3014 2777 3068 manebit.
2809 3015 2929 3087 ipse
2956 3016 3082 3074 fecit
3110 3024 3288 3078 omnia
3318 3043 3439 3097 qua:
3460 3030 3564 3087 hoc

1978 3091 2030 3146 in
2061 3094 2259 3150 mundo
2281 3108 2427 3153 sunt.

2052 3183 2139 3239 15.
2183 3184 2333 3243 Tunc
2362 3194 2596 3259 permoti
2629 3204 2756 3249 sunt
2795 3199 3049 3267 primates
3078 3202 3257 3271 pepuli
3283 3213 3337 3259 ct
3354 3204 3412 3274 ju
3436 3208 3562 3264 iices

1974 3286 2033 3331 et
2078 3280 2426 3348 sacerdotes,
2483 3286 2574 3353 qui
2630 3287 2696 3340 ad
2743 3294 3107 3357 spectaculum
3154 3307 3457 3367 venerant,
3508 3300 3556 3355 iu

1975 3364 2137 3417 nimia
2170 3366 2443 3422 iracundia
2491 3381 2678 3426 contra
2707 3384 2923 3431 sanctos
2952 3378 3045 3432 Dei
3084 3380 3328 3439 famulos.
3356 3384 3561 3442 Exsur-

1972 3468 2105 3523 gens
2134 3464 2313 3510 autem
2354 3457 2663 3525 Quadratus
2710 3464 2986 3523 iracundia
3024 3472 3258 3541 repletus
3302 3476 3560 3551 Speusip-

1971 3559 2097 3614 pum
2126 3554 2181 3601 et
2227 3544 2571 3619 Eleusippum
2614 3567 2793 3622 pugno
2841 3560 3107 3625 percussit
3150 3561 3202 3616 in
3248 3544 3382 3620 faeie
3431 3544 3556 3637 quia

1967 3636 2067 3707 ipsi
2089 3637 2195 3693 duo
2225 3641 2600 3697 tantumlocuti
2626 3643 2853 3702 fuerant.
2869 3648 3173 3707 Condolens
3196 3636 3559 3731 lli-lensippus

1967 3730 2303 3798 exclamavit,
2327 3734 2540 3789 dicens:
2566 3737 2673 3791 Cur
2699 3754 2784 3793 me
2811 3741 2877 3794 de
2901 3741 3003 3797 isto
3025 3747 3381 3812 percussionis
3411 3752 3558 3807 dono

1966 3834 2088 3875 cum
2128 3820 2380 3878 fratribus
2428 3827 2561 3880 meis
2604 3843 2708 3882 non
2749 3827 2921 3884 fecisti
2962 3835 3317 3906 participem?
3346 3839 3404 3895 In
3451 3843 3557 3899 illis

1966 3909 2250 3964 ostendisti
2289 3914 2532 3976 optabile
2581 3917 2901 3986 principium
2932 3923 3192 3989 passionis
3216 3963 3231 3989 ,
3257 3942 3341 3982 me
3371 3942 3553 3985 au'em

1965 4002 2117 4070 quasi
2155 4018 2253 4072 pro
2298 4006 2400 4059 tuis
2429 4006 2716 4063 incredulis
2745 4011 2947 4067 actibus
2986 4014 3257 4071 honoraris
3288 4034 3315 4071 a
3357 4033 3552 4076 saneto

1964 4096 2234 4149 consoztio
2279 4099 2651 4165 sequestrasti.
2706 4099 2997 4159 Unanimes
3054 4106 3105 4159 in
3164 4107 3357 4163 Christi
3416 4127 3551 4168 cort-

1964 4184 2194 4240 les-ione
2242 4202 2465 4250 smnus,
2520 4191 2800 4258 a-qualiter
2844 4208 2943 4261 per
2988 4205 3221 4251 vestram
3265 4201 3549 4269 perliliam

1962 4272 2029 4326 de
2059 4263 2255 4328 Chrisii
2286 4279 2722 4332 remunezatione
2751 4284 3204 4348 congratulantur.
3241 4289 3548 4354 Quadratus

1961 4362 2131 4417 dixit:
2173 4363 2342 4420 ilodie
2385 4381 2480 4420 vos
2510 4383 2604 4436 pro
2635 4376 2947 4439 contemptu
2976 4370 3200 4429 deorum
3230 4388 3543 4438 nostrorum

1960 4450 2187 4508 diversis
2234 4455 2553 4511 cruciatibus
2601 4458 2777 4526 puniri
2820 4460 3166 4530 disponimus.
3224 4465 3545 4544 Eleusippus

1887 4541 2428 4611 Ddixit:Quantum
2472 4550 2626 4604 nobis
2681 4549 2883 4619 majora
2938 4562 3201 4612 tormenta
3250 4541 3545 4633 parabilis,

1963 4639 2111 4687 tanto
2144 4636 2374 4706 amplius
2423 4653 2522 4693 nos
2550 4642 2615 4694 de
2645 4640 2737 4695 Dei
2768 4643 2937 4713 gratia
2965 4645 3299 4705 eonfortatis.
3332 4651 3542 4711 Palma-

1958 4725 2063 4779 tius
2092 4728 2223 4781 dixit
2250 4747 2262 4782 :
2300 4730 2404 4786 Nisi
2436 4731 2644 4799 linguas
2672 4747 2862 4788 eorum
2890 4735 3146 4793 radicitus
3173 4752 3539 4814 amputemus,

1957 4832 2064 4872 non
2094 4823 2384 4878 cessabunt
2418 4824 2561 4894 loqui
2605 4826 2850 4897 injuriam
2884 4840 3119 4890 nostram
3141 4875 3157 4899 ,
3180 4836 3263 4891 vel
3311 4837 3539 4897 deorum

1954 4917 2278 4966 nostrorum.
2344 4914 2671 4987 Speusippus
2719 4918 2899 4973 dixit:
2952 4919 3009 4975 Si
3067 4921 3269 4992 linguas
3327 4940 3539 4988 nostras

1954 5000 2241 5057 crudelitas
2270 5015 2446 5060 vestra
2476 5008 2722 5064 carnales
2753 5008 3041 5064 absciderit
3067 5050 3085 5077 ,
3114 5013 3166 5067 in
3194 5013 3539 5079 inll‘riorilms

1956 5093 2156 5148 nostris
2192 5098 2455 5163 magnalia
2486 5096 2581 5152 Dei
2608 5099 2943 5155 narrabimus
2971 5111 3027 5155 et
3046 5102 3111 5158 de
3136 5115 3324 5161 sancta
3347 5112 3538 5165 credu-

1954 5182 2104 5239 litate
2132 5184 2328 5243 Christi
2369 5205 2638 5259 nunquam
2680 5206 2779 5249 nos
2809 5193 3009 5249 malitia
3039 5205 3214 5252 vestra
3242 5204 3533 5269 separabit.

1951 5274 2149 5329 iterum
2199 5275 2491 5335 Dalmatius
2528 5289 2585 5337 et
2629 5279 2993 5352 Hermogenes
3039 5285 3230 5342 aiunt:
3289 5288 3552 5359 infelices,

1952 5366 2276 5423 unanimiter
2320 5369 2389 5425 ad
2441 5373 2630 5427 mortis
2678 5380 2870 5428 vestrae
2923 5373 3196 5432 interitum
3248 5376 3531 5438 festinatis.

1953 5454 2285 5527 Speusippus
2318 5458 2492 5514 dixit:
2529 5458 2663 5515 Mori
2711 5461 2853 5516 enim
2908 5477 3009 5532 pro
3065 5463 3265 5523 Christi
3316 5473 3532 5527 nomine

1954 5546 2243 5617 gloriosum
2272 5557 2391 5616 est;
2431 5548 2557 5606 inde
2601 5549 2672 5606 ad
2714 5552 2878 5606 vitam
2906 5552 3135 5613 celerius
3154 5563 3532 5629 perveniemus

346 5647 593 5760 11.13%.
624 5654 822 5721 Gallice
862 5662 1051 5736 Dijon',
1098 5668 1219 5724 urbs
1257 5675 1506 5740 primaria
1550 5680 1763 5742 dari-itus
1806 5683 2118 5757 Burgundiie
2140 5722 2155 5750 ,
2188 5681 2298 5750 {use
2329 5681 2633 5738 describit“?
2659 5700 2692 5737 α
2720 5683 2935 5743 Claudio
2976 5687 3199 5749 Πυθαεῖιο
3222 5735 3238 5760 .
3268 5695 3326 5750 iu
3355 5694 3529 5754 Callia

273 5716 586 5782 Christiana;
