3856 6218
242 447 333 502 ωδ
1199 434 1379 493 ACTA
1418 432 1498 485 SS
1563 423 1948 482 MAlll‘YllUil
1990 419 2567 476 TEllCl-ZMINURUM.

3447 413 3549 469 I95

234 571 474 615 a‘trrnam
504 608 513 615 ,
547 556 637 609 ubi
694 554 850 610 nulla
907 554 1127 610 tristitia
1168 561 1273 614 est,
1323 550 1419 606 sed
1475 544 1667 617 gaudia
1722 556 1843 611 qum
1874 544 1921 599 Α
1955 537 2153 608 parari.
2180 532 2485 589 Confortati
2519 544 2697 589 tamen
2730 550 2759 587 a
2785 532 3035 598 Christo,
3084 538 3143 586 ut
3186 537 3395 585 virtutis
3425 530 3563 584 tole-

241 652 378 707 uulln
399 657 647 719 tempore
683 648 978 702 liniuntur.

865 737 1097 794 CAPUT
1135 736 1227 791 ιν.

640 830 809 886 Varie
860 832 1077 886 cruciati
1115 832 1455 882 coronantur.

314 924 396 978 li.
442 921 821 991 Videntcsquc
870 937 968 977 eos
1017 918 1307 991 Palmatius
1355 925 1411 971 et
1448 911 1759 981 Quadratus
1803 918 1858 965 ct

245 1019 609 1083 Hermogenes
640 1013 696 1067 in
729 1012 935 1067 Christi
985 989 1330 1067 confessione
1377 1014 1691 1061 constanter
1729 1019 1857 1073 per-

259 1112 477 1168 durare.
512 1106 834 1175 cogitabant
877 1104 1136 1158 attentius
1165 1099 1292 1170 quid
1323 1110 1574 1168 agerent,
1624 1096 1708 1151 vel
1746 1095 1865 1165 qni-

257 1202 350 1255 bus
377 1197 717 1267 gravissimis
748 1195 921 1266 pinnis
950 1194 1333 1262 affligerentur,
1363 1204 1470 1259 quo
1497 1202 1694 1256 genere
1721 1202 1866 1239 mor-

259 1293 342 1353 tis.
376 1300 604 1359 propter
634 1299 657 1325 ³
691 1288 943 1343 meritum
967 1301 1151 1341 eorum
1179 1284 1269 1352 qni
1314 1282 1647 1336 advenerant
1674 1278 1868 1334 trude-

260 1385 466 1441 lissimo
520 1384 933 1438 damnarentur.
991 1380 1123 1433 Dum
1170 1378 1283 1431 haec
1322 1374 1630 1441 diligentius
1662 1386 1868 1441 pertra-

259 1482 508 1543 ctareut,
552 1474 768 1528 beatam
817 1470 1111 1525 Lconillam
1153 1480 1396 1521 seorsum
1426 1464 1489 1515 ad
1527 1476 1586 1515 se
1616 1461 1869 1516 accersiri

259 1566 577 1638 praecipiunt
597 1608 613 1629 ,
643 1564 688 1618 si
722 1563 944 1616 lorsitan
973 1560 1087 1628 ejus
1118 1556 1421 1618 blanditiis,
1448 1562 1500 1607 et
1528 1552 1872 1606 suasionibus

262 1654 635 1728 parentalibus
696 1664 954 1705 revocare
1004 1663 1100 1703 eos
1159 1645 1425 1717 potuisset
1470 1641 1537 1696 ad
1598 1642 1868 1696 culturam

259 1746 517 1805 deorum,
552 1740 831 1796 utChristi
880 1737 1179 1807 maiestatis
1228 1735 1492 1789 Deitatem
1542 1748 1640 1802 per
1688 1732 1870 1785 onmia

260 1836 611 1903 denegarem.
640 1832 887 1900 Cumque
918 1831 1074 1884 beata
1116 1826 1357 1883 Leoiiilla
1400 1824 1467 1878 ad
1501 1824 1717 1878 eosdem
1750 1838 1873 1893 per-

1963 631 2135 685 rantia
2184 628 2445 685 divinitus
2487 628 2710 683 interius
2764 627 3096 692 ministrata,
3126 625 3180 680 in
3220 624 3563 681 confessione

1963 728 2019 775 et
2064 719 2384 775 credulitate
2431 716 2631 772 Christi
2680 718 2909 772 viriliter
2936 717 3324 787 permanebant
3360 733 3373 770 ε
3405 724 3460 771 et
3509 717 3561 770 in

1967 812 2097 881 ipsis
2129 810 2411 865 tormentis
2440 823 2736 875 suspensus
2768 826 2891 864 cum
2926 809 3177 864 fratribus
3208 807 3569 877 Meleusippns

1964 902 2231 971 iudicibus
2260 900 2585 966 insultabat,
2636 901 2821 955 dicens
2856 919 2869 953 :
2916 900 3177 954 Dominus
3228 908 3411 953 noster
3446 899 3569 954 Sal-

1967 1004 2123 1048 vator
2153 992 2305 1047 Jesus
2334 991 2581 1048 Christus
2611 992 2777 1047 clavis
2807 992 3031 1057 allixus,
3066 992 3117 1045 in
3164 990 3429 1045 'l‘rinitate
3475 1006 3572 1044 co-

1968 1086 2182 1153 lendus,
2216 1100 2314 1154 pro
2346 1094 2528 1138 nostra
2576 1081 2952 1151 redemptione
3000 1092 3190 1137 sancto
3231 1080 3485 1152 pependit
3516 1082 3571 1135 in

1970 1178 2139 1246 ligno,
2170 1176 2313 1230 unde
2340 1177 2514 1232 crucis
2540 1175 2873 1243 signaculum
2906 1174 3129 1243 adipisci
3154 1172 3569 1241 promeruimus.

1971 1270 2081 1327 Nos
2125 1285 2340 1339 quoque
2399 1280 2508 1323 tres
2550 1270 2631 1324 sui
2686 1267 2869 1322 famuli
2919 1266 2969 1319 in
3004 1281 3111 1320 uno
3143 1267 3245 1318 hoc
3275 1264 3576 1334 pendentes

1969 1362 2154 1431 stipite
2202 1376 2299 1431 pro
2345 1360 2463 1429 ejus
2501 1361 2720 1415 nomine
2765 1358 3063 1413 cfziciamur
3110 1355 3333 1426 gloriosi
3370 1366 3578 1427 marty-

1973 1468 2080 1507 res.
2120 1452 2165 1505 υ
2222 1452 2436 1506 beatum
2504 1452 2737 1506 fructum
2796 1452 2966 1521 ipsius
3006 1449 3237 1513 arboris,
3296 1464 3419 1518 qua:
3469 1457 3579 1504 tres

1972 1544 2210 1616 portavit
2240 1553 2531 1612 martyres,
2588 1541 2841 1595 trinitatis
2880 1540 3097 1596 nomine
3122 1540 3504 1595 consecratos!

2045 1640 2134 1693 l7.
2166 1636 2528 1701 Vidcutesque
2558 1648 2652 1687 eos
2692 1631 2900 1699 judices
2946 1630 3268 1692 confortari,
3304 1647 3409 1685 non
3435 1647 3573 1686 con-

1977 1735 2177 1793 tristari
2226 1733 2278 1787 in
2320 1728 2622 1800 suppliciis,
2654 1726 2907 1780 dixerunt
2958 1724 3020 1778 ad
3062 1739 3196 1778 eos:
3232 1724 3345 1777 Non
3395 1722 3448 1776 in
3481 1722 3581 1776 ista

1977 1830 2172 1884 arbore
2201 1826 2339 1878 sicut
2366 1836 2463 1875 vos
2490 1820 2629 1873 velle
2669 1816 2879 1880 dicitis,
2930 1812 3268 1878 moriemini,
3317 1810 3585 1883 sedigno

262 1923 780 1987 venissetnlixerunt
810 1923 857 1976 ei
877 1920 1087 1990 jud'ces
1117 1936 1129 1971 :
1168 1916 1338 1987 Perge
1370 1914 1435 1969 ad
1470 1922 1694 1983 nepotes
1724 1924 1864 1978 tuos,

2000 1921 2157 1975 litore
2187 1912 2450 1987 peribitis.
2482 1907 2847 1976 Neletzsippus
2874 1905 3067 1959 iterum
3114 1900 3474 1972 respondens,
3508 1899 3585 1955 ait

264 2030 312 2073 et
341 2020 383 2073 si
414 2032 513 2074 eos
542 2015 757 2070 salvare
788 2012 1096 2075 desideras,
1129 2020 1184 2064 et
1206 2024 1235 2061 a
1264 2021 1544 2078 pwnarum
1570 2005 1867 2074 suppliciis,

265 2114 345 2169 vel
401 2110 597 2166 mortis
641 2108 875 2162 liberare
926 2106 1173 2166 interitu,
1226 2101 1393 2157 suade
1443 2100 1522 2153 eis
1564 2106 1623 2151 ut
1674 2097 1872 2164 templa

266 2204 554 2257 restituant
597 2216 717 2270 qua:
772 2200 1191 2262 destruxerunt;
1252 2196 1386 2249 deos
1423 2202 1603 2245 autem
1661 2199 1876 2243 nostros

267 2295 592 2359 adorantes,
621 2289 1098 2346 ccrnsuetutliuaria
1145 2286 1377 2341 olieraut
1424 2282 1719 2337 sacrilieit.
1752 2279 1879 2334 llree

269 2395 321 2439 et
347 2384 451 2438 alia
483 2383 637 2453 plura
670 2383 947 2447 dicentes,
972 2379 1107 2433 dixit
1136 2378 1200 2431 ad
1250 2392 1344 2432 eos
1384 2375 1539 2430 beata
1589 2372 1826 2427 Leonilla
1861 2388 1876 2425 :

271 2477 359 2531 Ibo
406 2483 461 2530 et
506 2475 751 2529 suadebo
798 2473 877 2527 eis
908 2472 1089 2526 omnia
1144 2486 1263 2539 qua:
1315 2470 1473 2523 saluti
1526 2482 1712 2523 eorum
1742 2482 1879 2521 con-

273 2574 484 2635 grumt.

325 2659 404 2714 15.
436 2657 671 2713 Veniens
686 2656 920 2727 denique
940 2655 1099 2710 beata
1122 2652 1366 2709 Leonilla
1389 2651 1457 2705 ad
1484 2660 1707 2720 nepotes
1730 2668 1880 2717 suos,

274 2769 387 2807 cum
416 2751 764 2819 cognovisset
794 2764 893 2804 eos
942 2749 995 2802 in
1045 2758 1235 2803 sancta
1286 2760 1636 2815 perseverare
1665 2743 1881 2799 confus-

275 2849 419 2902 sioac
440 2888 455 2911 ,
487 2846 659 2899 multa
690 2844 898 2900 exstitit
946 2843 1309 2898 exsultatione
1371 2839 1549 2907 gavisa
1577 2878 1591 2902 ,
1640 2840 1884 2906 pra-hens

278 2940 518 2994 omnibus
563 2938 745 2993 dulcia
797 2937 1021 3003 oscula,
1071 2936 1375 3005 lacrymans
1420 2947 1530 3002 prie
1568 2930 1795 3000 gaudio,
1831 2939 1885 2982 et

280 3031 468 3086 multas
499 3029 613 3085 Deo
642 3027 1007 3099 omnipotenti
1034 3041 1224 3096 preces
1253 3022 1553 3086 ell'undcns,
1586 3030 1640 3075 et
1684 3020 1886 3090 gratias

286 3136 439 3189 agens
458 3118 701 3179 Christo,
734 3117 872 3171 dixit
898 3115 1185 3186 nepotibus
1215 3116 1357 3169 suis:
1385 3111 1571 3165 Nullus
1596 3110 1661 3164 de
1688 3123 1887 3178 genere

282 3220 452 3268 vestro
480 3210 741 3276 nobilior,
796 3207 973 3261 nullus
1001 3205 1195 3269 ditior,
1241 3202 1416 3256 nullus
1444 3201 1676 3269 gratior,
1722 3212 1883 3264 quam
1932 3188 1933 3191 “

1981 2014 2045 2067 :nl
2080 2028 2174 2068 eos
2210 2027 2223 2061 ς
2261 2007 2429 2077 Mnjut‘
2461 2002 2615 2057 nobis
2658 2000 2760 2053 erit
2793 1995 3138 2052 beatitudinis
3180 1994 3586 2062 augmentatiu,

1979 2106 2023 2160 si
2056 2120 2150 2173 per
2179 2103 2355 2169 ignem
2395 2094 2606 2167 probati
2652 2091 3026 2146 transierimus
3074 2088 3139 2142 ad
3188 2088 3386 2153 Deum,
3434 2096 3491 2142 ct
3518 2088 3587 2140 de

1983 2192 2218 2249 tenebris
2267 2205 2364 2258 per
2412 2187 2553 2240 hunc
2609 2182 2786 2249 ignem
2836 2186 3152 2248 perpetuam
3195 2180 3477 2231 veniamus
3517 2177 3589 2229 ad

1984 2287 2181 2339 lucem.
2242 2280 2376 2333 Tum
2416 2275 2649 2343 denique
2682 2270 2921 2339 judices,
2984 2282 3205 2337 propter
3251 2275 3452 2320 metum
3494 2265 3588 2335 qni

1984 2378 2210 2430 aderant
2240 2370 2585 2440 populorum,
2609 2364 2748 2430 ligna
2786 2368 2842 2414 et
2866 2357 3073 2428 reliqua
3104 2372 3223 2425 qua:
3248 2357 3425 2411 solent
3453 2354 3593 2411 facis

1987 2468 2319 2521 incrementa
2375 2457 2616 2528 prtebcre
2655 2441 2985 2523 ekpediunt,
3038 2458 3091 2503 et
3148 2448 3284 2517 ignis
3338 2446 3592 2518 cepiosns

1986 2558 2318 2614 accenditur.
2353 2552 2555 2621 Ligatis
2596 2548 2842 2602 manibus
2893 2553 2948 2599 ct
2999 2543 3243 2613 pedibus,
3271 2552 3442 2596 sancti
3484 2540 3591 2595 (ἰοί

1987 2652 2116 2705 mini
2147 2650 2197 2703 in
2231 2649 2405 2716 ignem
2452 2640 2871 2713 prmeipitantur.
2904 2636 3088 2689 Adfuit
3125 2634 3371 2689 Christus
3398 2632 3591 2689 Salva-

1990 2753 2073 2796 tor
2115 2744 2165 2795 in
2224 2738 2421 2802 medio,
2474 2746 2530 2789 et
2581 2734 2746 2800 disrui
2771 2732 2837 2784 tis
2859 2728 3085 2783 vinculis
3111 2726 3284 2781 sancti
3326 2735 3594 2797 martyres

1988 2837 2355 2905 gloriabantur
2406 2832 2457 2884 iu
2508 2829 2629 2897 igne
2653 2867 2665 2891 ,
2711 2835 2767 2880 et
2798 2824 3001 2877 nullum
3046 2820 3110 2876 de
3139 2820 3216 2874 eis
3242 2820 3592 2891 contingebat

1990 2928 2314 2983 incendunt.
2364 2922 2407 2977 0
2451 2922 2640 2977 beatus
2680 2919 2816 2987 ignis
2862 2915 2955 2985 qui
3008 2921 3213 2967 tantum
3269 2911 3295 2949 ι’
3327 2911 3592 2980 origmale

1991 3021 2234 3093 purgatit
2264 3024 2544 3087 peccatum
2573 3021 2626 3067 et
2652 3012 2851 3065 nullum
2898 3008 2951 3061 in
2981 3012 3292 3061 sanctorum
3333 3003 3593 3058 membris

1990 3092 2357 3165 diminutiOnis
2400 3103 2650 3159 incendio
2681 3101 2860 3154 intulit
2908 3094 3322 3151 detrimentum!
3374 3092 3593 3163 Aljuvit

1993 3206 2172 3276 potius
2200 3201 2334 3269 ignis
2364 3208 2598 3259 sanctos,
2630 3210 2723 3264 per
2763 3207 2924 3262 quem
2972 3204 3173 3244 nocere
3204 3188 3374 3242 voluit
3399 3196 3455 3243 et
3483 3204 3596 3242 non

283 3318 388 3369 vos,
412 3302 465 3357 in
493 3300 717 3355 Christo
740 3296 1034 3352 invenitur.
1062 3292 1287 3347 Omnem
1318 3289 1626 3359 progeniem
1649 3295 1882 3341 vestram

2000 3296 2168 3368 pottnt
2198 3292 2461 3347 inimicus.
2496 3287 2637 3357 Ignis
2677 3286 2741 3338 al)
2790 3281 3083 3338 incredulis
3110 3281 3286 3335 acrius
3334 3281 3591 3335 incende-

284 3390 524 3466 praeclara
551 3386 897 3444 confessione
924 3382 1124 3439 Cltristi
1151 3378 1535 3451 perpetualitcr
1558 3375 1882 3429 illustraslis.

286 3487 334 3539 Ι.ι
364 3494 545 3539 tenera
573 3490 739 3535 artate
778 3479 939 3550 positi
986 3483 1210 3531 cunctos
1261 3473 1505 3529 seniores
1545 3468 1765 3538 originis
1796 3483 1888 3521 ve-

286 3588 401 3632 stra:
439 3572 710 3644 sapientia
762 3567 1134 3641 pratcessistis.
1186 3564 1519 3619 Thesaurum
1567 3560 1888 3613 immensum

288 3670 395 3739 plus
440 3666 591 3723 omni
622 3664 801 3735 pretio
838 3660 1119 3730 comesum
1150 3672 1249 3728 per
1286 3654 1485 3709 Christi
1518 3650 1763 3705 militiam
1799 3665 1887 3702 ac-

287 3756 527 3829 quisistis.
582 3753 775 3808 Estote
832 3764 963 3820 ergo
1014 3751 1067 3803 in
1124 3755 1311 3803 sancta
1367 3742 1565 3797 Christi
1624 3740 1889 3808 religione

289 3826 501 3902 viriliter
525 3844 966 3914 perseverantes.
999 3836 1151 3891 Nulla
1184 3850 1283 3889 vos
1329 3834 1532 3901 frangat
1566 3826 1887 3892 adversitas,

289 3938 434 3993 nulla:
474 3936 672 4001 mime,
730 3930 878 3985 nulla
930 3938 1323 3983 tormentorum
1374 3922 1633 3994 supplicia
1681 3928 1891 3974 vestros

289 4035 514 4086 terreant
554 4027 774 4081 animos
814 4023 1027 4079 fortiter
1059 4024 1109 4076 in
1138 4021 1170 4073 li
1192 4023 1240 4075 ie
1265 4018 1462 4073 Christi
1493 4023 1749 4070 armatos.
1787 4012 1891 4066 lie-

291 4137 383 4192 t'na
403 4122 568 4193 hujus
582 4118 780 4176 mundi
804 4157 821 4183 ,
847 4133 966 4188 quae
994 4116 1277 4179 videntur,
1306 4121 1502 4165 etcum
1534 4108 1641 4162 vita
1675 4113 1893 4174 tempo-

292 4214 461 4270 raliter
518 4212 813 4273 liniuntur,
869 4207 1001 4261 nihil
1059 4211 1188 4258 sunt
1248 4218 1261 4254 :
1311 4213 1537 4268 rt-gnum
1591 4197 1736 4252 enim
1796 4194 1890 4249 Dei

293 4305 550 4362 invisibile
619 4312 677 4357 et
731 4299 1123 4369 sempiternum
1182 4292 1569 4361 concupiscere
1631 4297 1893 4359 perpetua

292 4409 391 4462 est.
429 4406 596 4469 atque
647 4394 885 4466 perlecta
930 4400 987 4447 et
1038 4404 1200 4461 super
1246 4386 1425 4445 omnia
1467 4394 1771 4455 opportuna
1806 4398 1896 4437 sa-

295 4490 493 4560 pienth
546 4487 852 4559 plenitudo.
898 4482 1002 4539 Per
1053 4482 1155 4536 hos
1215 4479 1541 4549 temporales
1588 4476 1802 4532 labores
1842 4481 1897 4527 et

293 4583 459 4639 subito
502 4578 846 4636 transitorias
890 4588 1083 4647 pmnas
1108 4572 1175 4627 ad
1226 4581 1426 4626 :eterna
1456 4569 1650 4638 gaudia
1702 4581 1897 4638 perve-

294 4674 460 4730 nietis.
490 4672 695 4728 Videas
723 4671 909 4741 itaque
938 4683 1035 4724 eos
1064 4666 1256 4738 plenos
1276 4665 1462 4734 gratia:
1490 4660 1691 4717 Christi
1721 4662 1771 4714 in
1800 4675 1895 4714 sua

296 4768 578 4824 stabilitate
606 4780 833 4821 manere
860 4772 917 4819 et
939 4763 1261 4835 promissam
1296 4758 1453 4815 ﬁdem
1478 4758 1694 4814 fortiter
1721 4772 1904 4812 serva-

298 4876 378 4927 re,
402 4858 513 4915 Deo
534 4856 927 4915 mrnmendans
955 4870 1077 4911 cum
1108 4854 1315 4923 integra
1337 4851 1627 4908 devotione
1656 4857 1904 4920 nepotes,

301 4951 539 5008 discessit
565 4949 637 5005 ab
681 4949 788 5004 eis.

367 5040 447 5097 l6.
468 5037 798 5111 [interrogati
828 5047 1009 5094 autem
1040 5051 1071 5092 a
1110 5034 1387 5107 iudicibus
1424 5032 1469 5091 si
1522 5032 1725 5089 vellent
1770 5048 1903 5088 con-

303 5135 491 5192 sentire
538 5133 620 5190 eis
664 5139 724 5187 et
765 5129 991 5186 deorum
1020 5128 1307 5185 simulacra
1354 5126 1567 5198 publica
1599 5140 1731 5180 voce
1765 5140 1902 5180 cou-

306 5226 468 5293 fttet'i;
495 5238 632 5296 ergo
679 5236 805 5279 cum
852 5221 928 5277 illi
970 5219 1235 5292 pertinaci
1292 5218 1557 5275 sententia
1598 5216 1652 5270 in
1703 5213 1903 5271 Christi

308 5332 480 5375 amre
515 5319 907 5390 pet-sisterent,
938 5322 995 5370 et
1024 5314 1335 5369 nullatenus
1377 5310 1678 5367 voluissent
1717 5322 1905 5364 assen-

308 5423 419 5464 sum
466 5409 715 5480 νῖψαι-ο
762 5406 1111 5480 petentibus,
1171 5405 1349 5474 ligatis
1376 5417 1588 5459 sursum
1636 5400 1905 5468 manibus,

312 5498 523 5573 pedibus
544 5514 679 5557 vero
709 5500 989 5567 deorsum,
1015 5497 1069 5554 in
1099 5497 1297 5552 arbore
1323 5512 1432 5551 una
1459 5492 1705 5565 suspensi
1736 5501 1863 5548 sunt
1888 5510 1901 5547 :

316 5599 455 5647 tanta
489 5604 619 5647 vero
661 5598 1061 5652 tonnetttorum
1115 5587 1501 5645 adinventione
1548 5586 1795 5655 extensi,
1844 5595 1904 5642 ut

317 5698 446 5757 pene
469 5691 789 5755 putarentur
815 5685 886 5740 ab
931 5684 1048 5755 ipsa
1096 5679 1462 5738 membrorum
1500 5692 1765 5750 compage
1814 5693 1905 5735 se-

388 5830 413 5857 ⁸
441 5820 533 5877 llr.
574 5820 780 5892 Ripon,
827 5830 1017 5876 utetiam
1063 5819 1394 5877 Judaeum.

385 5893 411 5932 δ
446 5885 729 5962 Qtomodo
769 5885 1048 5965 originale
1107 5892 1346 5965 purgavit
1392 5898 1689 5965 precatum,
1734 5886 1777 5943 si
1798 5885 1909 5965 jam

321 5974 440 6023 ante
462 5959 609 6023 erant
636 5980 666 6020 ι
695 5959 1137 6037 sancti'llcnigno
1166 5959 1480 6033 baptizata?
1515 5959 1643 6017 llaec
1670 5975 1739 6015 ex
1761 5959 1907 6029 ptio-

1993 3389 2174 3452 batur,
2206 3393 2261 3437 ut
2286 3392 2597 3437 sanctorum
2622 3390 2852 3445 corpora
2871 3372 2998 3427 .sine
3022 3386 3173 3426 mora
3201 3369 3594 3425 combureret:-

1994 3492 2080 3537 tur
2108 3499 2120 3533 :
2148 3478 2239 3533 sed
2266 3488 2530 3531 conversa
2564 3467 2925 3524 misericordia
2952 3463 3132 3519 devina
3161 3464 3212 3518 in
3237 3462 3448 3531 melius,
3469 3462 3598 3516 inde

1992 3574 2193 3630 sanctis
2234 3571 2415 3624 lumen
2458 3561 2896 3631 incxstinguibile
2942 3559 3288 3630 prmparavit.
3338 3556 3597 3612 Flamma:

1993 3668 2246 3722 ardentes
2297 3660 2457 3715 altius
2495 3658 2720 3712 elevata:
2763 3662 2919 3719 sunt;
2974 3652 3069 3705 sed
3128 3649 3341 3705 Clll'lali‘
3378 3648 3607 3719 opilicio

1993 3757 2311 3812 famulantes
2340 3760 2652 3807 sanctorum
2685 3742 3010 3815 prtecipttam
3062 3740 3289 3808 gloriam
3340 3736 3596 3794 ostende-

1994 3851 2143 3915 bant,
2172 3861 2293 3917 qua)
2320 3845 2578 3900 damnose
2598 3856 2627 3895 a
2657 3833 3093 3910 persecutoribus
3122 3839 3435 3904 praeparata:
3472 3828 3595 3886 fuc-

1994 3953 2117 4001 rant
2144 3943 2210 3997 ad
2242 3942 2471 3996 ruinam.
2523 3934 2664 4007 lgnis
2692 3932 2759 3991 ad
2805 3936 3111 3987 sanctorum
3142 3924 3381 3980 membra
3410 3937 3601 3979 consu-

1996 4037 2189 4093 menda
2220 4033 2361 4088 vires
2383 4030 2631 4101 pmprias
2653 4026 2851 4081 habere
2878 4038 2982 4077 non
3000 4018 3194 4091 potuit,
3222 4015 3477 4086 quoniam
3503 4013 3600 4069 Dti

1995 4129 2240 4203 potentia
2292 4138 2549 4197 vaporem
2598 4119 2801 4177 caloris.
2838 4131 2937 4187 pro
2971 4114 3085 4171 suis
3132 4111 3335 4170 sanctis
3384 4108 3601 4183 pietatis

1996 4224 2174 4278 studio
2219 4215 2558 4287 temperavit.

2073 4312 2159 4366 18.
2218 4309 2476 4364 Viderunt
2522 4303 2668 4374 impii
2712 4310 2769 4357 et
2821 4296 2987 4368 iniqui
3043 4301 3420 4367 persecutores
3460 4292 3605 4350 inter

1999 4404 2289 4459 immensas
2336 4398 2581 4453 lltmmas
2640 4393 2909 4450 exsultare
2962 4406 3075 4446 sant
3098 4397 3183 4442 tos
3235 4382 3494 4440 Geminos
3547 4390 3607 4437 et

2002 4508 2351 4570 perseverare
2382 4492 2598 4553 ilhc-sos,
2646 4502 2783 4559 quos
2813 4490 3139 4557 putaverunt
3170 4486 3320 4534 tanto
3346 4476 3605 4533 incendio

2002 4568 2183 4647 subito
2241 4586 2422 4639 videre
2476 4588 2852 4649 consumptos.
2911 4570 3234 4629 Ambulandi
3290 4568 3494 4626 sanctis
3551 4569 3606 4623 in

1934 4711 1986 4771 Β
2011 4682 2132 4751 igne
2160 4686 2237 4732 est
2266 4691 2295 4731 a
2325 4674 2540 4729 Christo
2573 4668 2828 4741 permissa
2857 4664 3092 4726 licentia,
3124 4669 3185 4717 ut
3214 4659 3389 4730 major
3417 4674 3606 4715 accre-

2009 4782 2185 4830 scerct
2216 4767 2506 4825 incredulis
2536 4762 2789 4836 mysteria
2831 4759 3007 4814 divina
3038 4752 3346 4812 videntibus
3374 4751 3444 4809 de
3468 4766 3607 4808 con-

2009 4867 2220 4922 fusione
2249 4858 2483 4917 tristitia.
2536 4855 2857 4911 Delecerunt
2903 4852 3082 4917 itaque
3131 4846 3274 4915 ligna
3321 4852 3379 4899 et
3422 4842 3607 4899 munia

2009 4957 2209 5026 ignium
2240 4953 2592 5007 incrementa.
2627 4944 2809 5001 Sancti
2836 4956 2964 4998 vero
2987 4934 3613 5006 Centini,dellcientibus

2008 5025 2257 5112 Πειιιιηιίι,
2318 5043 2370 5098 in
2419 5039 2598 5095 melio
2649 5028 2874 5102 stantes,
2928 5040 3336 5105 persecutorem
3374 5025 3619 5104 malitias

2009 5140 2340 5201 irridebant,
2370 5134 2609 5188 dicent-~s
2640 5148 2654 5183 :
2686 5128 2819 5183 Data
2847 5136 2930 5183 est
2954 5124 3111 5180 nobis
3149 5122 3201 5179 si
3240 5119 3512 5185 volumus,
3540 5119 3613 5176 do

2010 5229 2262 5307 praesenti
2292 5227 2358 5283 ad
2380 5225 2650 5282 Christum
2679 5220 2941 5293 migrandi
2974 5226 3246 5289 potestas;
3276 5220 3335 5271 et
3360 5212 3407 5271 si
3434 5210 3614 5279 adhuc

2014 5305 2035 5369 ἓ
2065 5329 2133 5384 de
2163 5326 2433 5382 ideramus
2450 5360 2466 5386 ,
2501 5325 2694 5373 vestra:
2718 5312 3003 5371 dentetnie
3030 5311 3272 5367 viventes
3298 5306 3355 5365 in
3380 5305 3487 5364 hoc
3512 5319 3619 5360 ste-

2012 5422 2135 5479 culo
2165 5417 2424 5475 insultare
2451 5424 2768 5468 concessum
2800 5415 2902 5463 est.
2949 5404 3084 5481 Nam
3127 5402 3283 5460 nobis
3309 5398 3506 5457 melius
3532 5403 3615 5453 est

2011 5513 2077 5569 ad
2104 5511 2221 5584 ejus
2249 5507 2435 5579 epulas
2467 5505 2721 5561 festinare
2749 5500 2837 5557 ubi
2861 5496 3125 5554 feneratio
3155 5507 3264 5551 non
3290 5490 3473 5549 deﬁcit
3502 5489 3614 5545 lar—

2013 5604 2222 5675 gitoris.
2257 5597 2384 5654 Post
2406 5597 2642 5667 sopitum
2670 5594 2849 5661 ignem
2876 5606 2999 5647 cum
3022 5585 3288 5644 increduli
3308 5584 3375 5640 ad
3397 5591 3624 5641 sanctos

2015 5674 2110 5753 Dei
2149 5692 2407 5751 Geminos
2434 5688 2646 5747 eminus
2675 5684 3223 5756 apprOpinquassent,
3269 5677 3446 5737 nullas
3466 5674 3618 5732 solli-

2015 5810 2167 5868 rihus
2214 5803 2363 5861 Actis
2427 5799 2703 5857 transtulit
2746 5795 3167 5868 Warnaharius,
3214 5807 3315 5850 nec
3361 5788 3620 5864 espettdit

2018 5866 2139 5955 quae
2169 5872 2389 5955 amotio
2420 5885 2621 5955 eorum.
2640 5868 2907 5938 baptismo
2952 5866 3291 5924 attexuissct.

2096 5961 2119 5992 θ
2161 5947 2278 6007 Alia
2307 5944 2465 6013 “55.,
2498 5938 2861 5997 deliberamus.
