3856 6218
171 374 238 430 1..ῖ
1386 378 1536 434 \‘ITA
1577 371 1826 434 SANLTI
1871 379 2206 451 tussim-"Jul

3344 380 3448 438 193

171 488 412 561 put-fertur
443 504 675 545 munere
705 491 1005 558 g‘uriusus,
1030 501 1181 546 tanto
1208 493 1375 559 magis
1403 492 1632 545 dictator
1653 507 1746 561 ap-
1775 496 1821 550 Α
1853 490 2154 560 perditione
2183 488 2380 543 civium
2411 484 2666 557 pastorali
2704 485 2995 541 solitudine
3039 485 3228 542 dolore
3275 490 3452 558 reple-

171 587 298 654 paret
341 579 406 632 ad
448 580 760 636 uarrandas
815 581 938 651 ejus
983 584 1206 639 viantes
1260 596 1354 651 per
1392 582 1746 650 ignorantiam

169 671 448 730 fastidiosus
466 683 485 703 “
497 711 514 727 .

648 761 891 819 CAPUT
954 763 1238 819 PRIMUM.

174 853 379 919 lnaptio
409 849 816 907 ll'antlalorum.
852 853 1167 924 Martyrium
1195 855 1363 908 sancti
1415 852 1670 909 Desiderii
1695 865 1750 924 et

817 946 1094 998 sociorum.

228 1033 280 1087 2.
330 1032 596 1102 Tempore
645 1032 742 1088 illo
797 1049 922 1087 cum
981 1031 1364 1087 Wandalorum
1421 1033 1649 1088 barbara
1694 1041 1750 1088 et

171 1129 366 1198 gentilis
415 1127 669 1182 ferocitas
695 1127 762 1180 ad
794 1126 1090 1182 Galliarum
1121 1128 1354 1183 venisset
1400 1127 1750 1184 debellatth

172 1219 472 1290 p.ovincias,
496 1227 572 1278 et.
591 1217 822 1274 devictis
864 1233 928 1272 ac
954 1219 1218 1288 superatis
1239 1217 1424 1283 Gallis,
1455 1217 1748 1273 Galliarum

172 1313 316 1364 etiam
341 1309 499 1363 urbes
517 1309 865 1362 infestatione
890 1307 1080 1363 bellica
1111 1307 1396 1378 plurimum
1424 1308 1748 1373 devastaret,

170 1415 217 1457 cl
244 1405 292 1458 in
319 1403 504 1472 rapina
535 1401 731 1471 prada:
759 1399 1132 1456 crudelissime
1156 1409 1346 1455 cuncta
1392 1400 1752 1471 depopulare-

172 1507 246 1547 lttr
281 1493 595 1563 cupiditatis
638 1492 928 1556 instinctu;
970 1498 1129 1544 nutus
1157 1487 1290 1555 Dei,
1321 1499 1548 1544 eventus
1584 1490 1746 1544 etiam

173 1585 236 1636 rei
257 1592 416 1651 atque
444 1581 679 1648 itineris,
709 1589 924 1650 gentem
956 1579 1125 1649 ipsam
1155 1577 1439 1633 nefandam
1470 1595 1592 1635 cum
1623 1593 1748 1648 rege

171 1689 340 1726 ινιτιιιιι
369 1671 395 1710 δ
438 1672 646 1727 Crosco
693 1672 761 1724 ad
805 1670 1077 1725 civitatem
1123 1668 1392 1739 Lingmas
1431 1687 1598 1740 usque
1627 1685 1749 1739 per-

171 1763 322 1816 duxit.
354 1761 508 1816 Tunc
543 1776 678 1815 vero
709 1759 1050 1814 beatissimus
1095 1757 1403 1814 Desiderins
1458 1760 1508 1812 in
1557 1760 1746 1816 eadem

1852 591 1961 650 tus,
1993 597 2092 652 pro
2137 596 2196 636 sc
2218 579 2516 650 principem
2542 591 2735 646 rogare
2765 580 2933 633 noluit
2962 620 2978 644 ,
3003 574 3098 632 sed
3128 587 3185 632 ut
3223 593 3451 648 percun-

1853 673 1993 725 tibus
2018 670 2224 724 civibus
2275 669 2590 724 subveniret
2628 668 2886 723 attentius
2925 669 3171 723 exoravit
3210 668 3397 726 dicens
3431 688 3446 725 :

1851 764 1907 820 Si
1939 765 2056 834 pius
2085 780 2144 818 es
2163 805 2178 830 ,
2206 762 2319 831 jam
2351 776 2546 832 parce,
2576 770 2758 816 rector
2782 761 3007 830 optime,
3041 776 3255 831 precor,
3287 763 3452 817 misc-

1851 859 1926 912 ris
1953 858 2158 913 civibus
2185 865 2241 910 ct
2269 871 2299 910 a
2330 863 2477 910 tanta
2525 853 2861 908 crudelitatis
2887 853 3034 908 caule
3080 848 3303 909 hostiles
3329 865 3449 908 ma-

1851 964 1954 1004 nus
1980 958 2193 1004 tuornn
2218 957 2276 1001 ut
2304 961 2622 1016 compescas
2646 945 2921 1005 humiliter
2941 947 3162 1002 omnino
3187 945 3444 1018 deposco.

1851 1038 1931 1092 Ad
1959 1039 2074 1093 hac
2100 1038 2349 1108 princeps
2391 1036 2652 1090 barbarus
2674 1035 2928 1100 immitis,
2961 1037 3190 1091 naturali
3219 1036 3452 1093 crudeli-

1853 1128 1977 1180 tatis
2006 1127 2296 1197 asperitate
2324 1125 2526 1190 durus,
2576 1133 2775 1180 eventu
2813 1125 3052 1182 victoriae
3105 1123 3447 1193 tumefactus.

1851 1216 2079 1270 barbara
2137 1215 2410 1270 locutione
2458 1214 2563 1268 hoc
2610 1223 2803 1269 sancto
2854 1213 3132 1270 Desiderio
3189 1216 3448 1286 despecta

1851 1305 2203 1376 responsione
2252 1303 2518 1368 narravit,
2571 1302 2715 1374 quod
2785 1303 2974 1359 beatus
3021 1305 3251 1372 antistes
3300 1303 3448 1360 nulla

1838 1403 2027 1472 'potuit
2077 1400 2440 1469 intelligentia!
2487 1399 2790 1470 capacitate
2830 1411 3182 1468 cognoscere.
3215 1398 3451 1469 Ideoque

1850 1506 1904 1552 ct
1931 1497 2075 1566 quod
2107 1497 2254 1565 prius
2283 1494 2537 1551 sacerdos
2567 1494 2658 1550 Dei
2701 1502 2955 1566 precatus
3001 1493 3176 1549 fuerat
3201 1509 3294 1550 rex
3324 1509 3451 1549 cru-

1849 1587 2153 1642 delissitnus
2211 1586 2509 1654 ignorabat.
2575 1583 2782 1640 Obtulit
2834 1601 2894 1640 se
2956 1586 3120 1640 etiam
3182 1601 3282 1655 pro
3338 1586 3451 1641 suis

1851 1677 2087 1738 civibus.
2118 1675 2331 1730 cervice
2353 1683 2538 1744 parata
2571 1675 2689 1744 pius
2718 1682 2904 1744 pastor
2952 1674 3019 1728 ad
3054 1675 3360 1742 victimam,
3389 1682 3450 1730 ut

1851 1774 2091 1820 cessaret
2129 1765 2195 1818 dc
2261 1763 2614 1834 pereuntibus
2663 1762 2870 1818 civibus
2917 1763 3002 1818 νει
3052 1764 3448 1834 aliquantulum

173 1853 289 1906 urbe
310 1849 607 1922 pontiﬁcali
641 1846 822 1904 ofﬁcio
853 1847 1203 1916 fungebatur,
1237 1847 1494 1903 sacerdos
1537 1847 1748 1902 virtuti-
1777 1855 1956 1926 Bjam
2007 1855 2182 1909 ruina.
2234 1853 2387 1906 Nulla
2431 1861 2611 1907 rector
2656 1852 2850 1923 impius
2891 1863 3170 1924 permotus
3215 1861 3300 1909 est
3327 1853 3449 1924 ple.

173 1945 258 2000 bus
283 1943 779 2015 prmstautissimus.
820 1940 884 1996 Et
936 1942 1062 1997 licet
1112 1953 1134 1981 ε
1181 1943 1431 2013 opposito
1475 1951 1657 1998 monte
1696 1944 1745 1998 in

174 2037 382 2093 sublime
412 2035 566 2089 ﬁrma
591 2036 664 2091 sit
687 2048 755 2089 ex
785 2043 940 2104 parte
968 2034 1198 2088 maxima
1231 2035 1487 2089 naturalis
1532 2035 1746 2105 exposi-

176 2127 319 2181 tionis
340 2126 597 2192 munitio,
627 2133 684 2180 et
736 2126 1063 2195 quadrarum
1094 2125 1336 2196 lapidum.
1356 2126 1593 2182 studiose
1614 2127 1744 2182 sub-

177 2217 336 2286 iuncta
364 2229 634 2285 compago
662 2231 847 2270 muros
869 2215 1035 2284 ipsius
1075 2215 1309 2271 civitatis
1355 2214 1553 2272 efficiat
1581 2217 1748 2272 tutio-

175 2322 280 2370 res.
309 2307 375 2361 ad
399 2305 742 2378 probandam
771 2315 951 2360 tamen
981 2307 1136 2360 tidem
1159 2306 1363 2376 prmfati
1391 2308 1663 2368 antistitis.
1695 2316 1750 2363 ct

176 2413 341 2453 eorum
378 2398 473 2466 qui
524 2397 821 2466 gloriosum
867 2395 1180 2465 martyrium
1228 2397 1280 2449 in
1330 2396 1750 2450 sancta‘Cltristi

178 2488 500 2544 confessione
547 2495 862 2549 manentes,
911 2499 1034 2539 cum
1093 2483 1284 2539 eodem
1334 2483 1516 2554 adepti
1585 2484 1750 2540 fuisse

178 2569 584 2650 dignoscantur;
639 2573 964 2632 circumfusa
1011 2572 1400 2628 Wandalorum
1456 2571 1747 2627 multitudo

180 2675 344 2726 urbem
371 2670 612 2738 undique
657 2666 1028 2724 circumvallat
1074 2673 1127 2719 et
1165 2665 1216 2718 in
1248 2664 1526 2719 obsidione
1571 2663 1750 2733 perdi-

180 2767 320 2820 tionis
362 2778 392 2817 a
438 2761 651 2817 cunctis
697 2759 938 2830 partibus
984 2756 1173 2812 civitas
1213 2756 1597 2811 circumdatur.
1639 2754 1752 2810 Nec

180 2869 310 2908 mora
357 2851 681 2918 missilibus,
727 2849 938 2913 fundis,
991 2847 1198 2917 sagittis
1258 2847 1590 2915 diversisque
1631 2846 1752 2902 telis

180 2949 403 2996 evertere
425 2939 660 3001 muenia,
691 2938 868 2994 acrius
908 2938 1284 3008 impugnantes
1312 2935 1560 2990 Wandali
1580 2977 1594 3000 ,
1627 2951 1750 2990 cru-

180 3034 392 3088 delitatis
422 3031 680 3087 instantia
705 3029 1081 3098 perurgebant.
1121 3027 1163 3082 Ε
1191 3035 1380 3084 contra
1414 3027 1752 3082 beatissimus

179 3123 400 3194 pontitex
457 3120 798 3184 Desiderius,
852 3133 975 3174 cum
1038 3119 1149 3173 suis
1194 3118 1602 3180 sacerdotibus,
1666 3116 1752 3171 vel

181 3213 367 3266 exteris
424 3211 662 3273 :ivibus,
691 3209 758 3264 de
795 3222 950 3261 muro
987 3206 1256 3261 clamabat
1296 3205 1480 3260 d;cens
1507 3223 1521 3258 :
1552 3205 1748 3259 Christi
1777 3234 1822 3294 α

179 3305 302 3360 servi
350 3317 573 3366 sumus,
620 3300 896 3355 Christum
954 3296 1238 3352 Dominum
1293 3305 1535 3351 nostrum
1583 3295 1750 3351 Deum

179 3399 338 3451 vivum
381 3405 440 3450 et
487 3409 675 3450 verum
724 3393 982 3459 colimus,
1025 3390 1116 3459 qui
1159 3389 1468 3446 universum
1497 3389 1752 3444 mundum

180 3490 461 3547 constituit.
491 3487 669 3542 Nolite
715 3486 765 3540 in
797 3484 953 3540 nobis
981 3483 1196 3539 crudele
1231 3483 1407 3538 scelus
1448 3481 1750 3549 admittere,

181 3582 425 3653 perquod
480 3577 575 3634 Dei
629 3577 929 3649 potentiam
959 3582 1148 3630 contra
1193 3589 1290 3630 vos
1330 3574 1384 3628 in
1426 3573 1755 3629 iracundiam

181 3669 490 3741 provocetis.

240 3759 290 3813 '5.
345 3758 454 3813 Sed
506 3755 764 3826 quoniam
812 3754 906 3812 Dei
958 3753 1466 3827 pmlcstiuatione,
1515 3754 1756 3825 martyrii

181 3852 420 3922 prmlinita
447 3852 570 3904 dies
599 3847 927 3913 advenerat;
962 3855 1140 3902 terror
1164 3855 1219 3902 et
1246 3856 1418 3902 metus
1446 3846 1570 3901 inde
1597 3845 1757 3901 simul

181 3942 310 3996 cives
334 3955 526 3995 omnes
557 3955 696 3993 unus
725 3940 1016 4003 invaserat,
1047 3951 1146 3992 nec
1191 3951 1250 3992 se
1281 3935 1417 3990 ultra
1451 3936 1557 3990 ulla
1587 3937 1756 3989 virtu-

181 4035 242 4089 tis
277 4031 499 4087 audacia
535 4028 826 4084 defendere
855 4029 1208 4091 conabantur,
1255 4027 1351 4081 sed
1381 4032 1526 4080 retro
1555 4026 1760 4080 redacti

182 4121 301 4176 infra
329 4119 529 4176 mmnia
557 4117 828 4185 fugientes
847 4156 863 4182 ,
896 4131 1004 4184 quo
1024 4117 1250 4184 quisque
1279 4123 1525 4184 pergeret
1545 4113 1760 4183 ignora-

183 4215 278 4267 bat.
322 4208 578 4265 Wanlali
637 4222 770 4261 vero
836 4205 1094 4275 praecipiti
1161 4221 1320 4261 cursu
1367 4206 1758 4274 irrumpentes,

181 4304 334 4374 ruptis
363 4302 536 4372 poitis
587 4299 1022 4369 ingrediebantur
1069 4299 1286 4353 mmnia.
1339 4297 1437 4352 Ast
1481 4297 1572 4352 alii
1603 4297 1761 4352 scalis

180 4395 420 4464 appositis
453 4394 508 4447 in
541 4407 728 4448 muros
756 4391 969 4446 diversa
991 4389 1058 4445 de
1084 4398 1238 4460 parte
1266 4401 1482 4445 mentes
1513 4389 1662 4457 ignes
1707 4387 1760 4442 in

179 4490 201 4526 ⁸
231 4489 481 4557 Pergama
531 4485 953 4550 submittebant;
984 4483 1172 4552 gladiis
1213 4482 1543 4552 diversisque
1565 4481 1763 4549 jaculis

179 4580 306 4631 cives
327 4589 523 4631 omnes
574 4575 736 4643 impia
781 4573 928 4628 casde
981 4573 1392 4641 prosternebant
1438 4571 1614 4625 :nulli
1660 4585 1755 4625 sua

180 4664 366 4735 profuit
389 4675 548 4728 anas,
581 4662 713 4716 nulli
739 4661 895 4716 sexui
925 4661 1008 4716 vel
1049 4677 1166 4716 arvo
1195 4661 1435 4731 pepercit
1463 4660 1710 4731 impietas
1743 4679 1756 4714 :

179 4764 318 4809 natos
347 4753 656 4824 pendentes
679 4751 747 4805 ad
777 4753 940 4806 ubera
969 4767 1090 4807 cum
1114 4751 1376 4806 matribus
1422 4752 1584 4821 impia
1609 4753 1765 4822 jugu-

180 4846 310 4901 labat
335 4843 633 4901 crudelitas
665 4859 679 4894 :
712 4858 852 4896 unus
891 4843 1123 4910 gemitus
1147 4849 1203 4896 et
1227 4841 1474 4912 planctus
1521 4845 1760 4901 morien-

182 4937 298 4991 tium
320 4937 373 4990 in
403 4934 538 4990 totis
585 4932 854 4989 mmnibus
881 4932 1222 5002 personabat.

242 5029 294 5084 4.
341 5027 592 5098 Denique
649 5025 994 5082 beatissimus
1031 5024 1337 5080 Desiderius
1402 5027 1654 5093 antistes,
1708 5030 1763 5086 in

181 5119 414 5174 oratione
462 5117 682 5189 positus
728 5116 1028 5179 invenitur,
1077 5116 1327 5186 regisque
1385 5132 1506 5170 cum
1555 5122 1763 5177 cmteris

182 5204 506 5264 Orristicolis
558 5207 838 5263 obtutibus
878 5214 1251 5276 prasentatur.
1321 5204 1415 5260 Ille
1460 5218 1642 5266 autem
1695 5211 1763 5267 de

249 5353 364 5426 fita
393 5356 493 5412 Is.
522 5357 660 5426 Reg.
683 5355 870 5423 Suec.,
898 5355 1012 5426 Alia
1035 5354 1186 5420 Mss,
1209 5353 1434 5411 Omnino
1457 5359 1762 5417 desidiosus.

251 5422 276 5463 δ
313 5423 407 5481 Ms.
458 5422 641 5500 sanet.
695 5422 876 5500 »μμ
944 5423 1142 5489 Cro'co;
1197 5426 1316 5500 aliis
1370 5429 1509 5496 apud
1549 5429 1766 5500 Vignier

189 5495 368 5548 Lbroco
397 5508 455 5550 et
482 5494 720 5560 Caroea;
751 5496 819 5549 de.
846 5509 914 5549 eo
956 5510 1117 5563 supra
1147 5496 1372 5562 egimus.

255 5575 276 5600 ι
315 5565 456 5640 idem
485 5563 614 5640 με,
641 5567 962 5640 oppositione
989 5567 1208 5640 montis;
1235 5567 1336 5640 alia
1361 5565 1762 5640 Mss.,_opposito

193 5636 383 5688 montis.
415 5636 470 5687 ln
499 5635 776 5690 hrcviario
807 5637 870 5689 iis
918 5636 1129 5690 omissis
1179 5636 1250 5689 ita
1282 5636 1474 5704 legitur
1502 5635 1642 5693 Licet
1672 5659 1762 5695 na-

197 5707 358 5756 tumlis
381 5705 727 5772 expositionis
756 5706 1022 5766 munitis.;
1053 5712 1160 5758 etc.

255 5774 279 5808 ⁴
319 5773 604 5844 Pergama.
638 5775 853 5830 Arcium
883 5773 1234 5845 Trojanarum
1266 5790 1458 5832 nomen
1489 5776 1608 5843 fuit,
1660 5779 1769 5836 imo
1870 5780 2192 5840 ell'undendo
2219 5773 2411 5838 cruore
2440 5773 2649 5842 cessare
2671 5773 2816 5843 fecit.

1856 1957 1967 2003 tate
2009 1965 2021 2001 :
2072 1949 2166 2002 sed
2215 1946 2550 2002 crudelitatis
2604 1949 3002 2018 perseverantia
3064 1948 3447 2018 iutlauunatus,

1851 2049 2016 2111 caput
2063 2039 2329 2110 amputari
2383 2039 2641 2111 prurcepit
2681 2039 3028 2096 sacerdotis:
3061 2040 3243 2112 plures
3283 2042 3446 2098 etiam

1851 2131 2184 2187 Christianos
2218 2141 2241 2169 ο
2265 2130 2452 2186 eadem
2481 2130 2640 2186 simul
2666 2131 2798 2186 hora
2840 2141 2895 2186 et
2941 2132 3131 2188 eadem
3178 2135 3448 2190 sententia

1853 2222 2072 2276 interire
2109 2220 2379 2291 prmcepit.
2412 2219 2468 2274 ln
2500 2219 2624 2275 totis
2653 2235 2886 2292 namque
2915 2219 3187 2292 Pergamis
3211 2222 3263 2277 in
3287 2220 3447 2277 Chri-

1851 2313 1918 2368 sti
1982 2310 2324 2367 confessione
2369 2317 2810 2382 perseverantes,
2867 2314 3057 2367 eadcm
3106 2312 3194 2368 die
3232 2312 3447 2369 diversa

1850 2410 1977 2456 sunt
2007 2401 2202 2470 passim
2232 2401 2377 2456 crde
2407 2402 2682 2472 prostrati.
2733 2401 2809 2456 De
2862 2403 3007 2457 cultu
3047 2403 3319 2473 religionis
3365 2405 3448 2459 in-

1851 2489 2148 2558 terrogati,
2187 2490 2494 2559 quicunque
2538 2489 2810 2545 Christum
2876 2492 3153 2548 confessus
3201 2507 3262 2548 se
3313 2493 3449 2549 dixit

1851 2580 2104 2645 credere,
2151 2594 2424 2649 nunquam
2456 2581 2506 2634 in
2556 2589 2666 2635 tota
2715 2581 2846 2635 urbe
2883 2583 3058 2651 potuit
3103 2583 3350 2638 evadere.
3402 2579 3450 2637 Ο

1853 2669 1984 2724 urbs
2026 2668 2286 2738 Lingona,
2333 2668 2477 2737 quod
2529 2677 2656 2724 tunc
2683 2668 2861 2724 subito
2899 2684 3149 2726 remansa
3179 2671 3448 2740 desolata,

1853 2761 1921 2814 de
1958 2761 2065 2814 tuis
2093 2760 2299 2815 civibus
2329 2759 2673 2828 ingemiscis?
2719 2761 2886 2816 habes
2939 2762 3060 2817 inde
3109 2764 3278 2833 magis
3333 2780 3445 2834 quo

1854 2849 2120 2912 exsulzes,
2153 2849 2278 2903 dum
2312 2856 2488 2904 tantos
2517 2849 2707 2904 eodem
2739 2861 2981 2922 tempore
3021 2869 3118 2923 pro
3151 2864 3241 2909 tuo
3271 2857 3449 2910 muni-

1855 2938 1999 2992 mine
2050 2937 2364 3006 conquisisti
2427 2946 2709 3007 martyres.
2768 2938 2872 3002 Pro
2935 2942 3102 2997 nihilo
3154 2945 3449 3014 temporale

1843 3027 2108 3081 ‘damnum
2140 3038 2227 3080 tua
2257 3036 2472 3095 reputes
2501 3029 2554 3082 in
2585 3043 2812 3084 censura
2850 3029 2868 3068 ί
2902 3032 3042 3100 quod
3073 3033 3256 3104 lugeas
3280 3052 3293 3101 ;
3317 3035 3449 3090 dum

1855 3118 2058 3188 absque
2088 3117 2360 3172 taxatione
2387 3118 2578 3188 pretii,
2608 3119 2732 3174 inde
2761 3135 2903 3174 nunc
2935 3122 3101 3175 trabes
3121 3130 3177 3176 et
3206 3124 3450 3182 habitura

1855 3221 1914 3262 es
1943 3208 2088 3262 lucra
2137 3207 2256 3260 sine
2283 3204 2390 3262 fine
2434 3222 2687 3262 mansura
2734 3222 2842 3276 quo
2892 3210 3129 3278 gaudeas
3155 3220 3180 3258 ι
3226 3212 3447 3268 ϐοιιιήο

1855 3308 1994 3356 stata
2041 3314 2102 3353 es
2153 3307 2280 3352 tunc
2310 3297 2595 3366 incendiis,
2641 3297 2854 3367 gladiis,
2895 3299 3118 3370 rapinis,
3144 3315 3266 3354 cum
3297 3299 3448 3358 omni

1856 3388 2172 3444 humilitatis
2208 3386 2457 3458 exemplo
2487 3387 2541 3442 in
2574 3387 2808 3444 favillam
2840 3389 3082 3454 redacta,
3133 3388 3276 3445 unde
3307 3405 3449 3449 nunc

1856 3497 1916 3539 es
1941 3489 2237 3545 exornata,
2310 3480 2683 3550 illustrataque
2723 3481 3039 3536 fortitudine
3083 3490 3140 3535 et
3175 3481 3451 3538 tutaminis

1854 3571 2110 3640 suffragio
2139 3571 2478 3642 przemunita,
2511 3571 2635 3627 inde
2681 3587 2742 3627 es
2770 3582 2825 3628 et
2853 3586 3140 3642 permanes
3163 3572 3218 3628 in
3263 3588 3451 3646 perpe-

1859 3671 2006 3716 tuum
2041 3674 2149 3731 prae
2202 3659 2411 3715 cmteris
2455 3660 2676 3715 urbibus
2719 3662 2992 3731 gloriosa”

2459 3747 2690 3805 CAPUT
2727 3751 2793 3804 ll.

1861 3837 2142 3895 Percussor
2172 3849 2221 3894 et
2250 3855 2342 3894 rex
2381 3841 2568 3909 puniti.
2618 3841 2804 3896 Sancti
2839 3841 3096 3897 Desiderii
3129 3844 3380 3898 miracula
3401 3853 3450 3899 et

2505 3937 2777 3990 memoria.

1934 4019 1985 4076 5.
2031 4021 2163 4076 Tam
2203 4022 2444 4092 praeclari
2492 4023 2755 4078 Desiderii
2801 4025 3052 4097 martyris
3105 4026 3451 4083 beatitudinis

1863 4113 2071 4168 initium
2119 4123 2176 4167 et
2219 4115 2539 4184 praecipuam
2587 4115 2838 4185 perfecta:
2892 4117 3195 4173 dilectionis
3222 4120 3451 4187 gratiam

1863 4207 1919 4262 in
1946 4205 2209 4262 effusione
2231 4207 2505 4274 sanguinis
2520 4207 2625 4272 sui,
2657 4208 2951 4277 repentinis
2972 4209 3245 4264 iudiciisin
3271 4226 3452 4279 persc-

1863 4297 2138 4352 cutoribus
2157 4294 2276 4364 ejus
2298 4297 2475 4350 divina
2497 4296 2670 4367 pietas
2692 4296 2965 4367 patefecit.
2993 4297 3283 4356 Percnssor
3307 4300 3452 4357 illico

1864 4403 2024 4454 suus,
2052 4387 2301 4441 amentia:
2329 4401 2493 4442 sensu
2522 4387 2810 4444 damnatus
2833 4431 2849 4456 ,
2879 4390 3231 4460 impatientia:
3273 4391 3454 4450 furore

1867 4485 2174 4548 correptus,
2205 4492 2302 4546 per
2332 4477 2528 4534 mccnia
2560 4478 2907 4536 horrihibbus
2935 4482 3156 4538 vocibus
3185 4486 3451 4548 clamans,

1866 4583 2028 4624 cursu
2071 4568 2284 4624 consito
2330 4577 2492 4638 caput
2529 4569 2583 4624 in
2628 4581 2842 4640 portam
2871 4573 3104 4628 civitatis
3133 4573 3374 4643 impulit;
3400 4582 3454 4630 et

1863 4662 2056 4718 crebra
2105 4661 2458 4730 percussione
2511 4671 2811 4720 evacuatus
2863 4667 3131 4732 ceribro,
3187 4668 3455 4723 exanimis

1866 4752 2066 4808 ibidem
2097 4767 2128 4806 a
2160 4751 2482 4821 paventibus
2509 4753 2672 4809 sociis
2694 4754 3114 4825 contemplatur.
3145 4756 3354 4812 Auditis
3376 4759 3456 4813 his

1870 4843 2035 4897 timor
2061 4851 2116 4896 et
2145 4851 2348 4894 tremor
2370 4841 2604 4897 hostium
2643 4852 2960 4900 cunctorum
2991 4845 3200 4902 animos
3226 4855 3455 4917 stupen-

1872 4933 2004 4987 tium
2036 4931 2370 5000 penetravit,
2393 4941 2450 4986 et
2476 4930 2504 4969 ¹ι
2529 4933 2804 5006 paulisper
2851 4937 2920 4991 ab
2965 4935 3286 4992 etfundendo
3330 4953 3452 4993 san-

1869 5023 2030 5091 guine
2052 5030 2358 5076 cessarunt.
2387 5022 2765 5093 Deniquenon
2797 5035 2916 5096 post
2945 5027 3169 5080 multum
3198 5027 3453 5095 temporis

1869 5114 2012 5168 Deus
2037 5113 2202 5182 judex
2228 5113 2406 5184 justus
2433 5116 2608 5170 sancti
2659 5118 2740 5170 sui
2773 5115 3033 5170 Desiderii
3075 5116 3326 5186 martyris
3366 5119 3451 5172 vel

1865 5213 2186 5261 cmterorum
2233 5215 2525 5276 martyrum
2571 5205 2718 5261 urbis
2745 5205 2899 5260 istius
2942 5205 3146 5262 ultione
3171 5208 3454 5266 convictus

1866 5373 1923 5422 et
1952 5381 2052 5434 pro
2073 5364 2234 5434 Troia
2261 5374 2548 5439 sumptum,
2572 5363 2696 5439 inde
2724 5364 2828 5422 huc
2855 5366 3174 5425 transfertur
3197 5369 3264 5424 ad
3291 5384 3452 5439 quas-

1893 5451 2105 5501 cunque
2134 5450 2285 5490 arces
2309 5446 2364 5490 et
2394 5437 2508 5489 loca
2548 5435 2775 5490 munita.

1941 5514 1965 5577 ς
2002 5504 2060 5577 in
2089 5505 2355 5577 aliquibus
2386 5503 2558 5577 Mss,
2578 5508 2892 5577 sacerdotes,
2915 5509 3122 5566 scilicet
3149 5523 3269 5564 cum
3307 5507 3430 5565 aliis

1945 5573 1963 5612 ί
2007 5573 2132 5646 Mss.
2161 5573 2384 5646 aliqua_,_
2410 5589 2512 5626 non
2542 5576 2739 5646 lugeas.

1943 5652 1968 5689 ε
2011 5642 2107 5696 Ms.
2135 5651 2309 5697 sanet.
2340 5642 2481 5696 Max.
2499 5684 2515 5706 ,
2544 5642 2883 5702 concremata
2910 5665 2984 5702 ea.

1941 5710 1968 5790 lt
1998 5710 2103 5790 ιζε.
2139 5711 2275 5790 _lleg.
2309 5711 2462 5766 Suec.
2488 5715 2771 5790 paulisper
2821 5719 3064 5790 impietas
3104 5717 3334 5774 barbara
3383 5717 3451 5774 ab
