3856 6218
391 368 488 421 ωτι

1677 357 1919 416 SANCTl
1961 350 2408 413 WAIlNAllARlI

3584 347 3689 402 900

387 481 440 534 in
470 487 492 513 υ
518 475 815 531 Arelatensi
878 475 1008 531 urbe
1036 472 1296 528 Croscum
1328 472 1626 544 principem
1668 486 1779 525 stus
1809 470 1974 524 tratli-
2008 470 2052 528 Α
2082 467 2199 522 odit
2229 469 2566 540 iniquitatem
2588 511 2603 533 ,
2652 476 2705 521 ct
2776 464 2951 536 diligit
3008 464 3290 520 veritatem
3316 504 3333 528 ,
3378 462 3691 518 detestatur

389 571 469 623 dit
491 567 740 621 inimicis.
765 567 873 633 Qui
887 574 1078 636 captus
1098 575 1153 619 et
1174 574 1476 629 catenatus,
1502 575 1607 617 tam
1631 562 1720 616 diu
1752 561 1979 615 diversis

392 659 674 714 tormentis
702 668 786 713 est
814 659 1069 713 diuturno
1109 668 1351 727 tempore
1398 658 1625 711 amictus
1650 696 1666 722 ,
1696 669 1981 725 quousque

390 766 487 821 per
529 751 956 807 crudelissimam
1005 752 1382 819 assiduamquc
1426 751 1627 804 eodem
1679 749 1743 802 ad
1793 748 1981 801 mortis

392 846 668 899 interdum
702 848 1008 911 perveniret
1029 841 1180 910 juxta
1210 856 1363 895 suum
1391 840 1661 893 meritum.
1798 906 1804 911 ν

462 937 515 988 6.
532 966 533 969 η
550 934 895 991 Beatissitnus
916 943 1097 986 autem
1131 931 1435 987 Desiderius
1459 933 1723 1001 pontifex,
1752 930 1820 983 ob
1844 946 1980 999 pne-

392 1028 676 1082 ccdenlcm
724 1026 1191 1081 conversationem
1242 1034 1296 1079 et
1339 1025 1464 1077 boni
1523 1022 1701 1093 operis
1744 1022 1981 1077 studium

394 1122 634 1191 martyrii
660 1120 977 1187 condignam
1001 1133 1258 1172 coronam
1287 1116 1601 1186 promeruit,
1626 1131 1723 1184 pro
1744 1130 1809 1169 eo
1839 1116 1981 1182 quod

394 1211 545 1279 prius
587 1213 763 1278 justus
813 1212 1061 1263 inventus
1112 1217 1195 1261 est
1241 1215 1297 1261 et
1341 1207 1618 1275 probatus.
1661 1205 1825 1272 Cujus
1863 1207 1984 1259 vita:

394 1300 604 1353 iuitiutn
644 1301 898 1363 castitas,
930 1299 1193 1353 sobrietas
1237 1299 1699 1368 clccmosynarum
1751 1296 1983 1363 largitio,

396 1388 759 1443 miericordia
792 1389 842 1443 in
876 1388 1230 1459 pauperibus,
1256 1387 1457 1457 pietas,
1487 1403 1694 1441 morum
1724 1386 1983 1455 probitas,

397 1478 667 1548 patientia:
717 1479 1109 1547 azquanimitas,
1134 1493 1197 1533 ac
1250 1479 1359 1533 Deo
1414 1478 1485 1532 ita
1536 1478 1885 1546 acceptabilis
1931 1478 1985 1532 in

397 1568 644 1623 omnibus
683 1577 767 1623 est
797 1578 1071 1638 repertus,
1104 1581 1162 1621 ut
1188 1568 1254 1621 ad
1284 1568 1545 1622 cmlorum
1576 1583 1757 1635 regna,
1792 1584 1987 1623 conso-

396 1662 536 1714 ciata
569 1661 755 1714 militia
788 1662 1077 1713 tttuttoium
1131 1668 1422 1729 martyrum
1443 1697 1458 1723 ,
1491 1659 1845 1727 acquisitione
1888 1672 1985 1711 sua

396 1768 518 1807 cum
569 1751 798 1805 maxima
854 1749 1185 1805 beatitudine
1237 1752 1563 1819 perveniret.
1615 1751 1670 1804 In
1716 1750 1847 1804 urbe
1889 1764 1986 1803 sua

2080 561 2413 629 pet-jurimn,
2468 558 3191 613 condemnatmendacium.
3243 556 3511 611 Hortatur
3568 555 3694 625 pius

2081 660 2266 719 pastor
2318 666 2501 704 curam
2561 650 2766 705 habens
2820 649 3105 704 defunctus
3152 650 3220 702 de
3266 648 3494 712 ovibus.
3540 647 3694 703 εἰν-ε

2084 743 2255 796 lmttos
2276 784 2291 806 ,
2324 752 2379 795 ut
2426 740 2546 795 ﬁdei
2579 742 2940 810 integritatem
2981 757 3080 809 pro
3110 741 3410 793 animarum
3462 753 3691 795 suarum

2078 833 2380 888 salvatione
2401 833 2517 888 sine
2535 834 2743 887 macula
2767 832 2987 886 omnino
3017 830 3338 886 custodiant.
3368 828 3695 885 Dele-statur

2084 925 2386 996 malignos.
2459 924 2740 994 perﬁdiam
2809 921 3137 989 remolitur,
3197 921 3290 976 dat
3366 922 3695 991 perditionis

2088 1015 2394 1084 exemplum
2426 1013 2752 1085 specialibus
2782 1020 2841 1067 ut
2868 1012 3159 1067 emendent

2156 1123 2207 1175 8.
2254 1121 2474 1175 Ilabetis
2496 1121 2729 1189 denique
2756 1120 3069 1175 sacerdotes
3091 1120 3326 1177 illustres
3344 1163 3360 1189 ,
3386 1123 3654 1192 primates
3677 1160 3693 1186 ,

2084 1222 2140 1267 et
2168 1214 2341 1266 omnis
2374 1212 2523 1281 plebs
2576 1210 2854 1279 Liugonici
2887 1212 3089 1281 populi,
3118 1215 3358 1282 przcclari
3401 1222 3693 1285 martyre.

2085 1314 2402 1356 ('mtetm'utn
2470 1296 2590 1356 Ctti'
2625 1302 2913 1369 subjuttcta
2964 1311 3046 1356 est
3074 1314 3291 1357 caterva
3349 1312 3692 1373 martyrum,

2086 1392 2407 1446 intrinsecus
2432 1400 2669 1445 tutamen
2712 1390 2858 1445 urbis
2897 1393 3169 1460 egregium
3192 1400 3246 1445 et
3274 1394 3604 1464 przccipuam
3630 1395 3697 1447 de

2086 1498 2153 1538 eo
2182 1482 2483 1537 custodiam
2513 1482 2766 1547 civitatis,
2800 1483 3142 1536 extrinsecus
3164 1491 3346 1537 autem
3375 1482 3445 1539 de
3474 1495 3495 1521 ⁸
3523 1484 3697 1538 tribus

2087 1574 2313 1643 geminis
2364 1572 2621 1628 fratribus
2668 1574 2998 1644 martyribus
3028 1574 3300 1643 singulare
3334 1576 3483 1630 urbis
3507 1577 3698 1646 pmi-

2086 1667 2235 1721 dium
2291 1673 2417 1718 ante
2463 1665 2737 1734 positum,
2784 1674 2839 1718 et
2885 1665 3120 1720 civitatis
3170 1664 3464 1719 maximum
3496 1666 3696 1721 divina:

2089 1757 2540 1811 remunerationis
2570 1766 2839 1811 ornatum.
2875 1758 3136 1811 Nimirum
3174 1759 3307 1816 satis
3334 1770 3589 1829 superest
3642 1759 3693 1812 iu

399 1854 615 1899 sanctus
642 1842 881 1912 poutilcx
914 1841 1056 1895 dono
1080 1842 1321 1912 martyrii
1344 1842 1611 1911 praecipue
1636 1827 1994 1909 locupletatus
2027 1836 2070 1895 Β
2099 1847 2255 1902 laude
2286 1846 2441 1915 hujus
2471 1847 2642 1903 sancti
2692 1846 2951 1901 Desiderii
3005 1850 3257 1920 martyris
3296 1850 3364 1905 de
3402 1827 3696 1905 virtutibus

400 1944 503 2000 est,
532 1936 582 1988 in
613 1934 800 1988 eadem
827 1934 989 1986 etiam
1019 1932 1151 1986 urbe
1181 1948 1280 2002 pro
1304 1934 1665 1986 salvationum
1720 1931 1993 1987 hcneticiis

401 2043 522 2083 eum
550 2026 756 2080 ceteris
788 2026 1113 2095 martyribus
1137 2025 1488 2079 Vcneratione
1504 2033 1587 2080 est
1607 2023 1785 2078 debita
1812 2034 1992 2079 tumu-

404 2122 562 2174 latus.
596 2114 876 2171 Prtetcrito
908 2123 1169 2185 tempore,
1194 2123 1454 2184 quantum
1480 2114 1577 2168 fuit
1604 2130 1633 2168 a
1657 2114 1767 2168 suis
1789 2114 1994 2169 civibus

405 2211 701 2264 honoratus
731 2217 893 2277 atque
923 2205 1168 2271 dilectus,
1201 2205 1489 2275 sepultura:
1514 2219 1623 2259 suae
1652 2203 1995 2259 locusmauic

405 2304 557 2356 testis
592 2301 870 2356 declarare
901 2299 1110 2352 videtur
1140 2298 1348 2352 indiciis
1373 2335 1388 2363 ,
1422 2297 1473 2351 in
1505 2304 1710 2350 tantum
1760 2305 1817 2349 ut
1857 2295 1994 2350 infra

406 2409 588 2448 muros
626 2408 779 2446 amor
824 2391 1007 2463 populi
1047 2388 1271 2444 diliusus
1300 2404 1497 2459 corpus
1524 2387 1591 2441 ad
1624 2386 1993 2441 tumulandum

405 2488 671 2558 reciperet
711 2486 1007 2543 sacerdotis
1026 2526 1042 2555 ,
1087 2500 1247 2556 quem
1274 2499 1396 2539 eum
1426 2499 1524 2556 pro
1553 2484 1810 2539 bonitatis
1838 2499 1993 2537 man-

405 2580 686 2636 suetudine
736 2589 794 2635 et
847 2581 1150 2635 sanctitatis
1205 2578 1509 2633 constantia
1561 2578 1691 2632 satis
1741 2576 1997 2645 diligebat

406 2674 769 2743 superstitem.
822 2673 951 2727 Nam
982 2674 1027 2727 si
1056 2673 1176 2741 quis
1230 2671 1297 2725 ad
1358 2670 1477 2738 ejus
1528 2669 1710 2724 limina
1764 2678 1996 2735 aegrotus

408 2765 705 2827 advenerit,
731 2764 855 2818 inde
876 2764 983 2818 Deo
1005 2763 1304 2831 opitulante
1324 2760 1615 2816 revertitur
1633 2760 1994 2826 confortatus;

409 2858 449 2909 si
484 2869 715 2911 interere
744 2864 1093 2925 perterritus,
1115 2852 1285 2908 sancti
1331 2852 1582 2923 martyris
1611 2851 1833 2906 obtentu
1874 2852 1997 2908 inde

409 2950 694 3003 cotd'estim
728 2948 866 3001 redit
890 2947 1253 3011 exhilaratus;
1282 2946 1326 3001 si
1352 2961 1557 3013 cmcus,
1588 2945 1809 3000 claudus
1831 2985 1847 3013 ,
1878 2961 1997 3003 sura

410 3038 529 3100 dus,
561 3046 762 3102 mutus,
786 3038 852 3091 ab
874 3037 1093 3091 adve;sa
1119 3046 1269 3107 parte
1286 3047 1509 3092 vexatus
1531 3036 1827 3106 advenerit,
1844 3054 1995 3093 suam

412 3128 635 3196 quisque
709 3127 780 3181 ibi
826 3125 1148 3183 medicinam
1204 3136 1261 3183 et
1306 3129 1549 3189 remedia
1602 3129 1827 3199 pristina
1878 3132 1997 3187 sine

410 3236 559 3274 mora
593 3220 820 3289 percipit
844 3230 1170 3290 Opportuna.

480 3311 534 3365 7.
575 3309 719 3366 Inter
742 3319 935 3365 caetera
988 3312 1242 3365 virtutum
1284 3326 1498 3366 suarum
1541 3313 1765 3383 insignia
1816 3314 1995 3367 multi-

409 3402 567 3472 plicia
588 3443 604 3468 ,
635 3411 839 3474 martyr
862 3405 913 3457 in
943 3419 1039 3457 suo
1069 3404 1283 3459 nomine
1322 3422 1425 3459 non
1452 3407 1653 3475 patitur
1678 3407 1997 3475 impunitam

412 3496 551 3549 l'erre
604 3493 905 3563 perﬁdiam.
961 3494 1093 3547 Nam
1123 3495 1166 3549 si
1199 3496 1317 3565 quis
1368 3498 1507 3551 intra
1560 3508 1711 3567 septa
1758 3499 1999 3553 ecclesia:

413 3583 579 3654 ipsius
602 3624 617 3649 ,
650 3584 899 3640 invocato
927 3588 1144 3642 nomine
1185 3585 1384 3641 Christi
1410 3602 1571 3657 super
1602 3587 1717 3656 ejus
1755 3599 1997 3644 sanctum

412 3676 580 3729 altare
602 3717 617 3743 ,
642 3676 740 3730 sub
770 3675 1016 3757 falsitatis
1044 3677 1258 3746 ingenio
1286 3678 1515 3733 mendax
1539 3689 1851 3749 perpetrare
1882 3691 2000 3736 teu-

412 3770 602 3823 tavcrit
653 3778 1074 3832 sacramentum,
1122 3768 1148 3807 δ
1201 3771 1406 3827 ultione
1451 3770 1631 3827 divina
1682 3772 1998 3842 perditionis

412 3859 555 3914 illico
605 3860 871 3913 sententia
929 3864 1373 3920 condemnatur;
1425 3863 1557 3917 tiles
1618 3878 1717 3932 per
1784 3863 1997 3917 lidelem

410 3959 701 4023 martyrem
724 3961 1096 4007 conservatur.
1129 3952 1317 4009 Nullus
1345 3955 1564 4023 ibidem,
1587 3956 1765 4011 divina
1790 3956 2001 4013 obtem-

410 4052 635 4111 perante
664 4043 858 4113 gratia,
882 4044 933 4097 in
958 4042 1234 4100 fallacibus
1257 4044 1579 4116 juramentis
1606 4064 1800 4104 nomen
1834 4050 1999 4119 ipsius

410 4137 662 4209 martyris
684 4137 957 4205 invocare,
983 4147 1079 4193 aut
1098 4154 1402 4196 memorare
1427 4143 1721 4211 prmsumit.
1745 4143 1789 4196 Ο
1812 4143 2000 4213 praefe-

409 4229 633 4283 remlmu
668 4229 996 4284 beatitudine
1026 4239 1316 4303 martyrem
1342 4272 1357 4298 ,
1402 4233 1495 4302 qui
1524 4244 1729 4287 tantum
1768 4235 2000 4289 obtinuit

410 4321 553 4391 apud
602 4322 768 4376 Deum
794 4362 810 4389 ,
838 4331 897 4375 ut
924 4321 1207 4377 ostendere
1236 4324 1405 4392 possit
1433 4332 1555 4392 post
1575 4324 1779 4379 obitum
1800 4365 1815 4391 ,
1856 4324 1999 4395 quod

483 4485 508 4513 ι
541 4474 824 4547 Gregorius
856 4475 1170 4531 Turonensis
1193 4476 1295 4530 [ibi
1329 4477 1470 4531 Hist.
1500 4476 1726 4547 Frena,
1763 4494 1876 4545 cap.
1906 4475 1994 4531 52.

408 4545 670 4607 (Ξιιωευέ,
702 4548 888 4614 inquit,
918 4547 1056 4617 apud
1091 4546 1456 4617 Arelatensem
1485 4545 1778 4617 Galliarum
1810 4548 1994 4601 urbem

408 4618 871 4689 comprehensus,
896 4614 1149 4689 “diversis
1194 4614 1419 4689 alTectus
1468 4616 1740 4686 suppliciis
1764 4657 1779 4681 ,
1818 4617 1992 4686 gladio

414 4685 731 4743 verberatus
753 4687 974 4753 interiit,
1002 4702 1109 4757 non
1138 4685 1406 4740 inunerito
1436 4685 1639 4757 patrias,
1674 4702 1808 4756 quas
1830 4685 1991 4741 sanc—

414 4759 479 4813 tis
511 4757 636 4883 Pei‘
664 4758 949 4883 ilutulerat,
998 4756 1173 4812 luens.
1220 4756 1443 4812 Similia
1468 4758 1618 4829 plura
1658 4774 1724 4811 ea:
1754 4758 1995 4812 Aimoino

414 4844 505 4881 sint
560 4843 615 4882 re
637 4845 669 4882 a
693 4845 743 4882 α.

412 4836 530 4881 sunt
560 4836 743 4883 relata.

485 4899 511 4936 δ
534 4896 639 4969 μιν.
667 4907 832 4953 sanet.
863 4896 1037 4959 Μαι,
1073 4897 1206 4953 ultio
1235 4898 1412 4953 divina
1440 4914 1561 4954 eum
1590 4889 1950 4969 persequitur.

487 4976 508 5005 ε
534 4966 785 5024 (ἐθαυμα-
832 4969 1100 5042 tergemini
1142 4978 1415 5040 martyres,
1466 4979 1519 5022 ut
1573 4966 1731 5040 supra
1769 4966 1997 5025 dictum.

421 5035 484 5090 l7
506 5036 768 5090 Ianuarii.
1352 5048 1357 5051 '

542 5053 768 5094 mu“.

488 5111 512 5144 υ
542 5108 644 5163 ιιι.
672 5119 841 5164 coact.
884 5110 1054 5177 Nam,
1095 5112 1148 5167 in
1185 5110 1369 5169 divino
1396 5112 1536 5168 libro
1577 5109 1821 5167 ferientis
1862 5110 1999 5167 ictus

2098 1939 2329 2009 amplius
2357 1938 2499 2008 quod
2522 1939 2747 2003 dicatur,
2776 1936 2872 1991 sed
2902 1936 3169 1992 fastidium
3200 1947 3426 2008 generat
3461 1938 3695 1994 auditori

2096 2032 2271 2099 major
2315 2031 2359 2084 si
2412 2028 2571 2083 fuerit
2618 2029 2897 2099 prolixitas
2936 2030 3205 2085 dictionis.
3240 2030 3371 2085 Nam
3403 2030 3471 2085 ad
3494 2030 3695 2087 contir-

2096 2124 2346 2178 mandam
2398 2122 2639 2192 prter-lari
2698 2122 2953 2193 martyris
3010 2123 3308 2177 testimonii
3366 2124 3694 2188 veritatem,

2096 2222 2273 2285 porta,
2307 2214 2393 2269 ubt
2424 2229 2711 2284 percussor
2741 2229 2839 2283 pro
2862 2212 3100 2267 admisso
3128 2214 3334 2269 scelere
3360 2229 3487 2268 rcus
3510 2214 3697 2283 impul.

2096 2308 2249 2361 sione
2277 2308 2465 2377 capitis
2495 2306 2845 2376 semetipsum
2877 2309 3127 2376 peremit,
3153 2306 3354 2360 nullum
3404 2306 3473 2359 ab
3502 2305 3697 2360 eodem

2098 2409 2343 2472 tempore
2371 2401 2718 2470 ingressiouis
2750 2400 3018 2453 viantibus
3043 2398 3282 2453 cilicium
3316 2397 3570 2467 pnrbttit,
3600 2413 3699 2452 nec

2098 2491 2408 2559 egredieudi
2435 2491 2502 2545 ab
2530 2491 2661 2545 urbe
2692 2489 3225 2544 consuetudinatium
3250 2488 3456 2542 aditum
3488 2487 3700 2557 populis

2100 2581 2327 2635 ulterius
2356 2581 2609 2651 patefecit
2641 2598 2654 2633 :
2686 2580 2780 2634 sed
2826 2581 2974 2634 saxis
3002 2581 3181 2634 clausa
3208 2620 3222 2645 ,
3256 2594 3355 2649 pro
3384 2578 3700 2632 offensionis

2100 2668 2342 2737 indiciis,
2373 2670 2628 2723 damnata
2674 2669 2854 2738 potius
2911 2676 3241 2737 perseverat.
3293 2666 3537 2737 Denique
3574 2683 3698 2722 cum

2100 2764 2267 2833 ipsius
2296 2763 2555 2832 gladiator
2584 2762 2879 2817 sacerdotis
2906 2776 3117 2815 sacrum
3173 2776 3373 2830 corpus
3423 2760 3698 2817 truncavit

2098 2854 2123 2893 ἀ
2141 2856 2191 2911 in
2207 2855 2398 2909 librum
2412 2854 2646 2907 divinum
2664 2852 2918 2909 ferventis
2941 2854 3075 2908 ictus
3086 2853 3413 2923 peraceessit
3428 2865 3701 2922 apertum.

2102 2946 2202 3003 Ubi
2233 2946 2397 3001 tnulta
2424 2945 2639 3015 quidem
2685 2942 2807 2997 folia
2858 2941 3188 3014 prrl‘oravit,
3233 2943 3409 2998 divina
3465 2952 3647 2998 tamen
3678 2955 3701 2981 θ

2100 3039 2398 3095 salvatione
2439 3039 2735 3092 litterarum
2770 3038 3040 3098 tramitem
3085 3052 3193 3092 non
3233 3038 3458 3107 contigit
3512 3036 3701 3093 ellusio

2100 3130 2397 3197 sanguinis.
2470 3130 2632 3182 Livor
2685 3128 2738 3182 in
2796 3128 2935 3182 libro
2985 3136 3193 3183 certum
3245 3129 3389 3183 beati
3447 3129 3702 3199 martyris

2020 3215 2067 3279 C
2099 3223 2360 3293 passionis
2390 3220 2644 3274 indicium
2686 3219 3014 3287 manilestat,
3038 3228 3093 3274 et
3123 3221 3174 3274 in
3206 3219 3353 3274 nullo
3406 3220 3699 3289 scriptura:

2097 3312 2292 3367 seriem
2321 3310 2622 3380 legentibus
2652 3310 2949 3381 perturbat.
2984 3308 3037 3365 In
3069 3319 3298 3380 utroque
3324 3310 3513 3366 vivens
3546 3310 3701 3364 testi-

2098 3402 2265 3457 monii
2297 3402 2495 3456 veritas
2520 3438 2539 3466 ,
2566 3411 2621 3456 et
2650 3401 2900 3470 prteseuti
2933 3402 3135 3471 populo
3165 3400 3577 3456 demonstratur
3599 3438 3617 3465 ,
3647 3408 3703 3454 ct

2099 3504 2325 3549 venturo
2354 3508 2571 3561 semper
2591 3492 2658 3546 ad
2684 3492 3014 3548 cernemlum
3039 3492 3131 3547 Dei
3155 3494 3500 3548 ordinatione
3522 3506 3702 3547 serva-

2100 3595 2186 3639 tttr
2213 3585 2338 3639 dum
2372 3585 2533 3647 l'crro,
2567 3584 2737 3638 aciem
2767 3584 3029 3639 acuminis
3058 3584 3287 3654 proprii,
3311 3584 3375 3638 ad
3404 3584 3700 3639 beatitudi-

2101 3691 2221 3731 nem
2244 3675 2398 3743 hujus
2424 3674 2674 3746 martyris
2699 3673 3184 3743 ampliandum,vel
3212 3674 3331 3729 libri
3356 3675 3483 3730 folia
3516 3678 3699 3746 perfo-

2099 3766 2289 3830 randa,
2316 3764 2513 3819 habere
2542 3745 2856 3819 concessum
2880 3774 2982 3828 est,
3009 3772 3065 3817 at
3083 3765 3262 3819 divina
3287 3769 3471 3834 verba,
3499 3745 3697 3827 ibidem

2101 3854 2154 3909 in
2200 3856 2493 3909 litterarum
2541 3856 2905 3909 monumentis
2954 3855 3175 3919 inserta,
3220 3857 3426 3913 violare
3472 3870 3699 3932 prepter

2100 3946 2349 4017 martyris
2377 3946 2459 4001 sui
2487 3946 2712 4016 gloriam
2746 3945 2953 3999 Domini
2986 3948 3378 4017 omnipotenti:
3418 3968 3528 4006 non
3569 3972 3696 4024 per-

2099 4039 2277 4105 misit;
2309 4046 2569 4109 regnante
2607 4038 2834 4092 Domino
2865 4045 3053 4093 nostro
3080 4037 3206 4094 Jesu
3236 4040 3475 4108 Christo,
3500 4045 3591 4099 cui
3617 4056 3697 4103 est

2100 4130 2274 4184 honor
2314 4138 2371 4183 et
2402 4128 2595 4197 gloria,
2621 4129 2792 4184 virtus
2819 4136 2875 4184 et
2901 4137 3142 4199 potestas
3168 4130 3222 4188 in
3252 4134 3447 4189 secula
3465 4137 3695 4192 amento.

2102 4238 2243 4277 rum.
2270 4220 2465 4275 Amen.
2506 4246 2509 4254 -

2101 4480 2199 4535 pro
2222 4478 2441 4535 accessu
2466 4470 2721 4535 acceptus
2750 4470 2850 4535 est.

2185 4546 2207 4573 ε
2241 4534 2346 4589 Ms.
2398 4534 2525 4605 Reg.
2559 4527 2737 4595 Siren,
2773 4531 3014 4605 litterarii
3045 4531 3350 4597 tramitem,
3383 4527 3489 4587 Hs.
3517 4542 3692 4591 sanet.

2030 4583 2081 4644 υ
2102 4583 2283 4673 Max:
2301 4583 2595 4659 aitagit";
2607 4583 2868 4673 "sbices.
2893 4583 3177 4657 ista";
3191 4583 3364 4673 aut.
3384 4583 3691 4659 nisa};

2102 4672 2293 4731 tantum
2336 4676 2492 4744 paulo
2534 4672 2689 4728 aliter
2734 4692 2799 4728 ex
2825 4674 3167 4744 ntounmentis
3212 4672 3572 4744 (imitemini:
3621 4676 3693 4729 ita

2100 4749 2310 4818 exponit
2337 4742 2397 4800 ἐι
2438 4748 2597 4800 multo
2638 4746 2830 4799 clarius
2871 4743 3168 4818 Ferrarius.
3203 4742 3357 4798 Liber
3384 4762 3585 4817 quoque
3638 4748 3693 4800 in

2101 4816 2199 4890 quo
2232 4817 2528 4871 Desideria:
2569 4816 3004 4890 precea‘recitare
3050 4825 3381 4890 consueverat
3402 4816 3691 4890 ςηειιοᾲιαιι-

2103 4884 2255 4960 gume
2282 4891 2357 4942 ita
2400 4884 2643 4960 asperius
2690 4885 2788 4957 fuit
2811 4932 2821 4950 ,
2847 4895 2904 4939 ut
2930 4902 3045 4960 cum
3074 4902 3134 4960 eo
3164 4886 3314 4955 plura
3354 4884 3482 4955 folia
3529 4888 3690 4960 tincto

2105 4956 2325 5029 fuissent
2344 4998 2358 5021 ,
2389 4956 2712 5011 characteres
2761 4965 2931 5011 tamen
2982 4957 3135 5009 illini
3187 4966 3537 5009 remanerent.
3592 4956 3690 5023 Qui

2102 5028 2231 5083 liber
2258 5028 2327 5082 ad
2348 5029 2455 5085 lucc
2475 5044 2633 5100 usque
2653 5037 2884 5098 tempora
2910 5036 3248 5082 monstratur.
