3856 6218
1526 430 1584 487 S.
1626 424 2026 488 COLUMBANI
2063 428 2242 487 ABBA
2252 433 2357 488 TIS

3527 438 3628 492 eis

331 539 576 605 uenerit,
597 538 808 606 vitium,
838 555 945 596 non
987 539 1158 597 virtus
1199 541 1304 598 erit
1332 561 1345 595 ;
1375 541 1544 598 virtus
1570 545 1716 599 enim
1751 542 1918 599 multa
1948 543 1994 602 A
2024 543 2304 611 cogitatio,
2349 545 2495 601 nulla
2549 546 2769 617 spiritus
2809 548 3142 619 coinquinati
3193 548 3429 614 macula,
3484 551 3626 604 nulla

329 628 560 688 sustinet
580 630 720 687 bona
750 641 808 689 et
837 632 1100 690 continet.
1134 631 1275 702 Ergo
1303 635 1546 703 quotidie
1564 635 1920 707 ieiunandum

327 728 432 787 est,
453 719 595 778 sicut
611 720 852 792 quotidie
868 722 1134 778 orandum
1154 733 1263 791 est,
1279 724 1521 795 quotidie
1543 726 1918 794 laborandum,

323 810 675 884 quotidianus
697 821 783 868 est
810 813 1113 883 legendum.

924 905 1156 962 CAPUT
1197 907 1283 962 IV.

536 995 619 1051 De
641 1007 965 1069 paupertate,
989 1014 1052 1055 ac
1070 1001 1136 1054 de
1152 998 1434 1069 cupiditate
1459 1001 1734 1054 calcanda.

387 1082 689 1155 Ionacbis,
715 1087 910 1158 quibus
950 1103 1048 1159 pro
1077 1088 1292 1146 Christo
1342 1089 1575 1144 mundus
1628 1090 1916 1148 cruciﬁxus

316 1181 418 1242 est,
450 1187 508 1234 et
547 1177 650 1249 ipsi
696 1180 897 1236 mundo
929 1179 1073 1253 (Gal.
1104 1180 1158 1247 6,
1206 1181 1320 1251 14),
1353 1181 1622 1250 cupiditas
1658 1185 1912 1240 calcanda

315 1275 438 1322 est:
473 1269 724 1326 nimirum
763 1271 891 1328 dum
919 1287 1027 1327 non
1067 1272 1246 1328 solum
1293 1271 1564 1343 superﬂua
1593 1289 1688 1330 eos
1714 1277 1914 1333 habere

314 1357 621 1415 damnabile
655 1370 758 1426 est,
799 1362 895 1416 sed
936 1363 1100 1417 etiam
1132 1363 1272 1418 velle
1305 1379 1577 1434 :quorum
1635 1383 1741 1422 non
1785 1384 1912 1424 ccu-

311 1462 425 1514 sus,
455 1450 549 1504 sed
579 1451 829 1508 voluntas
858 1454 1118 1523 qua-ritur
1147 1472 1161 1507 ε
1187 1456 1279 1525 qui
1309 1457 1677 1527 relinquentes
1705 1463 1908 1529 omnia,

311 1547 366 1592 et
418 1539 694 1598 Christum
747 1544 1031 1600 Dominum
1089 1562 1211 1602 cum
1262 1548 1471 1604 timoris
1516 1567 1680 1606 cruce
1725 1555 1907 1623 quoti-

307 1627 454 1684 diani
495 1641 805 1703 sequentes,
840 1635 894 1691 in
937 1637 1091 1692 cm'is
1129 1637 1332 1695 habent
1383 1640 1664 1698 thesauros
1687 1644 1901 1715 (Matth.

309 1734 418 1788 xvi,
447 1720 561 1794 54).
592 1715 793 1780 Idcirco
822 1725 948 1781 dum
981 1729 1033 1782 in
1063 1729 1216 1784 cmlis
1251 1730 1478 1785 multum
1501 1741 1627 1787 sunt
1649 1733 1902 1801 habituri,

305 1826 473 1879 parvo
499 1821 556 1868 et
583 1825 827 1872 extremo
857 1820 1199 1876 necessitatis
1242 1835 1409 1876 censu
1441 1823 1493 1876 in
1520 1824 1675 1878 terris
1705 1825 1756 1878 d.
1776 1826 1906 1881 bent

2023 636 2230 704 peccati
2265 637 2431 695 labes.

2631 710 2858 767 CAPUT
2898 710 3008 766 VII.

2457 795 2572 853 ‘De
2615 816 2769 855 cursu
2808 803 3146 870 psalmorum.

2093 881 2169 938 De
2205 890 2395 957 synaxi
2446 903 2601 956 vero,
2633 890 2686 944 id
2735 899 2820 946 est
2865 891 2933 945 de
2979 907 3139 946 cursu
3188 892 3520 961 psalmorum
3568 902 3624 947 ct

2016 973 2324 1030 orationum
2376 978 2540 1054 modo
2561 983 2824 1040 canonico
2846 982 3094 1054 quaedam
3129 995 3256 1038 sunt
3283 984 3621 1056 distinguen-

2019 1064 2108 1127 da,
2129 1066 2254 1136 quia
2279 1070 2424 1126 varie
2448 1085 2478 1125 a
2501 1072 2730 1128 diversis
2752 1075 3026 1130 memoria:
3050 1075 3118 1129 de
3139 1090 3208 1131 eo
3231 1076 3483 1132 traditum
3514 1087 3602 1133 est

2017 1155 2146 1213 ldeo
2178 1158 2331 1226 juxta
2375 1161 2498 1217 vita:
2527 1163 2839 1231 qualitatem
2882 1181 2946 1220 ac
2986 1174 3292 1236 temporum
3322 1170 3620 1224 successio-

2017 1260 2142 1302 nem
2169 1252 2316 1304 varie
2345 1265 2376 1306 a
2405 1266 2494 1306 me
2524 1266 2742 1324 quoque
2771 1253 2962 1309 litteris
2992 1255 3296 1312 insinuetur
3325 1255 3427 1310 hoc
3449 1257 3621 1313 idem.

2015 1336 2133 1393 Non
2182 1341 2325 1396 enim
2360 1342 2643 1399 uniformis
2672 1359 2795 1400 esse
2831 1345 2992 1402 debet
3035 1363 3136 1418 pro
3173 1349 3450 1418 reciproca
3482 1357 3623 1404 tem.

2015 1443 2204 1496 porum
2228 1433 2591 1492 alternatione
2619 1454 2630 1488 :
2656 1435 2869 1505 longior
2896 1437 3040 1493 enim
3067 1455 3164 1509 per
3186 1439 3374 1510 longas
3404 1449 3620 1499 noctes.

2012 1519 2338 1593 breviorque
2385 1539 2484 1595 per
2523 1526 2715 1582 breves
2757 1541 2878 1584 esse
2925 1532 3199 1586 convenit.
3234 1531 3362 1587 lude
3390 1541 3445 1587 et
3473 1532 3623 1603 apud

2009 1613 2255 1670 seniores
2273 1625 2490 1674 nostros
2514 1620 2583 1673 ab
2606 1629 2803 1677 octavo
2819 1619 3090 1679 Kalendas
3113 1622 3260 1689 Julii,
3284 1641 3407 1680 cum
3437 1627 3625 1681 noctis

2009 1714 2300 1772 augmento
2315 1708 2518 1764 sensim
2547 1710 2734 1778 incipit
2757 1727 3007 1768 crescere
3033 1729 3245 1781 cursus,
3271 1730 3301 1769 a
3325 1715 3621 1770 duodecim

2009 1793 2191 1851 choris
2231 1797 2534 1853 brevissimi
2567 1801 2731 1862 modi,
2769 1803 2821 1856 in
2869 1813 3032 1857 nocte
3061 1806 3272 1859 sabbati
3302 1806 3417 1860 sive
3438 1804 3622 1860 Domi-

302 1917 424 1957 ωδε
453 1906 693 1960 conm.“
715 1924 727 1969 ;
752 1906 987 1971 scientes
1011 1908 1217 1978 ,δμωαὶ
1253 1925 1372 1968 osse
1402 1913 1751 1983 cupiditatem
1783 1934 1897 1973 mo_
1932 1920 1978 1981 Β
2011 1884 2166 1983 nicas,
2199 1902 2370 1983 usque
2399 1889 2704 1983 adiuitiqu
2736 1892 2946 1954 hiemis.
2998 1894 3050 1948 id
3081 1905 3162 1949 est
3194 1893 3465 1951 Kalendas
3495 1895 3612 1951 No-

305 1992 512 2059 nachis,
542 1994 906 2054 imitatoribus
937 1998 1166 2056 tiliorum
1205 2003 1609 2074 prophetarum,
1643 2021 1706 2062 ac
1741 2007 1899 2065 disci-

300 2084 553 2153 pulorum
599 2085 797 2143 Christi
867 2090 1228 2161 proditionem
1286 2103 1450 2164 atque
1516 2096 1897 2169 perditionem,

299 2179 672 2247 apostolorum
727 2196 942 2254 quoque
1001 2185 1176 2242 dubiis
1224 2191 1587 2247 sectatoribus
1642 2201 1894 2249 mortem.

298 2269 426 2327 Ideo
455 2287 585 2342 ergo
621 2275 837 2332 auditas
882 2285 938 2332 et
983 2278 1303 2336 facultatum
1349 2271 1697 2354 cobtomptus
1723 2286 1896 2353 prima

295 2362 555 2434 perfectio
596 2377 680 2422 est
725 2369 1152 2438 monachorum;
1183 2371 1419 2429 secunda
1471 2389 1604 2430 vero
1650 2377 1896 2446 purgatio

293 2452 577 2518 vitiorum;
628 2458 784 2512 tertia
841 2459 1231 2530 perlectissima
1266 2461 1358 2518 Dei
1396 2465 1711 2522 continuata
1762 2468 1895 2524 dile-

291 2547 423 2614 ctio,
457 2563 522 2605 ac
547 2549 854 2608 divinorum
876 2551 1020 2624 jugis
1047 2569 1219 2612 amor.
1277 2557 1368 2628 qui
1402 2566 1742 2617 terrenarum
1773 2577 1895 2618 suc-

290 2639 435 2696 cedit
463 2642 745 2698 oblivioni.
773 2643 907 2713 Quze
934 2662 1055 2701 cum
1080 2646 1152 2702 ita
1181 2648 1311 2714 sint,
1343 2651 1529 2719 paul-is
1571 2654 1726 2707 nobis
1755 2669 1894 2724 opus

293 2739 396 2798 εει,
438 2731 588 2801 juxta
639 2737 862 2791 verbum
897 2736 1106 2794 Domini
1140 2736 1290 2809 (Luc.
1348 2757 1406 2808 κ,
1437 2741 1550 2809 42),
1608 2752 1702 2798 aut
1727 2747 1890 2802 etiam

290 2840 417 2880 uno.
451 2822 635 2881 Pauca
663 2843 898 2897 namque
923 2839 1050 2886 sunt
1081 2832 1390 2888 necessaria
1434 2849 1593 2898 vera,
1624 2835 1740 2891 sine
1768 2836 1889 2904 qui-

289 2917 388 2970 bus
422 2931 529 2971 non
561 2917 897 2987 transigitur,
930 2921 1213 2976 autetiam
1243 2936 1370 2983 uno,
1403 2927 1558 2991 quasi.
1586 2924 1710 2979 cibo
1734 2925 1886 2993 juxta

286 3005 519 3061 litteram
546 3022 562 3072 ;
595 3009 832 3076 puritate
859 3018 1039 3063 autem
1083 3025 1275 3067 sensus
1316 3011 1612 3081 indigemus
1643 3030 1741 3084 per
1766 3029 1890 3086 gra-

287 3097 414 3154 tiam
444 3096 560 3165 Dei,
602 3108 660 3154 ut
699 3100 1064 3171 intelligamus
1105 3103 1421 3172 spiritaliter
1461 3120 1584 3175 quas
1626 3115 1754 3162 sunt
1798 3108 1888 3165 illa

285 3201 454 3257 pauca
507 3188 822 3258 cbaritatis,
874 3207 994 3262 qua:
1052 3191 1275 3247 Martha:
1320 3209 1350 3248 a
1405 3194 1638 3252 Domino
1694 3211 1888 3268 sugge-

284 3287 498 3334 runtur.

896 3349 1128 3407 CAPUT
1170 3350 1233 3405 V.

752 3438 832 3495 De
877 3442 1105 3498 sanitate
1150 3443 1428 3503 calcanda.

355 3525 575 3586 Vauitas
595 3545 813 3604 quoque
835 3548 998 3601 quam
1038 3533 1110 3587 sit
1139 3534 1469 3603 periculosa,
1499 3535 1753 3592 brevibus
1782 3538 1882 3593 de.

281 3608 615 3681 monstratur
666 3623 846 3678 verbis
891 3621 1228 3688 Salvatoris,
1288 3624 1380 3695 qui
1438 3627 1549 3682 suis
1605 3627 1882 3699 discipulis

280 3713 586 3772 lactantibus
612 3713 850 3768 vanitate
877 3714 1014 3768 dixit
1041 3730 1054 3766 :
1097 3713 1219 3768 l’idi
1255 3713 1516 3776 Satanam
1545 3719 1678 3772 sicut
1705 3720 1884 3791 fulgur

275 3806 344 3862 de
371 3806 498 3863 cuto
524 3805 792 3862 cadentem
811 3805 961 3874 (Luc.
994 3825 1049 3874 x,
1073 3808 1185 3880 18).
1202 3807 1267 3862 Et
1286 3807 1482 3866 Judteis
1504 3812 1792 3883 aliquando
1822 3829 1882 3870 se

272 3895 690 3965 justiﬁcantibus
719 3898 792 3952 ait
826 3917 839 3951 :
873 3898 1024 3963 Quod
1061 3909 1234 3954 autem
1259 3901 1420 3953 altum
1450 3909 1525 3955 est
1562 3901 1880 3973 hominibus,

277 3985 596 4046 abominatio
638 3999 715 4047 est
763 3990 818 4040 in
867 3997 1143 4059 conspectu
1175 3987 1390 4044 Domini
1431 3990 1583 4062 (Luc.
1628 4010 1735 4059 xvt,
1764 3994 1874 4067 15).

276 4077 394 4146 His,
441 4088 498 4134 et
542 4079 683 4133 illius
725 4078 977 4137 Pharisati
1033 4078 1376 4137 famosissimi
1423 4098 1483 4140 se
1534 4085 1879 4154 justilicantis

275 4169 529 4239 exemplo
557 4169 826 4239 colligitur
857 4170 1009 4242 (Luc.
1057 4188 1203 4238 xvtn,
1235 4173 1294 4228 11
1347 4175 1510 4248 seq.),
1541 4177 1687 4248 quod
1735 4179 1876 4234 inte-

278 4265 540 4337 remptrix
576 4267 648 4322 sit
677 4267 917 4322 omnium
959 4267 1225 4323 bonorum
1270 4267 1499 4334 vanitas,
1529 4277 1584 4326 et
1624 4270 1877 4339 gloriatio

277 4357 419 4413 elata
447 4376 460 4412 :
484 4357 612 4412 dum
641 4358 781 4416 bona
810 4374 946 4413 vane
985 4358 1199 4413 laudata
1226 4357 1481 4414 Phariszci
1513 4361 1791 4430 perierint,
1822 4373 1877 4417 ct

275 4459 500 4518 peccata
547 4450 821 4521 publicani
878 4459 1127 4506 accusata
1179 4451 1514 4507 evanuerint.
1559 4450 1677 4508 Non
1717 4463 1874 4509 exeat

272 4544 436 4612 igitur
482 4543 704 4599 verbum
753 4540 956 4612 grande
1021 4542 1090 4598 de
1144 4556 1241 4597 ore
1297 4542 1569 4608 monachi,
1617 4558 1688 4602 ne
1745 4561 1874 4602 suus

271 4634 488 4708 grandis
519 4642 709 4708 pereat
741 4633 912 4689 labor.

847 4724 1119 4783 CAPUT
1173 4725 1256 4781 Vl

893 4817 971 4874 De
992 4819 1248 4874 castitate.

341 4912 577 4969 Castitas
600 4928 731 4968 vero
773 4913 1024 4969 monachi
1049 4913 1100 4967 in
1122 4913 1543 4980 cogitationibus
1565 4913 1868 4981 judicatur;

269 5007 354 5067 cui
383 5007 633 5062 nimirum
664 5023 786 5061 cum
810 5005 1085 5076 discipulis
1112 5007 1178 5060 ad
1211 5006 1536 5060 audiendum
1563 5010 1870 5064 accedenti-

270 5097 370 5152 bus
403 5111 432 5151 a
468 5096 696 5152 Domino
738 5098 937 5152 dicitur
967 5115 979 5150 :
1016 5095 1117 5161 Qui
1140 5098 1324 5152 uiderit
1352 5099 1616 5155 mulierem
1647 5102 1716 5154 ad
1745 5118 1872 5154 cono

268 5191 654 5260 cupiscendum,
696 5192 810 5261 jam
859 5190 1141 5249 mmchatus
1185 5198 1261 5246 est
1311 5206 1426 5244 eam
1475 5193 1528 5244 in
1572 5193 1729 5246 corde
1776 5211 1869 5252 suo

270 5285 491 5350 (Matth.
530 5301 586 5352 v,
631 5283 741 5352 18).
776 5284 909 5339 Dum
940 5286 1084 5356 enim
1125 5286 1330 5340 vultqu
1381 5286 1523 5342 illius
1562 5289 1872 5342 considerat

272 5377 359 5432 ille
387 5378 473 5432 cui
499 5385 847 5435 consecratus
877 5384 979 5438 cst.
1011 5376 1306 5430 verendum
1338 5386 1421 5433 est
1449 5393 1517 5434 ne
1547 5378 1786 5435 inveniat
1817 5381 1869 5434 in

273 5468 474 5534 anima,
495 5468 640 5536 quod
663 5469 1008 5524 abominetur
1039 5487 1051 5521 :
1083 5483 1151 5523 ne
1181 5467 1341 5535 lorte,
1368 5470 1519 5538 juxta
1543 5475 1867 5537 sententiam

271 5561 440 5616 ςιιιιοιί
491 5559 654 5621 l’etri.
689 5557 926 5619 habeant
969 5562 1159 5617 oculos
1206 5562 1432 5617 luxuria:
1479 5564 1668 5631 plenos
1707 5576 1871 5637 atque

269 5653 516 5708 adulterii
549 5651 657 5724 (II
691 5651 837 5708 Petr.
897 5669 952 5717 ιι,
1012 5652 1139 5724 ll).
1173 5654 1240 5708 Et
1269 5656 1398 5726 quid
1453 5657 1676 5727 prodest
1719 5663 1874 5733 virgo

275 5762 524 5816 rorpore,
553 5748 595 5802 si
629 5763 734 5801 non
773 5747 844 5803 sit
867 5747 1020 5814 virgo
1063 5750 1290 5802 mente?
1325 5748 1460 5805 Deus
1490 5752 1634 5804 enim
1660 5751 1874 5820 spiritus

268 5837 546 5908 xstann.
598 5855 669 5904 tv,
713 5839 834 5906 ει),
875 5848 931 5893 et
985 5840 1035 5892 in
1084 5840 1278 5909 spiritu
1327 5843 1537 5898 habitat
1576 5860 1638 5898 ac
1671 5854 1871 5910 mente,

271 5946 433 6005 quam
461 5930 855 5997 immaculatum
882 5931 1073 5989 νιιίειιι
1100 5952 1111 6001 ς
1144 5949 1195 5988 tn
1223 5949 1330 6007 qua
1363 5939 1506 5995 nutla
1537 5939 1605 5993 sit
1629 5937 1871 5994 adultera

1911 3293 1958 3357 ε

1903 4692 1957 4751 D

2007 1978 2263 2044 vembris,
2308 1982 2360 2036 in
2391 1981 2587 2052 quibus
2627 1983 2814 2052 viginti
2856 1986 3097 2056 quinque
3126 1995 3325 2041 canunt
3355 1988 3613 2058 antipho-

2005 2084 2106 2125 nas
2150 2071 2481 2140 psalmorum
2523 2073 2764 2144 ejusdem
2811 2076 3059 2142 numeri;
3108 2077 3201 2146 qui
3249 2093 3467 2146 semper
3498 2086 3616 2134 tres

2001 2161 2125 2217 loco
2151 2162 2362 2220 duobus
2384 2165 2685 2220 succedunt
2715 2166 2938 2234 psaltis:
2975 2168 3045 2220 ita
3076 2177 3136 2221 ut
3166 2168 3333 2222 totiu<
3362 2169 3613 2236 psalterii

2002 2253 2145 2308 inter
2195 2252 2330 2309 duas
2381 2270 2546 2325 supra
2599 2256 2777 2311 dictas
2817 2265 3004 2310 nectes
3054 2273 3337 2311 numerum
3391 2269 3618 2314 cantent

1999 2344 2289 2402 duodecim
2340 2347 2545 2413 choris,
2593 2355 2819 2402 eteteras
2852 2357 3220 2418 temperantes
3273 2358 3383 2403 tota
3432 2351 3616 2405 hieme

2000 2444 2218 2499 noctes;
2253 2451 2360 2505 qua
2400 2437 2548 2492 linita
2594 2453 2691 2509 per
2723 2453 2815 2493 ver
2843 2440 3042 2494 sensim
3075 2454 3169 2509 per
3197 2439 3440 2509 singulas
3470 2441 3614 2497 beb-

2000 2527 2264 2584 domadas
2296 2531 2432 2586 terni
2463 2545 2679 2602 semper
2701 2530 2971 2587 decedunt
2997 2533 3204 2602 psalmi,
3233 2543 3288 2587 ut
3317 2535 3610 2591 duo.lecim

1997 2618 2051 2674 iu
2085 2620 2311 2689 singulis
2333 2623 2580 2679 noctibus
2612 2631 2821 2678 tantum
2847 2626 3155 2694 antiphona:
3187 2637 3529 2692 remaneant,
3557 2628 3611 2682 id

1995 2721 2096 2776 cst,
2124 2713 2428 2783 quotidiani
2457 2714 2705 2769 hiemalis
2734 2717 2991 2785 tringinta
3024 2732 3116 2771 sex
3153 2719 3344 2786 psalmi
3377 2734 3609 2784 cursus;

1994 2806 2183 2875 viginti
2225 2816 2460 2877 quatuor
2514 2817 2694 2864 autem
2726 2825 2824 2879 per
2871 2819 3042 2864 totum
3081 2826 3177 2866 ver
3229 2821 3284 2867 et
3335 2823 3608 2880 aestatem,

1993 2905 2051 2951 et
2091 2912 2261 2967 usque
2291 2899 2357 2954 ad
2388 2900 2704 2955 autumnale
2733 2901 3140 2970 aequinoctium,
3188 2903 3237 2956 id
3282 2913 3365 2958 est
3407 2914 3608 2959 octavo

1992 2984 2263 3042 Kalendas
2305 2986 2576 3052 Octobris,
2606 2989 2659 3044 in
2712 3005 2820 3060 quo
2852 2991 3149 3046 similitudo
3189 3008 3462 3063 synaxeos
3494 3007 3603 3062 est,

1991 3080 2134 3134 sicut
2179 3079 2232 3134 in
2266 3081 2470 3136 vernali
2508 3081 2855 3152 acquinoctio,
2900 3080 2954 3135 id
2987 3090 3069 3136 est
3098 3093 3295 3138 octavo
3327 3083 3604 3140 Kalendas

1992 3168 2210 3243 Aprilis,
2235 3170 2362 3224 dum
2394 3185 2491 3241 per
2512 3172 2818 3240 reciprocas
2841 3172 2987 3228 vices
3012 3172 3271 3241 paulatim
3296 3185 3349 3228 et
3381 3180 3602 3242 crescit,

1990 3268 2047 3313 et
2073 3260 2360 3315 decrescit.
2411 3260 2580 3330 igitur
2607 3261 2760 3330 juxta
2793 3261 2932 3316 vires
2981 3262 3374 3318 consideranda
3420 3268 3602 3336 vigilia

1989 3362 2093 3419 est,
2125 3353 2360 3408 maxime
2389 3371 2510 3408 cum
2542 3355 2611 3410 ab
2640 3363 2866 3410 auctore
2896 3354 3086 3409 salutis
3124 3366 3320 3411 nostris
3343 3357 3605 3426 jubeutur

1986 3446 2230 3516 vigilare,
2260 3455 2315 3499 et
2345 3462 2502 3501 orare
2547 3448 2694 3501 omni
2747 3456 2991 3514 tempore
3038 3445 3190 3515 (Luc.
3217 3464 3332 3514 XXI,
3383 3449 3474 3519 56)
3501 3468 3519 3519 ;
3547 3463 3603 3506 et

1988 3535 2186 3592 Paulus
2217 3535 2271 3606 (Ι
2305 3537 2486 3591 Thess.
2515 3553 2566 3590 v.
2601 3538 2691 3608 l7)
2739 3538 2986 3607 pra‘cipit
3019 3539 3138 3592 siue
3187 3540 3598 3598 intermissione

1986 3643 2164 3684 orare.
2199 3627 2303 3683 Sed
2331 3630 2459 3697 quia
2508 3629 2817 3684 orationum
2865 3631 3252 3685 canonicarum
3286 3635 3603 3688 noscendus

1984 3729 2068 3778 est
2095 3721 2309 3788 modus,
2335 3722 2387 3776 iu
2411 3737 2520 3792 quo
2549 3737 2744 3777 omnes
2772 3720 3182 3777 simul'orantes
3206 3720 3355 3776 horis
3385 3738 3595 3780 conve-

1983 3814 2136 3869 niant
2186 3814 2424 3877 statutis,
2458 3815 2760 3883 quibusque
2813 3813 3075 3868 absolutis
3110 3812 3481 3882 unusquisque
3538 3831 3598 3869 tn

1983 3902 2236 3959 cubiculo
2275 3919 2375 3958 suo
2424 3919 2585 3958 orare
2609 3902 2808 3968 debet;
2852 3917 2950 3974 per
2977 3903 3196 3958 diurnas
3225 3905 3362 3959 terni
3396 3907 3596 3974 psalmi

1983 3995 2166 4062 horas,
2194 4008 2300 4066 pro
2330 4009 2559 4064 cperum
2601 3995 3037 4065 interpositione,
3072 3994 3257 4049 statuti
3285 4004 3409 4050 sunt
3446 4013 3475 4050 a
3509 4014 3602 4053 se-

1983 4087 2227 4143 nioribus
2253 4086 2480 4154 nostris,
2509 4101 2634 4142 cum
2665 4085 3062 4144 versiculorum
3095 4095 3387 4155 augmento
3421 4087 3597 4144 inter-

1982 4177 2338 4245 venientium,
2363 4194 2462 4248 pro
2491 4179 2731 4248 peccatis
2761 4179 2991 4248 primum
3012 4179 3230 4243 nostris,
3265 4178 3460 4236 deinde
3491 4197 3598 4252 pro

1982 4267 2127 4322 omni
2161 4266 2365 4336 populo
2394 4266 2725 4333 Christiano;
2759 4267 2884 4323 dein
2905 4267 2954 4322 le
2990 4283 3089 4338 pro
3131 4269 3507 4327 sacerdotibus
3538 4283 3598 4328 ct

1981 4361 2202 4432 rcliqms
2235 4361 2346 4417 Deo
2383 4363 2717 4417 consecratis
2766 4377 2933 4419 sacrae
2971 4365 3142 4433 plebis
3184 4365 3456 4434 gradibus,
3493 4383 3597 4438 po-

1979 4466 2182 4512 szrcmo
2239 4472 2339 4526 pro
2391 4455 2768 4527 eleemosynas
2819 4456 3184 4523 facientibus;
3242 4468 3432 4529 postea
3489 4475 3597 4529 pro

1979 4563 2113 4617 pace
2152 4561 2361 4615 regum,
2417 4550 2707 4605 novissime
2738 4565 2835 4621 pro
2866 4551 3141 4617 inimicis;
3176 4567 3244 4607 ne
3300 4551 3408 4608 illis
3444 4551 3594 4609 Deus

1983 4648 2188 4694 statuat
2238 4640 2292 4695 in
2351 4650 2654 4710 peccatum,
2704 4643 2850 4712 quod
2885 4654 3284 4714 persequuntur
3313 4651 3369 4700 et
3415 4643 3595 4700 detrao

1982 4733 2120 4794 bunt
2141 4733 2316 4797 nobis,
2348 4733 2475 4802 quia
2514 4734 2763 4789 nesciunt
2788 4735 2914 4804 quid
2946 4735 3151 4790 faciunt
3177 4736 3313 4807 (Act.
3349 4752 3440 4801 vtt,
3468 4735 3591 4808 59).

1983 4823 2064 4880 Ad
2117 4822 2332 4877 initium
2381 4839 2507 4879 vero
2551 4826 2728 4881 noctis
2774 4826 3061 4882 duodecim
3103 4825 3312 4895 psalmi,
3352 4826 3420 4881 ad
3469 4844 3593 4884 me-

1981 4916 2238 4986 diumque
2269 4917 2444 4973 noctis
2498 4917 2783 4973 duodecim
2826 4919 3076 4975 similiter
3125 4917 3468 4988 psalluntur;
3521 4920 3592 4974 ad

1981 5011 2307 5068 matutinum
2355 5027 2487 5064 vero
2518 5010 2599 5066 bis
2628 5010 2775 5074 deni,
2817 5011 3008 5083 bisque
3053 5011 3164 5066 bini
3208 5026 3306 5080 per
3335 5021 3588 5084 tempera

1981 5103 2247 5170 brevium,
2286 5111 2348 5156 ut
2399 5102 2600 5156 dictum
2649 5111 2754 5162 est.
2802 5101 3064 5166 noctium,
3121 5109 3247 5157 sunt
3295 5102 3585 5173 dispositi;

1976 5193 2243 5263 pluribus,
2271 5192 2382 5261 jam
2431 5201 2491 5246 ut
2535 5193 2668 5259 dixi,
2720 5208 2938 5264 semper
2987 5193 3132 5248 nocti
3176 5193 3461 5249 dominica:
3511 5208 3583 5250 ac

1975 5287 2187 5341 sabbati
2243 5285 2385 5353 vigili
2404 5305 2432 5339 ιτ
2463 5286 2759 5355 deputatis,
2793 5285 2844 5339 in
2889 5287 3087 5355 quibus
3114 5285 3214 5340 sub
3263 5300 3373 5339 uno
3419 5298 3584 5341 cursu

1976 5383 2315 5453 septuaginta
2339 5381 2577 5451 quinque
2599 5378 2912 5446 singillatim
2942 5388 3254 5434 cantantnr.
3276 5373 3404 5433 Hinc
3423 5376 3584 5447 juxta

1976 5493 2317 5543 communem
2366 5475 2511 5528 dicta
2549 5481 2674 5527 sunt
2721 5473 2991 5543 synaxim.
3026 5469 3132 5523 Sed
3183 5483 3332 5535 vera,
3360 5478 3421 5526 ut
3445 5471 3583 5537 dixi,

1979 5569 2166 5626 orandi
2218 5567 2456 5627 traditio,
2484 5573 2542 5619 ut
2571 5564 2901 5634 possibilitas
2930 5560 2998 5614 ad
3030 5560 3137 5615 hoc
3173 5560 3424 5617 destinati
3461 5563 3587 5618 sine

1982 5661 2194 5718 fastidio
2221 5658 2330 5713 voti
2363 5656 2674 5727 prmvaleat,
2696 5654 2810 5711 sive
2838 5665 2934 5706 sua
2961 5648 3227 5722 perh-ctio
3257 5650 3586 5722 possibilita-

1982 5756 2049 5808 tis
2071 5751 2367 5823 permittat,
2394 5750 2476 5806 vel
2505 5749 2779 5820 capacitas
2806 5745 3002 5801 mentis
3029 5745 3170 5800 illius
3195 5761 3322 5801 cum
3346 5743 3579 5800 necessi-

1980 5855 2151 5899 tatum
2200 5843 2659 5908 consideratione,
2702 5839 2784 5893 vel
2841 5839 2963 5893 vita:
3005 5839 3237 5907 qualitas
3270 5837 3442 5908 possit
3486 5835 3584 5889 ad-

1981 5937 2226 6002 mittere,
2271 5945 2322 5991 et
2349 5942 2612 6006 quantum
2657 5930 3080 6004 uniuscujusque
3112 5930 3290 5988 fervor
3314 5927 3582 5998 exegerit,
