3856 6218
179 442 271 496 il}
1413 434 1686 490 REGULA
1729 431 2188 490 Ct'liNOIilAUS

3343 449 3443 505 (ΞΗ

180 560 218 613 Si
259 558 384 612 “be,
410 569 471 607 ac
517 553 670 608 εοεαε
721 554 817 620 εει⁹
849 562 950 609 ειη,
973 550 1285 608 eruditionis
1321 549 1437 616 ejus
1474 545 1748 616 quantitas
1785 547 1823 600 Α
1854 560 1972 613 qua:
1998 546 2224 614 creavit,
2255 547 2391 600 mala
2427 564 2554 603 vero
2576 549 2818 606 diabolus
2861 559 3312 624 supersemiuavit
3341 562 3440 616 do-

184 644 524 717 postulaverit,
558 651 652 696 aut
681 651 868 698 status
894 642 1081 704 otium,
1108 650 1198 694 aut
1228 638 1540 706 magnitudo
1567 635 1747 697 studii,

184 749 260 792 aut
281 749 490 804 operum
521 734 784 802 qualitas,
832 743 924 787 aut
946 740 1158 787 aetatum
1187 730 1468 783 diversitas
1501 727 1752 796 permise-

189 830 278 890 rit;
309 826 373 878 ita
398 824 544 877 varie
577 824 710 877 licet
741 825 904 877 unius
932 824 1006 877 rei
1040 820 1296 890 perfectio
1326 817 1639 874 aestimanda
1667 825 1751 871 est

183 917 288 985 quia
320 930 434 970 cum
478 913 670 968 labore
701 914 1038 980 adorationis
1064 913 1291 982 partitur
1320 930 1332 963 :
1376 921 1430 966 et
1457 911 1599 976 ideo,
1629 910 1752 963 licet

185 1006 433 1073 longitudo
463 1004 645 1059 standi
681 1014 774 1060 aut
803 1005 1052 1060 cantandi
1085 1005 1151 1058 sit
1182 1005 1346 1068 varia,
1381 1003 1537 1057 unius
1573 1009 1750 1055 tamen

185 1095 503 1165 perfectionis
531 1097 641 1149 erit
668 1096 949 1166 aequalitas
975 1094 1158 1150 orandi
1187 1095 1238 1146 in
1261 1093 1442 1156 corde,
1468 1107 1529 1147 ac
1559 1090 1751 1146 mentis

183 1202 286 1240 cum
316 1186 419 1238 Deo
440 1185 586 1254 iugis
630 1187 883 1240 intentio.
917 1184 1053 1239 Sunt
1088 1195 1268 1237 autem
1316 1181 1531 1252 quidam
1564 1181 1751 1236 catho-

185 1277 258 1332 lici
282 1276 467 1346 quibus
517 1276 663 1330 idem
695 1285 780 1332 est
808 1276 1099 1331 canonicus
1128 1273 1488 1329 duodenarius
1519 1271 1750 1342 psalmo-

184 1385 286 1424 rum
335 1384 612 1432 numerus,
669 1371 790 1424 sive
847 1384 942 1438 per
997 1368 1207 1433 brcves,
1255 1367 1369 1420 sive
1417 1381 1512 1436 per
1565 1365 1751 1432 longas

184 1467 374 1520 lutea;
404 1459 498 1515 sed
535 1475 636 1527 per
665 1469 958 1529 quaternas
999 1459 1052 1512 in
1099 1466 1255 1511 nocte
1303 1457 1448 1511 vices
1491 1455 1630 1509 hunc
1661 1471 1749 1508 ca-

185 1563 358 1602 noncm
404 1548 664 1616 reddunt,
717 1549 782 1602 ad
832 1547 1038 1601 initium
1083 1547 1279 1611 noctis,
1314 1545 1377 1598 all
1411 1543 1750 1610 mediumque

183 1641 301 1709 ejus,
352 1639 619 1709 pullorum
652 1653 872 1708 quoque
899 1648 1109 1706 cantus,
1141 1652 1205 1690 ac
1244 1636 1582 1689 matutinum.
1616 1632 1746 1687 Cur-

183 1747 260 1786 sua
295 1733 395 1795 hic,
448 1739 507 1784 ut
561 1732 615 1784 in
669 1731 850 1784 hieme
897 1745 1094 1799 parvus
1146 1728 1264 1782 aliis
1294 1727 1520 1792 videtur,
1577 1725 1645 1779 ita
1695 1725 1746 1778 in

180 1830 347 1876 astate
371 1821 501 1876 satis
532 1834 811 1878 onerosus
838 1829 888 1875 et
913 1820 1127 1888 gravius
1155 1819 1440 1883 invenitur,
1471 1818 1597 1870 dum
1628 1831 1746 1869 cre-

1860 637 1971 691 losa
1999 637 2313 703 calliditate,
2359 654 2421 694 ac
2470 641 2692 696 subdola
2725 644 3037 702 ambitionis
3083 649 3268 705 intuta:
3314 668 3443 707 sua-

1856 727 2027 781 sione.
2055 727 2184 792 Qum
2212 737 2335 782 sunt
2358 729 2514 797 igitur
2558 735 2696 785 bona
2720 731 2847 787 illa?
2869 735 3074 791 scilicet
3095 752 3214 807 quae
3237 741 3442 810 integra

1855 827 1979 870 sunt
2009 833 2072 871 ac
2101 818 2432 886 incorrupta,
2459 821 2594 875 sicut
2629 833 2828 887 creata,
2860 838 3302 892 permanserunt:
3329 847 3448 899 qua:

1855 910 2002 965 solus
2055 913 2259 965 creavit
2289 911 2428 968 Deus
2453 955 2466 978 ,
2499 924 2547 966 et
2570 916 3078 985 prwparavit,juxta
3126 919 3448 988 Apostolum

1858 1003 2069 1075 (Ep/res.
2095 1005 2278 1074 11,10),
2311 1016 2364 1058 ut
2402 1008 2454 1059 in
2478 1009 2583 1061 illis
2611 1011 2958 1065 ambulemus:
2982 1027 3100 1080 qua:
3133 1022 3256 1066 sunt
3282 1029 3449 1082 opera

1855 1095 2017 1160 bona,
2050 1095 2100 1147 in
2131 1095 2310 1163 quibus
2341 1096 2393 1148 in
2432 1097 2635 1150 Christo
2673 1098 2798 1153 Jesu
2845 1103 3008 1154 creati
3059 1120 3263 1168 sumus;
3291 1104 3447 1157 boni—

1857 1192 1938 1237 tas
1960 1186 2184 1251 scilicet,
2221 1185 2528 1254 integritas,
2565 1188 2758 1256 pietas,
2784 1188 3017 1259 justitia,
3039 1195 3259 1261 veritas,
3290 1195 3446 1249 mise-

1856 1275 2106 1339 ricordia,
2140 1277 2397 1342 charitas,
2445 1293 2548 1346 pax
2601 1279 2872 1344 salutaris,
2929 1280 3113 1336 laetitia
3167 1285 3442 1353 spiritalis,

1856 1383 1976 1421 curn
2007 1369 2227 1437 spiritus
2266 1371 2460 1424 tructu.
2496 1370 2621 1424 Ilzcc
2653 1374 2828 1425 omnia
2863 1388 2981 1426 cum
3027 1372 3286 1429 fructibus
3335 1379 3445 1431 suis

1855 1459 1992 1512 bona
2025 1468 2178 1512 sunt:
2213 1461 2294 1514 his
2318 1476 2445 1515 vero
2475 1463 2745 1516 contraria
2769 1463 2904 1516 mala
2928 1472 3072 1528 sunt,
3097 1465 3305 1520 scilicet
3334 1482 3442 1521 ma-

1855 1547 1988 1612 litia,
2034 1549 2362 1618 corruptela,
2409 1551 2685 1619 impietas,
2735 1553 3019 1621 iujustitia,
3074 1553 3445 1622 mendacium,

1861 1640 2105 1705 avaritia,
2133 1656 2166 1695 ο
2185 1641 2337 1706 lium,
2363 1641 2655 1708 discordia,
2682 1643 3010 1708 amaritudo,
3034 1659 3154 1697 cum
3186 1643 3445 1699 fructibus

1853 1747 2038 1786 eorum
2063 1732 2446 1802 multiplicibus
2472 1733 2562 1801 qui
2585 1734 2652 1788 ab
2679 1734 2756 1788 eis
2785 1741 3096 1789 nascuntur.
3132 1734 3446 1790 Innumera-

1853 1821 1978 1875 bilia
2011 1821 2154 1876 enim
2207 1830 2333 1878 sunt
2372 1837 2491 1891 qua:
2522 1822 2591 1877 de
2630 1825 2869 1894 utrisque
2915 1825 3222 1890 contrariis,
3273 1825 3324 1880 id
3363 1835 3444 1880 cst

183 1912 277 1966 bris
304 1913 352 1965 in
375 1911 548 1966 noctis
570 1910 844 1965 brevitate
864 1908 1312 1979 expeditionibm.
1333 1923 1438 1961 non
1464 1914 1570 1960 lam
1603 1905 1753 1960 lasﬁi'
1793 1911 1834 1970 Β
1864 1915 2017 1968 bonis
2042 1923 2096 1969 et
2125 1914 2298 1979 malis,
2329 1925 2701 1986 procreantur.
2727 1915 2878 1981 Quod
2911 1926 3090 1970 autem
3149 1916 3385 1972 declinat
3415 1934 3442 1971 a

183 1999 395 2055 tudinem
423 1999 551 2066 facit
579 2015 745 2070 quam
784 1999 1166 2068 fatigationem.
1201 1998 1459 2054 Noctibus
1502 2012 1630 2052 vero
1661 2012 1746 2051 re-

183 2089 542 2147 rereutissimis
595 2090 889 2144 Dominiczc
920 2089 1128 2144 scilicet
1156 2087 1237 2143 vel
1267 2088 1496 2152 sabbati,
1527 2087 1592 2140 ad
1638 2102 1753 2141 ma-

188 2181 393 2234 tutinum
426 2189 507 2234 ter
537 2181 685 2235 idem
714 2179 947 2234 volvitur
974 2193 1252 2245 numerus,
1283 2178 1335 2231 id
1375 2187 1453 2231 est
1494 2185 1575 2231 ter
1599 2176 1750 2232 denis

183 2280 229 2325 et
253 2285 337 2326 sex
367 2269 608 2339 psalmis.
641 2268 881 2335 Quorum
925 2267 1203 2338 pluralitas
1242 2266 1310 2321 ad
1350 2275 1591 2322 sanctam
1622 2281 1751 2320 con-

186 2362 515 2415 versationem
548 2359 698 2415 huuc
729 2373 1008 2412 numerum
1053 2357 1370 2412 canonicum
1402 2357 1584 2412 multis
1611 2356 1749 2412 dulci

185 2449 352 2503 indixit
386 2449 681 2514 suavitate,
715 2457 970 2517 tanquam
1012 2457 1068 2500 et
1097 2446 1356 2515 reliquam
1388 2445 1744 2516 disciplinam,

185 2541 268 2595 sub
288 2555 506 2608 quorum
538 2539 794 2592 nimirum
824 2537 1005 2604 regula
1031 2536 1206 2590 nullus
1236 2537 1507 2590 invenitur
1535 2535 1705 2589 lassus
1732 2553 1743 2587 :

185 2642 357 2687 etcum
393 2639 538 2685 tanta
569 2630 851 2701 pluralitas
878 2642 1066 2682 eorum
1092 2627 1179 2692 sit,
1214 2628 1285 2680 ita
1312 2635 1372 2680 ut
1397 2625 1542 2681 mille
1585 2625 1748 2680 abba-

188 2733 256 2778 tcs
273 2723 364 2777 sub
389 2739 499 2776 uno
528 2719 950 2776 archimandrita
984 2733 1106 2773 esse
1146 2715 1469 2782 referantur,
1500 2717 1646 2771 nulla
1679 2715 1747 2769 ibi

188 2826 212 2864 a
231 2814 521 2867 conditione
546 2813 782 2867 caruobii
809 2813 948 2867 inter
966 2812 1104 2866 duos
1131 2811 1424 2866 monachos
1443 2809 1558 2864 rixa
1587 2809 1748 2864 fuisse

188 2905 333 2958 fertur
359 2905 468 2960 visa
503 2922 516 2958 :
543 2904 690 2973 quod
720 2904 837 2958 sine
868 2903 961 2958 Dei
993 2903 1066 2957 ibi
1097 2901 1454 2967 habitatione,
1477 2898 1744 2954 dicentis:

192 2996 286 3066 ligo
308 2997 357 3050 in
395 2999 466 3050 eis
505 2994 768 3058 habitabo,
811 3006 858 3048 et
910 2995 1046 3048 inter
1079 2993 1194 3047 illos
1225 2990 1498 3046 ambulabo
1529 3007 1544 3043 :
1577 2999 1626 3044 et
1662 3005 1749 3044 ero

191 3091 371 3143 illorum
399 3087 550 3151 Deus,
585 3097 632 3141 et
666 3089 766 3157 ipsi
797 3096 947 3140 erunt
985 3086 1111 3139 mihi
1151 3086 1370 3155 populus
1400 3081 1486 3150 (11
1518 3081 1638 3138 Cor.
1673 3097 1746 3158 vt;

193 3178 284 3241 lii;
316 3176 430 3232 Leo.
472 3193 618 3244 xxvi,
655 3176 767 3249 12),
801 3191 920 3232 esse
944 3192 1052 3231 non
1085 3189 1245 3246 posse
1273 3172 1614 3229 manifestum
1645 3181 1743 3227 est.

1857 2005 2097 2060 bonitate
2118 2003 2332 2060 condita
2364 2013 2418 2060 et
2450 2005 2756 2074 integritate
2778 2048 2792 2071 ,
2843 2008 2945 2062 hoc
2976 2008 3204 2076 primum
3248 2006 3444 2062 mahun

1856 2104 1962 2155 est,
1997 2103 2052 2146 ut
2074 2104 2157 2148 est
2204 2094 2454 2158 superbia
2480 2094 2697 2148 malitia:
2724 2095 2946 2164 primm;
2990 2111 3078 2151 cur
3128 2110 3316 2151 contra
3365 2105 3446 2151 est

1857 2185 1954 2251 piae
1991 2183 2248 2237 bonitatis
2294 2183 2511 2236 humilis
2542 2184 2900 2250 existimatio,
2933 2200 3089 2240 suum
3132 2185 3443 2239 Creatorem

1855 2275 2196 2342 agnoscentis
2247 2282 2303 2328 et
2347 2271 2733 2342 glorificantis;
2787 2272 3066 2343 quod-est
3113 2272 3445 2328 rationabilis

1854 2381 2115 2426 creatura:
2143 2372 2373 2442 primum
2406 2373 2626 2427 bonum.
2657 2372 2746 2426 Sic
2773 2381 2829 2428 et
2857 2383 3046 2426 caetera
3081 2387 3177 2443 per
3203 2371 3444 2439 duplices

1853 2464 2050 2518 sensim
2077 2474 2257 2533 partes
2284 2465 2337 2519 in
2368 2465 2653 2518 immanem
2680 2465 2956 2519 nominum
2986 2463 3176 2518 silvam
3200 2476 3441 2518 crevere.

1852 2554 1978 2621 Quae
2007 2570 2126 2609 cum
2157 2555 2230 2608 ita
2257 2555 2383 2620 sint,
2417 2555 2646 2609 tenenda
2685 2563 2812 2610 sunt
2847 2555 3060 2610 fortiter
3111 2553 3251 2608 bona
3279 2593 3294 2618 ,
3348 2553 3439 2607 Dei

1853 2646 2175 2702 trahentibus
2196 2646 2456 2700 auxilium
2482 2684 2496 2710 ,
2525 2645 2667 2715 quod
2691 2660 2906 2715 semper
2944 2645 3205 2700 orandum
3236 2652 3316 2700 est
3344 2658 3440 2713 per

1851 2751 2108 2807 prospera
2130 2745 2186 2791 et
2207 2736 2467 2803 adversa;
2500 2752 2566 2792 ne
2595 2745 2689 2791 aut
2715 2736 3038 2790 extollantur
3087 2736 3136 2788 in
3169 2735 3442 2805 pro-peris

1857 2828 1909 2882 in
1942 2828 2256 2894 vanitatem,
2289 2835 2379 2882 aut
2412 2828 2730 2898 dejiciamnr
2761 2828 2812 2882 in
2845 2827 3084 2889 adversis
3115 2827 3166 2880 in
3197 2826 3443 2894 despera-

1856 2919 2076 2973 tionem.
2111 2917 2235 2973 ldeo
2256 2919 2645 2974 continendum
2709 2919 2776 2973 ab
2823 2928 3055 2986 utroque
3085 2917 3345 2988 periculo,
3387 2914 3441 2969 id

1853 3018 1952 3076 est,
1985 3011 2051 3063 ab
2074 3009 2221 3065 omni
2252 3009 2531 3064 nimietate
2563 3024 2658 3078 per
2690 3009 3102 3078 temperantiam
3131 3009 3438 3074 gloriosam,

1853 3108 1906 3154 et
1949 3114 2127 3155 veram
2174 3099 2582 3166 discretionem,
2633 3114 2753 3168 qute
2793 3100 3108 3153 Christianae
3158 3099 3442 3153 humilitati

1854 3191 2108 3253 adhzeret,
2138 3199 2192 3243 et
2219 3192 2358 3242 viam
2391 3190 2735 3258 perfectionis
2768 3191 2909 3245 veris
2956 3189 3154 3244 Christi
3185 3189 3442 3244 militibus

190 3265 356 3321 Merito
405 3268 584 3336 itaque
621 3274 930 3328 creverunt,
988 3273 1044 3320 et
1080 3263 1336 3332 quotidie.
1379 3261 1491 3317 Deo
1529 3263 1746 3330 gratias,

1861 3298 1924 3336 ac
1955 3282 2122 3336 Deum
2179 3281 2490 3336 timentibus
2519 3282 2712 3351 aperit.
2769 3281 3188 3336 Discernendum
3235 3279 3442 3335 scilicet

192 3366 436 3425 crescunt,
478 3359 528 3410 in
578 3371 810 3425 quorum
859 3355 1037 3410 medio
1070 3353 1212 3409 Deus
1257 3353 1492 3418 habitat;
1523 3367 1750 3421 quorum

191 3447 371 3502 meritis
400 3461 701 3503 mereamur
727 3445 926 3501 salvari
955 3460 984 3498 a
1012 3444 1294 3500 Salvatore
1324 3453 1530 3500 nostro.
1557 3444 1748 3498 Amen.

714 3557 1002 3614 CAPUT
1042 3557 1215 3613 VIII.

750 3652 828 3705 De
853 3652 1181 3706 discretione.

250 3741 492 3800 Discretio
538 3743 822 3812 monachis
884 3757 1046 3812 quam
1086 3746 1155 3797 sit
1195 3742 1496 3797 necessaria
1554 3741 1751 3796 multo-

193 3846 294 3887 rum
313 3847 455 3888 error
482 3833 738 3897 ostendit;
765 3842 819 3886 et
840 3833 1140 3901 aliquorum
1159 3831 1324 3886 ruinae
1339 3833 1710 3887 demonstrant
1734 3850 1747 3884 :

195 3923 272 3990 qui
317 3923 424 3978 sine
449 3923 778 3978 discretione
807 3923 1144 3992 incipientes,
1177 3930 1234 3977 et
1260 3923 1462 3992 absque
1506 3922 1751 3978 modera-

197 4013 310 4068 trice
335 4014 550 4069 scientia
579 4013 861 4082 degentes,
892 4014 1058 4067 vitam
1091 4011 1244 4068 finire
1274 4013 1594 4068 laudabilem
1642 4028 1749 4066 non

194 4111 468 4171 potuerunt.
501 4102 639 4169 Quia
670 4104 807 4158 sicut
830 4105 949 4159 sine
977 4104 1062 4157 via
1094 4103 1439 4158 tendentibus
1453 4118 1608 4158 error
1621 4117 1751 4158 eve-

195 4196 280 4262 nit,
305 4198 366 4250 ita
394 4197 506 4250 sine
535 4195 1177 4249 diseretionevivcntibus
1197 4209 1451 4248 excessus
1469 4195 1519 4246 in
1533 4209 1751 4263 promp-

196 4296 240 4338 tu
264 4295 350 4346 est.
371 4287 457 4355 qui
487 4299 707 4354 semper
750 4284 1043 4346 virtutibus
1072 4283 1123 4338 in
1155 4299 1241 4338 me
1261 4285 1332 4338 lio
1380 4285 1519 4337 inter
1551 4294 1748 4336 utram-

193 4388 282 4442 que
305 4375 625 4428 nimietatem
679 4373 872 4443 p0sitis
920 4372 1224 4427 contrarius
1282 4382 1384 4428 est.
1432 4372 1596 4442 Cujus
1651 4372 1750 4426 im-

195 4469 343 4535 pactio
369 4469 587 4539 periculi
621 4482 709 4524 res
737 4475 842 4535 est,
867 4466 992 4522 dum
1021 4466 1171 4536 juxta
1196 4467 1442 4521 semitam
1465 4466 1748 4521 discretio-

193 4562 263 4616 nis
279 4561 518 4616 directam
547 4561 748 4616 inimici
777 4559 1060 4630 pravitatis
1103 4557 1424 4613 oIIendicula
1472 4571 1537 4612 ac
1565 4557 1747 4610 diver-

1857 3387 2071 3442 semper
2099 3381 2182 3426 est
2230 3371 2283 3426 in
2324 3370 2497 3425 dubiis
2527 3379 2675 3426 recte
2698 3411 2713 3437 ,
2761 3385 2823 3424 ac
2854 3370 2993 3424 inter
3021 3370 3159 3423 bona
3191 3377 3244 3422 et
3302 3368 3440 3423 mala

1854 3462 2052 3532 ubique
2073 3459 2420 3516 dividendum
2440 3461 2607 3531 juste,
2657 3461 2771 3517 sive
2817 3461 2955 3515 inter
3016 3469 3248 3528 utraque
3292 3459 3438 3525 foris,

1852 3553 1966 3606 sive
1997 3552 2136 3607 intus
2167 3553 2306 3605 inter
2348 3566 2547 3620 corpus
2578 3561 2633 3606 et
2658 3553 2914 3616 animam,
2961 3552 3075 3605 sive
3105 3552 3244 3605 inter
3273 3564 3435 3620 opera

1852 3652 1906 3696 et
1936 3657 2131 3708 mores,
2163 3642 2278 3696 sive
2326 3643 2467 3702 inter
2512 3657 2696 3698 curam
2746 3651 2801 3698 et
2845 3644 3099 3713 qtictem,
3132 3643 3246 3698 sive
3302 3640 3441 3696 inter

1852 3734 2062 3804 publica
2088 3741 2140 3789 et
2162 3742 2393 3788 secreta.
2425 3734 2560 3788 Mala
2594 3735 2776 3806 itaque
2811 3737 3046 3790 cavenda
3093 3743 3216 3790 sunt
3254 3733 3442 3789 simili-

1854 3833 1954 3888 ter,
1988 3823 2261 3894 superbia,
2288 3824 2508 3889 invidia,
2541 3823 2884 3880 mendaciqu
2911 3865 2926 3889 ,
2964 3822 3296 3894 corruptela,
3337 3823 3440 3878 im-

1854 3913 2042 3982 pietas,
2077 3913 2216 3967 mala
2249 3928 2479 3973 morum.
2531 3913 2906 3982 transgressio,
2959 3913 3103 3982 gula,
3135 3911 3437 3976 fornicatio,

1853 4003 2139 4074 cupiditas,
2168 4003 2265 4071 ira,
2293 4005 2527 4069 tristitia,
2562 4003 2902 4070 instabilitas,
2927 4017 3064 4057 vana
3106 4002 3299 4071 gloria,
3327 4001 3436 4057 ela-

1854 4099 1948 4162 tio,
1979 4096 2259 4152 detractio.
2288 4097 2431 4152 Bona
2454 4112 2670 4166 quoque
2691 4097 2946 4152 virtutum
2985 4097 3240 4152 sectanda
3270 4105 3395 4152 stmt
3423 4115 3437 4150 :

1853 4187 2482 4256 humilitas,benignitas,
2504 4188 2726 4257 put-itas,
2746 4187 3072 4252 obedientia,
3091 4187 3439 4254 abstinentia,

1853 4280 2072 4334 castitas
2095 4320 2111 4347 ,
2159 4279 2377 4348 largitas
2399 4319 2412 4342 ,
2447 4280 2727 4347 patientia,
2758 4279 2965 4348 laetitia,
2995 4278 3282 4345 stabilitas,
3325 4278 3434 4335 fer-

1851 4385 1970 4439 vor,
1996 4369 2301 4440 impigritia,
2327 4369 2622 4440 vigilantia,
2657 4371 3033 4438 taciturnitas;
3064 4384 3185 4441 qua:
3209 4385 3304 4442 per
3323 4370 3434 4427 for-

1853 4462 2134 4516 titudinem
2165 4461 2530 4525 suﬂerentem,
2589 4471 2644 4518 et
2700 4465 3110 4534 temperantiam
3139 4464 3438 4521 moderan-

1853 4564 1980 4620 tem,
2004 4557 2157 4628 quasi
2187 4557 2240 4612 in
2260 4557 2493 4627 quadam
2531 4559 2910 4628 ponderatrice
2931 4559 3271 4616 discretionis
3318 4568 3437 4616 sta-

193 4666 344 4706 sorum
371 4667 615 4706 errorum
654 4649 906 4705 scandala
933 4659 1158 4718 ponunt.
1199 4647 1446 4704 Orandus
1481 4656 1564 4704 est
1590 4648 1749 4718 igitur
1777 4651 1833 4714 Β
1859 4655 1969 4703 tera
1995 4647 2278 4704 statuenda
2305 4649 2358 4702 in
2383 4656 2505 4703 actu
2536 4657 2661 4703 sunt
2683 4647 2861 4716 operis
2889 4649 3109 4712 assueti,
3143 4663 3241 4718 pro
3273 4657 3436 4718 captu

196 4739 328 4806 Dens,
351 4743 438 4810 qui
468 4742 654 4796 lumen
683 4754 826 4794 verae
851 4739 1193 4795 discretionis
1227 4740 1487 4811 largiatur
1522 4741 1588 4796 ad
1628 4742 1748 4796 illu-

196 4832 507 4886 m'nationem
563 4830 726 4900 hujus
769 4831 936 4900 vitae,
983 4831 1223 4888 tenebris
1265 4834 1444 4889 saeculi
1501 4835 1748 4903 utrinque

196 4922 555 4978 obscurissimis
577 4922 952 4988 circumdate;
982 4938 1093 4993 quo
1116 4925 1200 4980 sui
1231 4926 1297 4982 ad
1325 4941 1384 4982 se
1418 4927 1534 4982 sine
1562 4942 1746 4981 errore

196 5014 284 5069 veri
307 5013 612 5069 adoratores
635 5013 845 5081 possint
864 5013 961 5069 bas
981 5016 1214 5071 evadere
1237 5015 1505 5070 tenebras.
1537 5016 1744 5083 Discre-

196 5106 254 5160 tio
277 5106 425 5176 igitur
448 5120 479 5159 a
499 5104 860 5161 discernenda
885 5121 1082 5161 nomen
1109 5105 1340 5174 accepit,
1369 5119 1436 5159 eo
1465 5105 1608 5174 quod
1627 5106 1740 5175 ipsa

193 5197 236 5249 in
260 5197 397 5252 nobis
423 5195 682 5250 discernit
710 5194 852 5249 inter
877 5195 1020 5249 bona
1046 5203 1102 5252 et
1152 5195 1292 5250 mala
1316 5233 1332 5260 ,
1388 5194 1529 5252 inter
1567 5196 1742 5251 media

192 5299 376 5356 quoque
402 5303 463 5343 ac
487 5286 750 5356 perfecta.
779 5283 958 5340 Divisa
1004 5300 1240 5357 namque
1267 5295 1395 5341 sunt
1445 5288 1514 5341 ab
1564 5287 1738 5350 initio,

193 5375 308 5429 sicut
330 5376 410 5431 lux
441 5387 496 5433 et
525 5375 783 5440 tenebrat,
808 5383 1054 5442 utraque,
1086 5375 1138 5430 id
1169 5383 1251 5432 est
1300 5376 1440 5431 bona
1483 5385 1536 5431 et
1567 5377 1705 5432 mala
1725 5416 1740 5440 ,

196 5472 439 5535 postquam
466 5468 606 5523 mala
641 5481 736 5536 per
756 5465 1026 5520 diabolum
1058 5466 1182 5522 boni
1210 5465 1597 5537 depravatione
1623 5481 1739 5522 esse

195 5541 458 5623 asperant;
489 5555 584 5610 sed
617 5571 714 5626 per
743 5554 910 5610 Deum
934 5553 1324 5610 illuminantem
1339 5556 1504 5627 prius,
1537 5572 1600 5612 ac
1621 5573 1744 5626 pose

199 5657 267 5701 tea
311 5647 644 5704 dividentem.
675 5649 807 5706 Inde
852 5649 982 5704 Abel
1011 5651 1157 5718 prius
1196 5651 1335 5707 bona
1388 5653 1570 5722 elegit,
1606 5653 1738 5709 Cain

200 5751 303 5794 vero
325 5739 505 5810 impius
535 5749 558 5775 α
591 5739 733 5794 mala
758 5741 966 5796 incidit.
1003 5739 1146 5796 Bona
1196 5741 1337 5798 Deus
1375 5743 1498 5801 fecn
1543 5756 1734 5801 cuncta

255 5879 276 5909 ι
301 5869 450 5930 Nata.
476 5871 785 5944 Legendqu
815 5873 1048 5945 videtur,
1073 5876 1124 5930 in
1155 5877 1322 5937 mala.L

1853 4748 2077 4796 conatus
2107 4739 2273 4794 nostri
2304 4737 2618 4792 sutiicientia
2657 4735 2856 4805 ubique
2886 4738 3266 4808 quaerentibus.
3301 4738 3434 4794 Nam

1850 4831 1933 4886 cui
1955 4826 2274 4883 sufﬁcientia
2306 4841 2412 4882 non
2442 4824 2737 4896 sufficiunt,
2766 4828 3061 4884 excessisse
3095 4828 3439 4887 discretionis

1849 4919 2066 4974 modum
2099 4917 2227 4972 nulli
2258 4917 2475 4972 dubium
2501 4927 2616 4974 est:
2646 4929 2700 4973 et
2722 4918 2980 4990 quidquid
3015 4921 3185 4991 ipsum
3214 4920 3432 4975 modum

1846 5010 2159 5074 excesserit,
2189 5008 2374 5063 vitium
2413 5023 2531 5065 esse
2560 5010 2897 5065 manifestum
2929 5021 3030 5064 est.
3088 5011 3253 5079 igitur
3295 5011 3438 5066 inter

1847 5115 2067 5172 parvum
2090 5108 2149 5156 et
2175 5099 2397 5154 nimium
2421 5100 2751 5155 rationabilis
2775 5108 2856 5154 est
2878 5098 2927 5152 in
2951 5100 3129 5153 medio
3156 5113 3429 5164 mensura,

1848 5205 2106 5246 revocans
2160 5204 2378 5262 semper
2431 5191 2498 5244 ab
2556 5190 2701 5244 omni
2735 5191 2986 5258 utrinque
3031 5187 3326 5259 superﬂuo,
3377 5193 3431 5246 in

1845 5281 1992 5336 omni
2022 5294 2080 5336 re
2111 5281 2308 5354 posita,
2334 5289 2539 5336 certum
2595 5279 2790 5349 ubique
2849 5280 3186 5335 necessitatis
3233 5296 3431 5350 procn-

1846 5385 1992 5438 rans,
2016 5385 2082 5427 ac
2111 5371 2478 5427 irrationabile
2505 5370 2790 5440 superfluae
2813 5372 3107 5426 voluntatis
3132 5371 3428 5427 declinans.

1849 5464 1914 5520 Et
1943 5465 2058 5522 haec
2108 5477 2358 5520 mensura
2397 5477 2538 5517 verte
2567 5462 2934 5529 discretionis,
2988 5477 3179 5518 omnes
3217 5472 3432 5518 nostros

1851 5555 2089 5626 pondere
2111 5554 2376 5609 trutinans
2401 5551 2545 5622 justo
2574 5561 2747 5620 actus,
2804 5565 3143 5621 nequaquam
3197 5567 3298 5609 nos
3333 5553 3431 5607 de-

1850 5647 1998 5703 viare
2026 5646 2257 5715 abjusto
2285 5645 2590 5717 permittet;
2633 5657 2807 5711 neque
2841 5643 2886 5696 si
2925 5641 3068 5695 illam
3118 5641 3239 5698 vice
3281 5642 3430 5697 ducis

1848 5756 1944 5810 per
1991 5741 2250 5797 directum
2288 5751 2500 5810 semper
2525 5751 2811 5808 sequamur
2833 5749 3071 5792 errorem
3113 5734 3243 5804 pati.
3294 5733 3428 5790 Dum
