3856 6218
406 398 513 455 913

1642 400 1701 455 S.
1743 396 2134 453 COLL'MBANI
2176 397 2465 453 Λῦῐῖλίἰὸ

3586 398 3689 457 ξῑϐ

402 511 548 566 enim
587 510 656 566 de
699 517 925 580 utraque
971 518 1125 581 parte
1171 526 1385 582 semper
1437 519 1519 567 est
1565 510 1951 566 continendum
1973 552 1989 577 ,
2010 486 2069 571 ῚΑ
2096 506 2330 563 stnlium
2368 524 2494 565 suas
2515 509 2723 581 aliquas
2756 510 2953 566 sectari
2982 519 3075 565 aut
3105 512 3314 569 nutrire
3344 514 3579 570 voluerit
3606 516 3689 569 in-

398 600 555 669 jnxta
581 597 711 655 illud
739 598 971 655 dictum:
1005 601 1274 657 Continele
1300 618 1387 658 eos
1416 620 1448 657 a
1471 604 1666 657 dextris
1693 611 1743 658 et
1765 604 1995 658 sinistris

403 687 584 753 (Deut.
616 689 790 757 v,52;
830 690 890 745 II
923 691 1047 747 Cor.
1103 710 1178 761 vi,
1223 693 1319 762 7):
1362 695 1414 749 in
1465 694 1727 750 directum
1777 709 1998 765 seraper

402 793 501 849 per
523 779 907 837 discretionem
945 784 1270 839 tendendum
1299 795 1418 852 est;
1458 786 1640 854 idest,
1670 803 1769 857 per
1815 788 1993 843 lumen

403 869 522 935 Dei,
549 870 855 928 dicentibus
882 880 1096 944 smpius,
1123 885 1283 944 atque
1307 876 1597 934 Psalmislte
1626 882 1846 935 victoris
1868 896 1992 936 ver-

396 964 624 1021 siculum
664 969 1009 1024 eantant'bns
1043 989 1055 1022 :
1104 970 1238 1024 Dens
1280 990 1439 1035 mens,
1485 974 1723 1027 illamina
1753 974 1993 1030 tenebras

395 1074 556 1121 meas,
586 1062 830 1131 quoniam
859 1063 912 1114 in
936 1071 983 1115 te
1005 1063 1199 1131 eripior
1256 1082 1286 1117 a
1314 1068 1595 1119 teutan'one
1637 1066 1803 1134 (l’sul.
1860 1083 1987 1130 xvtt,

393 1147 483 1214 29,
516 1149 629 1220 50).
664 1150 901 1216 Tentatio
928 1154 1064 1207 enim
1088 1163 1166 1208 est
1187 1156 1290 1209 vita
1334 1156 1556 1210 hominis
1593 1172 1748 1226 super
1798 1166 1989 1211 terram

322 1294 323 1297 η
397 1240 519 1312 μοι
571 1258 663 1305 vn,
694 1240 774 1312 'l).

1010 1334 1242 1393 CAPUT
1270 1336 1361 1393 IX.

926 1422 1004 1479 De
1039 1428 1192 1480 morti
1196 1427 1455 1495 ﬁcatione.

464 1509 695 1566 Maxima
727 1527 852 1582 pars
879 1513 1077 1583 regulze
1098 1516 1847 1573 monachorummortificatio
1876 1528 1978 1584 est,

399 1598 589 1669 quibus
609 1603 859 1657 nimirum
890 1619 987 1673 per
1013 1620 1223 1660 sacram
1254 1605 1586 1675 Scripturam
1638 1610 1976 1679 prmcipitur:

389 1690 519 1746 Sine
546 1693 762 1747 consilio
792 1694 923 1748 nihil
964 1696 1130 1767 facias
1161 1696 1351 1765 (Eccli.
1396 1709 1561 1766 xxxtt,
1591 1699 1703 1769 24).
1766 1700 1906 1770 Ergo
1934 1704 1979 1758 si

389 1780 520 1834 nihil
552 1781 669 1837 sine
714 1784 939 1838 consilio
988 1782 1314 1851 faciendum,
1348 1796 1520 1842 totum
1550 1805 1644 1857 per
1693 1792 1977 1846 consilium

384 1878 469 1924 est
498 1869 957 1940 interrogandum.
993 1872 1010 1927 Ι
1038 1874 1117 1929 ide
1149 1876 1311 1929 etiam
1343 1892 1437 1946 per
1490 1877 1708 1948 Moysen
1742 1882 1983 1950 rrtecipi-
2021 1879 2062 1936 Β

388 1969 477 2015 tur
525 1961 851 2037 :lulerroga
898 1978 1097 2035 patrem
1153 1976 1313 2030 tuum,
1360 1977 1410 2022 et
1457 1972 1789 2024 annuntiabit
1845 1972 1973 2035 tibi,

386 2052 610 2123 majores
640 2062 772 2116 tuos,
806 2065 856 2109 et
882 2057 1055 2111 dicent
1088 2058 1180 2112 libi
1210 2057 1388 2127 (Dent.
1422 2076 1589 2123 χχιιι,
1620 2061 1695 2129 7).
1729 2063 1833 2117 Sed
1853 2064 1979 2119 licet

386 2140 534 2197 duris
556 2142 689 2198 dura
720 2145 966 2201 videatur
994 2148 1107 2202 lucc
1129 2142 1433 2219 disciplina,
1461 2159 1519 2205 ut
1565 2153 1773 2208 scilicet
1812 2154 1975 2211 homo

388 2250 603 2304 semper
624 2236 691 2292 de
718 2252 815 2292 ore
844 2239 1074 2309 pendeat
1095 2239 1315 2296 alterius
1340 2259 1355 2308 ;
1380 2245 1591 2298 czeteris
1610 2253 1788 2299 tamen
1807 2245 1974 2301 Deum

387 2328 551 2383 timeo
581 2328 699 2384 ibus
726 2330 895 2385 dulcis
923 2347 987 2386 ae
1008 2346 1199 2386 secura
1232 2332 1552 2399 invenietur,
1585 2336 1626 2389 si
1654 2350 1717 2389 ex
1745 2337 1972 2406 integro,

380 2424 441 2470 ct
471 2432 579 2471 non
610 2433 679 2471 (Χ
711 2426 863 2488 parte
892 2434 1243 2475 conservetur
1279 2440 1291 2475 :
1324 2424 1449 2491 quia
1498 2424 1628 2478 nihil
1660 2425 1865 2480 dulcius
1893 2435 1977 2481 est

386 2509 736 2565 conscientia:
784 2510 1094 2577 securitate,
1120 2520 1175 2566 et
1226 2511 1361 2566 n‘hil
1398 2514 1644 2569 securius
1684 2524 1766 2570 est
1808 2518 1972 2571 animi

385 2600 725 2668 impunitate,
754 2616 916 2670 quam
966 2603 1144 2658 nullus
1168 2604 1268 2673 sibi
1301 2605 1401 2675 ipsi
1433 2622 1532 2676 per
1557 2622 1617 2661 se
1654 2617 1831 2676 potest
1865 2618 1977 2662 tra-

384 2687 530 2754 dere,
564 2690 689 2758 quia
714 2694 931 2762 proprie
958 2694 1185 2749 aliorum
1216 2705 1300 2749 est
1347 2698 1630 2752 examinis.
1661 2698 1776 2751 Hoc
1815 2716 1972 2753 nam-

385 2792 493 2845 que
513 2776 753 2834 defendit
782 2796 813 2835 a
846 2782 1038 2836 timore
1059 2783 1266 2851 jndicii,
1297 2786 1440 2854 quod
1466 2785 1577 2854 jam
1624 2789 1973 2844 examinare-

386 2866 457 2921 rit
479 2866 771 2936 judicantts
792 2884 1043 2937 censura,
1066 2872 1151 2926 cui
1182 2874 1340 2927 alieni
1386 2876 1638 2944 ponderis
1681 2877 1973 2947 imponitur

391 2956 584 3026 moles,
636 2967 694 3014 et
733 2968 904 3015 totum
955 2963 1303 3031 portatquod
1337 2966 1592 3033 suscipit,
1650 2968 1967 3036 periculum.

388 3048 566 3121 Majas
593 3052 753 3118 enim,
784 3060 841 3104 ut
893 3052 1151 3123 scriptum
1180 3063 1261 3108 est
1285 3095 1300 3119 ,
1354 3056 1634 3125 periculum
1682 3058 1972 3129 indicantis

384 3156 536 3209 quam
564 3141 676 3213 ejus
704 3143 789 3213 qui
809 3141 1078 3212 judicatur
1106 3142 1263 3213 (Sap.
1306 3161 1381 3212 vr,
1431 3146 1493 3210 6,
1522 3147 1601 3218 7).
1650 3147 1969 3220 Quicunque

385 3231 566 3298 itaque
591 3244 808 3300 semper
828 3230 1261 3299 interrogaveril,
1285 3234 1326 3287 si
1358 3238 1670 3300 servaverit,
1697 3253 1966 3307 nunquam
1999 3252 2045 3315 ς

383 3322 608 3375 errabit.
639 3320 774 3387 Quia
800 3322 844 3376 si
887 3322 1109 3377 alterius
1139 3328 1402 3380 erraverit
1448 3342 1787 3396 responsum,
1837 3327 1968 3385 fides

384 3412 656 3468 credentis
697 3420 751 3468 et
779 3413 934 3469 labor
961 3414 1264 3471 obedientis
1308 3432 1413 3470 non
1444 3418 1736 3485 errabant,
1794 3434 1967 3486 neque

381 3505 634 3561 nn'rcede
662 3505 1048 3574 interrogantis
1092 3507 1373 3561 carebunt.
1404 3506 1535 3561 Nam
1564 3509 1607 3563 si
1639 3522 1735 3576 per
1760 3522 1818 3562 se
1864 3509 1962 3562 ali-

383 3594 512 3664 quid
538 3597 866 3663 discusserit,
898 3599 990 3667 qui
1018 3599 1202 3654 debuit
1233 3600 1599 3668 interrogare,
1633 3602 1684 3654 in
1718 3602 1819 3655 hoc
1850 3601 1966 3669 ipso

380 3688 623 3757 arguitur
650 3704 883 3758 erras.~c,
914 3690 1057 3758 quod
1096 3688 1338 3760 judicare
1371 3693 1725 3760 prmsxttmisit,
1750 3692 1837 3760 qui
1887 3692 1963 3744 in-

381 3788 659 3844 terrogare
686 3777 870 3833 debuit
907 3797 920 3832 :
970 3786 1025 3834 et
1064 3780 1106 3833 si
1137 3788 1342 3833 rectum
1378 3778 1576 3847 fuerit,
1618 3796 1837 3847 pravum
1889 3781 1963 3833 illi

378 3868 735 3944 reputabitur,
765 3870 889 3923 dum
921 3886 1021 3943 per
1048 3872 1153 3927 hoc
1178 3887 1209 3924 a
1263 3881 1414 3927 recto
1461 3872 1783 3935 declinavit;
1836 3874 1962 3941 quia

374 3958 503 4012 nihil
527 3957 689 4013 audet
719 3974 815 4028 per
844 3960 1185 4028 sejndicare,
1218 3961 1373 4029 cujus
1389 3961 1624 4016 officium
1648 3972 1730 4017 est
1756 3971 1961 4016 tantum

373 4048 611 4103 obedire.
652 4048 786 4103 Cum
818 4050 869 4118 ig
894 4058 980 4103 tur
1008 4050 1040 4104 h
1061 4071 1071 4099 ι
1090 4066 1120 4105 c
1142 4051 1213 4103 ita
1234 4052 1362 4115 sint,
1386 4053 1623 4106 cavenda
1651 4053 1846 4123 ubique
1879 4066 1961 4109 est

373 4140 651 4196 monachis
700 4141 928 4210 superba
960 4141 1202 4208 libertas,
1255 4158 1318 4197 ac
1372 4159 1495 4197 vera
1555 4144 1827 4199 humilitas
1855 4145 1964 4199 dis-

368 4226 568 4290 cenda;
600 4229 717 4285 sine
744 4232 1171 4287 murmuratione
1210 4240 1266 4287 et
1294 4233 1631 4286 haesitatione
1661 4232 1963 4286 obedienti-

370 4316 496 4370 hus:
529 4332 638 4384 quo
660 4317 813 4384 juxta
845 4319 1054 4373 Domini
1080 4322 1319 4384 verbum,
1338 4321 1523 4391 jngum
1558 4321 1753 4375 ChrLsti
1786 4338 1959 4386 suave,

371 4417 417 4461 et
446 4424 573 4461 onus
595 4406 712 4477 ejus
741 4410 848 4462 leve
869 4408 1090 4475 (Matth.
1122 4426 1213 4474 xr,
1245 4410 1336 4466 50}
1385 4413 1661 4479 sentiant;
1718 4412 1959 4482 alioquin

368 4501 543 4555 donec
572 4499 771 4555 Christi
803 4499 1163 4555 humilitatem
1192 4500 1436 4568 discant,
1488 4501 1815 4556 suavitatem
1846 4502 1959 4570 jugi

2096 599 2396 663 tentiones,
2427 601 2685 656 continuo
2726 602 3165 672 interpositarum
3193 606 3557 676 occupatione
3594 610 3687 662 de-

2098 699 2301 759 tentus,
2333 691 2580 751 turbatus
2603 700 2746 748 totus
2774 694 2950 763 sequi,
2974 709 3083 763 quo
3108 693 3280 764 jussio
3307 696 3476 764 ducit,
3504 706 3692 766 gratus

2095 796 2311 851 semper
2349 798 2458 837 non
2508 784 2739 852 poterit;
2784 797 2962 853 neque
3021 793 3080 838 ut
3123 787 3387 855 competit
3415 788 3693 858 complere

2096 882 2297 945 potest,
2320 876 2411 944 qui
2440 874 2780 930 turbulentus
2808 885 2894 931 est
2928 884 2985 931 et
3010 877 3272 945 ingratus.
3314 877 3690 935 Mortificatio-

2095 965 2180 1019 nis
2226 963 2388 1033 igitur
2413 964 2609 1032 triplex
2638 972 2722 1019 e.-t
2770 966 2943 1031 ratio;
2974 981 3082 1021 non
3124 968 3306 1022 animo
3353 967 3693 1035 discordare,

2094 1070 2202 1109 non
2256 1055 2433 1124 lingua
2486 1054 2633 1108 libita
2663 1055 2829 1124 loqui,
2868 1072 2975 1110 non
2999 1058 3076 1113 ire
3113 1072 3384 1127 quoquam
3415 1058 3691 1114 absolute.

2093 1144 2259 1201 Suum
2284 1162 2499 1217 semper
2528 1158 2610 1202 est
2629 1148 2807 1203 dic-me
2828 1150 2943 1204 seni
2968 1191 2983 1215 ,
3026 1151 3274 1221 quamvis
3302 1152 3571 1206 contraria
3595 1152 3690 1222 ju-

2091 1234 2271 1289 benti:
2307 1233 2431 1290 Non
2452 1238 2583 1290 sicut
2605 1254 2697 1308 rgo
2720 1238 2853 1301 volo,
2871 1237 2962 1292 sed
2977 1240 3174 1292 sicuttu
3199 1241 3270 1293 ris
3294 1238 3507 1309 (Matth.
3538 1256 3691 1302 xxvt.

2092 1322 2215 1387 39):
2242 1326 2394 1395 juxta
2444 1328 2749 1397 exemplum
2781 1327 3113 1393 Salv.storis,
3138 1329 3230 1398 qui
3272 1330 3381 1383 ait:
3424 1327 3691 1385 Ducendi

2087 1413 2153 1466 de
2178 1417 2326 1484 creto,
2352 1433 2454 1471 non
2486 1427 2541 1470 ut
2569 1420 2762 1488 faciant
2784 1421 3097 1474 voluntatem
3126 1437 3315 1493 meam,
3343 1420 3433 1475 sed
3454 1422 3693 1477 coluntu-

2086 1514 2186 1558 tem
2208 1507 2320 1577 ejus
2339 1509 2425 1579 qui
2448 1508 2588 1563 misit
2614 1525 2713 1573 mc,
2750 1507 2926 1562 Patris
2958 1508 3135 1578 (Joan.
3169 1525 3241 1574 vt,
3277 1509 3393 1580 58).

2158 1594 2365 1665 (Usque
2409 1598 2493 1651 hic
2536 1599 2877 1667 manuscripti
2916 1598 3117 1652 codices
3148 1607 3196 1651 et
3225 1600 3493 1667 exemplar
3513 1599 3691 1654 sancti

2085 1687 2222 1743 Galli
2262 1708 2279 1742 :
2314 1690 2562 1748 Bobienss
2589 1702 2759 1747 autem
2809 1694 2904 1748 hoc
2934 1693 3046 1748 loco
3086 1695 3287 1749 auctius
3320 1695 3522 1750 inclusa
3558 1694 3687 1750 sub-

2076 1779 2295 1850 jungit.)

2534 1872 2613 1926 De
2634 1875 2950 1945 perfectione
2971 1878 3230 1929 monachi.

2156 1958 2451 2015 Monachus
2478 1962 2529 2015 in
2553 1964 2884 2017 monasterio
2907 1964 3050 2019 vivat
3078 1966 3178 2019 sub
3208 1965 3367 2019 unius
3395 1965 3685 2036 disciplina

2083 2044 2277 2110 Patris,
2312 2054 2702 2121 consortioque
2732 2055 3043 2121 nmltorum,
3069 2064 3126 2110 ut
3148 2055 3215 2111 ab
3248 2055 3354 2111 alio
3382 2056 3558 2112 discat
3584 2058 3682 2113 hu-

2084 2137 2387 2201 militatem,
2414 2140 2482 2194 ab
2513 2142 2621 2197 alio
2653 2144 2997 2212 pauentiam:
3032 2160 3169 2199 unus
3200 2161 3321 2200 enm
3371 2146 3679 2214 silentium,

2087 2231 2225 2284 alter
2254 2230 2449 2286 doceat
2480 2234 2947 2289 mansuetudinem
2975 2255 2986 2289 :
3016 2252 3120 2290 non
3145 2236 3303 2292 faciat
3325 2239 3467 2307 quod
3516 2239 3682 2298 vult".

2077 2323 2327 2375 comedat
2364 2324 2508 2391 quod
2541 2323 2789 2393 jubetur;
2839 2325 3036 2380 habeat
3066 2338 3327 2397 quantum
3367 2332 3682 2397 acceperit;

2077 2408 2347 2477 operissui
2372 2425 2595 2481 pensum
2621 2413 2923 2482 persolvat;
2946 2414 3265 2480 subjiciatur
3281 2415 3364 2469 cui
3398 2431 3505 2470 non
3530 2417 3677 2483 vu't;

2076 2500 2246 2554 lassus
2274 2502 2339 2554 al
2381 2510 2609 2557 stratum
2659 2504 2871 2566 veniat;
2915 2504 3307 2575 ambulansque
3367 2504 3629 2561 dormitet
3663 2549 3679 2569 ,

2077 2605 2175 2644 nec
2201 2592 2325 2645 dum
2357 2593 2575 2663 expleto
2599 2608 2793 2649 somno
2823 2606 3044 2663 surgere
3059 2597 3447 2665 compellatur;
3482 2612 3679 2667 passus

2076 2680 2343 2748 injuriam,
2400 2691 2606 2750 taceat;
2663 2684 3006 2753 prmpositum
3037 2688 3349 2741 monasterii
3391 2687 3522 2741 time
3540 2695 3582 2741 ιι
3614 2697 3678 2741 ut

2075 2767 2374 2834 dominum,
2399 2771 2584 2839 diligat
2613 2783 2667 2823 ut
2698 2780 3009 2840 parentem:
3044 2773 3230 2827 credat
3258 2774 3357 2828 sibi
3399 2774 3504 2828 hoc
3546 2790 3677 2830 ese

2076 2858 2310 2914 salutare
2340 2860 2595 2933 quidquid
2628 2862 2716 2917 ille
2748 2864 3086 2933 prmceperit,
3142 2879 3242 2920 nec
3284 2864 3354 2920 de
3401 2866 3672 2935 majorum

2073 2952 2583 3022 sententiajudicet,
2612 2953 2762 3023 cujus
2787 2953 3022 3009 officium
3058 2963 3159 3021 est,
3211 2954 3430 3011 obedire
3459 2965 3514 3011 et
3566 2957 3672 3011 im-

2072 3045 2223 3115 plere
2273 3061 2392 3116 qua:
2431 3046 2576 3116 justa
2606 3056 2770 3113 sunt,
2800 3047 3011 3103 dicente
3062 3046 3279 3120 Moyse:
3306 3048 3463 3115 Audi,
3494 3046 3670 3104 Israel

2075 3134 2253 3204 (Deut.
2285 3151 2357 3199 vt.
2391 3133 2466 3205 4),
2495 3145 2551 3191 et
2571 3138 2796 3208 reliqua.

2708 3228 2937 3286 CAPUT
2967 3229 3035 3285 Χ.

2508 3318 2585 3374 De
2621 3318 2920 3374 diversitate
2945 3321 3238 3389 culparum.

2144 3408 2433 3464 Diversitas
2455 3410 2733 3479 culparum
2764 3411 3092 3467 diversitatis
3126 3412 3457 3482 pcenitentia:
3498 3414 3671 3469 media

2070 3509 2320 3555 camento
2342 3501 2519 3554 sanari
2548 3502 2728 3556 debet.
2757 3499 3190 3578 ltaque,fratres,
3215 3504 3525 3574 hujusmodi
3551 3516 3666 3560 sta-

2072 3600 2241 3644 tutum
2264 3599 2347 3645 est
2384 3607 2415 3645 a
2443 3592 2643 3653 sanctis
2667 3591 2935 3659 Patribus,
2961 3603 3021 3651 ut
3050 3594 3243 3649 demus
3264 3596 3667 3653 confessionem

2070 3682 2137 3736 de
2168 3682 2437 3745 omnibus,
2463 3699 2573 3739 non
2599 3683 2773 3739 solum
2819 3685 3138 3755 capitalibus
3169 3686 3483 3744 criminibus
3503 3729 3517 3752 .
3565 3690 3665 3744 sed

2068 3774 2230 3827 etiam
2259 3774 2328 3828 de
2356 3774 2652 3842 majoribus
2683 3776 3020 3842 negligentiis
3054 3793 3067 3826 :
3117 3777 3244 3846 quia
3285 3778 3557 3834 confessio
3605 3788 3667 3834 et

2068 3863 2383 3931 poenitentia
2433 3864 2500 3918 de
2528 3873 2702 3918 morte
2745 3864 2959 3918 liberat.
3014 3864 3152 3936 Ergo
3198 3882 3302 3921 nec
3354 3868 3466 3937 ipsa
3498 3884 3666 3938 parva

2067 3966 2098 4005 a
2156 3950 2497 4005 confessione
2534 3960 2661 4005 sunt
2709 3951 3027 4021 negligenda
3082 3963 3303 4022 peccata
3345 3972 3358 4007 :
3406 3956 3555 4025 quia,
3608 3966 3670 4011 ut

2065 4042 2321 4110 scriptum
2377 4052 2479 4105 est,
2528 4041 2629 4107 Qui
2677 4058 2839 4113 parva
2892 4042 3122 4113 negligit,
3182 4044 3437 4113 paulatim
3482 4045 3667 4114 deﬂuit

2068 4127 2256 4196 (Eccli.
2288 4136 2402 4199 xu)
2428 4148 2441 4183 :
2472 4140 2531 4185 ut
2575 4130 2733 4184 detur
2758 4128 3027 4186 confessio
3057 4140 3183 4186 ante
3221 4146 3495 4200 mensam,
3525 4140 3659 4190 ante

2065 4217 2338 4274 introitum
2355 4221 2689 4285 lectulorum,
2718 4220 2799 4275 vel
2820 4221 3119 4289 cuicunque
3142 4221 3302 4278 fuerit
3327 4223 3487 4279 facile
3508 4224 3658 4281 dare.

2136 4310 2303 4380 igitur
2330 4313 2419 4379 qui
2466 4328 2573 4366 non
2595 4313 2913 4367 custodierit
2932 4314 3363 4372 benedictionem
3396 4317 3463 4371 ad
3510 4332 3664 4373 men-

2064 4424 2204 4475 sam,
2240 4416 2292 4462 et
2316 4423 2422 4461 non
2452 4408 2806 4477 responderit,
2833 4410 3024 4475 Amen,
3092 4426 3184 4465 sex
3220 4412 3663 4480 percussionihus

2066 4497 2358 4554 emendare
2380 4499 2655 4556 statuitur.
2687 4498 2741 4552 Si
2767 4498 2981 4554 locutus
3020 4498 3181 4554 fuerit
3206 4500 3523 4565 comedens,
3548 4517 3657 4556 non

370 4588 487 4656 ejus
507 4600 562 4644 et
587 4591 769 4645 oneris
793 4590 934 4646 illius
955 4590 1227 4647 levitatem
1254 4608 1358 4647 non
1388 4593 1645 4647 sentient.
1675 4591 1958 4647 llumilitas
1994 4614 2035 4673 υ
2067 4590 2389 4663 necessitate
2420 4589 2641 4643 alterius
2672 4590 2881 4653 fratris,
2910 4605 3008 4645 sex
3038 4591 3498 4661 percussionibus.
3555 4592 3657 4659 Qui

370 4680 511 4732 enim
540 4682 738 4749 cordis,
771 4683 987 4752 requies
1031 4684 1224 4738 anima:
1243 4694 1328 4741 est
1375 4686 1518 4740 vitiis
1575 4700 1640 4741 ac
1685 4685 1957 4741 laboribus

371 4770 623 4838 ﬁltigatae,
652 4786 716 4825 ac
743 4774 956 4827 unicum
980 4773 1118 4827 illius
1145 4774 1213 4828 de
1244 4784 1325 4830 tot
1368 4777 1523 4830 malis
1580 4776 1910 4846 refrigerium
1939 4795 1952 4827 :

368 4872 424 4913 et
450 4869 712 4929 quantum
740 4862 805 4914 ad
833 4863 972 4916 hanc
1007 4862 1493 4919 considerationem
1540 4875 1652 4920 tuta
1687 4864 1756 4919 de
1794 4870 1958 4919 tantis

366 4951 498 5006 foris
522 4951 672 5019 vagis
700 4966 764 5005 ac
798 4952 946 5006 vanis
973 4951 1297 5018 attrahatur,
1317 4965 1523 5009 tantum
1545 4956 1689 5012 intus
1716 4959 1965 5027 requies—

370 5043 445 5095 cit
468 5056 531 5097 ac
553 5039 929 5110 refrigeretur;
957 5042 1030 5096 ita
1059 5050 1120 5097 ut
1148 5042 1312 5097 etiam
1342 5058 1525 5097 amara
1575 5045 1651 5100 illi
1689 5046 1800 5100 sint
1846 5047 1959 5100 dul-

371 5132 475 5196 cia,
514 5146 579 5185 ac
606 5133 739 5188 dura
786 5141 840 5187 et
867 5134 1035 5189 ardua
1064 5144 1191 5190 ante
1236 5134 1451 5199 habita,
1477 5134 1637 5204 plana
1680 5150 1746 5191 ac
1786 5134 1961 5191 facilia

373 5237 490 5278 esse
514 5224 728 5277 sentiat.
765 5224 1101 5284 Mortilicatio
1127 5241 1375 5297 quoque,
1420 5226 1667 5295 superbis
1718 5240 1784 5280 ac
1812 5225 1960 5281 duris

373 5311 744 5379 intolerabilis,
777 5316 849 5368 illi
880 5324 963 5370 est
983 5318 1308 5386 consolatio,
1333 5317 1421 5372 cui
1449 5316 1555 5371 hoc
1576 5316 1749 5371 solum
1780 5315 1959 5386 placet

372 5403 511 5471 quod
533 5402 733 5458 humile
788 5417 853 5459 ac
904 5416 1244 5463 mansuetum
1269 5417 1371 5464 est.
1422 5407 1713 5463 Sciendum
1772 5414 1960 5461 autem

372 5502 484 5559 est,
515 5494 660 5564 quod
712 5507 889 5565 neque
930 5493 1069 5550 hanc
1094 5498 1337 5567 martyrii
1380 5497 1725 5561 felicitatem,
1780 5510 1959 5565 neque

373 5592 516 5648 aliud
552 5594 678 5666 quid
705 5593 836 5650 utile
864 5593 1252 5663 superveniens
1292 5595 1489 5663 poterit
1516 5593 1755 5665 perfecte
1802 5606 1951 5647 com—

376 5683 523 5750 plere
545 5686 685 5755 quis,
715 5684 815 5741 nisi
837 5686 928 5758 qui
969 5684 1155 5741 iu~hoc
1179 5684 1413 5740 studium
1452 5684 1724 5753 singulare
1759 5698 1952 5755 postne»

376 5780 467 5842 nt,
488 5780 545 5828 ut
573 5789 679 5831 non
705 5777 1009 5833 inveniatur
1035 5776 1349 5842 imparatus.
1400 5774 1455 5830 Si
1486 5775 1627 5831 enim
1654 5774 1807 5839 juxta
1852 5775 1955 5827 hoc.

2065 4681 2436 4735 dixeritsuum
2460 4680 2735 4750 proprium
2764 4680 2988 4751 aliquid,
3039 4696 3134 4735 sex
3182 4682 3652 4753 percussionibus:

2065 4782 2119 4825 et
2140 4772 2228 4839 qui
2257 4789 2361 4825 non
2386 4772 2675 4839 signaverit
2706 4772 2992 4828 cochleare
3014 4773 3159 4845 quod
3183 4773 3394 4842 lambit,
3423 4788 3524 4830 sex
3546 4790 3660 4844 per.

2066 4864 2421 4917 missionibus.
2454 4866 2508 4917 Si
2534 4866 2745 4920 loeutus
2775 4862 2936 4919 fuerit
2956 4866 3009 4919 in
3033 4864 3243 4932 plausu,
3271 4865 3323 4920 id
3344 4865 3660 4930 est,altiure

2066 4970 2202 5008 sono
2231 4956 2410 5018 solito,
2444 4970 2536 5009 sex
2562 4954 3015 5025 percussiouibus.
3045 4954 3103 5009 Si
3141 4970 3249 5010 non
3296 4955 3547 5024 signatur
3574 4956 3656 5013 lu-

2065 5061 2250 5112 cerna,
2278 5048 2380 5101 hoc
2398 5056 2501 5112 est,
2554 5062 2677 5101 cum
2726 5060 2955 5101 accensa
2980 5045 3141 5101 inserit
3168 5062 3199 5100 a
3224 5045 3444 5115 juniore
3465 5045 3652 5115 fratre,

2064 5144 2250 5191 etnon
2277 5137 2597 5192 exhibentur
2645 5135 2712 5189 a-l
2737 5134 3007 5189 seniorem
3061 5134 3127 5189 ad
3155 5135 3501 5202 signandum,
3557 5152 3661 5214 sex~

2066 5229 2519 5296 percussionihns.
2553 5227 2608 5281 Si
2640 5225 2858 5296 aliquod
2880 5241 3019 5296 opus
3071 5241 3270 5283 vanum
3313 5225 3528 5296 fecerit,
3556 5244 3654 5287 sex

2063 5318 2496 5387 percussionibus
2517 5315 2850 5373 emendetur.

2134 5403 2450 5477 Quicunque
2474 5408 2543 5462 de
2570 5405 2827 5465 fratribus
2859 5405 2954 5474 qui
2989 5405 3299 5465 sollicitudo
3325 5408 3654 5479 coquinandi

2063 5497 2147 5551 vel
2174 5498 2509 5553 ministrandi
2533 5497 2821 5552 commissa
2842 5487 2944 5563 est,
2976 5500 3295 5567 quantulum
3342 5502 3471 5573 quid
3510 5501 3649 5559 etfu-

2063 5587 2226 5654 derit,
2254 5588 2499 5647 oratione
2529 5587 2580 5643 in
2602 5584 2828 5643 ecclesia
2852 5595 2977 5656 post
2996 5588 3269 5657 expletum
3294 5605 3546 5660 cursum,
3579 5592 3654 5650 ita

2066 5686 2128 5734 ut
2152 5674 2347 5733 fratres
2375 5694 2476 5749 pro
2500 5692 2567 5733 eo
2595 5683 2775 5739 orent,
2800 5675 3080 5735 emendari
3108 5680 3383 5736 statuitur.
3424 5680 3531 5747 Qui
3554 5682 3653 5741 hu.

2067 5771 2417 5827 miliationem
2446 5771 2498 5825 in
2519 5769 2728 5842 synaxi,
2758 5767 2810 5823 id
2848 5777 2949 5835 est,
2983 5769 3036 5825 in
3060 5786 3221 5826 cursu
3241 5770 3441 5827 oblitus
3486 5769 3654 5827 fuem
