3856 6218
241 327 340 380 Il?

1531 333 1807 390 ηιςαυω
1849 334 2309 395 εαῖκοιιιιιιλε.

3446 344 3548 400 218

235 451 372 518 (ια
393 456 478 503 est
506 447 842 504 humiliatio
880 451 932 507 in
959 449 1199 508 Ecclesia
1227 459 1348 518 post
1379 452 1536 506 linem
1566 452 1858 519 cujuscun-
1890 458 1936 516 Α
1964 454 2220 510 sionibus.
2281 453 2564 513 Prolcrens
2610 471 2915 516 sermonem
2959 461 3128 516 altum
3157 461 3273 516 sine
3299 477 3553 533 suppres-

236 553 339 602 que
365 539 584 609 psalmi)
613 541 896 598 similiter
921 545 1180 613 paeniteat
1217 561 1230 597 :
1257 543 1415 598 simili
1438 543 1600 598 modo
1629 545 1719 613 qui
1746 561 1861 614 per-

235 629 650 694 dideritmicas,
682 637 958 690 oratione
1007 637 1058 690 in
1116 636 1342 691 ecclesia
1391 635 1725 689 emendetur.
1782 636 1858 688 Ita

236 733 410 776 tamen
430 721 550 777 hac
581 738 759 792 parva
794 727 1118 796 paenitentia
1148 727 1195 781 ei
1229 726 1493 781 indicetur
1516 765 1531 789 ,
1562 727 1608 781 si
1637 741 1857 796 parvum

235 812 354 882 quid
382 811 689 868 effuderit:
745 817 796 871 si
855 817 1202 886 negligentia,
1253 825 1348 871 aut
1397 817 1707 884 oblivione,
1761 832 1856 872 seu

236 906 671 972 transgressione
697 909 1020 963 securitatis
1040 915 1150 962 tam
1174 909 1225 962 in
1256 908 1471 978 liquidis
1492 923 1654 976 quam
1678 909 1729 962 in
1751 907 1857 962 ari-

232 996 310 1052 dis
333 995 571 1068 amplius
601 997 783 1052 solito
815 994 1128 1071 perdiderit,
1160 998 1313 1067 longa
1345 1001 1497 1052 venia
1522 999 1573 1052 in
1603 998 1854 1064 ecclesia,

231 1089 353 1140 dum
398 1087 705 1142 duodecim
761 1091 1008 1159 psalmos
1053 1090 1121 1142 ad
1185 1089 1558 1143 duodecimam
1611 1097 1854 1150 canunt.

233 1187 529 1248 prostratus
555 1181 786 1235 nullum
821 1182 1123 1237 membrum
1164 1196 1386 1234 movens
1425 1181 1685 1248 paeniteat
1758 1179 1856 1233 Vel

230 1281 393 1335 certe,
451 1270 498 1325 si
555 1271 813 1328 mullum
862 1283 943 1327 est
991 1271 1136 1344 quod
1175 1270 1393 1338 elfudit,
1445 1270 1752 1338 quadranos
1789 1269 1856 1323 de

233 1361 452 1415 cervisia
483 1371 585 1414 aut
616 1375 926 1418 mensuras
953 1363 1406 1431 qualiumcunque
1446 1375 1624 1413 rerum
1681 1360 1853 1412 inter-

229 1451 450 1507 cedente
471 1452 833 1522 negligentia
861 1453 1139 1508 effundens
1162 1451 1411 1521 perdidit,
1444 1452 1746 1522 supputatis
1775 1459 1853 1505 tot

228 1545 414 1598 diebus
442 1544 542 1598 illo
571 1544 737 1614 quod
770 1547 824 1599 in
850 1527 1096 1615 sumptus
1142 1545 1389 1615 proprios
1434 1545 1559 1599 vitae
1604 1547 1854 1613 accipere

231 1646 615 1697 consueverat,
639 1635 756 1689 sibi
791 1651 913 1691 eam
937 1636 1232 1706 perdidisse
1260 1636 1418 1704 sciat,
1446 1647 1504 1690 ut
1551 1652 1650 1706 pro
1673 1638 1850 1691 cervi-

227 1726 303 1778 sia
332 1741 534 1794 aquam
568 1725 758 1782 bibat.
797 1725 1003 1781 Diffuso
1044 1743 1206 1796 supra
1239 1743 1513 1794 mensam,
1540 1726 1856 1782 decide..tc—

232 1833 331 1886 que
359 1825 518 1872 extra
548 1833 708 1883 eam,
742 1819 960 1873 veniam
989 1819 1041 1873 in
1068 1818 1332 1873 discubito
1362 1817 1628 1873 sufllcerc.

297 1909 395 1975 Qui
426 1910 736 1977 egrediens
789 1911 1008 1966 domum
1061 1911 1126 1964 ad
1176 1913 1478 1965 orationem
1527 1925 1636 1977 post
1656 1910 1849 1964 endam

234 2015 336 2055 non
361 2014 420 2054 se
451 1999 868 2065 humiliaverit,
893 2007 948 2052 ct
969 2007 1090 2068 post
1111 2008 1387 2066 acceptam
1418 1999 1851 2052 benedictionem

233 2103 334 2145 non
356 2103 416 2143 se
437 2089 781 2156 signaret-it,
812 2102 1026 2142 crucem
1055 2103 1159 2141 non
1181 2086 1395 2150 adierit,
1419 2087 1698 2141 duodecim
1733 2102 1851 2154 per-

233 2177 570 2234 cussionibus
609 2190 785 2232 emen
809 2177 906 2230 lari
936 2177 1215 2231 statuitur.
1247 2176 1506 2230 Similiter
1531 2178 1616 2244 qui
1644 2177 1850 2230 oratio-

235 2284 348 2323 em
372 2277 500 2322 ante
523 2284 694 2336 opus,
719 2276 814 2322 aut
845 2276 965 2336 post
985 2283 1122 2335 opus
1149 2267 1348 2321 oblitus
1371 2265 1552 2333 fuerit,
1570 2265 1850 2320 duodecim

235 2360 708 2430 percussionibus.
748 2359 816 2413 Et
846 2359 938 2427 qui
969 2357 1265 2413 comederit
1290 2359 1406 2412 sine
1451 2357 1848 2422 benedictione,

240 2450 521 2505 duodecim
555 2450 1009 2519 percussionibus
1041 2466 1054 2501 2
1084 2458 1140 2502 et
1165 2449 1252 2518 qui
1288 2448 1599 2516 regrediens
1630 2447 1849 2501 domum

239 2542 535 2595 orationem
570 2549 778 2610 petens
807 2557 915 2595 non
945 2556 1004 2596 se
1039 2540 1346 2595 curvaverit
1400 2539 1538 2593 intra
1592 2537 1807 2593 domum
1836 2581 1849 2605 ,

242 2631 518 2686 duodecim
553 2631 1010 2701 percussionibus
1033 2630 1373 2686 emendetur.
1406 2630 1507 2696 Qui
1555 2645 1682 2683 vero
1745 2629 1852 2684 fra-

251 2732 327 2774 ter
353 2722 470 2776 barc
500 2723 696 2776 omnia
729 2721 1011 2776 confessus
1040 2719 1224 2788 fuerit,
1272 2730 1327 2775 et
1352 2736 1412 2773 ea
1436 2729 1544 2775 tera
1590 2735 1759 2788 usque
1786 2720 1851 2772 ad

247 2815 681 2883 suppositionem
715 2813 1205 2881 semipmnitentim,
1240 2813 1289 2865 id
1335 2822 1436 2878 est,
1469 2812 1642 2868 media
1676 2815 1848 2880 pteui-

247 2905 424 2966 tratia,
457 2913 511 2958 et
532 2904 604 2958 de
638 2905 726 2958 his
751 2904 943 2958 similia
970 2905 1040 2958 sit
1072 2913 1395 2973 temperare.

311 2999 524 3055 interim
575 3001 674 3072 qui
723 3002 910 3055 limini
953 3001 1005 3055 in
1059 3001 1285 3055 exordio
1316 3000 1507 3069 psalmi
1555 3016 1658 3054 non
1709 3000 1849 3054 bene

249 3093 455 3153 caverit,
488 3108 584 3147 sex
619 3092 1062 3163 percussionibus
1082 3093 1357 3146 emendari
1390 3092 1672 3145 statuitur:
1699 3090 1846 3145 sitni-

1965 545 2136 610 sione,
2158 546 2256 601 nisi
2279 548 2366 602 ubi
2397 550 2692 607 necessitas
2723 549 2900 619 fuerit,
2925 553 3300 623 suppositione
3327 554 3547 622 silentii,

1960 645 2055 691 aut
2100 640 2482 708 quinquaginta
2539 642 3012 711 percussionibus:
3044 659 3310 700 excusans
3352 643 3420 700 ad
3451 661 3545 700 ve-

1960 727 2129 794 niam,
2158 730 2543 800 quinquaginta
2573 735 3026 802 percussionibus.

2030 818 2131 885 Qui
2163 820 2312 874 fratri
2358 821 2558 890 aliquid
2591 813 2847 878 indiEanti
2885 824 3262 894 responderit:
3298 823 3413 879 Non
3471 827 3542 880 ita

1957 915 2040 962 est
2089 917 2146 963 ut
2191 909 2356 976 dicis,
2431 921 2627 981 praeter
2678 915 2918 970 seniores
2966 914 3268 984 junioribus
3305 915 3547 971 dicentes

1957 998 2294 1069 simpliciter,
2332 1004 2704 1070 suppositione
2743 1005 2982 1069 silentii,
3038 1016 3131 1059 aut
3159 1006 3544 1076 quinquaginta

1957 1092 2409 1160 percussionibus.
2441 1094 2550 1147 Nisi
2583 1095 2685 1148 hoc
2727 1103 2933 1149 tantum
2965 1097 3087 1150 licet
3114 1097 3368 1163 cod-quali
3396 1096 3545 1151 fratri

1959 1195 2076 1247 suo,
2109 1183 2151 1236 si
2176 1185 2421 1238 veracius
2446 1195 2528 1238 est
2553 1185 2749 1253 aliquid
2777 1200 2936 1255 quam
2975 1187 3064 1240 ille
3091 1187 3244 1255 dicit,
3273 1197 3328 1240 et
3358 1203 3545 1242 recor-

1957 1272 2152 1327 datur:
2188 1273 2242 1327 Si
2273 1275 2410 1329 bene
2441 1275 2651 1340 recolis,
2693 1277 2859 1331 frater
2885 1294 2897 1330 :
2929 1286 2985 1332 et
3012 1278 3148 1332 alter
3189 1278 3292 1332 hoc
3321 1278 3544 1334 audiens

1957 1379 2065 1418 non
2088 1363 2318 1419 affirmet
2354 1381 2658 1421 sermonem
2697 1383 2852 1421 suum
2871 1407 2885 1428 ,
2934 1368 3026 1421 sed
3057 1368 3328 1422 humiliter
3355 1369 3498 1422 dicat
3527 1386 3541 1421 :

1954 1453 2126 1524 Spem
2154 1457 2298 1523 quod
2349 1466 2404 1510 tu
2455 1459 2646 1512 melius
2675 1458 3005 1524 recorderis;
3056 1473 3157 1528 ego
3190 1475 3284 1528 per
3312 1458 3542 1514 oblivio-

1955 1562 2077 1600 nem
2108 1548 2157 1601 in
2189 1549 2352 1603 verbo
2377 1550 2584 1604 excessi
2611 1567 2625 1616 ;
2671 1551 2896 1618 poenitet
2926 1566 3012 1605 me
3048 1550 3192 1620 quod
3239 1551 3381 1605 male
3407 1551 3537 1606 disi.

1953 1635 2096 1692 Ecce
2147 1639 2309 1691 verba
2357 1639 2585 1693 filiorum
2628 1639 2760 1694 Dei:
2817 1637 2968 1693 Nihil
3013 1656 3104 1709 per
3132 1639 3538 1702 contentionem.

1956 1738 2017 1782 ut
2046 1730 2120 1782 ait
2148 1729 2229 1801 Ap
2253 1731 2437 1784 *stolus
2461 1770 2476 1793 ,
2523 1747 2684 1800 neque
2711 1747 2802 1800 per
2828 1733 3038 1784 inanem
3063 1731 3307 1800 gloriam,
3330 1729 3421 1783 sed
3450 1747 3540 1799 per

1887 1852 1929 1910 Β
1957 1818 2300 1871 Ιιηηιίιὶιαιοπι
2329 1821 2565 1887 spiritus,
2615 1826 2748 1873 alter
2797 1824 3013 1874 alterum
3059 1822 3409 1874 existimantes
3447 1836 3536 1870 su-

1957 1911 2216 1976 periorem
2255 1910 2350 1963 sibi
2382 1909 2637 1979 (Philipp.
2669 1925 2743 1978 ll,
2771 1911 2849 1976 5).
2883 1909 3148 1964 Οωῑετυιη
3179 1909 3268 1978 qui
3295 1923 3539 1963 seexeu-

1954 2002 2170 2063 saverit,
2206 2016 2310 2052 non
2337 1998 2472 2055 illius
2505 2001 2596 2053 Dei
2641 2001 2918 2068 spiritalis,
2971 2000 3066 2055 sed
3114 2000 3281 2053 Adam
3313 1999 3543 2054 carnalis

1950 2089 2244 2157 judirrtur.
2275 2090 2375 2156 Qui
2403 2092 2448 2145 si
2495 2108 2601 2146 non
2631 2093 2740 2147 cito
2768 2092 2836 2146 ad
2869 2101 3080 2161 portum
3111 2093 3316 2161 requiei
3362 2093 3536 2146 humi-

1956 2181 2120 2235 litatis
2151 2183 2431 2236 dnminicae
2459 2182 2783 2250 confugerit,
2838 2183 3122 2237 nimiarum
3151 2182 3536 2237 contradictio-

1955 2287 2080 2326 num
2111 2274 2312 2328 alitum
2345 2275 2463 2329 aliis
2489 2275 2736 2344 aperiens
2763 2315 2778 2340 ,
2826 2275 2877 2330 in
2918 2274 3166 2343 superbia
3211 2274 3503 2342 persistens
3524 2313 3539 2337 ,

1953 2363 2020 2415 de
2035 2364 2280 2417 libertate
2301 2373 2498 2418 sancte
2514 2364 2764 2419 Ecclesia:
2787 2365 2839 2418 in
2864 2365 3054 2419 cellula
3077 2364 3146 2418 ob
3169 2363 3538 2432 paenitentiam

1953 2453 2214 2520 agendam
2242 2463 2559 2522 separetur;
2594 2469 2763 2522 usque
2799 2455 2924 2507 dum
2969 2455 3108 2508 bona
3137 2453 3256 2521 ejus
3293 2453 3540 2507 voluntas

1953 2556 2331 2612 cognoscatur.
2386 2554 2550 2614 atque
2589 2562 2686 2615 per
2736 2546 3094 2600 humilitatem
3124 2545 3302 2598 denuo
3339 2552 3539 2598 saneta:

1951 2636 2357 2704 congregationi
2402 2636 2685 2690 inseratur.
2728 2635 2826 2700 Qui
2879 2634 3085 2706 profert
3125 2648 3429 2690 sermonem
3455 2635 3538 2687 vel

1951 2725 2220 2778 modicum
2251 2725 2315 2778 ad
2349 2724 2853 2794 reprehendendum
2880 2741 3016 2794 opus
3042 2724 3280 2786 ostiarii,
3331 2731 3422 2776 aut
3451 2737 3533 2776 os-

1952 2816 2140 2868 tiarius
2185 2817 2227 2869 si
2271 2817 2433 2869 horas
2479 2818 2616 2870 bene
2646 2833 2753 2870 non
2780 2817 3135 2879 custodierit,
3167 2814 3537 2886 suppositione

1948 2907 2169 2971 silentii,
2195 2916 2287 2960 aut
2312 2907 2694 2977 quinquaginta
2719 2909 3176 2978 percussionibus.

2021 2999 2305 3054 l’rofcrens
2331 3001 2727 3055 correctionem
2754 3008 2940 3054 contra
2974 2997 3402 3058 correctionem;
3431 2996 3536 3050 hoc

1946 3099 2048 3152 est,
2078 3091 2348 3158 castigans
2371 3090 2720 3156 castigantem
2749 3103 2826 3154 se,
2854 3087 3021 3142 tribus
3049 3087 3532 3156 suppositionibus.

252 3183 362 3239 liter
381 3185 468 3251 qui
493 3182 835 3252 percusserit
860 3183 1109 3236 dentibus
1138 3183 1364 3236 calicem
1393 3182 1649 3236 salutaris
1676 3223 1688 3244 ,
1744 3196 1839 3235 sex
1869 3217 1914 3275 Β
1949 3180 2010 3233 Et
2034 3181 2121 3251 qui
2154 3182 2436 3235 abscondit
2458 3181 2674 3249 aliquod
2700 3180 2902 3234 crimen
2928 3178 3113 3232 videns
3141 3178 3192 3230 in
3225 3175 3388 3231 fratre
3413 3192 3534 3240 suo,

253 3273 703 3339 percussionibus.
732 3270 987 3326 Ordinem
1024 3271 1268 3326 sacrificii
1299 3273 1389 3340 qui
1435 3288 1539 3325 non
1568 3270 1839 3326 custodie-

252 3365 315 3417 rit
338 3365 396 3416 ad
420 3363 794 3426 oﬂ'crendum,
825 3380 918 3419 sex
958 3364 1414 3433 percussionilms.
1453 3363 1718 3419 Sacerdos
1765 3363 1840 3418 of-

254 3455 414 3508 ferens
441 3455 530 3522 qui
565 3455 802 3523 ungulas
829 3471 933 3509 non
955 3455 1259 3525 dempserit
1283 3496 1296 3520 ,
1353 3465 1408 3510 et
1452 3455 1712 3508 diaconus
1751 3452 1837 3506 cui

257 3546 401 3598 t-arba
434 3554 593 3602 tonsa
636 3563 744 3598 non
776 3546 934 3600 fuerit
961 3564 973 3598 :
1005 3546 1074 3601 de
1121 3555 1298 3600 rastro
1335 3546 1658 3601 sacrificium
1707 3545 1840 3598 acci-

256 3639 468 3701 pientes,
501 3637 575 3690 ad
599 3637 828 3691 calicem
857 3635 1200 3702 accedentes,
1247 3641 1343 3691 Sex
1374 3636 1834 3706 percussionilnts.

255 3727 309 3781 Et
332 3729 416 3797 qui
456 3730 750 3784 subridens
777 3729 828 3782 in
859 3730 1066 3799 synaxi,
1101 3731 1153 3783 id
1183 3739 1265 3783 est
1297 3730 1346 3782 in
1377 3745 1536 3784 cursu
1558 3769 1572 3792 ,
1598 3744 1692 3782 sex
1719 3743 1840 3796 per-

255 3821 625 3880 russionibus:
667 3821 711 3876 si
764 3823 814 3875 in
845 3837 1036 3876 sonum
1082 3823 1221 3877 risus
1263 3823 1497 3890 ezuperit
1532 3860 1547 3885 ,
1589 3821 1838 3888 supposi-

258 3914 412 3976 tione;
447 3915 551 3967 nisi
578 3914 924 3969 veniabiliter
953 3914 1260 3982 contigerit.
1295 3913 1562 3967 Sat-eriles
1583 3910 1838 3973 offerens,

258 4013 306 4056 et
332 4003 587 4059 diaconus
615 4003 939 4060 sacriﬁcium
989 4005 1323 4066 custodiens,
1371 4018 1565 4057 cavere
1595 4017 1661 4055 nc
1691 4003 1840 4068 vagis

258 4093 407 4146 oculis
427 4095 691 4149 aberrent
724 4113 737 4146 :
771 4094 915 4163 quod
943 4095 988 4150 si
1023 4094 1382 4163 neglexerint,
1413 4110 1506 4149 sex
1539 4092 1838 4164 percussio-

259 4183 394 4236 rnbus
417 4183 717 4237 emendari.
1104 4237 1117 4245 ,

317 4273 408 4341 Qui
438 4275 640 4330 oblitus
695 4274 856 4329 fuerit
901 4274 1198 4340 chrismal,
1253 4292 1484 4348 pergens
1538 4282 1724 4350 procul
1767 4283 1837 4337 ad

258 4382 376 4433 opus
403 4367 624 4436 aliquod
654 4408 668 4430 ,
720 4367 901 4436 quinis
945 4368 1233 4437 quinquies
1280 4372 1738 4437 percussionibus.
1780 4373 1835 4428 Si

256 4473 397 4526 super
420 4468 619 4511 nrt-am
654 4457 705 4511 in
739 4472 870 4526 agro
891 4458 1174 4520 dimiserit,
1233 4467 1288 4512 et
1340 4459 1603 4514 invenerit
1632 4465 1836 4529 statim,

258 4549 389 4602 denis
412 4549 702 4617 quinquies
747 4549 1184 4617 percussionibus
1211 4566 1223 4601 :
1257 4549 1300 4603 si
1330 4550 1382 4604 in
1414 4551 1558 4619 ligno
1598 4553 1726 4607 illud
1751 4555 1831 4608 le-

262 4643 459 4704 vaverit,
495 4651 580 4694 ter
613 4641 804 4706 denis,
862 4642 904 4696 si
951 4642 1023 4695 ibi
1064 4653 1279 4697 maneat
1334 4654 1526 4709 nocte,
1579 4649 1829 4717 supposi-

258 4733 406 4785 tione.
433 4729 691 4800 Eulogias
727 4731 1035 4786 immundus
1061 4733 1354 4803 accipiens,
1404 4735 1687 4791 duodecim
1712 4754 1833 4807 per-

261 4823 613 4878 cussionihus:
648 4821 972 4877 obliviscens
1019 4823 1351 4879 oblationem
1408 4825 1620 4891 facere,
1664 4844 1833 4897 usque

259 4913 365 4966 dum
411 4923 501 4969 eat
555 4913 629 4968 ad
682 4911 1047 4977 offerendum,
1102 4925 1319 4971 centum
1369 4919 1827 4987 percussionibus.

260 4998 468 5059 Fabulas
497 5005 704 5060 otiosas
731 5001 1012 5074 proferens
1037 5005 1102 5059 ad
1130 5007 1386 5072 alienum,
1416 5009 1595 5063 statim
1634 5021 1832 5066 semet-

263 5094 411 5163 ipsum
440 5096 872 5168 reprehendens,
900 5094 1056 5148 venia
1083 5105 1291 5152 tantum
1320 5115 1333 5150 :
1362 5099 1404 5151 si
1430 5106 1610 5152 autem
1632 5113 1691 5153 se
1720 5114 1828 5154 non

265 5188 674 5253 reprehenderit,
701 5186 795 5242 sed
826 5186 1226 5251 detractaverit,
1279 5188 1513 5258 qualiter
1540 5204 1633 5243 eas
1661 5204 1827 5245 escuo

261 5289 362 5330 sare
385 5276 607 5343 debeat,
637 5276 1014 5348 suppositione
1061 5276 1283 5342 silentii,
1315 5286 1408 5331 aut
1438 5278 1830 5348 quinquaginta

265 5369 700 5434 percussionibus.
735 5367 1148 5425 Excusationcm
1175 5369 1455 5438 proferens
1473 5383 1593 5423 cum
1619 5371 1829 5440 simpli-

265 5461 429 5525 citate,
468 5461 693 5528 quando
747 5460 800 5514 in
855 5461 1038 5530 aliquo
1086 5459 1404 5527 discutitur,
1456 5469 1526 5514 et
1554 5475 1662 5515 non
1700 5461 1830 5517 dicit

265 5551 418 5605 statim
448 5549 666 5604 veniam
698 5557 889 5616 petens
914 5568 927 5602 :
950 5549 1065 5604 Mea
1087 5550 1265 5620 culpa,
1286 5549 1513 5620 paenitet
1538 5564 1644 5614 me,
1667 5551 1827 5619 quin-

262 5642 490 5710 quaginta
517 5641 977 5714 percussionibus.
1004 5641 1298 5698 Consilium
1329 5650 1516 5698 contra
1540 5643 1827 5698 consilium

263 5747 361 5786 tum
386 5731 740 5802 simplicitate
776 5747 1056 5802 promens,
1086 5733 1476 5803 quinquaginta
1515 5733 1825 5800 percussio—

261 5822 409 5881 nilius.
437 5824 541 5892 Qui
575 5822 746 5880 altare
772 5824 1141 5892 concusserit,
1191 5822 1575 5896 quinquaginta
1603 5836 1826 5893 percus-

1949 3287 2118 3340 usque
2149 3272 2271 3324 dum
2302 3272 2606 3338 corrigatur
2635 3273 2706 3326 de
2738 3271 2845 3325 alio
2874 3269 3034 3333 vitio,
3084 3267 3167 3321 vel
3198 3266 3266 3321 de
3295 3266 3446 3335 ipso,
3479 3277 3535 3321 et

1947 3369 2073 3416 tunc
2097 3361 2300 3430 profert
2334 3361 2464 3415 illud
2493 3360 2750 3415 adversus
2779 3359 3000 3414 fratrem
3023 3398 3039 3423 ,
3093 3357 3260 3412 tribus
3288 3355 3534 3426 supposi-

1945 3453 2197 3506 tionibus.
2235 3451 2658 3521 Reprehendens
2687 3450 2914 3504 aliorum
2951 3449 3173 3502 fratrum
3204 3461 3398 3516 opera,
3440 3455 3530 3498 aut

1943 3543 2270 3607 detractans,
2298 3544 2464 3598 tribus
2481 3542 2959 3612 suppositionibus.
2987 3539 3088 3606 Qui
3110 3538 3343 3593 detrahit
3366 3537 3521 3590 alicui

1948 3634 2120 3700 fratri,
2140 3644 2230 3689 aut
2252 3636 2400 3689 audit
2425 3635 2821 3701 detrahentem,
2845 3648 2950 3686 non
2977 3629 3230 3685 continuo
3255 3629 3529 3694 eori-igcn;

1943 3745 2086 3792 eum,
2124 3731 2292 3784 tribus
2319 3727 2799 3798 suppositionibus.
2827 3724 2928 3792 Qui
2959 3724 3190 3791 aliquam
3222 3719 3524 3775 contentio‘

1943 3837 2065 3874 nem
2097 3835 2217 3874 cum
2253 3819 2462 3873 tristitia
2495 3818 2714 3887 promit,
2739 3817 2898 3872 simili
2930 3815 3094 3869 modo
3126 3813 3294 3867 tribus
3323 3825 3526 3879 suppo-

1942 3911 2229 3966 sitionibus
2263 3912 2539 3980 rmniteat.
2572 3909 2674 3976 Qui
2714 3907 2914 3978 aliquid
2953 3905 3354 3976 reprehendens
3392 3916 3529 3970 prae-

1942 4007 2118 4075 posito
2173 4023 2272 4062 suo
2321 4022 2429 4060 non
2490 4007 2604 4060 vult
2651 4004 2904 4069 indicari,
2957 4017 3126 4070 usque
3169 3999 3295 4053 dum
3348 3998 3528 4052 abbati

1942 4097 2160 4164 indicet,
2192 4099 2360 4152 tribus
2381 4095 2874 4168 suppositionibus;
2906 4095 3004 4148 nisi
3035 4095 3147 4146 haec
3176 4091 3355 4145 omnia
3386 4105 3520 4143 con-

1940 4184 2170 4241 fossione
2199 4188 2498 4242 verecunda
2531 4186 2680 4238 liant.
2711 4183 2768 4239 Si
2799 4183 2917 4253 quis
2946 4183 3108 4236 'rater
3140 4180 3306 4234 tristis
3338 4181 3516 4240 fuerit.

1938 4275 1981 4328 si
2025 4275 2136 4328 fieri
2166 4284 2373 4345 potest,
2423 4275 2851 4330 consolationem
2882 4272 3110 4342 accipiat
3139 4289 3151 4324 :
3186 4272 3228 4326 si
3253 4272 3520 4325 sustinere

1939 4367 2102 4431 valet,
2125 4368 2424 4436 supprimat
2439 4367 2651 4421 interim
2665 4364 3076 4427 conlessionem,
3096 4371 3153 4415 ut
3167 4359 3516 4415 verecundius

1936 4459 2074 4512 dicat
2095 4477 2106 4511 :
2126 4460 2342 4524 quando
2370 4459 2583 4512 tristitia
2600 4456 2911 4522 cessaverit,
2934 4462 3089 4507 orent
3106 4467 3202 4520 pro
3223 4466 3287 4504 eo
3303 4449 3464 4502 fratre
3499 4488 3514 4503 .

2009 4548 2062 4601 Si
2093 4548 2212 4615 quis
2243 4548 2387 4602 dicat
2413 4548 2476 4601 ad
2509 4545 2968 4614 consanguineum
3013 4554 3192 4605 suum,
3222 4539 3520 4611 sollicitans

1936 4653 2057 4693 eum
2092 4639 2142 4691 in
2171 4639 2278 4693 alio
2301 4640 2418 4693 loco
2443 4639 2772 4691 habitantem
2802 4652 2814 4688 :
2843 4633 3030 4688 Melius
3059 4640 3142 4687 est
3164 4640 3220 4686 ut
3247 4632 3522 4687 nobiscum

1931 4728 2142 4783 habites
2172 4737 2264 4782 aut
2310 4743 2429 4782 cum
2462 4724 2727 4793 aliquibus
2751 4762 2766 4786 ,
2817 4723 2987 4777 tribus
3039 4719 3518 4792 suppositionibus.

1932 4815 1998 4870 Et
2023 4817 2114 4887 qui
2140 4818 2409 4886 vituperat
2436 4813 2669 4881 aliquem
2693 4811 2912 4867 fratrem
2938 4810 3255 4880 obsequium
3281 4808 3520 4872 dantetn,

1933 4910 2103 4964 tribus
2156 4905 2637 4977 suppositionibus.
2693 4904 2796 4972 Qui
2844 4901 3302 4969 consanguineum
3356 4897 3519 4952 docet

1932 5003 2165 5071 aliquam
2205 4998 2474 5052 dicentem
2504 5009 2675 5053 artem
2700 5038 2716 5064 ,
2766 5006 2859 5050 aut
2908 4993 3047 5049 aliud
3087 4990 3348 5061 quidlibet
3376 5003 3406 5042 a
3433 5003 3522 5044 se-

1936 5091 2176 5146 nioribus
2220 5089 2567 5159 impositum,
2621 5098 2680 5144 ut
2726 5087 2915 5141 melius
2963 5082 3250 5137 lectionem
3306 5079 3520 5147 discat,

1939 5181 2107 5236 tribus
2132 5179 2615 5248 suppositionibus.

2007 5271 2108 5337 Qui
2138 5270 2205 5326 ad
2235 5272 2581 5342 pmpositum
2612 5267 2771 5322 audet
2800 5264 3020 5321 dicere:
3054 5263 3133 5319 Tu
3172 5278 3283 5318 non
3310 5261 3516 5332 judica-

1936 5363 2018 5417 bis
2046 5375 2266 5417 causam
2296 5376 2496 5424 meam,
2525 5359 2618 5414 sed
2650 5367 2836 5414 noster
2858 5357 3044 5421 abbas,
3076 5362 3169 5408 aut
3196 5352 3378 5408 caeteri
3409 5350 3520 5406 fra-

1937 5463 2080 5518 tres;
2118 5452 2236 5508 sive
2269 5471 2282 5506 :
2316 5452 2395 5506 Ad
2421 5453 2670 5507 abbatem
2704 5451 2897 5505 ibimus
2926 5461 3134 5512 omnes,
3162 5445 3521 5515 quadraginta

1930 5541 2119 5616 diebus
2165 5542 2414 5610 castigari
2459 5547 2675 5609 oportet
2723 5541 2776 5594 in
2828 5537 3143 5608 pmnitentia
3192 5537 3245 5591 in
3298 5549 3438 5605 pane
3464 5543 3522 5589 et

1931 5645 2110 5699 aqua:
2144 5633 2243 5687 nisi
2296 5631 2416 5702 ipse.
2460 5629 2606 5684 dicat
2656 5636 2956 5700 prostratus
3003 5642 3187 5683 coram
3228 5624 3518 5680 fratribus:

1933 5720 2166 5781 Pmnitet
2192 5739 2298 5786 me,
2321 5723 2446 5793 quia
2470 5723 2610 5778 male
2630 5722 2761 5777 dixi.
2791 5721 2980 5776 Frater
3006 5718 3232 5790 quilibet
3257 5716 3310 5773 in
3333 5715 3515 5784 aliquo

1935 5830 2101 5889 opere
2127 5818 2395 5883 detentus,
2427 5816 2674 5886 quamvis
2702 5815 2955 5886 fatigatus
2985 5815 3053 5871 sit
3073 5855 3087 5883 ,
3131 5813 3206 5867 ita
3237 5819 3416 5867 tamen
3443 5807 3511 5861 ad
