3856 6218
321 442 427 494 ἴέθ

1555 426 1613 480 S.
1655 421 1828 478 CULU
1841 421 1930 473 ΜΒ
1943 421 2046 473 \‘Nl
2088 426 2124 475 Α
2137 423 2260 481 ιιιιΑ
2271 428 2372 483 TIS

3489 437 3599 490 229

319 563 664 605 oeconomum
693 546 832 602 dicat
855 543 906 600 in
939 543 1153 616 propria
1201 555 1362 597 causa
1399 557 1410 592 ι
1451 538 1508 593 Si
1557 537 1651 592 tibi
1683 536 1859 606 piaeet
1883 574 1898 599 ,
1932 534 1977 593 Α
2007 534 2303 604 indigentes
2357 538 2668 608 ptenitentia
2727 542 2960 611 psalmos
3025 545 3314 604 decantare
3369 550 3593 608 debent.

318 641 492 692 dicam
518 638 582 691 ad
608 636 885 700 abbatem;
925 634 1006 688 sin
1037 640 1215 686 autem
1236 672 1252 698 ,
1301 645 1407 683 non
1438 627 1614 681 dicam
1643 642 1656 678 :
1689 625 1743 679 in
1772 623 1907 678 alte-

319 734 433 786 rius
461 746 622 785 causa
659 749 669 782 :
696 729 753 783 Si
782 737 836 782 tu
885 728 1046 782 iteras
1067 766 1082 792 ,
1125 741 1234 778 non
1265 723 1360 777 libi
1381 719 1598 775 difficile
1635 718 1905 785 videatur,

320 823 363 876 si
394 820 530 876 forte
553 819 617 874 ad
643 820 890 873 abbatem
918 818 1113 880 dicam,
1139 824 1196 869 ut
1216 813 1520 868 obedientia
1549 809 1902 864 custodiatur.

387 913 489 981 Qui
519 929 625 968 non
659 919 898 983 reportat
922 910 1064 978 quod
1089 905 1402 964 commodat
1427 919 1600 974 usque
1631 903 1683 957 in
1715 901 1906 955 crasti-

320 1021 485 1069 num,
526 1003 569 1058 si
610 1003 723 1071 ipse
753 1008 994 1070 reportat
1023 998 1368 1059 recordatus,
1412 1011 1507 1050 sex
1549 988 1907 1063 pereussioni-

316 1096 415 1150 lms
436 1112 448 1148 :
469 1095 514 1150 si
537 1095 732 1149 oblitus
751 1091 912 1146 fuerit
934 1105 1100 1160 usque
1125 1090 1252 1143 dum
1275 1095 1569 1157 quaeratur,
1594 1083 1902 1138 duodecim.

318 1186 373 1239 Si
397 1185 518 1253 quis
540 1184 738 1238 oblitus
761 1183 924 1235 fuerit
950 1182 1284 1247 interrogare
1303 1177 1542 1232 debitum
1573 1175 1905 1245 pmnitenria:

321 1289 488 1344 usque
519 1275 569 1329 in
619 1274 910 1328 crastinum
939 1311 956 1336 ,
1015 1286 1110 1324 sex
1141 1268 1599 1338 pereussionibns.
1633 1266 1734 1332 Qui
1764 1279 1905 1318 mur-

320 1375 524 1430 murat,
575 1374 670 1419 aut
697 1363 860 1418 dicit:
894 1362 1008 1415 Non
1041 1361 1232 1416 faciam
1281 1358 1380 1413 nisi
1411 1358 1553 1412 dicat
1581 1355 1778 1422 abbas,
1821 1354 1905 1408 vel

319 1455 607 1520 secundus,
634 1454 804 1508 tribus
831 1451 1310 1521 suppositionibus.
1356 1448 1559 1502 Cursus
1589 1461 1694 1500 non
1726 1459 1905 1499 neres-

315 1549 488 1602 sarius
511 1586 525 1610 ,
582 1555 674 1600 aut
718 1546 903 1609 saltus,
935 1543 1220 1598 duodecim
1252 1540 1442 1612 plagis.
1492 1537 1810 1595 Prohibetur
1836 1552 1903 1592 ne

314 1640 434 1712 quis
461 1638 681 1692 alterius
713 1645 893 1690 teneat
924 1650 1164 1688 manum.

386 1727 648 1783 Procnret
679 1741 995 1782 meonomus
1024 1726 1090 1779 de
1129 1724 1465 1778 humanitate
1495 1719 1903 1776 advenientibus

312 1820 636 1884 exhibenda,
681 1827 788 1871 tam
821 1817 1139 1888 peregrinis,
1169 1831 1332 1884 quam
1362 1814 1582 1882 reliquis
1616 1812 1897 1866 fratribus:

2010 628 2261 692 Quamvis
2294 646 2424 700 ergo
2472 634 2524 688 in
2581 643 2741 689 nocte
2797 636 3092 708 dominica,
3143 652 3198 697 et
3249 644 3300 696 in
3349 653 3595 714 tempore

2008 723 2463 792 quinquagesima:
2493 729 2820 796 pmnitcntes
2850 745 3024 798 genua
3057 733 3287 789 flectant.

2077 811 2132 864 Si
2162 815 2244 866 cui
2277 814 2567 882 injunxerit
2596 818 2764 873 abbas
2794 831 2886 874 aut
2908 824 3224 891 praepositus
3244 825 3310 878 de
3340 824 3597 879 fratribus

2010 905 2112 958 iter
2148 920 2327 974 agere,
2357 908 2429 961 ita
2460 909 2857 966 observandum
2902 922 3018 980 est,
3077 925 3134 970 ut
3179 918 3382 972 seniori
3408 918 3595 987 jnnior

2009 993 2223 1047 obediat
2246 1012 2259 1048 :
2285 995 2329 1048 si
2357 1003 2533 1050 tamen
2562 1007 2769 1053 rectum
2798 1000 2955 1055 fuerit
2982 1004 3125 1073 quod
3149 1006 3226 1060 eis
3255 1007 3592 1071 iudicaverit,

2009 1085 2294 1138 observare
2317 1085 2548 1140 Studeat.
2577 1087 2632 1142 Si
2657 1090 2785 1157 quid
2809 1095 3120 1162 pneceperit
3146 1096 3312 1149 abbas
3341 1097 3422 1150 vel
3444 1109 3566 1152 meo

2009 1192 2200 1230 nomus
2222 1176 2414 1244 major,
2443 1188 2498 1233 et
2519 1179 2656 1233 alius
2683 1181 2932 1236 humilior
2955 1183 3228 1238 iteraverit
3247 1201 3589 1251 teconomus,

2010 1270 2123 1337 ipse
2151 1267 2371 1323 obedire
2399 1269 2590 1334 debet;
2615 1271 2856 1327 imlicans
2881 1283 3056 1328 tamen
3087 1276 3140 1329 in
3170 1277 3407 1341 silentio,
3438 1279 3583 1346 quod

2007 1358 2322 1429 praeceperit
2374 1357 2513 1412 alius
2561 1359 2752 1428 major.
2825 1361 2963 1417 infra
3022 1368 3408 1420 monasterium
3454 1381 3589 1420 vero

2005 1448 2183 1504 nullus
2216 1459 2390 1503 tamen
2420 1451 2527 1506 alio
2553 1450 2780 1521 imperio
2811 1455 3150 1523 pneceilente
3179 1459 3435 1529 imperet,
3484 1459 3588 1513 nisi

2004 1541 2092 1609 qui
2123 1551 2336 1610 praeest.

2076 1632 2157 1687 Ab
2200 1633 2353 1688 initio
2398 1635 2502 1690 diei
2555 1652 2726 1706 usque
2773 1647 2988 1693 noctem
3040 1641 3394 1694 commutatio
3423 1641 3596 1695 vesti-

2004 1722 2194 1789 menti,
2225 1729 2281 1776 ct
2300 1723 2470 1777 altera
2524 1726 2574 1779 in
2617 1735 2779 1780 noete
2829 1727 3232 1796 interru-ga-ntur
3277 1728 3592 1798 separatim.

2005 1811 2104 1877 Qui
2138 1814 2408 1867 ministrat
2439 1816 2490 1868 in
2521 1815 2609 1870 die
2649 1816 2916 1871 dominica
2939 1857 2954 1880 ,
2987 1826 3080 1870 aut
3109 1819 3161 1871 in
3192 1818 3296 1871 alia
3325 1817 3555 1872 solemni
3577 1857 3592 1882 ,

311 1920 366 1966 et
392 1925 581 1964 omnes
618 1907 809 1962 fratres
860 1907 1031 1976 parati
1080 1909 1188 1960 s'nt
1237 1905 1302 1958 ad
1335 1902 1744 1956 ministrantium
1774 1916 1897 1955 cum
1934 1904 1973 1961 Β
2004 1903 2071 1955 ad
2101 1903 2369 1958 lavacrum
2399 1913 2491 1958 aut
2519 1905 2585 1958 ad
2633 1919 3009 1976 quamcunque
3049 1907 3456 1975 necessitatem,
3481 1922 3588 1960 una

309 2000 453 2054 omni
505 1997 759 2051 famuiatu
801 2005 1020 2066 propter
1060 1995 1248 2050 Deum.
1289 1994 1543 2060 Quamvis
1585 2007 1899 2048 (economus

310 2108 414 2145 non
445 2090 739 2154 censuerit,
770 2097 863 2142 aut
893 2102 1129 2158 prmsens
1158 2103 1264 2141 non
1291 2085 1469 2150 fuerit,
1501 2086 1680 2138 creteri
1703 2083 1897 2138 faciant

306 2182 590 2249 diligenter
615 2178 757 2247 quod
782 2193 1000 2233 necesse
1023 2186 1136 2246 est,
1186 2186 1243 2231 et
1291 2175 1598 2230 cu-todiant
1646 2175 1896 2228 utensilia

305 2287 511 2337 eorum,
544 2272 716 2325 donec
745 2270 1018 2338 assignent
1040 2285 1102 2323 ea
1126 2277 1310 2338 parata
1333 2267 1562 2321 custodi.
1590 2265 1684 2319 Sin
1716 2275 1895 2319 autem

307 2363 663 2433 neglexerint,
698 2362 1066 2431 pmoitentiam
1106 2362 1174 2415 de
1202 2360 1302 2427 his,
1354 2367 1416 2414 ut
1445 2359 1707 2424 videatur,
1739 2358 1893 2412 adhi-

308 2455 421 2507 beri
453 2453 518 2508 ad
543 2452 800 2520 judicium
830 2453 1147 2508 sacerdotis.

376 2542 476 2610 Qui
517 2558 623 2596 nou
664 2543 902 2612 postulat
929 2542 1136 2597 veniam
1167 2551 1466 2610 correctus,
1498 2544 1890 2614 suppositione.

307 2634 406 2701 Qui
440 2636 733 2690 visitaverit
782 2637 915 2692 alios
955 2636 1148 2692 fratres
1187 2639 1240 2692 in
1290 2639 1425 2694 cella
1480 2654 1731 2693 seorsum
1777 2639 1893 2692 sine

310 2726 753 2794 interrogatione,
777 2728 936 2782 simili
963 2730 1122 2782 modo
1151 2730 1438 2798 pmniteat;
1464 2739 1554 2783 aut
1585 2730 1635 2783 in
1661 2731 1891 2800 coquina

308 2828 428 2890 post
458 2835 654 2874 nonam
684 2821 799 2875 sine
825 2822 1161 2876 ordinatione
1189 2825 1270 2878 vel
1295 2825 1538 2892 jussione
1564 2826 1723 2891 ierit,
1772 2843 1893 2897 sup-

308 2911 574 2976 pcsitione
608 2929 620 2964 :
654 2921 746 2965 aut
783 2921 934 2966 extra
961 2914 1157 2967 vallum
1179 2955 1193 2976 ,
1227 2915 1276 2968 id
1325 2925 1441 2980 est,
1496 2924 1644 2971 extra
1679 2929 1888 2987 septum

305 3001 613 3054 monasterii
660 3001 778 3055 sine
826 3002 1249 3070 interrogatione
1292 3004 1449 3068 ierit,
1495 3007 1884 3076 suppositione.

302 3089 596 3146 Juvenibus
643 3092 836 3160 quibus
885 3093 1172 3163 imponitur
1225 3096 1520 3161 terminus,
1582 3107 1638 3150 ut
1694 3113 1800 3152 non
1829 3113 1891 3154 se

301 3182 572 3252 appellent
599 3183 846 3247 invicem,
877 3186 920 3238 si
954 3187 1265 3253 transgressi
1299 3186 1514 3253 fuerint,
1549 3189 1717 3244 tribus
1755 3204 1886 3258 sup-

2003 1993 2248 2049 oratione
2276 2005 2401 2049 ante
2442 1996 2646 2050 exitum
2699 2004 2752 2049 et
2801 1996 3076 2051 introitum
3101 2004 3263 2066 eget:
3299 1996 3596 2064 interroget

2002 2096 2217 2152 tamen,
2269 2087 2312 2141 si
2344 2104 2452 2142 non
2502 2087 2687 2157 procul
2737 2096 2933 2152 exeat,
2989 2089 3142 2155 signo
3166 2087 3341 2142 crucis
3368 2087 3591 2154 indiget.

1999 2180 2256 2246 Quamvis
2284 2179 2565 2232 ambulans
2598 2180 2773 2247 signet
2807 2194 2867 2235 se
2898 2197 2909 2232 :
2946 2195 3052 2233 non
3083 2186 3166 2232 e~t
3194 2186 3374 2231 autem
3406 2174 3594 2249 [Forte

1999 2270 2200 2341 tamen]
2224 2284 2446 2325 necesse
2468 2270 2533 2323 ad
2557 2270 2820 2323 orientem
2844 2285 2903 2324 se
2931 2278 3162 2323 vertere.
3189 2266 3384 2322 Exiens
3405 2277 3589 2322 autem

1998 2369 2148 2413 extra
2177 2360 2390 2413 domum
2418 2359 2646 2427 quilibet
2687 2358 2948 2414 festinans
2998 2368 3052 2411 et
3098 2374 3154 2413 se
3180 2359 3400 2426 signans
3425 2397 3443 2423 ,
3473 2372 3584 2410 non

1997 2461 2120 2520 eget
2149 2452 2212 2505 ad
2240 2451 2506 2506 orientem
2544 2453 2921 2506 conversione.
2961 2451 3036 2506 lta
3080 2461 3135 2505 et
3183 2452 3234 2504 in
3265 2449 3592 2504 ambulando

1997 2549 2323 2604 conveniens
2353 2544 2641 2615 quidquam
2697 2543 2887 2611 faciat,
2938 2546 2983 2600 si
3037 2546 3251 2600 festinet
3305 2543 3591 2613 postulans

1995 2639 2317 2701 orationem,
2347 2646 2402 2691 et
2429 2650 2486 2689 se
2515 2635 2802 2689 lunnilians
2827 2637 2878 2689 in
2909 2635 3071 2690 domo
3103 2637 3154 2689 in
3184 2651 3287 2704 qua
3318 2650 3423 2688 non
3447 2648 3586 2688 eon-

1995 2745 2126 2801 grua
2159 2730 2250 2782 fiat
2294 2727 2598 2796 genuﬂexio
2623 2765 2638 2790 ,
2692 2727 2935 2781 curvatio
2967 2735 3173 2780 tantum
3209 2734 3497 2779 statuetur.
3528 2725 3588 2780 Si

1995 2823 2114 2890 quis
2145 2822 2406 2885 voluerit,
2467 2820 2518 2872 in
2551 2818 2639 2872 die
2690 2818 2898 2872 sabbati
2944 2825 3210 2887 pra-paret
3253 2816 3589 2870 oblationem

1994 2912 2284 2967 Dominica:
2309 2951 2323 2974 ,
2357 2917 2736 2966 consummato
2788 2909 3001 2964 lavacro
3029 2917 3366 2963 commutare
3405 2922 3590 2962 sacer-

1995 3005 2170 3068 dotes,
2197 3002 2242 3056 si
2267 3002 2424 3057 facile
2448 3001 2609 3055 fuerit
2635 3019 2646 3052 :
2680 3001 2936 3056 diacones
2957 3008 3158 3064 autem,
3188 3007 3281 3053 aut
3301 3005 3428 3051 ante
3449 3013 3588 3066 pra:-

1991 3106 2235 3167 ceptum,
2281 3106 2374 3149 aut
2398 3101 2518 3164 post
2562 3102 2887 3164 prmceptum
2936 3093 3289 3148 ministerium
3319 3100 3586 3162 opportu-

1993 3204 2118 3242 nurn
2144 3205 2178 3259 p
2197 3186 2439 3242 'rficient.

299 3272 656 3340 positionibus
686 3291 699 3327 :
726 3275 829 3328 hoc
861 3283 1067 3329 tantum
1113 3278 1286 3330 dicant
1319 3297 1332 3331 :
1364 3277 1480 3333 Seis
1529 3281 1671 3350 quod
1730 3283 1885 3337 nobis
1915 3270 1963 3333 C
2066 3279 2122 3333 Si
2153 3282 2273 3348 quis
2302 3276 2494 3331 vid-rit
2521 3275 2787 3331 somnium
2816 3273 3174 3338 immundum,
3206 3281 3303 3327 aut
3330 3272 3588 3341 coinqui-

301 3379 408 3418 non
433 3362 561 3418 licet
592 3365 735 3433 loqui
769 3373 966 3420 tecum.
999 3365 1064 3420 Et
1093 3367 1137 3421 si
1159 3368 1279 3436 quis
1302 3371 1618 3439 praeceperit
1642 3372 1719 3425 eis
1739 3372 1884 3440 quod

299 3472 404 3511 non
435 3456 582 3524 licet,
610 3457 708 3527 ipsi
736 3457 918 3513 dicant
951 3479 961 3511 :
995 3459 1110 3514 Scis
1140 3462 1282 3532 quod
1317 3463 1470 3517 nobis
1499 3480 1605 3518 non
1638 3463 1782 3519 licet.
1821 3466 1887 3519 Et

298 3547 340 3600 si
365 3546 479 3617 ipse
507 3549 824 3620 praeceperit
848 3550 1006 3616 ultra,
1035 3552 1149 3622 ipse
1176 3553 1461 3608 damnetur
1487 3555 1654 3610 tribus
1684 3573 1885 3626 suppo-

297 3637 582 3692 sitionibus
607 3653 623 3692 :
653 3639 753 3708 ipsi
782 3648 956 3694 tamen
988 3643 1200 3697 dicant:
1230 3643 1511 3701 Faciemus
1537 3647 1679 3715 quod
1709 3648 1840 3703 dicis
1867 3692 1882 3716 ,

299 3737 353 3780 nt
381 3728 579 3782 bonum
610 3731 928 3785 obedientiae
975 3743 1237 3789 servetur.
1270 3734 1402 3790 illud
1432 3752 1559 3792 vero
1599 3739 1885 3808 specialius

297 3819 593 3874 cavendum
624 3829 730 3888 est,
763 3830 820 3876 ut
849 3826 1123 3892 quomo-lo
1168 3826 1307 3882 inter
1335 3841 1395 3882 se
1446 3837 1634 3884 mutuo
1666 3847 1772 3885 non
1804 3831 1885 3887 lo-

295 3918 554 3978 quuntur,
606 3912 683 3965 sic
721 3929 819 3966 nec
848 3930 942 3982 per
969 3930 1029 3968 os
1059 3915 1276 3970 alterius
1309 3916 1634 3986 loquantur:
1669 3922 1810 3991 quod
1840 3923 1884 3977 si

297 4002 527 4059 seiz'ntes
559 4005 872 4072 tran~gressi
920 4006 1134 4071 fuerint.
1167 4009 1324 4062 simili
1354 4009 1515 4066 modo
1545 4012 1696 4081 quasi
1745 4013 1885 4070 inter

292 4107 354 4146 se
379 4093 545 4148 locuti
574 4093 819 4163 fuissent,
845 4099 1161 4163 pmnileant.

367 4181 468 4236 Cui
498 4185 752 4240 chrismal
784 4189 1058 4256 ceciderit,
1111 4197 1166 4243 et
1195 4190 1324 4244 nihil
1355 4191 1718 4260 eonfringens,
1746 4193 1882 4248 duo-

291 4275 469 4331 decim
517 4280 970 4347 pereussionibus.
1018 4281 1118 4348 Qui
1173 4285 1376 4352 profert
1415 4301 1722 4341 sermonem
1751 4289 1886 4343 otio-

291 4383 414 4422 sum
439 4408 454 4432 ,
512 4369 726 4424 silentio
757 4371 896 4425 inter
932 4373 1065 4426 duas
1117 4373 1278 4428 horas
1321 4387 1715 4445 consequentes
1751 4394 1883 4433 eou-

293 4460 538 4514 demnari
565 4499 579 4525 ,
631 4469 724 4514 aut
751 4460 1032 4516 duodecim
1064 4464 1519 4532 pereussionibns.
1548 4468 1880 4528 i’mnitentes

296 4547 510 4615 fratres,
543 4551 788 4620 quamvis
819 4567 982 4621 opera
1007 4552 1244 4609 difficilia
1275 4564 1330 4610 et
1360 4559 1572 4613 sordida
1603 4557 1872 4627 efficiant,

1988 3381 2144 3425 natus
2172 3371 2350 3434 fuerit,
2377 3378 2469 3423 aut
2489 3369 2779 3440 pmnitens,
2803 3366 3019 3437 quando
3047 3367 3205 3421 detur
3226 3373 3583 3436 praeceptum,

1987 3473 2132 3517 stare
2163 3461 2490 3530 prmcipitur.
2543 3458 2599 3512 In
2646 3459 2853 3526 magnis
2899 3466 3082 3511 autem
3113 3455 3583 3519 solemnitatibus,

1988 3549 2208 3620 quando
2239 3550 2464 3604 audiunt
2487 3565 2699 3613 sonum,
2731 3549 2920 3602 sedere
2948 3565 2961 3600 :
2997 3547 3047 3600 in
3094 3546 3410 3615 quotidiano
3445 3561 3586 3616 pra:-

1988 3652 2166 3714 eepto,
2201 3658 2341 3712 pene
2369 3643 2640 3698 mediante
2663 3641 2882 3713 jubetur
2907 3641 3115 3696 sedere.
3148 3639 3351 3696 Deinde
3379 3655 3580 3694 sonum

1987 3751 2174 3792 omnes
2223 3736 2504 3790 audientes
2557 3735 2624 3788 ad
2662 3734 2884 3805 synaxin
2928 3734 3240 3788 ineitantem
3292 3733 3398 3788 diei
3445 3747 3583 3788 eon-

1987 3837 2211 3894 ventus,
2263 3828 2442 3881 lavent
2495 3836 2621 3880 ante
2673 3827 2894 3880 oratorii
2946 3825 3228 3888 introitus,
3275 3824 3375 3878 nisi
3423 3824 3581 3893 prius

1987 3919 2233 3974 laverint.

2058 4009 2347 4064 Primarius
2375 4016 2436 4062 ut
2466 4009 2668 4078 primus
2698 4008 2890 4078 psallat
2933 4016 3222 4073 statuetur,
3266 4014 3322 4061 et
3364 4021 3567 4062 secun-

1986 4102 2120 4166 dus;
2153 4109 2206 4155 et
2231 4116 2336 4154 non
2369 4098 2614 4155 flectatur
2637 4115 2799 4170 genu,
2829 4100 2922 4154 sed
2957 4108 3162 4154 tantum
3194 4098 3437 4153 curvatio
3461 4095 3576 4150 flat.

1985 4189 2211 4244 Ordines
2236 4190 2327 4259 qui
2352 4190 2579 4258 priores,
2610 4191 2659 4244 in
2705 4191 2883 4245 medio
2923 4189 3053 4244 fiant
3092 4188 3352 4244 oratorii:
3387 4189 3580 4242 exteri

1985 4278 2173 4332 dextra
2205 4279 2441 4348 irevaque
2469 4281 2746 4344 assistant,
2791 4291 2986 4349 praeter
3015 4279 3332 4335 offerentem
3363 4277 3576 4333 eidem-

1986 4381 2094 4436 que
2123 4367 2508 4421 adhrerentem.
2559 4367 2612 4420 In
2645 4373 2900 4437 omnique
2929 4370 3196 4425 dominica
3226 4369 3577 4425 solemnitate

1986 4459 2218 4527 hymnus
2245 4457 2349 4512 diei
2381 4467 2630 4512 cantetur
2659 4458 2931 4521 dominici,
2979 4469 3034 4513 et
3078 4463 3129 4515 in
3157 4461 3245 4516 die
3281 4460 3578 4515 inchoante

1991 4546 2230 4603 Paschae.
2263 4548 2370 4602 Aut
2397 4549 2486 4616 qui
2518 4549 2584 4602 ad
2615 4549 2786 4604 altare
2816 4549 3154 4604 inchoaverit
3176 4590 3191 4614 ,
3239 4550 3382 4604 inter
3405 4551 3579 4605 sacri-

294 4653 401 4693 non
436 4639 617 4693 lavent
646 4644 819 4710 capita
842 4686 857 4710 ,
907 4645 1006 4698 nisi
1048 4645 1099 4698 in
1152 4645 1239 4699 die
1273 4646 1540 4702 dominica
1566 4689 1583 4716 ,
1641 4652 1690 4707 id
1747 4662 1830 4706 es;
1857 4697 1872 4721 ,
1903 4630 1958 4696 1)
1986 4641 2158 4695 ficium
2186 4648 2505 4711 accepturus
2534 4651 2618 4694 ter
2641 4655 2700 4695 se
2729 4641 2993 4695 humiliet.
3029 4639 3092 4694 Et
3120 4641 3240 4695 novi
3263 4682 3279 4707 ,
3321 4641 3446 4707 quia
3492 4643 3574 4696 in-

294 4739 507 4784 oetava.
556 4729 650 4784 Sin
704 4741 882 4784 autem
932 4736 1119 4800 quinto
1165 4736 1376 4791 decimo
1431 4740 1549 4803 die,
1595 4753 1689 4796 aut
1729 4753 1878 4800 certe

296 4827 520 4889 propter
543 4817 818 4874 ﬂuentium
840 4823 1153 4890 eapillorum
1184 4826 1570 4881 incrementum
1587 4867 1604 4892 ,
1655 4833 1875 4888 arbitrio

295 4909 524 4964 senioris
554 4911 924 4980 unusquisque
971 4913 1023 4966 in
1055 4913 1287 4969 lavando
1325 4925 1529 4972 utatur.
1579 4919 1876 4978 Declinatio

293 5001 359 5057 de
383 5000 462 5055 via
494 5002 609 5057 sine
637 5002 1060 5072 interrogatione
1089 5015 1180 5060 aut
1208 5006 1602 5079 benedictione,
1633 5026 1726 5067 sex
1753 5027 1874 5083 per-

291 5093 652 5149 eussionibus.

367 5183 718 5242 Ptenitentias
748 5188 981 5243 minutas
1005 5186 1156 5256 juxta
1187 5205 1426 5246 mensam
1455 5193 1498 5247 si
1529 5193 1715 5250 fecerit
1739 5211 1877 5267 pra:-

293 5277 522 5346 positus,
552 5294 751 5335 mensa:
772 5280 1014 5350 imponat
1042 5299 1056 5338 :
1087 5291 1140 5336 et
1169 5283 1397 5354 amplius
1426 5285 1611 5354 viginti
1640 5288 1876 5360 quinque

293 5370 669 5439 percussiones
690 5373 848 5428 simul
879 5390 983 5429 non
1015 5375 1230 5430 dentur.

364 5461 694 5523 Pennitentes
723 5463 947 5530 fratres,
981 5478 1034 5522 et
1063 5469 1362 5538 indigentes
1386 5472 1698 5542 poenitentia
1729 5477 1869 5548 psaio

292 5568 528 5619 morum,
557 5551 660 5608 hoc
682 5562 792 5618 est,
822 5558 907 5609 cui
935 5573 1156 5612 necesse
1184 5561 1375 5624 fuerit,
1420 5569 1480 5615 nt
1511 5565 1744 5633 psalmos
1775 5567 1870 5621 ad-

291 5643 396 5698 huc
419 5657 516 5712 pro
540 5643 747 5697 visione
775 5654 1033 5700 nocturna
1052 5648 1302 5706 decantet
1325 5669 1338 5706 :
1360 5653 1482 5721 quia
1508 5671 1604 5723 pru
1622 5657 1871 5718 illusione

289 5735 577 5803 diabolica,
609 5752 672 5794 ae
702 5755 799 5808 pro
841 5741 1002 5796 modo
1030 5743 1271 5810 visionis,
1306 5748 1396 5803 alii
1425 5748 1610 5818 viginti
1640 5763 1870 5822 quatuor

292 5831 525 5898 psalmos
571 5833 623 5886 in
672 5833 888 5898 ordine,
947 5835 1034 5892 alii
1079 5838 1414 5910 quindecim,
1460 5844 1548 5898 alii
1587 5844 1867 5904 duodecim

1981 4735 2161 4801 docti,
2212 4741 2267 4788 et
2304 4733 2610 4803 quicunque
2637 4731 2837 4788 fuerint
2864 4735 3017 4799 tales,
3068 4733 3133 4787 ad
3180 4733 3402 4788 calicem
3463 4749 3572 4788 non

1981 4825 2236 4878 accedant
2263 4840 2276 4876 :
2301 4830 2356 4876 et
2397 4825 2614 4891 quando
2654 4823 2880 4878 offertur
2901 4823 3126 4886 oblatio,
3151 4822 3326 4877 nullus
3343 4834 3494 4890 coga'
3510 4839 3574 4876 ur

1979 4923 2197 4971 coactus
2228 4917 2473 4985 accipere
2501 4915 2824 4970 sacrificium
2849 4956 2864 4980 ,
2919 4925 3112 4984 prmter
3164 4915 3568 4969 necessitatem.

1979 5010 2036 5064 in
2066 5009 2321 5078 omnique
2346 5009 2618 5062 dominica
2657 5008 2745 5063 die
2791 5017 2846 5061 et
2892 5007 3262 5070 solemnitate,
3314 5006 3405 5076 qui
3459 5022 3570 5060 non

1983 5100 2143 5155 fuerit
2189 5100 2243 5154 in
2289 5108 2433 5154 ecetu
2486 5100 2712 5154 fratrum
2772 5099 2838 5153 ad
2888 5098 3172 5153 Dominum
3225 5097 3566 5152 fundenlinnt

1980 5205 2196 5262 preces.
2250 5200 2372 5246 oret
2418 5190 2536 5261 ipse
2590 5191 2766 5260 aliqua
2824 5191 3144 5246 necessitate
3195 5198 3457 5257 cogente;
3513 5198 3566 5244 et

1978 5283 2216 5354 quandiu
2245 5283 2534 5350 ofieratur,
2589 5299 2696 5337 non
2723 5283 2946 5338 multum
2975 5283 3330 5338 discurratur.
3381 5279 3565 5337 Ptnui-

1977 5383 2097 5429 tens
2143 5389 2360 5446 quoque
2409 5376 2731 5430 necessitate
2778 5373 2984 5427 itineris
3009 5380 3324 5440 occupatus,
3371 5371 3567 5426 ambu-

1975 5463 2200 5532 lansque
2247 5479 2368 5519 cum
2399 5463 2608 5518 exteris
2637 5462 2910 5516 utentibus
2940 5461 3085 5514 licito
3115 5461 3276 5522 cibis,
3323 5460 3367 5514 si
3395 5459 3567 5515 adve-

1977 5554 2118 5609 nerit
2143 5557 2275 5610 hora
2303 5554 2486 5620 tertia,
2516 5562 2572 5608 et
2602 5554 2762 5621 longe
2785 5551 3228 5620 proficiscantur;
3251 5551 3487 5621 accipiat
3509 5559 3569 5603 et

1977 5645 2091 5714 ipse
2116 5643 2368 5716 quiddam
2413 5642 2516 5697 cibi
2551 5657 2648 5711 pro
2694 5639 2855 5695 modo
2885 5640 3119 5708 quodam
3144 5683 3158 5707 ,
3219 5649 3274 5694 et
3317 5639 3461 5709 quod
3503 5639 3560 5694 ei

1975 5732 2200 5788 defuerit
2227 5731 2456 5801 accipiat
2477 5731 2565 5786 ubi
2594 5730 2856 5798 quiescat.

2047 5824 2103 5882 in
2132 5839 2419 5881 commune
2447 5833 2625 5879 autem
2658 5835 2844 5877 omnes
2874 5819 3065 5878 fratres
3098 5819 3346 5874 omnibus
3375 5820 3558 5875 noui-
