3856 6218
209 340 301 393 si

1488 357 1759 414 REGULA
1801 361 2255 424 C(ENOBIALIS.
3424 391 3533 444 29.2

217 458 313 510 bus
342 464 584 526 tempore
614 459 939 516 orationum
993 465 1047 518 in
1078 464 1181 520 fine
1220 470 1459 523 omnium
1493 473 1823 540 psalmorum
1854 479 1903 536 Α
1933 485 2020 533 tus
2047 483 2327 550 orationis,
2371 487 2653 546 duodecim
2710 493 2964 562 psalmos.
3016 496 3073 552 Si
3103 498 3223 568 quis
3248 501 3433 558 veniat
3460 509 3528 560 ad

219 563 388 613 genua
418 549 470 600 in
520 551 807 615 oratione,
853 556 897 610 si
955 573 1060 610 non
1105 557 1386 617 infirmitas
1433 566 1679 633 corporis
1729 568 1833 623 hoc
1933 570 2252 627 sacrificium
2301 591 2422 631 cum
2480 589 2744 637 nocturno
2792 584 3006 652 cingulo
3063 549 3146 644 νέι
3192 600 3346 648 veste
3385 592 3528 649 circa

223 640 436 702 fecerit,
485 639 708 700 ﬂectere
758 663 923 716 aequo
972 651 1154 706 animo
1208 653 1430 722 debent,
1482 656 1582 711 sub
1610 658 1831 715 silentio

219 733 459 786 dicentes
485 751 498 784 :
530 733 667 790 Deus
707 738 762 791 in
793 740 1117 811 adjutorium
1143 759 1312 798 meum
1333 746 1827 814 intende;Domine,

221 823 291 875 ad
319 824 674 895 adjuvandum
703 847 785 883 me
808 833 1002 901 festina
1028 832 1198 904 (Psal.
1230 849 1375 899 utr,
1402 836 1480 907 2).
1511 837 1682 905 Quem
1709 858 1828 897 vero

218 917 446 970 sic-ilum
479 928 765 990 postquam
797 932 883 977 ter
933 925 982 978 in
1032 926 1282 983 oratione
1313 930 1476 984 tacite
1505 931 1828 988 decantave-

221 1011 352 1079 rint,
371 1013 653 1079 aequaliter
680 1030 707 1068 a
756 1015 990 1071 flexione
1019 1020 1284 1075 orationis
1307 1033 1553 1094 surgant,
1584 1029 1828 1096 exceptis

220 1100 413 1156 diebus
449 1102 756 1167 dominicis,
810 1117 863 1161 et
918 1124 949 1162 a
1005 1109 1092 1163 die
1150 1112 1326 1179 primo
1379 1117 1553 1169 sancti
1610 1114 1827 1172 Pascha:

220 1208 394 1260 usque
422 1196 486 1248 ad
518 1197 1020 1266 quinquagesimam
1042 1201 1183 1256 diem
1213 1220 1224 1255 :
1255 1204 1524 1272 inquibus
1549 1207 1826 1264 moderate

217 1297 278 1336 se
328 1283 384 1336 in
416 1292 662 1355 tempore
717 1288 1031 1357 psalmodite
1061 1290 1408 1349 bumiliantes
1435 1335 1451 1360 ,
1506 1309 1682 1366 genua
1712 1313 1824 1353 non

218 1372 518 1439 ﬂectentes,
549 1377 742 1431 sedulo
772 1377 940 1433 Deum
970 1388 1150 1434 orent.

286 1464 346 1520 Si
376 1466 500 1535 quis
547 1467 716 1522 frater
747 1469 1066 1524 inobediens
1097 1471 1256 1527 fuerit
1281 1513 1296 1538 ,
1339 1473 1482 1530 duos
1509 1476 1627 1533 dies
1656 1495 1821 1534 unum

218 1530 573 1624 paxi'atium
603 1569 661 1612 et
707 1573 924 1627 aquam.
967 1559 1024 1614 Si
1054 1563 1177 1631 quis
1202 1530 1345 1619 dicat
1373 1583 1387 1618 :
1424 1530 1821 1641 Non

214 1647 354 1700 duos
374 1648 493 1702 dies
521 1664 688 1703 unum
715 1650 840 1720 paxi
867 1653 1072 1707 natium
1104 1665 1160 1709 et
1188 1671 1405 1725 aquam.
1439 1661 1495 1715 Si
1525 1662 1645 1730 quis
1675 1680 1821 1718 mur-

216 1745 412 1802 murat,
462 1738 604 1795 duos
657 1739 775 1796 dies
806 1759 970 1797 unum
1017 1746 1370 1814 paximatiutn
1422 1759 1477 1806 et
1509 1768 1730 1824 aquam.
1764 1755 1820 1811 Si

1934 673 2077 722 eum,
2109 661 2392 720 duodecim
2422 665 2679 738 psalmos.

2005 751 2062 806 Si
2090 755 2210 823 quis
2248 765 2375 811 ante
2425 756 2612 813 horam
2663 779 2861 819 nonam
2889 776 3078 837 quarta
3110 778 3369 839 sextaque
3400 771 3529 828 feria

1933 845 2238 912 manducat,
2272 848 2373 902 nisi
2420 848 2662 906 infirmus
2685 895 2699 920 ,
2733 853 2873 912 duos
2919 858 3034 914 dies
3062 860 3111 913 in
3143 876 3282 929 pane
3309 871 3364 917 et
3388 878 3527 936 aqua

1932 935 2202 991 vivat..Si
2233 940 2360 1005 quis
2405 940 2605 997 dixerit
2657 947 2994 1002 mendacium
3046 950 3326 1018 nesciens,
3372 935 3529 1024 quin-

1930 1025 2185 1093 quaginta
2217 1031 2442 1084 verbera
2477 1049 2487 1083 :
2520 1032 2564 1084 si
2606 1033 2786 1088 sciens
2835 1045 2889 1090 et
2942 1039 3138 1100 audax,
3189 1041 3239 1094 in
3291 1057 3429 1110 pane
3476 1053 3531 1098 ct

1931 1129 2091 1185 aqua.
2141 1117 2196 1171 Si
2242 1119 2540 1189 denegatur
2571 1123 2912 1180 mendacium
2967 1129 3104 1196 ejus,
3157 1141 3212 1186 et
3265 1132 3351 1188 ille
3401 1149 3533 1189 con-

1931 1207 2125 1274 tendit,
2167 1218 2374 1279 septem
2406 1211 2522 1267 dies
2569 1212 2620 1267 in
2671 1229 2811 1284 pane
2849 1225 2904 1271 et
2948 1233 3110 1288 aqua.
3163 1219 3217 1274 Si
3249 1221 3370 1290 quis
3415 1240 3531 1277 mo-

1930 1299 2134 1353 nachus
2175 1301 2458 1357 dormierit
2497 1304 2550 1357 in
2600 1319 2706 1359 una
2751 1305 2916 1362 domo
2956 1325 3077 1362 eum
3110 1311 3335 1366 muliere
3361 1352 3375 1377 ,
3416 1322 3527 1368 tres

1928 1385 2044 1441 dies
2076 1388 2126 1441 in
2157 1404 2297 1457 pane
2341 1401 2398 1447 et
2426 1407 2566 1462 aqua
2598 1411 2612 1448 :
2657 1394 2704 1450 si
2753 1397 2979 1453 nescivit
3006 1398 3148 1468 quod
3183 1416 3288 1454 non
3326 1400 3523 1465 debet,

1930 1491 2037 1530 uuo
2068 1477 2174 1531 die.

1998 1565 2053 1619 Si
2086 1568 2208 1636 quis
2240 1585 2346 1623 non
2373 1571 2574 1628 claudit
2600 1575 2920 1642 ecclesiam,
2944 1577 3230 1633 duodecim
3264 1579 3523 1650 psalmos.

1927 1657 1984 1713 Si
2013 1661 2132 1728 quis
2159 1663 2358 1717 emittit
2409 1673 2566 1734 sputa
2592 1705 2607 1730 ,
2665 1676 2723 1720 et
2770 1669 3042 1738 contingit
3092 1670 3298 1736 altare,
3339 1671 3525 1738 viginti

1927 1760 2160 1820 quatuor
2190 1754 2428 1823 psalmos
2457 1774 2470 1808 :
2502 1757 2545 1812 si
2580 1759 2842 1827 parietem
2875 1760 3124 1827 attingit,
3177 1775 3294 1814 sex.
3327 1760 3384 1816 Si
3405 1764 3527 1831 quis

215 1829 334 1898 quis
365 1830 580 1884 veniam
612 1847 718 1886 non
745 1834 901 1903 petit,
932 1845 1025 1889 aut
1048 1836 1178 1892 dicit
1209 1842 1653 1911 excusationem,
1686 1846 1824 1902 duos
1859 1842 1900 1902 Β
1929 1842 2266 1898 Obiit/5505""
2295 1846 2599 1916 Psauendoo
2643 1863 2740 1904 se“
2773 1849 3034 1904 Ιθοίίοηθε
3057 1890 3073 1915 ν
3121 1859 3355 1918 quam"
3383 1853 3527 1922 1³³³1⁸

216 1918 327 1974 dies
353 1935 521 1974 unum
553 1922 910 1990 paximatiutn
941 1932 997 1978 et
1024 1941 1240 1994 aquam.
1267 1928 1324 1984 Si
1350 1932 1456 1986 duo
1485 1932 1676 1988 fratres
1697 1952 1822 1990 con-

218 2007 499 2063 tendentes
517 2011 725 2080 aliquid
758 2020 812 2064 et
845 2012 909 2065 ad
943 2013 1179 2069 furorem
1211 2021 1515 2090 venientes,
1543 2023 1680 2080 duos
1706 2026 1823 2082 dies

219 2115 375 2153 unum
407 2101 767 2170 paximatium
797 2112 854 2157 et
881 2119 1096 2172 aquam.
1147 2107 1203 2163 Si
1255 2110 1450 2180 aliquis
1489 2118 1821 2171 contendens

219 2193 559 2249 mendacium
603 2205 659 2250 et
710 2196 1120 2256 distinctionem
1151 2202 1472 2272 confirmat,
1525 2207 1660 2265 duos
1706 2210 1822 2266 dies

219 2302 375 2340 unum
425 2287 788 2357 paximatium
846 2299 902 2345 et
949 2307 1165 2362 aquam.
1217 2295 1272 2350 Si
1321 2299 1443 2366 quis
1497 2301 1822 2357 contradicit

220 2380 383 2442 lratri,
415 2391 472 2434 ct
505 2398 618 2436 non
649 2383 785 2450 petit
807 2384 856 2438 ei
890 2386 1135 2454 veniam,
1166 2388 1305 2444 duos
1332 2391 1445 2446 dies
1477 2409 1639 2448 unum
1664 2398 1820 2464 paxi-

223 2471 436 2524 tratium
465 2479 522 2525 et
567 2487 787 2541 aquam.
841 2474 897 2528 Si
940 2478 1059 2545 quis
1100 2481 1452 2547 contradicit,
1507 2487 1818 2542 mandatum

224 2575 306 2619 aut
335 2565 580 2634 regulam
619 2566 838 2636 frang't,
891 2568 1033 2624 duos
1081 2571 1197 2626 dies
1246 2588 1412 2628 unum
1442 2579 1816 2645 paximatium.

226 2656 275 2710 Si
300 2657 415 2726 quis
445 2656 682 2726 injungit
718 2658 767 2712 ei
799 2674 937 2728 opus
965 2701 980 2724 ,
1032 2669 1087 2715 et
1132 2663 1470 2734 negligenter
1498 2667 1650 2731 facit,
1681 2669 1820 2726 duos

226 2752 332 2808 dies
359 2768 522 2807 unum
559 2755 938 2823 paximatium.
988 2756 1043 2812 Si
1071 2759 1193 2830 quis
1243 2759 1540 2818 detraxerit
1567 2765 1817 2821 abbatem

229 2859 402 2912 svium,
449 2857 663 2916 septem
715 2848 832 2903 dies
866 2866 1028 2903 unum
1075 2851 1428 2920 paximat’um
1461 2873 1472 2907 :
1508 2856 1550 2910 si
1595 2856 1817 2913 fratrem

230 2954 387 3001 suum,
418 2939 617 3006 viginti
648 2949 886 3008 quatuor
915 2941 1186 3012 psalmos;
1236 2944 1280 2999 si
1315 2945 1655 3014 szecularem,
1685 2950 1818 3007 duo-

229 3027 383 3081 decim
405 3027 666 3096 psalmos.

287 3120 338 3175 Si
367 3122 484 3191 quis
527 3122 870 3179 obliviscitur
898 3098 1103 3195 aliquid
1146 3127 1292 3183 foras
1317 3171 1333 3197 ,
1373 3148 1416 3186 si
1447 3134 1652 3197 minus,
1685 3135 1817 3190 duo-

1925 1949 2064 1987 mos.
2121 1934 2178 1989 Si
2225 1940 2347 2006 quis
2390 1939 2598 1995 tardius
2630 1942 2809 1996 veniat
2863 1941 2930 1996 ad
2973 1943 3275 1998 orationem
3301 1982 3317 2008 ,
3371 1945 3529 2013 quiu-

1923 2028 2200 2095 quaginta,
2233 2030 2320 2083 vel
2352 2032 2520 2100 plagis
2550 2036 2942 2103 quinquaginta
2969 2053 2984 2091 :
3017 2034 3103 2091 vel
3130 2037 3347 2106 segnius
3372 2052 3530 2093 exse-

1922 2117 2106 2187 quitur
2132 2122 2276 2185 quod
2303 2122 2528 2189 jubetur
2557 2123 2626 2186 ei,
2659 2125 3070 2193 quinquaginta.
3104 2126 3161 2182 Si
3188 2135 3310 2197 post
3339 2143 3525 2196 pacem

1923 2213 2214 2278 sanaverit,
2244 2215 2655 2285 quinquaginta.
2701 2216 2756 2271 Si
2789 2220 3098 2272 contumaci
3141 2221 3521 2290 responderit,

1922 2303 2332 2374 quinquaginta.

1993 2396 2048 2450 Si
2079 2398 2259 2451 veniat
2286 2399 2464 2452 velato
2495 2399 2671 2468 cipite
2694 2400 2746 2454 in
2768 2399 2928 2456 domo
2948 2443 2964 2470 ,
2993 2401 3379 2472 quinquaginta
3411 2418 3528 2458 ver-

1922 2487 2048 2543 bera
2123 2488 2180 2542 Si
2212 2505 2320 2544 non
2352 2492 2485 2559 petit
2515 2491 2818 2546 orationem
2850 2509 2972 2547 cum
3005 2494 3172 2548 intrat
3201 2494 3253 2548 iu
3283 2495 3524 2560 domum,

1922 2580 2332 2651 quinquaginta.
2376 2581 2433 2637 Si
2468 2582 2760 2637 manducat
2787 2585 2905 2638 sine
2931 2586 3214 2654 oratione,
3254 2586 3524 2656 quinqua-

1922 2670 2090 2736 ginta.
2119 2669 2174 2724 Si
2200 2670 2409 2727 locutus
2433 2680 2516 2727 est
2537 2672 2736 2742 aliquid
2762 2673 2813 2727 in
2838 2689 2934 2729 ore
2955 2690 3056 2729 suo
3072 2717 3086 2741 ,
3115 2676 3522 2746 quinquaginta.

1922 2761 1977 2816 Si
2007 2777 2198 2817 sonum
2233 2763 2418 2818 fecerit
2447 2765 2572 2819 dum
2619 2775 2824 2830 oratur,
2857 2765 3243 2836 quinquaginta
3275 2766 3520 2821 verbera.

1922 2850 1979 2905 Si
2009 2853 2128 2922 quis
2156 2852 2507 2918 iracundiam,
2540 2853 2622 2908 vel
2657 2855 2952 2920 tristitiam,
2982 2854 3063 2908 vel
3096 2856 3347 2909 invidiam
3378 2865 3526 2911 tenet

1922 2951 2111 2996 contra
2153 2943 2368 2998 fratrem
2409 2959 2609 3010 suum;
2651 2952 2709 2998 ut
2751 2953 2963 3013 tempus
3005 2945 3268 3010 tenuerit,
3308 2945 3380 2998 ita
3419 2961 3526 3000 eri.

1923 3036 2234 3104 pcenitentia
2265 3035 2382 3103 ejus
2412 3036 2462 3090 in
2493 3051 2631 3105 pane
2659 3044 2716 3091 et
2739 3051 2878 3104 aqua
2913 3053 2925 3089 :
2964 3038 3013 3091 si
3052 3050 3181 3091 vero
3230 3037 3400 3107 prima
3434 3037 3522 3092 die

1922 3125 2198 3181 Confessus
2227 3128 2413 3190 luerit,
2448 3128 2631 3196 viginti
2661 3137 2896 3197 quatuor
2925 3129 3182 3197 psalmos.

227 3214 380 3268 decim
409 3214 649 3281 psalmos
679 3233 692 3266 :
727 3216 771 3271 si
800 3216 996 3285 majus,
1048 3220 1262 3288 triginta
1305 3223 1564 3289 psalmos.
1607 3224 1662 3280 Si
1689 3228 1812 3296 quis
1839 3215 1886 3274 C
1988 3217 2304 3289 Quicunque
2331 3221 2652 3275 sacriﬁcium
2685 3221 2994 3290 perdiderit,
3025 3231 3080 3274 et
3111 3222 3277 3275 nescit
3307 3223 3397 3276 ubi
3427 3223 3518 3288 sit,

227 3304 519 3374 perdiderit,
554 3306 639 3360 vel
667 3305 930 3362 deciderit
954 3310 1178 3379 aliquid,
1227 3312 1368 3368 sicut
1397 3317 1626 3385 pretium
1650 3317 1767 3386 ejus
1791 3359 1805 3382 ,

225 3397 285 3449 ita
318 3396 630 3464 pretiitcntia
663 3397 802 3466 ejus.
855 3399 912 3454 Si
960 3402 1082 3470 quis
1137 3402 1268 3458 facit
1301 3405 1632 3476 colloquium
1685 3426 1807 3466 cum

222 3489 444 3542 iaculari
475 3489 596 3545 sine
622 3490 770 3559 jussu
789 3532 802 3556 ,
838 3493 1022 3562 viginti
1053 3504 1287 3564 quatuor
1317 3500 1574 3568 psalmos.
1603 3503 1658 3558 Si
1689 3505 1808 3574 quis

220 3582 417 3648 quando
447 3587 914 3640 consummaverit
954 3601 1091 3656 opus
1143 3603 1320 3655 suum,
1370 3599 1426 3645 et
1490 3593 1634 3647 aliud
1697 3611 1805 3650 non

220 3675 444 3745 requirit,
489 3682 548 3728 et
603 3675 805 3745 aliquid
872 3677 990 3733 sine
1045 3677 1287 3746 jussione
1341 3680 1551 3749 fecerit,
1617 3685 1803 3755 viginti

220 3776 432 3836 quatuor
463 3765 703 3835 psalmos
732 3773 935 3821 cantet.

279 3859 328 3915 Si
352 3857 510 3914 fuerit
530 3857 727 3926 aliquis
749 3857 1022 3929 bilinguis,
1039 3871 1093 3917 et
1113 3863 1404 3920 conturbet
1427 3864 1639 3934 fratres,
1667 3869 1803 3924 duos

215 3952 315 4008 dies
363 3968 526 4007 unum
583 3952 964 4020 paximatium.
1017 3953 1075 4008 Si
1131 3956 1252 4025 quis
1301 3958 1714 4014 manducaverit
1747 3961 1800 4016 in

214 4044 359 4100 domo
385 4044 562 4098 aliena
611 4044 732 4099 sine
757 4043 938 4114 jussu,
968 4053 1026 4100 et
1054 4047 1265 4102 venerit
1303 4047 1486 4104 domui
1517 4065 1647 4113 suze.
1693 4069 1800 4108 uno

211 4136 287 4192 die
342 4136 720 4206 paximatium.
788 4135 844 4191 Si
898 4137 1020 4207 quis
1076 4140 1412 4194 enarraverlt
1466 4143 1799 4211 praeteritum

211 4235 494 4294 peccatum,
524 4242 636 4281 uno
666 4227 754 4284 die
779 4228 1154 4298 paximatium.
1201 4229 1296 4284 Vel
1318 4231 1410 4301 qui
1440 4233 1799 4292 ambulaverit

1915 3325 2059 3363 anno
2088 3311 2368 3379 paeniteat.
2423 3312 2524 3379 Qui
2556 3312 2934 3381 negligentiam
2966 3313 3154 3368 fecerit
3194 3326 3320 3380 erga
3350 3316 3516 3369 sacri-

1914 3399 2119 3465 licium,
2154 3409 2212 3454 ut
2238 3401 2488 3465 siccetur,
2518 3410 2574 3456 et
2597 3417 2627 3456 a
2658 3402 2929 3456 vermibus
2956 3411 3334 3469 conuiuatur,
3361 3402 3432 3457 ita
3463 3417 3521 3458 ut

1912 3491 1976 3544 ad
2019 3491 2244 3549 nihilum
2287 3491 2602 3552 devenerit.
2646 3493 2866 3547 dimidio
2905 3509 3049 3548 anno
3090 3495 3366 3563 pceuiteat.
3415 3493 3518 3561 Qui

1911 3583 2292 3652 negligentiam
2324 3598 2452 3653 erga
2480 3586 2807 3640 sacriticiuun
2842 3585 3159 3652 incurrerit,
3192 3595 3250 3637 ut
3277 3587 3517 3640 invenia~

1910 3683 1996 3728 tur
2025 3677 2224 3730 vermis
2253 3676 2306 3729 in
2336 3692 2434 3742 eo,
2463 3688 2515 3731 et
2547 3687 2722 3732 tamen
2753 3678 2965 3746 plenum
3000 3679 3106 3742 sit;
3143 3678 3264 3747 igne
3293 3677 3515 3733 combu-

1910 3773 1995 3820 rat
2013 3764 2168 3835 juxta
2201 3767 2394 3832 altare,
2425 3777 2480 3821 et
2506 3769 2803 3822 abscondat
2831 3771 3069 3822 cinerem
3100 3769 3217 3837 ejus
3244 3769 3381 3822 intra
3413 3772 3515 3823 sub

1906 3857 2098 3922 altare,
2131 3867 2186 3914 et
2216 3859 2330 3929 ipse
2360 3860 2619 3930 pmniteat
2653 3859 3008 3930 quadraginta
3039 3858 3248 3914 diebus.
3294 3860 3396 3926 Qui
3428 3875 3518 3914 ne-

1905 3951 2056 4020 gligit
2075 3951 2420 4015 sacrificium,
2448 3961 2504 4007 et
2530 3953 2870 4006 immutatum
2905 3951 3087 4017 fuerit,
3118 3959 3173 4007 et
3197 3951 3353 4021 pauit.
3375 3953 3511 4006 ami-

1903 4045 2034 4100 suit
2057 4060 2338 4115 saporem;
2371 4045 2415 4100 si
2441 4046 2604 4099 rubro
2624 4046 2826 4109 colore,
2868 4045 3057 4112 viginti
3083 4045 3198 4099 dies
3220 4044 3509 4115 pmniteat;

1903 4135 1948 4191 si
1986 4137 2374 4208 byacinthino,
2404 4135 2711 4206 quindecim
2757 4134 2874 4189 dies
2915 4136 3197 4205 pmniteat.
3243 4135 3299 4190 Si
3331 4145 3511 4191 autent

1903 4243 2011 4283 non
2057 4228 2400 4283 immutatum
2441 4227 2602 4282 fuerit
2641 4227 2855 4290 colore,
2903 4227 2999 4281 sed
3039 4228 3506 4296 conglutinatam,

1901 4329 2110 4392 septem
2151 4321 2268 4376 dies
2306 4321 2589 4392 paeniteat.
2635 4319 2738 4388 Qui
2780 4327 2961 4375 autem
3007 4320 3256 4374 merserit
3299 4319 3506 4375 sacrilt.

205 4428 329 4482 parte
355 4421 410 4470 et
436 4430 598 4487 aqua.
631 4415 698 4470 Et
729 4416 941 4486 tepidus
969 4417 1063 4487 qui
1110 4417 1340 4473 audierit
1371 4421 1604 4491 aliquem
1649 4438 1797 4477 mur.
1900 4415 2064 4480 cium,
2091 4415 2352 4469 continuo
2377 4412 2526 4467 bibet
2552 4427 2772 4482 aquam.
2806 4410 2907 4478 Qui
2940 4411 2993 4465 in
3021 4409 3277 4465 chrismal
3307 4411 3507 4467 fuderit

209 4516 495 4562 mut-antem
545 4518 603 4563 ct
649 4508 1026 4566 detrahentem
1052 4553 1068 4578 ,
1112 4520 1208 4566 aut
1257 4511 1544 4570 facientem
1585 4516 1791 4585 aliquid
1901 4506 2224 4563 sacriﬁcium
2253 4504 2521 4561 comedat
2562 4503 2619 4559 Si
2647 4504 2714 4558 de
2744 4504 3066 4575 cymbanel
3095 4505 3161 4559 de
3193 4513 3381 4574 ponte.
3407 4520 3503 4564 seu

204 4610 376 4652 contra
405 4597 673 4668 regulam,
704 4607 756 4655 et
779 4602 1058 4657 consensit
1079 4616 1108 4656 a
1132 4600 1473 4660 confessione
1500 4645 1516 4672 ,
1563 4621 1672 4675 uno
1703 4606 1792 4664 die
1820 4596 1872 4658 Β
1899 4600 1966 4654 de
1989 4600 2135 4666 Ιίκηο
2154 4599 2441 4666 εεοῖιῑετίιο
2479 4607 2534 4654 ει
2558 4612 2665 4652 ηοη
2691 4612 2786 4668 Per
2809 4596 3222 4667 ηεειίεοηιὶειηι,
3255 4597 3350 4653 sed
3376 4612 3505 4653 03“"

205 4689 558 4758 patimatium.
1893 4689 2095 4758 aliquo,
2128 4705 2237 4745 uno
2265 4689 2353 4744 die
2382 4687 2663 4760 paeniteat.

264 4781 315 4838 Si
335 4783 454 4852 quis
481 4784 710 4839 suscitat
743 4783 981 4840 furorem
1030 4783 1181 4842 fratri
1208 4800 1328 4849 suo,
1357 4795 1412 4842 et
1440 4787 1698 4845 satisfacit
1736 4792 1785 4846 el
1962 4781 2064 4849 Οιιί
2102 4783 2204 4837 SC“
2249 4779 2469 4836 ίνὲῑνεηι
2498 4795 2653 4836 300m
2685 4795 2913 4851 Ρθοοθτθ
2944 4787 3224 4851 Ρεοοειυτη
3257 4780 3323 4835 δά
3356 4797 3503 4836 "‘0"

209 4884 403 4943 pana,
424 4884 480 4930 ct
507 4875 624 4944 ipse
656 4891 764 4931 non
796 4878 1025 4933 remittit
1052 4880 1099 4934 ci
1126 4919 1141 4944 ,
1191 4877 1288 4934 sed
1315 4879 1539 4936 dimittit
1570 4897 1671 4937 suo
1698 4898 1786 4938 se-
1891 4884 2019 4938 tem.
2046 4884 2100 4930 et
2122 4891 2228 4930 non
2252 4876 2432 4945 arguit
2453 4889 2608 4974 eum,
2639 4875 2775 4944 legis
2806 4874 3081 4944 Evangelii
3110 4873 3286 4974 (lauri.
3317 4873 3500 4974 v,-tti)

207 4967 346 5032 niori,
383 4966 570 5036 viginti
597 4977 838 5037 quatuor
863 4969 1123 5039 ps-ilmos,
1173 4979 1230 5025 et
1274 4971 1371 5026 illo
1413 4971 1502 5026 die
1549 4973 1601 5027 in
1644 4989 1783 5042 pane
1889 4977 2255 5034 transgressor
2285 4974 2521 5030 notetur,
2547 4965 2722 5021 donec
2751 4975 2943 5069 arguat
2966 4965 3265 5069 eumeujns
3294 4964 3496 5069 malum

207 5067 254 5112 et
275 5073 421 5127 aqua.
449 5057 506 5114 Si
545 5057 677 5128 quid
706 5059 938 5114 voluerit
966 5060 1162 5130 aliquis
1187 5103 1200 5125 ,
1251 5069 1309 5117 et
1348 5062 1601 5132 prohibet
1628 5078 1780 5120 mco-
1893 5060 2129 5125 reticuit,
2161 5067 2216 5114 et
2246 5058 2478 5115 fateatur
2506 5059 2824 5158 sacerdoti
2853 5067 2919 5158 ut
2940 5057 3496 5158 quatidiuconscien:

208 5167 396 5216 nemus.
426 5161 482 5209 et
503 5153 661 5222 jubet
699 5152 889 5219 abbas,
920 5156 1160 5226 quinque
1207 5154 1345 5212 dies.
1396 5154 1454 5211 St
1502 5157 1624 5226 quis
1673 5172 1782 5212 non
1893 5153 1965 5210 tia
1997 5154 2138 5210 mala
2169 5153 2410 5221 reticuit,
2440 5151 2626 5208 tandiu
2657 5151 2710 5207 in
2738 5151 3034 5208 amictione
3062 5151 3344 5220 pmniteat.
3393 5149 3497 5216 Qui

209 5248 392 5304 venerit
416 5247 480 5302 ad
507 5247 816 5304 orationem
859 5263 1020 5315 supra
1049 5262 1292 5303 mensam
1324 5257 1378 5303 et
1420 5257 1544 5318 post
1573 5249 1775 5316 cibum,
1889 5253 2116 5318 parvum
2158 5253 2440 5316 peccaturo
2483 5243 2732 5312 reticuit,
2776 5243 2934 5300 simili
2969 5243 3342 5314 correptione,
3387 5256 3496 5300 non

211 5338 458 5394 duodecim
505 5338 748 5410 psalmos
803 5345 1006 5392 cantet.
1050 5337 1106 5393 Si
1155 5338 1279 5410 quis
1321 5338 1604 5395 dormierit
1652 5357 1776 5397 cum
1888 5338 2078 5396 eadem
2127 5336 2422 5436 atllictione
2466 5335 2749 5436 pmtiitcat,
2779 5335 2874 5436 sed
2906 5335 3076 5436 plagis
3115 5335 3358 5404 triginta,
3400 5340 3497 5436 aut

211 5440 388 5498 oratur,
432 5431 476 5486 sl
528 5431 808 5501 frequens,
859 5430 1149 5487 duodecim
1196 5433 1431 5503 psalmos
1481 5443 1697 5501 cantet;
1729 5441 1777 5495 si
1883 5432 2188 5528 quindecim
2220 5427 2456 5528 ρεεξιηῩε
2483 5437 2660 5484 (δηει-
2693 5427 2750 5484 δί
2777 5428 2845 5483 (ιε
2869 5430 3078 5528 remitto
3104 5427 3495 5528 ξρειίυθηῑξηίο

214 5536 300 5577 non
327 5521 586 5593 frequens,
619 5538 720 5598 se;
748 5523 1007 5594 psalmos.
1030 5521 1088 5578 Si
1111 5523 1233 5593 quis
1256 5540 1362 5580 non
1388 5524 1548 5593 dicit,
1578 5526 1774 5592 Amen,
1889 5525 2032 5578 nima
2055 5519 2376 5590 neglexerit,
2393 5520 2457 5616 in
2478 5533 2620 5616 pane
2637 5527 2850 5616 eraque
2869 5519 3159 5616 prandeat,
3181 5523 3244 5570 ut
3264 5526 3495 5616 peccans

215 5615 394 5682 triginta
421 5615 667 5671 verbera.
709 5615 766 5670 Si
800 5625 1172 5686 transgressus
1207 5615 1365 5674 fuerit
1393 5616 1607 5683 horam,
1641 5618 1777 5675 duo-
1881 5617 2032 5689 juxta
2055 5613 2369 5671 mandatum
2392 5611 2602 5666 Domini
2627 5608 3011 5680 (Muttinxvm,
3034 5607 3122 5676 15)
3144 5607 3489 5678 corripiatur.

219 5704 356 5762 iii-ein
377 5710 642 5783 psalmos;
681 5709 728 5765 si
758 5712 1028 5767 canticum
1055 5710 1340 5781 graduum,
1374 5713 1474 5769 nisi
1506 5712 1776 5768 matutina
1887 5712 1989 5778 Qui
2011 5723 2142 5765 vero
2167 5707 2345 5777 arguit
2365 5720 2471 5760 non
2499 5702 2710 5766 leniter,
2747 5711 2987 5804 notetur.
3016 5700 3191 5804 donec
3217 5706 3369 5804 petat
3398 5715 3490 5801 ve-

219 5801 375 5874 tieuu,
397 5803 678 5862 duodecim
705 5804 964 5877 psalmos.
999 5803 1067 5862 Et
1090 5804 1184 5881 qui
1214 5821 1320 5862 non
1351 5805 1584 5864 audierit
1614 5807 1771 5868 soni-
1886 5804 2031 5858 niam
2064 5817 2092 5856 a
2125 5799 2292 5856 fratre
2320 5803 2604 5868 correpto,
2637 5803 2692 5852 et
2721 5795 2893 5867 plagis
2925 5795 3169 5863 triginta,
3206 5800 3298 5850 aut
3327 5795 3487 5862 quin-

209 4321 253 4373 in
295 4321 510 4389 seculo,
568 4331 624 4378 et
667 4324 800 4380 dicit
843 4324 912 4379 de
955 4325 1137 4380 δωρειιί
1186 4337 1437 4397 peccato,
1491 4345 1598 4384 uno
1627 4330 1714 4386 die
1743 4332 1797 4386 in
