3856 6218
323 372 433 428 223

1570 376 1627 429 S.
1670 368 2069 428 cowuusm
2111 370 2399 428 AIiBATlS

3530 372 3627 429 εει

323 486 500 541 decim
540 486 798 557 psalmos.
854 489 957 555 Qui
989 498 1270 559 peccatum
1302 490 1607 561 pudendum
1639 487 1797 542 alicui
1828 502 1925 540 cs-
1957 489 2006 546 Α
2036 493 2235 542 statuta
2264 489 2484 558 segnius
2514 487 2674 543 fuerit
2699 500 3015 554 exsecutus,
3046 490 3439 559 suppositione.
3467 488 3525 542 Si
3550 488 3635 543 di-

326 575 581 645 probrat,
610 579 917 648 priusquam
961 581 1102 635 inter
1128 597 1187 636 se
1213 591 1267 636 ct
1296 581 1468 651 ipsum
1500 580 1677 635 solum
1708 588 1932 647 arguat,

324 670 467 725 sicut
501 670 758 727 Dominus
784 671 911 726 dicit
936 670 1155 741 (Matth.
1187 676 1335 741 uin)
1357 714 1371 737 ,
1404 673 1732 741 corripiatur
1759 671 1936 725 donec

328 760 661 831 exprobrata
702 762 1020 832 satisfaciat,
1050 773 1108 819 et
1139 764 1305 819 tribus
1326 763 1517 819 diebus
1544 778 1685 833 pauc
1711 769 1768 815 et
1794 774 1933 829 aqua

328 855 610 925 pwniteat.

401 947 503 1015 Qui
537 948 927 1017 transgreditur
966 950 1203 1018 regulam
1227 950 1487 1019 jnssionis
1518 949 1601 1003 vel
1641 946 1935 1015 disciplina:

328 1037 618 1101 generalis,
649 1049 866 1093 maneat
893 1041 1150 1110 expulsus
1171 1042 1288 1096 sine
1309 1042 1452 1102 t-ibo,
1486 1050 1543 1093 ut
1566 1040 1617 1092 iu
1641 1038 1934 1094 crastinum

330 1126 645 1193 recipiatur.
698 1126 799 1193 Qui
831 1128 979 1184 Solus
1008 1145 1129 1183 cum
1159 1130 1273 1184 sola
1307 1129 1503 1185 femina
1544 1129 1661 1182 sine
1692 1128 1937 1197 personis

332 1218 493 1273 certis
514 1218 850 1274 familiariter
873 1221 1129 1288 loquitur.
1154 1229 1371 1274 maneat
1400 1218 1515 1272 sine
1538 1218 1681 1281 cibo,
1706 1218 1788 1271 vel
1811 1218 1940 1271 duo-

331 1309 431 1363 luis
460 1309 652 1363 diebus
678 1310 730 1363 iu
764 1327 904 1380 pane
932 1321 988 1365 et
1018 1327 1183 1379 aqua,
1213 1312 1297 1365 vel
1324 1311 1572 1366 ducentis
1603 1309 1792 1377 plagis.
1833 1309 1936 1376 Qui

332 1398 609 1464 prmsuntit
639 1398 817 1452 facere
843 1400 1207 1467 ambasciaui,
1238 1416 1344 1455 non
1375 1401 1724 1470 permittente
1750 1414 1817 1453 eo
1843 1400 1936 1468 qui

334 1493 550 1553 praeest,
580 1486 751 1541 libera
774 1496 830 1543 et
849 1487 1109 1544 effrenata
1138 1492 1485 1561 processionc
1508 1490 1715 1558 absque
1747 1503 1934 1543 neces-

334 1577 523 1645 sitate,
553 1579 941 1650 quinquaginta
973 1583 1141 1653 plagis
1172 1583 1503 1639 inhibeatur.
1544 1581 1739 1654 Operis
1769 1598 1935 1651 pecu-

335 1668 482 1725 liaris
512 1673 861 1743 praesumptio
890 1684 1109 1729 centum
1143 1676 1313 1744 plagis
1342 1692 1353 1727 :
1399 1675 1673 1745 possessio
1712 1672 1939 1741 alicujus

334 1760 435 1826 rei,
464 1776 625 1830 quam
648 1777 757 1817 non
780 1766 1075 1819 necessitas
1097 1766 1421 1832 generaliter
1443 1764 1698 1817 fratribus
1717 1777 1941 1816 conceso

2039 576 2199 631 missa
2246 578 2435 646 synaxi
2487 594 2594 631 non
2637 579 2899 633 continuo
2946 578 3015 634 ad
3060 580 3250 634 cellam
3305 578 3640 643 recurrerit,

2034 669 2427 738 suppositione.
2460 668 2517 723 Si
2545 685 2668 724 cum
2699 669 2880 739 aliquo
2911 669 2978 724 ad
3009 671 3275 726 modicum
3304 668 3638 731 substiterit,

2034 761 2423 828 suppositione.
2456 759 2512 815 Si
2542 760 2607 814 ad
2634 760 2903 817 modicum
2938 762 3196 832 temporis
3224 762 3431 832 uspiam
3461 772 3647 815 seres-

2036 852 2196 917 serit,
2236 851 2628 921 suppositione.
2662 851 2718 906 Si
2744 867 2868 907 cum
2900 852 3011 906 ullo
3037 852 3129 922 qui
3158 850 3308 906 cella:
3333 866 3445 905 sum
3470 850 3643 904 coha-

2036 940 2236 996 bitator
2279 956 2386 995 non
2419 950 2521 1005 est,
2553 942 2885 997 confabulari
2924 942 3461 1011 quantulumcunque
3503 954 3642 1008 pra:-

2036 1030 2353 1097 sumpserit,
2382 1030 2773 1099 suppositione.
2805 1032 2860 1086 Si
2890 1032 3108 1087 alterius
3138 1032 3370 1087 tenuerit
3398 1045 3639 1090 manuni,

2036 1122 2426 1191 suppositione.
2457 1122 2511 1177 Si
2542 1123 2778 1178 oraverit
2806 1138 2927 1179 cum
2959 1122 3048 1177 illo
3075 1122 3168 1192 qui
3193 1129 3276 1177 est
3298 1121 3366 1176 ab
3395 1120 3649 1176 oratione

2036 1230 2329 1283 suspensus
2346 1256 2361 1281 ,
2393 1216 2785 1286 suppositione.

2109 1308 2165 1361 Si
2198 1315 2480 1377 parentum
2511 1308 2819 1377 quempiam
2852 1306 2935 1361 vel
2964 1306 3265 1361 amicorum
3292 1306 3641 1361 saecularium

2041 1399 2253 1463 viderit,
2287 1399 2369 1452 vel
2396 1399 2695 1453 collocutus
2723 1398 2882 1452 fuerit
2906 1398 2954 1452 ei
2984 1398 3103 1452 sine
3120 1396 3363 1466 iussione
3388 1414 3403 1462 ;
3435 1398 3480 1452 si
3503 1397 3646 1467 epis-

2040 1491 2206 1546 tolam
2245 1494 2615 1561 cujuscunque
2651 1506 2731 1545 su:
2746 1490 2951 1560 ceperit
2974 1532 2991 1557 ,
3012 1489 3055 1544 si
3088 1488 3325 1543 tribuere
3354 1504 3651 1558 praesump-

2039 1584 2172 1641 serit
2211 1584 2330 1638 sine
2379 1598 2478 1636 suo
2524 1582 2740 1645 abba'e,
2790 1580 3181 1650 suppositione.
3235 1578 3290 1634 Si
3340 1577 3649 1646 impedierit

2041 1674 2275 1741 aliquem
2306 1688 2335 1724 a
2365 1671 2657 1726 necessarii
2701 1671 2825 1725 facti
2855 1670 3195 1739 explrtioue,
3249 1668 3647 1738 suppositione.

2043 1761 2099 1814 Si
2128 1778 2223 1831 per
2253 1760 2505 1816 ardorem
2536 1761 2733 1815 mentis
2759 1760 3057 1828 legitimum
3086 1758 3365 1826 religionis
3395 1772 3649 1813 excesse-

332 1851 422 1915 sit,
450 1853 744 1908 amissione
773 1853 1034 1921 ejusdem,
1067 1863 1122 1906 et
1149 1863 1365 1908 centum
1398 1854 1569 1921 plagis
1598 1864 1936 1908 coerceatur.
1974 1854 2017 1911 Β
2046 1852 2118 1907 rit
2147 1852 2400 1918 modum,
2444 1852 2839 1922 suppositione.
2889 1851 2945 1904 Si
2986 1850 3152 1904 alium
3180 1848 3478 1905 ferventem
3510 1865 3541 1903 a
3575 1850 3648 1905 le-

335 1939 712 1995 Necessarium
753 1957 885 1996 vero
927 1958 989 1997 ac
1029 1944 1234 1997 licitum
1273 1944 1476 2012 aliquid
1535 1943 1735 2005 fatere,
1786 1941 1936 2008 dare,

336 2034 588 2106 accipere
614 2037 732 2092 sine
766 2036 1041 2106 iussione,
1086 2038 1373 2093 duodecim
1404 2037 1611 2107 plagis:
1659 2036 1760 2091 nisi
1802 2037 1944 2092 ratio

338 2124 515 2196 aliqua
544 2124 819 2193 defendat,
852 2137 907 2182 ut
936 2129 1163 2200 suppch
1186 2128 1483 2184 satisfactio
1515 2130 1774 2184 reuii'tat.

410 2218 509 2284 Qui
541 2218 833 2275 comedens
871 2220 1137 2291 loquitur,
1183 2236 1281 2277 sex
1312 2220 1503 2291 plagis.
1556 2218 1620 2273 Et
1653 2220 1809 2289 cujus
1838 2234 1945 2273 vox

340 2310 604 2381 obstrepit
625 2311 693 2367 de
717 2328 901 2367 mensa
923 2312 988 2367 ad
1017 2328 1283 2381 mensam,
1313 2328 1408 2368 sex
1440 2313 1632 2382 plagis.
1678 2312 1735 2367 Si
1757 2312 1826 2367 de
1848 2312 1948 2365 do-

340 2418 429 2457 mo
460 2401 625 2471 foras,
655 2404 740 2458 vel
764 2404 831 2458 de
860 2402 992 2459 foris
1020 2404 1073 2458 in
1103 2403 1323 2459 domum
1352 2405 1624 2471 sonuerit,
1658 2402 1945 2458 duodecim

344 2491 534 2567 plagis.
568 2491 761 2562 Egredi
788 2494 872 2550 vel
901 2495 1105 2565 ingredi
1130 2496 1181 2551 in
1205 2495 1456 2561 domum,
1489 2506 1582 2550 aut
1602 2510 1740 2567 opus
1768 2492 1946 2549 facere

340 2585 459 2641 sine
499 2586 746 2643 oratione
785 2596 841 2644 et
879 2589 1035 2658 signo
1074 2590 1277 2653 crucis,
1324 2588 1605 2644 duodecim
1645 2588 1835 2659 plagis.
1888 2585 1947 2641 Si

344 2676 499 2732 aliter
526 2676 709 2743 fuerit,
734 2680 973 2748 quinque
1004 2679 1193 2749 plagis.
1226 2678 1403 2735 Meum
1433 2680 1519 2735 vel
1549 2688 1701 2734 tuum
1722 2680 1944 2745 dixissr,

341 2782 440 2821 sex
480 2766 672 2837 plagis.
707 2766 943 2823 Verbum
982 2780 1172 2825 contra
1216 2771 1443 2825 verbum
1478 2770 1795 2840 simpliciter
1826 2770 1944 2826 dic-

342 2866 477 2920 tum.
507 2871 604 2913 sex
635 2859 1075 2927 percussionibus
1103 2878 1117 2914 :
1151 2860 1197 2915 si
1227 2874 1292 2914 ex
1322 2859 1695 2927 contentione,
1724 2869 1947 2915 centum

343 2945 511 3015 plagis
541 2946 626 3002 vel
654 2949 1026 3017 suppositione
1052 2948 1272 3003 silentii.
1318 2948 1375 3003 Si
1406 2947 1651 3003 ordinem
1683 2948 1947 3017 psallendi

346 3054 453 3092 non
481 3040 810 3108 servaverit,
852 3055 948 3096 sex
978 3041 1440 3111 pcrcussionibus.
1482 3040 1539 3096 Si
1570 3050 1777 3097 statuto
1808 3052 1946 3110 teut-

346 3146 478 3199 pore
520 3132 897 3188 taciturnitatis
935 3134 1079 3203 loqui
1121 3134 1524 3207 praesumpserit
1560 3134 1679 3189 sine
1707 3134 1945 3189 necessi-

347 3230 477 3286 tztte.
508 3224 695 3279 decem
723 3234 778 3280 et
806 3234 1013 3295 septem
1046 3226 1185 3296 plagi
1222 3268 1237 3281 .

413 3314 471 3370 Si
518 3316 641 3385 quis
678 3317 747 3371 de
794 3318 1133 3386 supellectile
1174 3318 1487 3373 monasterii
1528 3334 1624 3390 per
1663 3326 1949 3389 contemp-

346 3416 459 3461 tum
489 3408 757 3472 amiserit,
806 3408 891 3464 vel
922 3409 1263 3479 dissipaverit
1291 3411 1419 3481 quid
1439 3453 1454 3478 ,
1503 3412 1724 3483 pr0prio
1752 3413 1951 3467 sudore

345 3509 402 3553 ct
440 3499 622 3569 operis
663 3500 966 3570 adjectione
1006 3502 1279 3568 restituat,
1312 3503 1397 3559 vel
1436 3518 1536 3573 pro
1570 3504 1951 3570 aestimatione,

346 3591 569 3646 arbitrio
598 3592 927 3659 sacerdotis,
971 3594 1344 3664 suppositione
1374 3595 1667 3663 paeniteat,
1710 3605 1806 3649 aut
1844 3610 1954 3651 uno

346 3682 434 3737 die
462 3682 514 3735 in
546 3697 684 3751 pane
706 3691 761 3736 et
789 3698 949 3752 aqua.
982 3683 1039 3738 Si
1071 3700 1177 3740 non
1208 3694 1548 3755 contemptu,
1578 3686 1673 3741 sed
1701 3700 1831 3741 casu
1861 3686 1955 3741 ali-

348 3786 458 3841 quo
499 3770 741 3825 amiserit
778 3778 872 3825 aut
915 3770 1169 3843 fregerit,
1220 3790 1329 3830 non
1368 3774 1526 3830 aliter
1568 3775 1954 3844 negligentiam

346 3878 498 3917 suam
528 3878 689 3933 quam
717 3864 929 3933 publica
958 3864 1128 3919 diluat
1158 3867 1473 3935 pcenitentia
1502 3884 1515 3933 ;
1544 3868 1754 3923 cunctis
1783 3868 1835 3921 in
1866 3884 1955 3940 sy-

346 3954 471 4009 naxi
497 3953 750 4010 fratribus
772 3955 1113 4023 congregatis
1136 3957 1319 4012 taudiu
1347 3968 1653 4027 prostratus
1674 3958 1727 4015 in
1752 3970 1955 4016 terram

348 4045 562 4100 veniam
608 4046 925 4116 postulabit,
972 4046 1148 4103 donec
1192 4049 1500 4105 orationum
1546 4061 1958 4107 consummetur

348 4137 702 4204 solemnitas;
736 4139 1121 4208 impetraturos
1149 4154 1294 4205 eam,
1324 4156 1449 4196 cum
1476 4142 1659 4211 jussus
1681 4141 1843 4199 fuerit
1867 4143 1959 4199 ab-

350 4228 490 4285 batis
508 4228 710 4298 judicio
730 4230 799 4285 de
818 4230 937 4285 solo
960 4243 1201 4298 surgere.
1248 4229 1451 4287 Eodem
1477 4233 1638 4289 modo
1661 4233 1959 4291 satisfaciat

347 4321 589 4390 quisquis
624 4320 693 4375 ad
730 4322 1035 4379 orationem
1077 4322 1161 4380 vel
1196 4338 1336 4395 opus
1371 4324 1593 4397 aliquod
1633 4329 1956 4399 accersitus,

350 4410 562 4465 tardius
589 4412 909 4469 mouerit.

420 4499 480 4556 Si
508 4502 801 4559 decantans
831 4504 1098 4574 psalmum
1130 4505 1485 4575 titubaverit;
1508 4507 1555 4565 si
1584 4507 1858 4580 superant
1886 4511 1960 4567 sit

2049 1948 2237 2017 gitimo
2276 1945 2418 2000 facto
2456 1946 2693 2000 rct’nere
2728 1944 2991 2015 temporis
3025 1943 3109 1999 sui
3149 1944 3322 2014 gratia
3363 1958 3652 2013 prazsump-

2046 2057 2136 2096 ser
2160 2049 2198 2105 t,
2228 2040 2621 2111 suppositione.

2120 2131 2237 2187 lluc
2264 2147 2437 2203 Usque
2466 2141 2520 2183 et
2548 2130 2600 2184 in
2632 2130 2897 2184 similibus
2927 2128 3231 2184 commissis
3259 2126 3509 2197 procedit
3537 2128 3625 2181 ani

2050 2224 2351 2279 madversio
2378 2221 2653 2291 spiritalis,
2679 2232 2736 2279 ut
2760 2220 3060 2289 increpatio
3088 2233 3208 2289 qua:
3239 2218 3298 2271 fit
3327 2233 3357 2271 a
3386 2218 3649 2288 pluribus,

2050 2316 2294 2387 peccanti
2326 2314 2572 2384 proliciat
2600 2313 2668 2367 ad
2695 2313 2925 2367 salutem
2944 2354 2959 2378 ,
3017 2320 3070 2366 et
3100 2310 3171 2366 de
3210 2320 3412 2365 ca-tcro
3440 2312 3649 2365 cautior

2050 2418 2106 2463 ct
2132 2406 2438 2475 diligentior
2462 2403 2843 2459 emendatione
2874 2418 3085 2458 morum
3121 2402 3232 2458 Deo
3263 2402 3502 2473 propitio
3542 2403 3654 2458 sal-

2047 2507 2205 2553 vatus
2233 2498 2451 2553 existat.

2121 2588 2223 2656 Qui
2270 2595 2451 2643 autem
2491 2588 2665 2643 rixam
2695 2590 3061 2649 commiserit,
3088 2596 3295 2657 septem
3326 2586 3518 2641 diebus
3544 2599 3653 2655 po:-

2050 2684 2240 2734 niteat.
2294 2678 2395 2745 Qui
2431 2694 2561 2734 vero
2586 2694 2744 2734 suum
2794 2678 3140 2747 praepositum
3188 2674 3534 2746 despexetit,
3565 2683 3657 2729 aut

2052 2772 2293 2842 regulam
2341 2771 2823 2841 blaspltemavcrit,
2858 2769 3000 2824 foras
3049 2767 3394 2839 repellendus
3424 2776 3529 2831 est,
3556 2769 3656 2823 nisi

2054 2862 2169 2932 ipse
2196 2861 2341 2917 dicat
2370 2880 2383 2915 :
2419 2860 2655 2917 Ptenitct
2684 2875 2773 2915 me
2803 2860 2945 2930 quod
2973 2858 3104 2913 dixi.
3160 2858 3217 2913 Si
3248 2867 3428 2912 autem
3460 2875 3520 2913 se
3550 2875 3659 2915 non

2052 2954 2447 3018 ltumiliaverit,
2478 2952 2832 3022 quadraginta
2863 2950 3056 3006 diebus
3086 2950 3375 3020 rmztiteat,
3406 2950 3530 3020 quia
3562 2968 3657 3005 su-

2052 3045 2252 3117 pcrbim
2283 3044 2473 3098 morbo
2502 3044 2796 3099 detinetur.
2830 3042 3103 3097 Verbosus
3126 3042 3494 3096 taciturnitate
3516 3042 3662 3096 dam-

2054 3136 2265 3192 nandus
2292 3143 2393 3200 est,
2420 3134 2689 3203 inquietus
2721 3132 3147 3197 mansuetudine,
3182 3132 3405 3200 gulosus
3429 3131 3661 3201 jejunio,

1977 3224 2024 3287 C
2057 3229 2428 3285 somnolentus
2454 3226 2655 3296 vigilia,
2683 3226 2948 3292 superbus
2974 3238 3224 3289 carcere,
3252 3223 3545 3279 destitutor
3573 3239 3662 3278 rc-

2058 3322 2325 3394 pulsioue.
2370 3317 2747 3387 Unusquisque
2764 3317 2914 3387 juxta
2941 3316 3086 3387 quod
3108 3322 3345 3370 meretur
3366 3318 3663 3387 comqualia

2056 3414 2272 3477 sentiat,
2304 3420 2364 3465 ut
2389 3410 2565 3479 justus
2588 3408 2731 3478 juste
2758 3408 2923 3462 vivat.
2976 3409 3170 3462 Amen.

2130 3500 2185 3555 lu
2218 3499 2376 3571 omni
2415 3499 2537 3553 loco
2576 3506 2631 3551 et
2668 3511 2835 3566 opere
2872 3497 3071 3551 silentii
3116 3498 3303 3566 regula
3337 3512 3666 3569 magnopere

2058 3590 2318 3649 custodiri
2357 3598 2644 3655 censetur;
2671 3597 2729 3643 ut
2766 3589 2945 3653 omni,
2986 3598 3247 3658 quantum
3288 3591 3521 3646 valuerit
3560 3593 3665 3646 bu-

2058 3698 2215 3740 mana
2240 3680 2518 3751 fragilitas,
2543 3695 2664 3751 quze
2691 3695 2861 3751 prona
2884 3679 2949 3733 ad
2974 3681 3127 3748 vitia,
3158 3680 3297 3735 unde
3327 3682 3670 3753 prmcipitare

2056 3778 2223 3841 solet,
2248 3776 2569 3830 mundemur
2600 3773 2757 3838 vitio.
2778 3771 3300 3844 mdiftcationemque
3328 3775 3511 3843 potius
3541 3791 3670 3847 pro-

2061 3869 2348 3933 ximorum,
2380 3882 2480 3937 pro
2508 3866 2703 3936 quibus
2731 3864 2982 3919 Salvator
3014 3874 3201 3921 noster
3228 3863 3390 3921 Jesus
3418 3877 3668 3923 sanctum

2058 3962 2248 4019 eﬂ‘udit
2288 3961 2636 4031 sanguinem,
2676 3975 2838 4031 quam
2870 3958 3311 4015 dilacerationem
3356 3960 3668 4016 absentium

2061 4058 2113 4113 in
2139 4063 2359 4127 pectore
2381 4060 2736 4123 conceptam,
2783 4046 2842 4106 et
2886 4052 3059 4107 otiosa
3105 4051 3306 4122 passim
3350 4053 3557 4119 verba,
3602 4052 3670 4110 de

2058 4148 2253 4220 quibus
2286 4144 2436 4214 justo
2460 4158 2649 4200 sumus
2678 4142 2943 4197 rationem
2994 4141 3309 4198 retributori
3367 4141 3668 4211 reddituri,

2059 4256 2156 4297 ore
2186 4251 2519 4309 promamus.

2132 4329 2260 4389 ιιωο
2287 4342 2542 4401 superum
2583 4324 2891 4381 volentibus
2930 4338 3156 4395 carpere
3183 4324 3289 4380 iter
3317 4323 3552 4381 tendens
3579 4324 3672 4381 alti

2059 4424 2127 4481 ad
2172 4422 2386 4493 fastigia
2429 4433 2672 4483 summa,
2702 4416 3003 4486 relictaque
3043 4416 3211 4471 bumo
3252 4430 3376 4471 cum
3424 4414 3688 4487 ﬂagitiis,-

2062 4517 2205 4574 ultro
2226 4512 2590 4569 ambientibus
2619 4508 2710 4564 uni
2733 4507 3011 4564 adhaerere
3040 4506 3152 4563 Deo
3174 4507 3316 4563 banc
3342 4507 3396 4562 in
3420 4507 3675 4564 tellurem

346 4592 553 4659 durus;
582 4594 627 4649 si
655 4597 1026 4653 contumacius
1056 4600 1428 4670 responderit,
1459 4602 1855 4673 suppositione.
1896 4602 1954 4660 Si
1988 4623 2035 4683 ο
2060 4610 2245 4673 misso,
2268 4604 2595 4669 statuimus;
2623 4598 2712 4671 qui
2742 4597 3069 4655 immortalia
3096 4597 3349 4653 nimirum
3377 4608 3507 4654 sunt
3536 4614 3699 4670 pm.

350 4685 967 4759 negligentiusobseqnia
984 4690 1218 4761 injuncta
1234 4693 1957 4765 impleverit,suppositione.

348 4774 406 4831 Si
423 4776 506 4832 vel
525 4776 716 4835 leviter
727 4784 1162 4850 murmuraverit,
1177 4785 1571 4857 suppositione.
1589 4784 1648 4842 Si
1665 4786 1955 4844 lectionem

350 4870 504 4941 operi
523 4870 911 4933 obedientiam
932 4875 1247 4949 pudet-ens,
1270 4879 1665 4952 suppositione.
1694 4878 1756 4939 Si
1777 4880 1955 4939 ofﬁcia

2068 4703 2174 4757 mia
2216 4696 2529 4769 accepturi,
2562 4709 2685 4751 cum
2724 4693 2922 4765 gaudio
2960 4707 3175 4749 summo
3201 4706 3477 4763 nunquam
3518 4691 3676 4749 deci-

2060 4796 2227 4853 dente
2252 4805 2449 4850 avum.

362 5036 3044 5069 MM

1086 5170 1765 5293 BANGTI
1838 5174 2846 5298 (10me
2850 5174 2924 5288 ι

1594 5343 1869 5401 ΔΒΒΔἸἹΒ
1901 5348 1983 5403 ΕΤ
2018 5344 2449 5401 οοκινεεεοκιε

351 5469 514 5578 DE
586 5463 1721 5581 PGNITENTIABUM
1794 5466 2443 5583 MENSURA
2520 5460 3160 5578 TAXANDA
3234 5465 3675 5575 LIBER.

420 5756 466 5817 Ι.
505 5754 826 5819 Positum
852 5769 985 5816 vera
1011 5763 1129 5814 est.
1162 5757 1474 5830 pauitantia
1500 5772 1613 5817 non
1638 5758 1951 5825 admittere,

350 5848 449 5913 sed
473 5849 704 5911 admissa
730 5846 948 5909 dedere.
996 5852 1107 5908 Sed
1134 5851 1259 5922 quia
1287 5852 1430 5912 hanc
1458 5850 1751 5912 multorum
1779 5847 1948 5924 fragi-

2065 5758 2217 5826 litas,
2248 5765 2310 5817 ut
2337 5772 2447 5815 non
2469 5755 2648 5814 dicam
2676 5753 2919 5813 omnium
2936 5794 2953 5823 ,
2981 5753 3218 5829 rumpit,
3244 5767 3520 5815 lat-lc
3546 5771 3681 5817 Ios-

2061 5850 2245 5909 ceudze
2288 5860 2412 5911 sunt
2454 5848 2831 5925 pinsite-tim;
2875 5862 3107 5920 quarum
3134 5849 3215 5909 sle
3244 5847 3383 5910 ordo
3408 5864 3442 5908 ι
3469 5854 3706 5914 suetis-
