3856 6218
177 428 271 483 9:33

179 540 376 597 traditur
420 530 708 592 Patribus,
744 537 801 581 ttt
842 525 995 594 juxta
1025 514 1447 587 magnitudinem
1484 507 1773 575 culparum
1807 503 1851 559 Α

180 633 324 686 etiam
353 622 631 691 longitudo
656 628 713 673 st
734 625 936 671 .tuatur
964 608 1423 682 pteuiteutiarttm.

240 718 295 776 II.
332 716 387 772 Si
415 685 537 783 qius
567 711 739 781 igitur
784 722 881 777 per
909 700 1291 771 cogitationem
1334 688 1669 765 peccaverit,
1717 685 1770 739 id

183 819 272 874 est,
308 800 645 872 concupierit
694 796 971 852 hominem
1018 787 1297 849 occidere,
1353 792 1447 837 aut
1491 774 1767 838 fornicari,

184 894 495 956 autfurari,
546 900 645 944 aut
698 888 840 943 clam
888 881 1197 944 comedere,
1227 886 1283 931 et
1332 868 1634 931 inebriari;
1684 863 1769 916 vel

184 1002 312 1047 certe
351 987 581 1052 aliquem
615 987 933 1053 percutere,
963 975 1076 1028 sive
1104 967 1379 1024 dist-edere
1398 1006 1414 1032 ,
1444 961 1527 1016 vel
1558 958 1659 1013 alia
1691 954 1773 1010 his

187 1083 344 1137 facere
386 1050 583 1132 similia
602 1050 635 1138 ,_
652 1079 709 1125 et
743 1078 963 1139 paratus
992 1064 1059 1117 ad
1101 1064 1215 1117 hzec
1258 1058 1422 1113 corde
1451 1050 1772 1133 complenda

190 1172 364 1228 fuerit:
404 1166 608 1234 majora
652 1159 884 1216 dimidio
934 1170 1122 1216 anno;
1164 1150 1382 1232 minora
1419 1140 1771 1215 quadraginta

185 1262 372 1324 diebus,
403 1259 453 1313 in
484 1271 629 1327 parte
659 1262 720 1310 et
748 1268 885 1323 aqua
926 1264 1013 1320 pte
1038 1248 1202 1301 .iteat.

252 1352 331 1408 III.
370 1351 423 1407 Si
466 1350 593 1419 quis
643 1356 829 1401 autem
882 1339 1117 1412 peccatis
1169 1327 1585 1404 pnnva'lentibus
1636 1322 1775 1376 facto

194 1465 261 1517 pc
281 1445 471 1501 caverit
497 1460 512 1508 ;
544 1443 590 1498 si
621 1440 1006 1499 homicidium,
1040 1440 1133 1485 aut
1158 1425 1538 1485 sodomiticum
1589 1416 1779 1472 fecerit

196 1510 483 1605 peccatum,
532 1532 730 1587 decem
776 1528 931 1583 annis
978 1522 1282 1595 poeniteat:
1334 1517 1379 1571 si
1430 1510 1781 1567 fornicaverit

195 1628 344 1683 srm'cl
381 1634 588 1679 tantum
612 1664 627 1684 ,
650 1620 825 1675 tribus
862 1616 1017 1671 annis
1055 1609 1349 1666 monachus
1391 1603 1691 1674 pmnitcat;
1735 1597 1781 1651 si

194 1738 271 1787 se,
293 1720 395 1783 ius,
425 1726 635 1786 septem
668 1713 844 1767 annis.
888 1709 944 1763 Si
974 1701 1281 1761 discesserit
1308 1706 1363 1753 et
1390 1705 1514 1750 vota
1544 1690 1781 1760 fregerit,

196 1814 235 1867 si
270 1813 371 1865 cito
410 1811 682 1878 premens
711 1804 962 1867 redierit,
1015 1798 1190 1853 tribus
1236 1786 1663 1861 quadragesimis
1696 1803 1708 1837 :
1739 1783 1785 1838 si

198 1916 357 1960 autent
384 1912 501 1973 post
532 1915 735 1965 annos,
766 1898 936 1951 tribus
962 1892 1117 1972 annis
1144 1886 1424 1959 pmniteat.

261 1995 339 2048 IV.
375 1995 430 2048 Si
461 1992 579 2061 quis
623 1990 836 2044 furatus
873 1986 1051 2050 fuerit,
1082 1996 1224 2035 anno
1255 1975 1533 2047 pceuiteat.

264 2086 320 2142 Υ.
358 2085 409 2139 Si
440 2085 561 2153 quis
609 2080 945 2152 percusserit
974 2093 1067 2145 per
1112 2076 1283 2127 rixam
1329 2069 1549 2123 fratrem
1594 2077 1785 2125 suum,

204 2192 252 2236 ct
275 2179 579 2246 sanguinein
614 2173 833 2234 fuderit,
870 2172 1039 2223 tribus
1068 2166 1225 2221 annis
1254 2162 1533 2233 paeniteat.

275 2278 350 2332 \‘I.
388 2275 441 2329 Si
472 2272 597 2344 quis
630 2279 814 2323 autem
861 2262 1204 2320 inebriaverit
1232 2273 1325 2325 se,
1373 2263 1429 2311 et
1459 2248 1789 2315 evomucrit,

207 2382 287 2425 aut
309 2377 574 2423 saturatos
616 2361 811 2424 nimis,
840 2354 1159 2411 sacrificium
1193 2365 1289 2420 per
1326 2349 1430 2401 huc
1458 2342 1792 2403 evomuerit,

208 2459 535 2535 quadraginta
566 2452 760 2507 diebus
792 2447 1053 2518 paeniteat
1087 2460 1100 2496 :
1141 2443 1185 2497 si
1216 2454 1347 2494 vero
1376 2450 1474 2506 per
1516 2429 1797 2486 inﬁrmita—

211 2528 305 2612 tem
329 2551 650 2610 sacriticium
680 2558 900 2601 vomere
930 2546 1175 2607 cogatur,
1222 2541 1430 2603 septem
1460 2528 1648 2583 diebus
1677 2537 1794 2593 pm-

214 2650 381 2703 niteat.
432 2642 486 2697 Si
538 2641 718 2711 ipsum
762 2631 1083 2691 sacrificium
1129 2627 1249 2699 quis
1290 2620 1613 2695 perdiderit,
1656 2629 1798 2671 anno

212 2739 465 2811 ptrnileal.

280 2830 378 2883 \‘II.
416 2828 470 2883 Si
508 2826 635 2895 quis
666 2823 907 2891 seipsum
950 2811 1409 2881 coinquinaverit,
1449 2820 1592 2861 anno
1622 2803 1799 2873 proni-

223 2934 333 2985 :eat,
361 2920 402 2974 si
427 2918 612 2987 junior
643 2914 734 2968 sit.

280 3012 399 3065 \‘Ill.
434 2985 496 3064 Si
524 3008 650 3075 quis
683 3004 873 3058 falsum
905 2995 1267 3056 testimonium
1300 2990 1615 3048 testilicatus
1646 2985 1803 3041 fuerit

218 3105 400 3165 Stlt‘IIS,
438 3102 655 3156 duobus
680 3097 836 3151 annis
869 3093 1128 3165 paeniteat
1168 3103 1291 3143 cum
1332 3084 1471 3140 illius
1502 3082 1579 3137 rei
1621 3076 1802 3150 perdi-

221 3198 369 3256 tione,
399 3192 477 3246 vel
507 3187 995 3257 redintegratioue.
1414 3196 1417 3201 ί

956 407 1044 463 DE
1084 387 1685 460 PG‘ZMTENTIARL‘M
1727 376 2058 469 MENSITIIA
2098 372 2428 431 ΤΛΧΑΝΒᾹ
2476 367 2699 424 LIBER.

3369 358 3476 412 Si“

1881 490 2122 551 morbos,
2150 486 2358 558 culpas,
2399 482 2618 537 dolores
2637 522 2653 549 ,
2685 476 3060 549 aegritudines,
3104 471 3443 528 infirmhates
3462 511 3479 537 ,

1870 594 2064 639 sanare
2112 577 2333 632 debent.
2383 574 2491 629 Sed
2538 572 2665 642 quia
2711 572 2825 625 haec
2875 580 3168 639 paucorum
3216 571 3372 625 sunt,
3415 563 3482 616 ad

1874 688 2003 744 pura
2034 671 2241 726 scilicet
2272 676 2466 723 cuncta
2496 678 2854 733 cognoscere,
2891 674 3081 717 curare
3111 657 3178 712 ad
3216 658 3487 724 integrum

1873 764 2062 821 salutis
2089 771 2311 821 statum,
2344 757 2541 813 debilia
2574 768 2835 809 revocare
2862 770 2877 818 ;
2908 750 2991 806 vel
3024 763 3193 820 pauca
3215 748 3369 817 juxta
3401 762 3491 799 se-

1874 858 2087 912 niorum
2132 852 2479 915 traditiones,
2514 858 2567 903 et
2593 848 2747 917 juxta
2781 854 3019 901 nostram
3050 859 3115 898 ex
3148 853 3301 912 parte
3329 824 3495 897 intcl‘;

1876 947 2148 1016 ligentiatn
2180 942 2295 1015 (Ex
2323 950 2470 1011 parte
2500 956 2720 1010 namque
2744 938 3132 1009 prop/temnitis,
3173 942 3222 986 et
3250 948 3313 985 ea:
3340 940 3487 1003 parte

1877 1036 2235 1105 cognoscimus
2260 1030 2310 1100 (I
2343 1031 2464 1083 Car.
2500 1044 2611 1092 xm,
2639 1028 2705 1095 9)
2737 1027 2915 1095 aliqua
2974 1037 3359 1093 proponamus.
3415 1020 3490 1073 De

1878 1125 2197 1196 cupitalit-us
2242 1121 2474 1191 primum
2514 1117 2829 1172 criminibus
2856 1130 2975 1182 qua:
3006 1112 3169 1167 etiam
3214 1110 3346 1180 legis
3377 1108 3494 1164 atti-

1880 1214 2257 1269 tnadversione
2288 1209 2621 1279 plectuntur,
2651 1203 3004 1261 sanciendum
3034 1209 3139 1255 est.

1956 1302 2096 1358 XIII.
2153 1302 2209 1355 Si
2238 1300 2359 1369 quis
2385 1298 2615 1353 clericus
2644 1296 2993 1350 homicidium
3025 1291 3241 1356 fecerit,
3274 1298 3331 1345 et
3358 1304 3491 1359 pro—

1882 1398 2086 1452 ximum
2112 1410 2270 1451 suum
2299 1393 2581 1459 occiderit,
2626 1390 2815 1447 decem
2847 1387 3003 1443 annis
3026 1386 3175 1441 exsul
3210 1384 3493 1454 pmniteat.

1883 1488 2012 1542 I’ost
2042 1486 2144 1539 hos
2172 1484 2468 1553 recipiatur
2494 1483 2547 1536 in
2573 1481 2825 1550 patriam,
2868 1480 2913 1533 si
2944 1480 3084 1533 bene
3113 1477 3287 1544 egerit
3316 1472 3496 1545 pmni~

1885 1577 2111 1631 tentiam
2153 1574 2205 1627 in
2246 1588 2386 1643 pane
2425 1584 2479 1626 et
2522 1585 2694 1639 aqua,
2755 1568 3065 1624 testimonio
3116 1564 3500 1634 comprobatus

1888 1666 2126 1736 episcopi
2174 1664 2256 1718 vel
2303 1663 2623 1727 sacerdotis,
2675 1675 2797 1716 cum
2848 1674 2957 1730 quo
2998 1656 3269 1729 pmnituit,
3316 1664 3370 1710 et
3414 1653 3499 1709 cui

1890 1756 2213 1813 commissus
2255 1754 2381 1818 fuit,
2415 1761 2476 1808 ut
2502 1751 2801 1809 satisfaciat
2838 1748 3149 1819 parentibus
3174 1744 3292 1814 ejus
3336 1758 3498 1813 quem

1818 1882 1867 1942 Β
1893 1846 2111 1910 Occidit,
2152 1845 2324 1899 vicetn
2366 1842 2459 1895 lilii
2496 1841 2749 1902 reddens,
2791 1848 2846 1893 ct
2885 1837 3073 1892 dicens
3104 1854 3115 1889 ε
3149 1834 3501 1902 Qntecunque

1895 1937 2075 1996 vultis,
2107 1934 2298 1989 faciam
2326 1932 2497 1986 vobis.
2528 1930 2583 1985 Si
2614 1940 2792 1984 autem
2822 1933 2929 1982 iton
2958 1925 3280 1981 satisfecerit
3310 1937 3504 1993 paren-

1895 2027 2033 2080 tibus
2060 2026 2230 2087 illius,
2257 2037 2527 2091 nunquam
2561 2019 2852 2089 recipiatur
2874 2019 2923 2072 in
2950 2016 3197 2087 patriam,
3225 2014 3321 2069 sed
3352 2026 3508 2068 more

1894 2118 2023 2173 Cain
2059 2133 2221 2187 Vagus
2252 2124 2306 2169 ct
2334 2113 2590 2185 profugus
2618 2114 2690 2167 sit
2717 2126 2882 2180 super
2912 2119 3132 2164 terram.

1970 2207 2106 2263 XIV.
2147 2209 2204 2262 Si
2246 2207 2367 2276 quis
2416 2205 2569 2259 ruina
2619 2203 2850 2257 maxima
2899 2198 3191 2263 ceciderit,
3237 2204 3291 2251 et
3338 2194 3506 2249 filium

1897 2300 2166 2368 QCIUITII,
2206 2304 2416 2365 septem
2447 2294 2603 2348 annis
2635 2295 2981 2363 peregrinus,
3024 2290 3075 2343 in
3110 2302 3248 2358 pane
3271 2293 3331 2341 et
3366 2298 3507 2352 aqua

1899 2392 2158 2463 pmniteat
2190 2407 2205 2445 :
2238 2399 2368 2444 tunc
2418 2388 2650 2457 primum
2695 2383 2993 2439 sacerdotis
3028 2379 3231 2450 judicio
3254 2377 3510 2447 jungatur

1907 2480 2124 2534 altario.

1971 2570 2088 2625 XV.
2131 2569 2189 2623 Si
2236 2568 2359 2639 quis
2405 2576 2585 2621 autem
2637 2562 2983 2619 fornicaverit
3030 2562 3169 2617 situt
3218 2557 3511 2613 Sodomita:

1904 2660 2177 2725 fecerunt,
2221 2660 2408 2713 decem
2454 2656 2608 2710 annis
2655 2656 2959 2724 pmniteat;
2991 2652 3161 2705 tribus
3202 2664 3323 2704 cum
3374 2660 3513 2717 pane

1904 2761 1961 2808 et
2005 2765 2185 2821 aqua;
2216 2756 2425 2819 septent
2469 2762 2599 2802 vero
2651 2745 2770 2799 aliis
2816 2743 3085 2798 abstineat
3131 2756 3191 2795 se
3228 2755 3257 2793 a
3287 2740 3411 2793 vino
3460 2744 3513 2792 et

1904 2860 2108 2908 carne;
2144 2853 2197 2897 et
2224 2858 2330 2895 non
2366 2849 2583 2893 maneat
2614 2854 2737 2892 cuin
2769 2838 2877 2891 alio
2908 2836 2959 2889 in
2988 2844 3073 2889 ωιτ
3096 2848 3272 2887 l‘ttUttl.

1978 2936 2116 2991 XVI.
2157 2935 2214 2987 Si
2247 2948 2369 3001 quis
2404 2947 2531 2986 ιρι-ο
2564 2929 2914 2984 I'ornicaverit
2954 2926 3171 2995 quidem
3224 2937 3345 2977 cum
3395 2935 3516 2974 nnt-

1908 3029 2149 3092 liertbus,
2193 3032 2285 3077 sed
2336 3041 2368 3075 n
2396 3039 2441 3074 in
2494 3021 2658 3073 lilium
2688 3018 3050 3088 generaverit,
3084 3029 3137 3069 et
3168 3016 3219 3068 iit
3268 3022 3363 3067 not
3387 3014 3516 3065 tiam

1908 3118 2183 3173 bentinunt
2216 3129 2321 3167 non
2354 3111 2600 3173 Vt'lICI‘ll;
2649 3110 2694 3162 si
2725 3109 2988 3172 clericus,
3020 3107 3189 3158 tribus
3220 3107 3375 3157 annis
3410 3120 3421 3155 :
3471 3101 3517 3155 si

1910 3225 1965 3265 ιιι
1989 3209 2209 3262 machus
2242 3206 2324 3258 vel
2352 3204 2639 3267 diaconus,
2680 3202 2917 3271 quinque
2948 3199 3105 3252 annis
3131 3214 3145 3262 ;
3168 3197 3211 3250 si
3240 3196 3517 3259 sacerdo=,

283 3284 397 3338 II:ec
441 3282 509 3337 de
563 3296 665 3372 can
698 3280 744 3333 is
789 3274 1132 3331 casualibus:
1164 3278 1419 3326 caeterum
1468 3265 1539 3321 de
1584 3260 1806 3317 minutis
1833 3253 1877 3316 C
2896 3253 3072 3346 sum.

223 3391 409 3431 morum
440 3370 869 3428 inconditornm.

282 3466 365 3524 IX.
405 3466 506 3535 Qui
560 3466 691 3520 facit
738 3479 836 3533 per
863 3475 922 3517 se
952 3456 1150 3526 aliquid
1188 3455 1303 3511 sine
1344 3449 1807 3520 interrogatione;

224 3566 295 3618 vel
320 3563 405 3633 qui
436 3556 767 3615 cnntradict
795 3562 851 3609 et
878 3552 1006 3607 dicit
1034 3569 1049 3603 :
1084 3547 1207 3603 Non
1237 3548 1395 3618 facio,
1424 3544 1510 3598 vel
1539 3543 1631 3612 qui
1660 3556 1809 3595 mur-

227 3660 423 3712 murat;
471 3651 517 3705 si
561 3647 767 3717 grande
806 3646 907 3711 sit,
951 3643 1119 3696 tribus
1160 3637 1724 3707 superpositiunibus;
1765 3633 1810 3687 si

230 3760 463 3813 jarvum,
508 3758 617 3796 uno
668 3754 810 3794 anno
858 3736 1159 3807 pmniteat;
1194 3733 1413 3787 verbum
1447 3744 1575 3783 vero
1623 3738 1811 3782 contra

227 3838 431 3892 verbum
472 3832 797 3903 simpliciter
845 3836 1184 3899 promptum,
1220 3822 1606 3894 quinquaginta
1645 3818 1815 3890 plagis

228 3932 623 3997 vindicandum;
655 3930 741 3984 vel
770 3931 813 3983 si
835 3945 905 3983 ex
934 3925 1231 3981 intentione
1259 3920 1476 3983 silentii,
1506 3913 1817 3988 superposi-

230 4025 402 4087 tiuno;
434 4037 557 4075 nam
588 4022 636 4075 si
663 4019 798 4083 rixa,
828 4016 1129 4087 septimana
1161 4012 1439 4082 poeniteat.

291 4115 352 4171 Χ.
391 4116 493 4181 Qui
522 4122 706 4167 autem
744 4110 1007 4173 detrahit,
1055 4116 1148 4162 aut
1183 4107 1412 4160 libentvr
1439 4102 1592 4157 audit
1633 4098 1817 4156 detra-

226 4208 463 4271 hentem,
492 4206 666 4260 tribus
702 4200 1224 4272 superpositionibus
1259 4195 1517 4269 paeniteat
1542 4210 1556 4247 :
1581 4194 1629 4248 si
1657 4191 1724 4247 de
1752 4206 1820 4246 eo

231 4297 312 4367 qui
339 4304 561 4367 prmest,
592 4293 897 4363 septimana
926 4290 1204 4360 pteniteat.

300 4387 384 4442 XI.
425 4388 524 4454 Qui
566 4394 748 4439 autem
787 4399 885 4455 per
920 4381 1229 4451 superbiam
1273 4392 1428 4433 suum
1471 4374 1818 4446 prmpositum

231 4478 543 4549 despexerit,
574 4485 669 4529 aut
698 4473 938 4541 regulam
969 4467 1441 4539 blasphemaverit,
1475 4464 1619 4519 foras
1647 4465 1823 4531 repel.

235 4572 415 4623 lentus
441 4575 554 4630 est,
592 4565 693 4620 nisi
732 4561 1015 4618 confestim
1059 4554 1253 4613 dixerit
1284 4577 1297 4612 :
1331 4556 1550 4610 Paenitet
1581 4571 1662 4609 me
1684 4554 1824 4626 quod

1984 3390 2142 3444 XVII.
2173 3387 2227 3442 Si
2260 3386 2381 3456 quis
2408 3384 2787 3455 perjuravcrit,
2816 3392 3021 3452 septem
3047 3379 3201 3434 annis
3224 3379 3514 3450 paeniteat,

1913 3492 1968 3537 et
2002 3492 2274 3547 nunquam
2305 3477 2451 3544 jurct
2473 3482 2681 3543 poswa.

1988 3569 2174 3624 .\'Vttl.
2210 3568 2264 3621 Si
2321 3566 2441 3637 quis
2486 3561 2757 3618 maleficio
2805 3578 2907 3617 suo
2938 3561 3170 3629 aliquem
3204 3558 3519 3629 perdiderit,

1916 3660 2089 3713 tribus
2116 3656 2271 3709 annis
2302 3653 2561 3722 j'untiteat
2591 3664 2715 3703 cum
2748 3663 2888 3718 pane
2918 3656 2972 3701 et
3000 3660 3141 3715 aqua
3184 3660 3278 3714 per
3309 3658 3513 3697 mensu-

1919 3766 2054 3814 ram,
2093 3757 2149 3803 et
2174 3748 2345 3801 tribus
2375 3742 2496 3797 atiis
2526 3741 2682 3795 annis
2712 3739 2982 3793 abstineat
3011 3752 3069 3791 Se
3097 3752 3127 3790 a
3159 3737 3284 3789 vino
3314 3742 3369 3789 et
3406 3748 3526 3789 car-

1918 3840 2074 3895 nibus
2096 3882 2110 3901 ,
2144 3847 2198 3891 tl
2243 3848 2371 3890 tunc
2418 3833 2632 3887 dt-tnutn
2666 3829 2717 3882 in
2749 3830 2981 3898 septimo
3012 3842 3155 3880 anno
3186 3826 3317 3893 reci,
3338 3825 3444 3878 itur
3468 3824 3522 3876 in

1918 3928 2380 3984 communionttn.
2413 3922 2469 3977 Si
2516 3930 2697 3975 autem
2740 3935 2838 3989 pro
2883 3932 3071 3971 amore
3100 3916 3223 3985 quis
3252 3912 3528 3969 maleficus

1919 4023 2010 4086 sit,
2064 4029 2119 4074 et
2150 4019 2421 4073 neminem
2480 4013 2795 4085 perdiderit,
2843 4026 3044 4066 annum
3098 4010 3368 4077 integrum
3401 4023 3524 4061 cunt

1926 4128 2069 4184 pane
2115 4122 2169 4167 et
2208 4126 2372 4178 aqua,
2424 4107 2654 4163 clericus
2709 4105 2799 4158 ille
2845 4102 3122 4173 poeniteat,
3166 4101 3335 4154 laicus
3371 4099 3527 4153 dimi-

1924 4205 2095 4271 dium,
2132 4202 2393 4256 diaconus
2423 4198 2581 4263 duos,
2626 4194 2884 4249 sacerdos
2918 4202 3050 4260 tres,
3084 4192 3317 4245 maxime
3356 4191 3401 4245 si
3434 4206 3530 4259 per

1926 4296 2030 4351 hoc
2063 4292 2301 4347 tnuleris
2340 4298 2551 4359 partum
2582 4286 2866 4356 quisquam
2898 4282 3211 4353 deceperit:
3268 4282 3390 4337 idco
3433 4296 3527 4335 sex

1926 4379 2369 4451 quadragesimus
2417 4376 2790 4445 unusquisque
2833 4375 3053 4443 insuper
3082 4379 3298 4441 augeat,
3340 4384 3407 4424 ne
3432 4368 3530 4422 ho-

1926 4473 2130 4528 micidii
2165 4487 2289 4526 reus
2317 4470 2408 4524 sit.

2001 4563 2141 4618 XIX.
2168 4562 2224 4617 Si
2250 4562 2371 4633 quis
2392 4556 2718 4619 clericnsIu:
2736 4565 2845 4609 tum
2870 4554 3078 4618 fecerit,
3112 4553 3163 4607 id
3181 4559 3284 4614 est,
3307 4550 3528 4615 bovem,

238 4660 357 4715 ἀθεί-
388 4658 443 4712 δί
465 4664 646 4710 “mn
670 4670 731 4709 5°
757 4669 865 4708 που
890 4655 1031 4713 bene
1057 4649 1436 4711 humiliavemv
1468 4645 1822 4716 quadraginta
1852 4617 1903 4679 υ
1931 4666 2026 4712 aut
2051 4671 2247 4724 equum
2268 4617 2290 4720 ⁸,
2337 4663 2427 4705 aut
2471 4665 2645 4713 ovem,
2680 4656 2772 4699 aut
2816 4645 3032 4713 aliquod
3065 4617 3263 4698 animal
3295 4643 3534 4712 proximi

237 4751 414 4805 diebus
435 4747 718 4818 prnoiteat,
753 4745 877 4814 quia
901 4742 1167 4812 superbia:
1195 4740 1384 4796 morbo
1411 4740 1706 4795 detinetur.

305 4837 412 4893 XII.
452 4836 729 4892 Verbosus
754 4849 885 4890 vero
933 4834 1299 4890 taciturnitate
1346 4832 1685 4889 damnandus
1712 4841 1824 4900 est,

244 4933 498 5002 inquietus
528 4925 970 4988 mansuetudine,
1000 4926 1221 4993 gulosus
1245 4922 1481 4992 jejunio,
1514 4924 1827 4980 somnolen-

244 5032 326 5077 tus
351 5024 520 5093 vigilia
538 5062 553 5085 ,
584 5018 854 5089 superbus
882 5030 1128 5079 carcere,
1161 5015 1449 5070 destitutor
1478 5016 1783 5085 rcpulsione
1814 5034 1826 5070 :

248 5117 592 5185 unusquisque
608 5113 761 5182 juxta
786 5108 927 5174 quod
951 5119 1207 5176 tueretur,
1233 5125 1340 5178 quo
1362 5111 1589 5180 :equalia
1612 5111 1830 5176 sentiat,

251 5214 303 5259 ut
326 5208 488 5274 justus
512 5207 658 5275 jnste
682 5206 850 5260 vivat.

315 5296 589 5352 Diversitas
638 5297 920 5366 culparum
968 5294 1333 5348 diversitatem
1391 5293 1516 5347 Iacit
1562 5294 1832 5362 poeniten-

256 5389 461 5451 tiaram;
480 5404 597 5441 nam
614 5397 669 5444 et
682 5403 967 5456 corporum
991 5386 1181 5441 medici
1196 5386 1419 5439 diversis
1444 5386 1833 5441 medicamenta

259 5480 519 5547 generibus
535 5489 896 5547 componunt:
913 5478 1070 5533 aliter
1090 5478 1230 5530 enim
1251 5476 1490 5541 vulnera,
1515 5477 1669 5530 aliter
1694 5494 1831 5531 mor-

262 5570 375 5633 bos,
401 5568 547 5623 aliter
574 5577 843 5634 tumores,
878 5570 1034 5625 aliter
1063 5570 1279 5632 livores,
1309 5568 1466 5622 aliter
1496 5568 1831 5638 putredines,

263 5661 401 5718 aliter
422 5661 702 5729 caligines,
744 5660 898 5716 aliter
929 5661 1327 5717 cenfractiones
1347 5701 1361 5726 ,
1394 5660 1553 5714 aliter
1584 5661 1834 5715 combus-

268 5756 423 5811 tEones
460 5761 668 5812 curant.
732 5753 808 5808 Ita
858 5753 1022 5821 igitur
1065 5754 1226 5808 etiam
1284 5752 1591 5821 spirituales
1640 5752 1834 5807 medici

270 5842 846 5903 diversiscurationutn
898 5845 1182 5911 generibus
1240 5843 1537 5899 animarum
1578 5842 1829 5913 vulnera,

1932 4752 2013 4806 sui
2047 4748 2253 4803 furatus
2282 4744 2461 4800 fuerit.
2488 4743 2529 4795 si
2563 4740 2755 4806 semel,
2787 4748 2880 4793 aut
2912 4739 2993 4793 bis
3020 4739 3163 4803 fecit,
3197 4736 3380 4793 reddat
3409 4751 3535 4807 pro-

1937 4841 2083 4894 ximo
2112 4851 2213 4889 suo
2245 4833 2497 4903 primum,
2545 4842 2600 4885 et
2651 4846 2797 4883 anno
2827 4830 3035 4896 integro
3068 4830 3117 4881 in
3148 4841 3285 4897 pane
3314 4834 3369 4881 et
3395 4841 3534 4895 aqua

1937 4926 2198 4997 paeniteat
2225 4940 2237 4976 :
2270 4922 2313 4977 si
2338 4922 2443 4977 huc
2472 4926 2775 4983 consuevit,
2799 4928 2852 4973 ct
2882 4918 3107 4973 reddere
3139 4934 3243 4971 non
3275 4917 3535 4986 potuerit,

1944 5023 2113 5076 tribus
2143 5019 2295 5073 anuis
2321 5018 2585 5086 pmniteat
2614 5030 2735 5069 cum
2768 5027 2906 5082 pane
2935 5023 2987 5065 et
3018 5024 3172 5077 aqua.

2009 5109 2130 5163 XX.
2164 5108 2219 5161 Si
2247 5106 2365 5173 quis
2393 5115 2572 5158 autem
2613 5104 2865 5168 clericus,
2897 5113 2987 5154 aut
3017 5100 3293 5163 diaconus,
3327 5094 3408 5150 vel
3442 5096 3541 5150 aII-

1939 5202 2093 5270 cujus
2122 5213 2213 5267 gra
2238 5198 2337 5260 ius,
2369 5196 2459 5263 qui
2494 5194 2658 5247 laicus
2699 5193 2798 5246 fttit
2830 5182 2882 5245 in
2913 5189 3114 5242 szrrttlo
3159 5204 3282 5243 rutn
3334 5186 3455 5242 ﬁliis
3484 5196 3539 5240 et

1942 5294 2174 5357 II'iabtt=,
2206 5295 2329 5358 post
2356 5290 2768 5341 conversionem
2819 5298 2993 5345 suam,
3030 5282 3227 5334 iterum
3256 5295 3408 5334 suam
3440 5294 3537 5331 eo-

1939 5381 2187 5454 gnoveiit
2238 5376 2543 5431 tllt‘ltlclllln
2604 5373 2809 5448 πονιτ,
2843 5369 3201 5443 clientulatn],
3259 5379 3313 5425 et
3372 5368 3537 5421 filium

1943 5478 2135 5529 iterum
2165 5470 2230 5524 de
2261 5484 2321 5522 ea
2352 5468 2614 5537 genuerit,
2641 5466 2776 5520 sciat
2797 5480 2858 5518 se
2882 5465 3203 5519 adulterium
3234 5469 3538 5532 perpetras-

1943 5582 2020 5629 se,
2055 5572 2109 5616 ct
2161 5574 2266 5614 non
2320 5560 2495 5612 minus
2544 5571 2795 5626 peccasse
2844 5572 3004 5625 quant
3052 5556 3094 5610 si
3140 5556 3207 5607 ab
3251 5553 3537 5621 juventute

1942 5673 2035 5713 sua
2092 5655 2320 5709 clericus
2368 5652 2552 5706 luisset
2606 5658 2661 5703 et
2706 5665 2829 5705 cum
2878 5649 3051 5720 puclla
3093 5648 3272 5701 aliena
3316 5659 3539 5715 peccas-

1944 5757 2023 5805 set
2066 5764 2078 5811 ;
2134 5746 2258 5817 quia
2302 5753 2423 5815 post
2471 5750 2655 5794 votum
2728 5756 2882 5795 suum
2934 5738 3197 5807 peccavit,
3252 5744 3535 5806 postquam

1945 5856 2001 5897 sc
2035 5839 2257 5893 Domino
2281 5836 2640 5901 consecravit,
2668 5846 2723 5890 ct
2749 5844 2928 5889 votum
2958 5846 3113 5885 suum
3136 5830 3349 5885 irritum
3378 5826 3534 5889 lecit;
