3856 6218
409 336 513 390 2-7

1648 344 1704 402 S.
1745 346 2140 406 COLUMBANI
2182 350 2471 410 AUBATIS

3615 372 3712 428 33

409 447 610 503 idcirco
647 447 895 505 similiter
945 459 1153 522 septem
1184 452 1338 507 anni.
1388 454 1441 508 in
1473 469 1609 524 pane
1636 464 1690 509 et
1717 470 1854 527 aqua
1887 474 2005 528 pte-
2036 467 2083 523 Α
2115 461 2180 516 de
2196 463 2369 518 media
2393 479 2625 536 namque
2646 468 2960 537 pmnitent‘a
2985 470 3187 543 lForte,
3212 475 3454 530 dimi-.liat
3481 495 3712 551 relinque

407 536 599 592 niteat.

477 629 618 686 XXI.
652 631 706 687 Si
737 633 858 704 quis
884 635 1115 692 clericus
1161 653 1260 707 per
1289 639 1460 693 rixam
1505 640 1814 709 proximum
1845 659 2005 699 suum

404 726 752 790 percusserit,
803 735 860 780 et
889 729 1204 795 sanguinem
1248 727 1462 792 fuderit,
1497 745 1697 787 annum
1733 733 2002 806 integrum

408 811 667 878 jmniteat
693 831 702 864 :
733 814 776 867 si
808 814 997 879 laicus,
1027 817 1380 886 quadraginta
1410 819 1622 877 diebus.

472 905 633 961 XXII.
667 909 722 963 Si
755 909 875 980 quis
915 927 1015 982 per
1068 914 1308 982 seipsum
1357 916 1725 987 Iornicaverit,
1756 929 1849 974 aut
1883 937 2006 976 cum

394 999 660 1066 jumento,
699 1001 910 1059 duobus
944 1006 1100 1060 annis
1131 1007 1409 1075 pmniteat,
1435 1010 1478 1063 si
1513 1011 1738 1078 gradum
1770 1029 1878 1068 non
1910 1014 2006 1067 ha-

399 1087 488 1142 bet
515 1107 527 1141 :
561 1089 605 1142 si
628 1099 809 1145 autem
836 1092 1061 1160 gradum
1086 1103 1178 1148 aut
1211 1105 1418 1163 votum,
1449 1098 1620 1154 tribus
1641 1101 1797 1157 annis
1829 1104 2002 1172 ρωπί-

408 1189 539 1242 teat,
571 1180 616 1236 si
647 1190 778 1236 retas
809 1198 914 1237 non
944 1183 1204 1240 defendit.

469 1269 652 1325 XXIII.
685 1271 742 1327 Si
770 1275 890 1341 quis
917 1277 1254 1344 concupiscit
1274 1277 1575 1344 mulierem,
1609 1289 1664 1335 et
1687 1298 1792 1337 non
1823 1293 2006 1353 potest

407 1363 608 1428 facere,
643 1364 692 1417 id
738 1373 841 1430 est,
905 1382 1010 1420 non
1041 1367 1268 1438 suscipit
1312 1385 1436 1424 eum
1477 1372 1690 1435 mulier,
1723 1374 1999 1431 dimidium

395 1454 523 1509 anni
550 1455 602 1510 in
645 1470 783 1522 pane
818 1465 873 1511 et
897 1472 1036 1526 aqua
1066 1461 1347 1528 poeniteat,
1392 1470 1447 1514 et
1488 1472 1604 1518 toto
1645 1480 1706 1519 se
1734 1468 2002 1522 abstineat

395 1558 539 1599 anno
596 1559 626 1598 a
687 1547 812 1601 vino
851 1555 907 1602 et
955 1549 1254 1614 carnibus,
1314 1559 1370 1605 et
1416 1553 1802 1611 communione
1867 1559 2002 1612 alta-

398 1632 491 1688 ris.

461 1720 654 1780 XXIV.
687 1724 743 1780 Si
788 1726 909 1795 quis
938 1725 1262 1784 sacrificium
1293 1729 1613 1800 perdiderit,
1644 1746 1788 1789 anno
1819 1738 1995 1805 poeni-

393 1819 538 1868 teat:
588 1814 632 1868 si
663 1829 759 1884 per
786 1816 1104 1871 ebrietatem
1151 1826 1246 1873 aut
1295 1820 1649 1876 voracitatem
1681 1824 1810 1880 illud
1859 1842 1993 1882 evo-

395 1905 612 1970 muerit,
646 1913 702 1959 et
731 1906 1068 1976 negligenter
1091 1908 1220 1962 illud
1247 1908 1530 1976 dimiserit,
1557 1913 1727 1968 tribus
1758 1917 1994 1986 quadra-

391 1996 611 2064 gesimis
638 1997 689 2051 in
719 2012 859 2067 pane
899 2007 955 2052 et
981 2013 1120 2069 aqua
1149 2000 1444 2069 paeniteat:
1476 2002 1523 2057 si
1549 2017 1678 2058 vero
1705 2020 1803 2075 per
1842 2008 1994 2063 inlir-

397 2088 662 2154 mitatem,
691 2097 900 2159 septem
927 2089 1118 2145 diebus
1147 2092 1430 2161 poeniteat.

463 2177 570 2234 Sed
596 2179 710 2234 hzcc
733 2178 799 2233 de
827 2179 1040 2236 clericis
1060 2189 1117 2238 et
1143 2183 1425 2239 monachis
1451 2183 1661 2240 mixtim
1689 2184 1834 2242 dicta
1861 2189 1990 2244 sint.

392 2263 660 2321 Caeterum
700 2266 772 2322 de
808 2267 981 2323 Iaicis.

464 2353 623 2411 XXV.
658 2356 977 2428 Quicunque
1007 2356 1197 2415 fecerit
1225 2360 1595 2430 homicidium,
1628 2364 1680 2420 id
1712 2377 1814 2432 est,
1865 2383 1994 2438 pro-

390 2447 592 2502 simum
617 2464 772 2502 suum
801 2449 1080 2514 occiderit,
1108 2450 1280 2506 tribus
1302 2453 1456 2509 annis
1479 2454 1701 2511 inermis
1729 2458 1904 2525 exsul,
1935 2458 1991 2514 in

389 2553 530 2607 pane
558 2549 614 2596 et
637 2555 776 2610 aqua
809 2544 1086 2613 pmniteat.
1115 2553 1173 2599 et
1202 2553 1324 2614 post
1347 2556 1456 2600 tres
1480 2560 1657 2602 annos
1686 2557 1993 2604 revertatur

388 2629 441 2684 in
485 2646 608 2696 sua,
638 2634 872 2687 reddens
900 2634 1072 2688 vicem
1105 2635 1420 2703 parentibus
1457 2635 1644 2702 occisi,
1688 2637 1912 2708 pietatis
1934 2648 1993 2694 et

385 2721 548 2777 ol'llcii
575 2739 589 2788 ;
621 2733 676 2777 et
702 2724 782 2778 sic
811 2732 933 2794 post
979 2723 1406 2780 satisfactionem
1447 2725 1650 2796 judicio
1679 2732 1986 2789 sacerdotis

381 2811 643 2880 jungatur
657 2814 874 2869 altario.

457 2901 646 2958 XXVI.
680 2903 735 2959 Si
774 2906 896 2974 quis
923 2905 1093 2960 laicus
1119 2907 1188 2961 de
1229 2906 1454 2963 alterius
1484 2924 1652 2964 uxore
1695 2907 1864 2965 filium
1894 2925 1988 2979 ge-

387 2995 588 3062 nuerit,
622 2993 674 3048 id
705 3002 807 3060 est,
861 2995 1183 3051 adulterium
1213 2999 1723 3067 commiserit,.toro
1749 3003 1984 3072 proximi

384 3081 606 3146 violato,
637 3083 807 3139 tribus
851 3086 1008 3142 annis
1057 3088 1340 3156 poeniteat,
1395 3089 1670 3146 abstinens
1702 3105 1764 3148 se
1792 3107 1823 3146 a
1850 3094 1986 3152 cibis

382 3172 889 3240 succulentioribus,
936 3183 992 3229 et
1020 3192 1052 3230 a
1081 3179 1298 3247 propria
1346 3194 1520 3234 uxore
1547 3221 1563 3246 ,
1593 3180 1731 3236 dans
1759 3182 1980 3254 insuper

380 3264 609 3332 pretium
639 3266 909 3335 pudicitia:
933 3269 1132 3323 marito
1155 3270 1340 3324 uxoris
1361 3269 1611 3338 violatae;
1641 3281 1698 3328 et
1717 3274 1796 3330 sic
1817 3275 1978 3346 culpa

381 3356 522 3409 illius
544 3370 641 3426 per
664 3357 1006 3413 sacerdotem
1032 3360 1393 3429 abstergatur.

449 3445 660 3502 XXVII.
693 3446 751 3502 Si
777 3449 897 3518 quis
925 3464 1056 3504 vero
1085 3450 1255 3506 laicus
1279 3450 1627 3508 fornicaverit
1655 3454 1981 3513 sodomitico

380 3539 506 3604 ritu,
539 3539 593 3594 id
623 3546 728 3604 est,
760 3554 884 3595 cum
916 3543 1180 3609 masculo,
1213 3543 1359 3598 coitu
1387 3543 1624 3602 femineo
1647 3551 1978 3617 peccaverit,

377 3638 588 3700 septem
632 3629 790 3684 annis
818 3633 1079 3700 poeniteat
1104 3650 1118 3686 :
1161 3633 1334 3688 tribus
1365 3636 1553 3704 primis
1582 3651 1707 3692 eum
1755 3653 1896 3708 pane
1924 3648 1981 3695 et

375 3737 516 3790 aqua
544 3730 602 3777 et
644 3722 759 3778 sale
788 3731 845 3778 et
891 3722 1153 3780 fructibus
1181 3726 1324 3781 horti
1358 3727 1518 3785 siccis
1543 3745 1556 3781 :
1590 3737 1827 3798 quatuor
1853 3731 1980 3786 reli-

373 3813 498 3882 quis
525 3813 796 3869 abstineat
817 3827 877 3868 se
902 3829 932 3868 a
964 3815 1091 3870 vino
1120 3823 1176 3870 et
1203 3817 1473 3884 carnibus,
1504 3828 1561 3874 et
1581 3819 1656 3875 ita
1677 3820 1980 3876 dimittatur

374 3903 447 3959 illi
471 3917 569 3960 sua
596 3903 790 3974 culpa;
821 3914 876 3959 et
905 3905 1164 3961 sacerdos
1183 3915 1303 3962 oret
1333 3923 1430 3978 pro
1452 3908 1568 3976 illo,
1593 3919 1649 3966 et
1673 3910 1754 3968 sic
1778 3911 1976 3982 junga-

375 4003 468 4048 tur
493 3995 708 4049 altario.

445 4085 682 4142 XXVIII.
714 4086 772 4142 Si
801 4087 924 4157 quis
967 4091 1150 4143 autem
1181 4086 1528 4148 fornicaverit
1555 4091 1624 4146 de
1668 4091 1822 4147 laicis
1850 4106 1976 4146 cum

374 4178 688 4234 mulieribus
709 4193 739 4232 a
765 4178 1017 4247 eonjugio
1042 4178 1244 4244 liberis,
1272 4179 1325 4232 id
1349 4188 1450 4245 est,
1477 4181 1670 4247 viduis,
1705 4181 1789 4235 vel
1819 4183 1977 4250 puel-

374 4269 471 4322 lis:
501 4266 546 4322 si
584 4284 706 4322 curn
737 4268 921 4333 vidua,
955 4283 1065 4322 uno
1095 4260 1276 4321 anno:
1311 4269 1356 4323 si
1377 4284 1501 4323 cum
1533 4269 1734 4337 puella,
1763 4269 1975 4324 duobus

373 4357 529 4412 annis
549 4355 782 4428 (reddito
811 4367 990 4410 tamen
1022 4357 1410 4410 humiliationis
1437 4355 1554 4425 ejus
1576 4358 1750 4424 pretio
1780 4373 1976 4427 paren-

377 4447 520 4502 tibus
547 4448 687 4515 cjus)
720 4447 1001 4515 pmoiteat.
1057 4445 1114 4500 Si
1145 4455 1324 4500 autem
1356 4461 1583 4502 uxorem
1626 4463 1733 4502 non
1764 4449 1970 4515 habuit,

372 4539 467 4595 sed
497 4539 650 4609 virgo
681 4539 868 4607 virgini
895 4539 1218 4607 coniunctus
1254 4546 1378 4595 est:
1410 4539 1455 4594 si
1485 4539 1675 4593 volunt
1718 4550 1974 4608 parentes

371 4629 513 4696 ejus,
563 4629 675 4700 ipsa
705 4629 774 4683 sit
821 4645 961 4683 uxor
988 4629 1148 4698 ejus;
1201 4630 1274 4684 ita
1305 4639 1507 4694 tamen,
1557 4639 1617 4684 ut
1661 4644 1806 4686 anno
1844 4641 1973 4688 ante

371 4720 675 4787 peniteant
703 4720 863 4773 ambo
887 4738 902 4784 ;
931 4730 987 4772 et
1012 4721 1086 4774 ita
1115 4722 1222 4777 sint
1242 4722 1577 4792 eonjugales.

442 4806 630 4864 XXIX.
662 4809 717 4863 Si
748 4809 869 4879 quis
912 4818 1096 4864 autem
1125 4811 1290 4865 laicus
1314 4827 1436 4866 cum
1460 4812 1707 4879 jumento
1738 4811 1974 4868 fornica-

369 4900 528 4969 verit,
578 4917 720 4955 anno
768 4904 1049 4972 paeniteat,
1090 4903 1135 4956 si
1166 4917 1392 4957 uxorem
1434 4903 1657 4959 habuit;
1704 4906 1749 4959 si
1789 4916 1973 4961 autem

369 5009 478 5050 non
508 4993 716 5059 habuit,
750 4993 973 5048 dimidio
1004 5008 1147 5048 anno
1173 5010 1186 5047 :
1212 4995 1292 5048 sic
1312 5001 1366 5048 et
1391 4993 1482 5063 qui
1509 5009 1735 5050 uxorem
1769 4995 1972 5052 habens

369 5086 605 5154 propriis
633 5085 889 5140 membris
913 5101 972 5141 se
1000 5087 1175 5156 ipsum
1203 5085 1506 5154 violaverit,
1539 5087 1822 5157 pamiteat.

439 5192 608 5251 XXX.
665 5199 722 5252 Si
772 5201 894 5268 quis
922 5199 1091 5256 laicus
1121 5199 1378 5255 infantem
1407 5216 1565 5257 suum
1614 5203 1965 5272 oppresserit,

366 5287 455 5344 vel
487 5287 700 5355 mulier,
727 5304 870 5343 anno
903 5291 1113 5359 integro
1143 5293 1195 5346 in
1228 5308 1366 5363 pane
1394 5304 1449 5348 et
1475 5309 1615 5363 aqua
1645 5295 1962 5366 poeniteant,

366 5387 422 5432 et
446 5378 654 5434 duobus
701 5379 820 5433 aliis
847 5381 1153 5435 abstineant
1176 5397 1235 5437 se
1261 5398 1289 5435 a
1321 5383 1445 5439 vino
1472 5394 1527 5439 et
1571 5387 1827 5441 carnibus
1851 5403 1864 5436 :
1907 5395 1963 5440 et

367 5471 440 5525 ita
497 5470 726 5542 primum
776 5470 970 5528 altario
997 5474 1292 5529 sacerdotis
1328 5474 1532 5543 judicio
1558 5477 1871 5546 jungautur,
1904 5487 1961 5532 et

365 5577 522 5618 suum
577 5573 756 5618 torum
821 5572 953 5618 tunc
1005 5564 1150 5620 licito
1206 5568 1430 5622 maritus
1483 5567 1574 5643 ille
1637 5577 1956 5637 cognoscat.

365 5653 651 5712 Sciendum
683 5668 767 5712 est
794 5659 937 5712 enim
971 5657 1145 5726 Iaicis,
1185 5659 1330 5728 quod
1359 5669 1603 5731 tempore
1632 5663 1961 5731 prenitentire

367 5749 470 5803 illis
501 5750 706 5805 tradita:
733 5767 762 5806 a
791 5751 1181 5815 sacerdotibus,
1212 5767 1318 5806 non
1359 5754 1462 5808 illis
1488 5754 1648 5809 liceat
1694 5770 1820 5810 suas
1862 5772 1960 5810 co-

364 5853 623 5908 gnoscere
649 5858 862 5911 uxores,
897 5843 996 5901 nisi
1049 5852 1171 5916 post
1202 5844 1567 5918 pmnitentiam
1596 5857 1921 5905 transactam
1947 5867 1960 5918 ;

2111 556 2529 628 pamitentiam].

2183 643 2371 701 XXXI.
2404 647 2597 719 Siquis
2625 650 2793 707 laicus
2821 651 3020 708 furtum
3045 653 3249 718 fecerit,
3277 659 3327 711 i:l
3359 668 3464 726 cst,
3494 661 3709 726 bovem,

2110 749 2205 792 aut
2242 754 2460 810 equum,
2499 753 2594 796 aut
2633 759 2813 808 ovem,
2867 755 2963 800 aut
2992 747 3214 817 aliquod
3246 751 3444 804 animal
3475 754 3713 822 proximi

2108 830 2191 883 sui
2226 828 2431 885 furatus
2461 834 2618 888 luerit
2646 852 2659 886 :
2690 835 2734 891 si
2759 837 2953 904 semel,
2984 848 3076 890 aut
3106 840 3187 894 bis
3212 839 3352 905 lrcit,
3386 842 3577 897 reddat
3600 845 3712 914 pri-

2109 937 2254 975 mum
2282 925 2529 991 proximo
2551 941 2649 980 suo
2679 927 2933 981 damnum
2959 930 3100 998 quod
3132 930 3279 994 fecit,
3303 941 3357 985 et
3384 934 3556 988 tribus
3584 952 3715 1006 qua-

2109 1013 2424 1082 drageimis
2450 1017 2502 1071 in
2531 1033 2670 1086 pane
2698 1027 2753 1072 et
2780 1034 2918 1088 aqua
2959 1021 3238 1090 pmniteat.
3272 1023 3327 1076 Si
3354 1034 3535 1080 autem
3566 1042 3714 1098 saepe

2108 1102 2306 1158 furtum
2357 1105 2538 1162 facere
2587 1111 2890 1175 consuevit,
2940 1119 2995 1165 et
3041 1113 3268 1167 reddere
3298 1130 3405 1168 non
3449 1119 3711 1186 potuerit,

2107 1211 2249 1251 anno
2292 1206 2347 1251 et
2372 1197 2541 1253 tribus
2568 1201 2995 1269 quadragesimis
3047 1205 3325 1273 paeniteat,
3357 1213 3412 1260 et
3452 1207 3712 1279 deinceps

2107 1303 2442 1358 nequaquam
2472 1288 2651 1345 facere
2681 1293 2999 1360 promittat;
3033 1303 3089 1348 et
3126 1295 3203 1349 sic
3247 1296 3298 1349 in
3333 1294 3539 1352 Pascha
3570 1299 3712 1353 alte-

2105 1378 2216 1430 rius
2246 1379 2371 1431 anni
2402 1383 2786 1448 communicet,
2816 1382 2867 1435 id
2894 1392 2997 1448 est,
3047 1394 3168 1452 post
3191 1385 3328 1439 duos
3356 1402 3530 1443 annos
3559 1389 3709 1457 (data

2103 1477 2285 1524 tamen
2317 1480 2442 1525 ante
2465 1473 2792 1541 pauperibus
2814 1473 2882 1528 de
2909 1491 3012 1530 suo
3042 1476 3226 1531 labore
3255 1477 3619 1551 elcem-Isyna,
3654 1492 3710 1535 et

2102 1561 2369 1614 sacerdoti
2394 1563 2764 1631 pomiteutiam
2787 1565 3051 1635 judicanti
3072 1569 3254 1637 epula)
3280 1577 3334 1623 et
3359 1572 3426 1624 ita
3445 1574 3705 1627 abremit.

2105 1660 2250 1704 tatur
2279 1652 2356 1706 illi
2383 1654 2538 1708 malze
2559 1659 2968 1715 consuetudinis
2994 1661 3173 1732 culpa.

2180 1757 2392 1815 XXXII.
2434 1761 2491 1818 Si
2520 1765 2643 1833 quis
2669 1766 2835 1822 laicus
2861 1773 3218 1838 perjuraverit
3245 1791 3259 1840 ;
3288 1775 3331 1828 si
3360 1790 3458 1845 per
3494 1776 3703 1847 cupidi-

2028 1847 2074 1906 B
2104 1855 2267 1904 tatem
2298 1851 2404 1908 hoc
2433 1853 2644 1923 Iecerit,
2697 1864 2836 1912 totas
2877 1874 2964 1915 res
2991 1875 3121 1916 suas
3172 1863 3390 1932 vendat,
3440 1876 3498 1921 et
3541 1867 3704 1922 donet

2101 1941 2449 2008 pauperibus,
2485 1951 2541 1998 et
2569 1955 2922 2002 convertatur
2947 1963 3015 2002 ex
3063 1950 3274 2021 integro
3300 1954 3366 2006 ad
3393 1953 3698 2020 Dominum,

2100 2039 2154 2083 et
2175 2031 2431 2087 tundatur
2449 2035 2598 2090 omni
2619 2036 2840 2093 dimisso
2861 2040 3081 2106 sreculo,
3106 2052 3160 2095 et
3183 2059 3351 2114 usque
3375 2045 3442 2100 ad
3471 2057 3702 2104 mortem

2099 2123 2297 2176 serviat
2325 2124 2434 2180 Deo
2463 2123 2514 2180 in
2549 2131 2900 2186 monasterio.
2929 2131 2983 2186 Si
3015 2143 3329 2191 autemnon
3369 2153 3467 2207 per
3488 2139 3700 2210 cupidi‘

2100 2222 2285 2284 tatem,
2308 2219 2402 2277 sed
2430 2222 2616 2276 mortis
2643 2223 2838 2279 timore
2857 2225 2962 2281 hoc
2990 2225 3137 2294 fecit,
3173 2230 3344 2286 tribus
3370 2233 3525 2288 annis
3554 2235 3698 2289 iner-

2097 2305 2199 2358 mis
2214 2307 2364 2360 exsul
2392 2311 2654 2378 pmniteat
2675 2312 2726 2366 in
2757 2328 2898 2386 pane
2921 2326 2977 2371 et
3003 2334 3140 2388 aqua
3167 2337 3182 2386 ;
3206 2332 3260 2375 et
3289 2322 3501 2378 duobus
3525 2325 3700 2381 adhuc

2097 2396 2365 2454 abstineat
2393 2415 2454 2456 se
2471 2418 2500 2454 a
2528 2403 2655 2458 vino
2681 2414 2738 2460 et
2765 2407 3049 2463 carnibus:
3079 2419 3136 2465 et
3157 2412 3230 2466 ita
3254 2414 3490 2469 animam
3521 2431 3623 2487 pro
3643 2436 3699 2472 se

2096 2488 2343 2555 reddens,
2393 2491 2448 2547 id
2475 2502 2580 2558 est,
2631 2511 2848 2552 servum
2903 2509 2998 2554 aut
3025 2501 3278 2557 ancillam
3327 2503 3396 2559 de
3422 2507 3701 2562 servitutis

2091 2579 2221 2649 jugo
2264 2582 2571 2650 absolvens,
2623 2594 2680 2642 et
2728 2589 3101 2662 eleemosynas
3145 2593 3343 2670 multas
3371 2595 3580 2652 faciens
3605 2613 3701 2668 per

2095 2674 2233 2725 duos
2261 2687 2434 2729 annos
2479 2675 2555 2743 (in
2589 2677 2788 2746 quibus
2837 2679 2913 2733 illi
2959 2681 3105 2736 licito
3137 2682 3213 2736 uti
3260 2682 3420 2739 facile
3450 2685 3588 2741 cibis
3615 2697 3698 2741 est

2096 2763 2323 2830 cunctis,
2355 2776 2585 2839 excepta
2611 2769 2798 2843 carne)
2827 2781 2951 2842 post
2996 2773 3285 2843 septimum
3332 2778 3699 2833 communicet

2095 2863 2314 2906 annum.

2167 2941 2403 3000 XXXIII.
2420 2944 2478 3002 Si
2499 2948 2621 3018 quis
2641 2948 2901 3006 laicorum
2921 2967 3017 3022 per
3035 2954 3348 3010 scandalum
3370 2957 3689 3026 sanguinem

2088 3031 2310 3102 fuderit,
2338 3047 2432 3094 aut
2459 3043 2764 3111 proximum
2781 3059 2936 3099 suum
2967 3047 3351 3116 vulneraverit,
3385 3059 3482 3104 aut
3501 3050 3696 3107 debili-

2092 3127 2315 3195 taverit,
2356 3142 2615 3200 quantum
2656 3136 2860 3204 nocuit,
2890 3144 3098 3192 tantum
3142 3139 3372 3196 reddere
3420 3150 3691 3212 cogatur;

2004 3230 2050 3294 ς
2086 3220 2131 3274 si
2187 3228 2370 3276 autem
2415 3240 2523 3280 non
2588 3226 2755 3283 habet
2813 3227 2958 3283 unde
3010 3229 3204 3296 solvat,
3250 3245 3418 3301 opera
3460 3235 3694 3304 proximi

2089 3310 2171 3365 sui
2222 3313 2452 3383 primum
2507 3328 2654 3386 agat,
2710 3319 2949 3387 quandiu
3002 3321 3093 3376 ille
3132 3321 3380 3378 infirmus
3427 3335 3516 3381 est
3580 3343 3693 3383 me-

2085 3400 2373 3472 dicumque
2393 3418 2618 3476 quaerat,
2650 3418 2706 3464 et
2731 3419 2854 3479 post
2879 3412 3166 3468 sanitatem
3194 3415 3313 3482 ejus
3329 3417 3692 3487 quadraginta

2083 3509 2201 3568 dies
2229 3513 2282 3568 in
2311 3530 2451 3585 pane
2475 3526 2532 3574 et
2558 3532 2694 3588 aqua
2719 3520 3003 3590 preniteat.

2156 3629 2398 3688 XXXIV.
2435 3633 2492 3689 Si
2520 3636 2641 3704 quis
2683 3636 2852 3693 laicus
2893 3638 3240 3695 inebriavrrit
3282 3655 3359 3707 se,
3390 3651 3490 3696 aut
3517 3657 3691 3714 usque

2082 3722 2151 3776 ad
2180 3726 2440 3779 vomitum
2471 3728 2878 3785 manducaverit
2906 3739 2999 3786 aut
3046 3732 3263 3797 biberit,
3293 3735 3603 3804 septimana
3634 3737 3686 3790 in

2083 3827 2222 3881 pane
2244 3826 2298 3869 et
2326 3831 2464 3886 aqua
2496 3819 2776 3888 pamiteat.

2153 3903 2366 3961 XXXV.
2393 3906 2450 3961 Si
2477 3909 2598 3976 quis
2625 3909 2797 3965 laicus
2834 3910 3143 3968 adulterare
3168 3913 3421 3984 voluerit,
3446 3926 3544 3972 aut
3571 3919 3687 3974 for-

2080 3997 2267 4051 nicare
2288 4013 2409 4054 cum
2446 4014 2664 4066 sponsa,
2695 4008 2752 4056 et
2771 4003 3109 4073 concupierit
3137 4006 3419 4062 mulierem
3445 4011 3685 4078 proximi

2079 4088 2182 4151 sui,
2214 4097 2267 4142 ct
2311 4103 2416 4144 non
2459 4089 2667 4156 fecerit,
2699 4093 2752 4148 id
2780 4103 2886 4163 est,
2914 4111 3023 4152 non
3047 4098 3308 4167 potuerit,
3332 4099 3459 4169 quia
3488 4103 3688 4159 mulier

2080 4188 2204 4228 eum
2248 4191 2357 4231 non
2382 4183 2642 4248 suscepit,
2688 4191 2869 4239 tamen
2915 4185 3006 4241 ille
3031 4199 3252 4257 paratus
3281 4187 3383 4244 fuit
3411 4191 3484 4247 ad
3514 4190 3684 4249 forni-

2079 4267 2310 4318 candnm
2336 4283 2348 4318 :
2374 4267 2697 4325 conﬁteatur
2734 4272 2949 4341 culpam
2983 4292 3138 4332 suam
3181 4281 3474 4348 sacerdoti,
3517 4293 3578 4340 et
3609 4286 3683 4338 ita

2079 4353 2431 4421 quadraginta
2460 4355 2651 4411 diebus
2679 4357 2731 4412 in
2763 4375 2904 4430 pane
2929 4370 2987 4416 et
3014 4378 3155 4433 aqua
3187 4369 3468 4436 pmoiteat.

2151 4441 2384 4499 XXXVI.
2435 4443 2492 4500 Si
2531 4447 2653 4516 quis
2681 4459 2862 4508 autem
2910 4450 3083 4508 laicus
3119 4458 3546 4524 manducaverit,
3588 4470 3687 4518 aut

2080 4535 2277 4591 biberit
2297 4538 2450 4606 juxta
2481 4538 2636 4606 fana;
2666 4541 2722 4596 .si
2756 4557 2854 4612 per
2894 4542 3254 4613 ignorantiam
3294 4546 3505 4616 fecerit,
3552 4567 3681 4622 pro-

2076 4631 2260 4685 mittat
2286 4632 2543 4703 deinceps
2573 4635 2718 4705 quod
2747 4651 3018 4706 nunquam
3068 4638 3306 4708 reiteret,
3345 4650 3404 4697 et
3437 4644 3686 4711 quadra-

2078 4721 2224 4788 ginta
2253 4721 2445 4779 diebus
2473 4727 2523 4781 in
2555 4743 2695 4797 pane
2723 4738 2780 4786 et
2807 4746 2949 4801 aqua
2977 4734 3238 4802 poeniteat
3263 4751 3276 4788 :
3323 4736 3369 4790 si
3409 4752 3543 4792 vero
3580 4753 3683 4808 per

2078 4821 2446 4883 contemptum
2485 4815 2591 4873 hoc
2621 4820 2831 4888 fecerit,
2877 4823 2930 4878 id
2959 4832 3064 4890 est,
3096 4836 3384 4896 postquam
3412 4831 3681 4884 sacerdos

2077 4901 2153 4954 illi
2193 4906 2504 4970 pmdicavit
2530 4911 2676 4979 quod
2705 4913 3046 4984 sacrilegium
3079 4916 3184 4972 hoc
3210 4927 3350 4981 erat,
3382 4927 3438 4973 et
3481 4930 3679 4988 postea

2075 5008 2278 5049 mensa:
2305 4996 2697 5056 daemoniorum
2727 5006 3243 5074 communicaverit;
3288 5009 3333 5062 si
3375 5008 3517 5078 gula-
3546 5020 3672 5069 tan.

2077 5091 2190 5137 tum
2220 5085 2352 5141 vitio
2381 5087 2486 5143 hoc
2507 5087 2697 5144 fecerit
2715 5101 2811 5146 aut
2836 5096 3137 5164 repetierit,
3171 5095 3342 5152 tribus
3368 5099 3664 5170 quadrage

2074 5174 2226 5229 simis
2253 5175 2304 5230 io
2347 5191 2487 5247 pane
2529 5188 2587 5234 et
2625 5195 2763 5249 aqua
2792 5185 3055 5253 paeniteat
3087 5203 3102 5240 :
3138 5187 3183 5240 si
3216 5201 3346 5240 vero
3377 5202 3477 5257 pro
3516 5194 3674 5250 cultu

2072 5269 2398 5337 dmmonum,
2433 5282 2528 5328 aut
2581 5273 2789 5331 honore
2836 5276 3250 5334 simulacrorum
3299 5279 3405 5335 hoc
3449 5282 3674 5355 fecerit,

2071 5364 2241 5418 tribus
2268 5365 2424 5420 annis
2453 5366 2729 5437 pceniteat.

2138 5476 2398 5534 XXXVII.
2432 5480 2488 5535 Si
2516 5482 2636 5550 quis
2669 5483 2842 5537 laicus
2872 5494 2971 5550 per
2999 5481 3356 5549 ignorantiam
3391 5500 3518 5540 eum
3555 5487 3674 5545 Bo-

2065 5571 2296 5626 nosiacis
2324 5581 2418 5626 aut
2455 5574 2667 5629 caeteris
2704 5572 2974 5628 lucreticis
3014 5575 3527 5643 communicaverit,
3553 5587 3674 5636 stet

2064 5652 2206 5719 inter
2233 5667 2653 5721 calculmmeuos
2675 5705 2691 5732 ,
2724 5664 2776 5720 id
2798 5673 2903 5731 est,
2927 5665 2996 5721 ab
3025 5666 3145 5722 aliis
3192 5679 3478 5741 separatus
3503 5669 3674 5727 Chri-

2065 5758 2253 5813 stianis
2277 5759 2633 5829 quadraginta
2661 5757 2870 5827 diebus,
2895 5770 2954 5815 et
2979 5759 3186 5816 duabus
3205 5762 3328 5817 aliis
3348 5761 3666 5832 quadrage-

2067 5850 2217 5907 sinus
2247 5851 2299 5905 in
2327 5861 2576 5908 extremo
2607 5849 3038 5909 Christianorum
3065 5854 3275 5919 ordine,
3309 5852 3359 5908 id
3384 5864 3492 5925 est,
3511 5855 3669 5913 inter
