3856 6218
210 361 300 415 ἓὲο
1131 345 1674 409 INSTRUCTIONES
1713 339 1949 395 ΥΑΙῖΙιΕ
1984 343 2136 396 SHE
2176 340 2552 399 SEMIONES.

3377 350 3483 405 20

211 473 525 542 pmnitcntes,
557 469 773 522 insanae
817 465 1215 521 communionis
1253 462 1466 531 culpam
1503 458 1709 513 diluat:
1741 455 1784 508 si
1817 457 1866 513 Α
1895 469 1999 508 non
2031 455 2191 509 lavet.
2220 455 2328 510 Soli
2357 465 2536 510 autem
2577 457 2844 511 monacho
2873 469 3083 515 secreto
3109 462 3301 518 Stando
3327 469 3490 534 pedes

212 580 324 619 vero
347 577 439 632 per
484 567 866 629 contemptum
900 560 999 614 hoc
1030 557 1233 616 fecerit.
1270 554 1320 609 id
1364 565 1468 617 est,
1510 556 1794 624 postquam

210 652 556 709 denuntiatum
588 650 666 705 illi
701 648 880 706 fuerat
928 666 956 703 a
988 649 1293 716 sacerdote,
1323 662 1387 700 ac
1443 644 1792 714 prohibitum,

216 761 271 796 ne
297 760 348 797 se
375 742 767 796 communione
813 742 1043 796 sinistra
1073 740 1242 810 partis
1289 737 1608 801 nia-aularet,
1655 747 1798 790 anno

217 838 400 901 integro
429 833 718 901 rteniteat,
753 842 808 887 et
844 834 1015 887 tribus
1040 829 1487 900 quadragesimis,
1512 839 1566 884 et
1591 828 1799 884 duobus

215 923 315 976 aliis
341 921 488 974 annis
512 922 789 975 abstineat
813 937 873 976 se
900 937 932 974 a
959 922 1084 975 vino
1107 932 1162 976 et
1190 922 1442 976 carnibus
1465 939 1479 986 ;
1505 929 1560 974 et
1582 921 1652 974 ita
1679 929 1800 990 post

215 1027 381 1066 manus
404 1010 818 1080 impositionem
859 1010 1114 1067 ca.iiolici
1146 1012 1414 1082 episcopi,
1444 1011 1636 1065 altario
1671 1012 1799 1079 jun-

216 1115 369 1172 gatur.

278 1192 542 1247 Postremo
593 1191 664 1248 de
706 1193 933 1248 minutis
973 1193 1364 1250 monachorum
1395 1192 1661 1263 agendum
1716 1201 1800 1246 est

216 1284 573 1337 sanctionibus.

279 1373 549 1429 XXXVIII.
591 1375 650 1429 Si
685 1379 810 1447 quis
857 1378 1056 1432 vallum
1087 1385 1332 1447 apertum
1364 1377 1416 1432 in
1447 1387 1607 1433 nocte
1635 1377 1795 1432 dimi-

218 1468 348 1526 serit,
379 1468 817 1533 superpositione
848 1468 1141 1537 paeniteat:
1169 1467 1215 1522 si
1239 1483 1368 1522 vero
1394 1468 1446 1522 in
1477 1469 1586 1534 die,
1613 1469 1796 1536 viginti

219 1567 426 1623 qualuor
452 1557 922 1623 percussionibus,
952 1558 994 1613 si
1025 1573 1132 1612 non
1155 1559 1273 1612 aliis
1292 1560 1797 1628 supervenientibus

220 1655 438 1712 apertum
467 1645 778 1700 dimiserit:
802 1648 848 1702 si
874 1648 996 1717 quis
1023 1649 1165 1704 hunc
1188 1649 1361 1717 ipsum
1384 1650 1632 1706 absolute
1661 1665 1798 1721 pra:-

219 1734 434 1796 t-esseril,
466 1739 911 1806 superpositione
940 1741 1218 1809 l-mniteat.

1904 549 2086 604 lavare
2114 548 2269 604 licet:
2298 548 2498 603 seniori
2536 563 2686 613 vero,
2724 550 2884 603 etiam
2917 552 3151 621 publice,
3198 557 3290 610 sed
3321 557 3493 613 altero

1900 639 2063 713 pedes
2089 655 2219 693 suos
2246 631 2472 692 lavants
2491 638 2616 693 licet
2642 648 2760 693 stan
2784 639 2834 695 Io
2868 641 3058 697 lavari.

1972 729 2101 784 XLI.
2136 731 2274 786 Ante
2304 730 2746 800 prmdicationem
2779 749 2905 786 vero
2943 733 3048 804 de,
3073 734 3340 791 dominica
3374 741 3492 803 toti,

1900 823 2139 892 exceptis
2167 823 2331 878 certis
2363 823 2797 887 necessitatibus,
2829 824 2986 878 simul
3017 825 3125 878 sint
3162 827 3494 895 conglobati,

1902 929 1960 973 ut
1988 918 2164 972 nullus
2203 917 2342 971 desit
2372 931 2597 971 numero
2644 927 2972 986 praeceptum
3015 919 3364 984 audientium,
3398 937 3495 975 ex-

1901 1020 2059 1080 cepto
2086 1025 2220 1064 coco
2251 1025 2314 1062 ac
2342 1009 2586 1077 portario
2611 1050 2624 1072 ,
2656 1009 2748 1079 qui
2775 1019 2830 1062 et
2879 1010 2999 1078 ip-i,
3031 1011 3075 1062 si
3109 1011 3337 1078 possint,
3369 1023 3500 1068 sats

1901 1111 2085 1170 agant,
2139 1111 2195 1154 ut
2249 1101 2428 1156 adsint
2481 1099 2698 1169 quando
2751 1101 3045 1154 tonitruum
3102 1100 3378 1171 Evangelii
3405 1120 3502 1156 au-

1902 1193 2067 1247 ditur.

1974 1302 2130 1358 XLII.
2163 1301 2548 1358 Confessiones
2576 1310 2757 1356 autem
2808 1300 2924 1355 dari
2974 1301 3284 1370 diligentius
3315 1304 3501 1372 prmci-

1903 1396 2067 1464 pitur,
2102 1395 2337 1448 maxime
2365 1395 2434 1448 de
2485 1394 2943 1449 commotionibus
2971 1394 3158 1460 animi,
3213 1405 3501 1464 antequam

1901 1485 1970 1538 ad
2001 1474 2218 1539 Missam
2247 1493 2423 1548 eatur,
2457 1498 2524 1538 ne
2553 1482 2693 1536 forte
2724 1483 2844 1550 quis
2884 1484 3106 1537 accedat
3147 1483 3394 1552 indignus
3438 1486 3502 1537 ad

1902 1577 2096 1641 altare,
2147 1577 2199 1630 id
2229 1583 2333 1637 est,
2366 1575 2409 1627 si
2440 1589 2536 1628 cor
2569 1573 2826 1627 mundum
2859 1588 2966 1627 non
2999 1573 3284 1628 habuerit:
3315 1575 3507 1630 melius

1904 1675 1990 1721 est
2021 1666 2162 1722 enim
2211 1673 2530 1735 exspectare
2577 1662 2752 1717 donec
2801 1677 2896 1716 cor
2943 1677 3136 1716 sanum
3189 1662 3397 1730 fuerit,
3450 1677 3507 1718 et

1908 1761 2142 1817 alienum
2166 1775 2195 1814 a
2237 1759 2494 1814 scandan
2524 1773 2589 1813 ac
2616 1757 2814 1812 invidia
2845 1754 3022 1819 fuerit,
3053 1771 3213 1825 qnam
3246 1758 3508 1813 accedere

286 1825 502 1881 XXXIX.
551 1825 610 1882 Si
643 1828 772 1898 quis
815 1829 1121 1898 iumentum
1173 1833 1530 1903 petet-5501.08
1560 1833 1804 1888 absolute
1842 1823 1883 1882 Β
1911 1851 2172 1907 audacter
2199 1851 2266 1904 ad
2289 1849 2547 1919 judicium
2570 1848 2851 1903 tribunalis
2877 1865 2888 1899 ε
2915 1823 3149 1901 tribunal
3176 1847 3319 1902 enim
3347 1845 3507 1902 cnn-

223 1916 349 1989 {I.eg.
407 1919 616 1988 absque
660 1921 805 1992 luto]
842 1922 1121 1990 lavaverit,
1158 1925 1592 1995 superpositione
1636 1926 1805 1995 [(Btti-

223 2023 317 2066 tc..t
339 2031 351 2065 :
375 2014 416 2067 si
442 2015 562 2082 quis
592 2031 733 2070 vero
764 2018 1110 2074 lavanslicito
1126 2035 1310 2075 coram
1327 2020 1580 2076 fratribus
1607 2022 1804 2077 stando

224 2104 310 2157 hoc
338 2103 535 2168 fecerit,
567 2106 613 2159 si
651 2122 760 2161 non
790 2111 1116 2165 necessitate
1143 2111 1240 2165 luti
1265 2109 1463 2180 largius
1485 2112 1804 2180 abstergen-

223 2194 284 2254 ιιι,
313 2194 480 2260 viginti
509 2205 755 2264 quatuor
780 2198 952 2268 plagis
977 2201 1317 2256 emendetur.

286 2282 382 2338 XL.
415 2286 470 2338 Si
495 2287 622 2355 quis
646 2304 776 2343 vero
806 2292 971 2344 etiam
993 2292 1231 2347 sedendo
1261 2295 1312 2346 in
1334 2294 1582 2362 jumento
1603 2307 1798 2363 genua,

226 2387 303 2430 aut
330 2377 537 2434 brachia
567 2380 1008 2450 discooperuerit
1037 2385 1240 2452 absque
1267 2388 1702 2442 necessitateluti
1728 2389 1802 2442 la-

228 2471 384 2537 vandi,
411 2487 500 2526 sex
533 2472 732 2530 diebus
765 2491 876 2530 non
925 2477 1107 2544 lavet;
1140 2479 1190 2533 id
1231 2488 1332 2543 est,
1374 2496 1544 2549 usque
1572 2482 1638 2534 ad
1671 2482 1802 2536 alte-

228 2578 324 2616 ram
361 2562 497 2620 diem
524 2564 865 2622 dominicam
916 2568 1236 2624 inhonestus
1283 2571 1372 2625 ille
1403 2572 1612 2628 Iavutor
1641 2573 1809 2643 pedes

1913 1945 2002 2007 sti,
2037 1943 2208 1996 altare
2234 1959 2246 1993 :
2278 1949 2334 1994 et
2362 1955 2564 2008 corpus
2592 1954 2747 1993 suum
2776 1937 2904 1992 inibi
2930 1953 3054 1992 cum
3083 1938 3342 2006 sanguine
3367 1936 3511 2006 judi-

1911 2041 2001 2088 cat
2026 2032 2271 2100 indignos
2299 2029 2639 2084 accedentes.
2674 2028 2843 2083 Sicuti
2871 2043 3001 2097 ergo
3032 2044 3058 2080 a
3091 2029 3329 2098 peccatis
3358 2028 3508 2099 capi-

1914 2125 2110 2178 talibus
2163 2130 2219 2176 et
2269 2119 2580 2174 carnalibus
2643 2120 2939 2173 cavenlum
3008 2127 3138 2184 οτι,
3217 2127 3506 2189 antequam

1911 2210 2420 2268 communicandum
2460 2209 2574 2273 sit;
2617 2208 2689 2262 ita
2718 2209 2879 2263 etiam
2931 2209 3000 2263 ab
3031 2210 3408 2272 incertioribus
3437 2211 3513 2264 vi-

1911 2305 1997 2358 tiis
2028 2313 2078 2358 et
2112 2301 2315 2356 morbis
2344 2301 2647 2369 languentis
2676 2302 2868 2354 animo:
2900 2300 3275 2354 abstinendum
3307 2310 3410 2365 est,
3441 2317 3506 2355 ac

1909 2393 2322 2464 abstergendum
2384 2400 2510 2448 ante
2570 2407 2710 2446 verte
2765 2392 2914 2471 pacis
2965 2391 3402 2462 conjunctioncni
3454 2402 3512 2447 et

1908 2494 2131 2540 acter..ac
2160 2484 2348 2539 salutis
2375 2483 2771 2554 compaginem.

1601 2745 2002 2758 ——

949 2866 1632 2983 SANGTI
1709 2859 2801 2984 COLUMBANI

1439 3063 1710 3116 ABBATIS
1746 3060 1826 3111 ΕΤ
1860 3053 2281 3109 CONFESSORIS

665 3182 866 3326 IN
887 3175 2286 3332 STRUCTIONES
2385 3175 3070 3323 VARUE

1657 3421 1858 3465 VULGO
1903 3421 2110 3462 DICTB

1505 3544 2039 3652 SERMON
2052 3543 2248 3645 ES.

677 3803 1092 3861 INSTRUCTIO
1132 3802 1369 3860 PRIMA.

690 3897 772 3954 De
802 3899 908 3954 Deo
943 3898 1060 3954 Uno
1081 3909 1132 3952 et
1163 3898 1348 3953 Trino.

297 3991 334 4047 ι.
366 3992 746 4049 lnstructionis
795 3994 953 4047 valde
1002 3992 1323 4048 accesserim
1369 4003 1554 4047 curam
1602 4000 1816 4057 gerens,

239 4087 448 4158 primum
478 4096 607 4139 ante
652 4086 857 4152 omnia,
907 4084 1052 4154 quod
1099 4086 1351 4141 omnibus
1399 4083 1540 4140 scire
1585 4083 1818 4152 primum

238 4184 324 4238 est,
363 4171 540 4227 dicere
570 4173 809 4227 breviter
839 4173 1003 4240 licet;
1032 4175 1215 4245 cupio,
1246 4183 1305 4229 ut
1331 4173 1476 4243 quod
1515 4181 1600 4227 cst
1628 4171 1819 4226 funda-

239 4274 456 4321 mentum
483 4262 674 4318 salutis
695 4266 959 4333 omnium,
989 4266 1144 4321 nobis
1169 4264 1390 4336 crepido
1419 4262 1685 4320 sermonis
1710 4262 1780 4315 sit
1804 4279 1817 4325 ;

238 4365 287 4410 et
312 4355 428 4410 inde
469 4360 656 4408 nostra
706 4355 956 4411 doctrina
986 4355 1232 4411 ordiatur
1281 4354 1424 4410 unde
1469 4367 1632 4408 omne
1675 4353 1820 4422 quod

240 4446 516 4509 estoritur,
547 4455 605 4498 et
633 4445 778 4514 quod
809 4462 918 4515 non
945 4446 1046 4501 fuit
1069 4446 1314 4502 initiatur
1339 4462 1354 4510 ;
1384 4445 1693 4514 ostiumque
1725 4459 1820 4498 no-

241 4539 313 4595 bis
329 4537 589 4593 sermonis
610 4539 791 4594 cordis
814 4539 1107 4595 credulitas
1126 4539 1357 4609 aperiat,
1377 4552 1497 4608 quae
1517 4539 1570 4592 in
1592 4537 1822 4592 salutem

239 4623 577 4681 confessionis
620 4627 860 4680 omnium
907 4623 1336 4681 Christianorum
1401 4634 1552 4681 recte
1596 4624 1824 4680 creden-

244 4717 359 4771 tium
395 4731 492 4771 ora
540 4719 774 4785 aperuit.
829 4716 908 4772 De
937 4716 1094 4773 initio
1123 4731 1256 4788 ergo
1321 4719 1570 4773 humana:
1607 4716 1817 4782 salutis,

242 4810 437 4868 Christo
465 4810 779 4881 adjuvaote,
827 4821 979 4869 recte
1007 4823 1192 4868 nostra
1221 4811 1363 4868 dicta
1392 4816 1614 4866 sumant
1658 4823 1823 4865 exor-

245 4905 390 4958 dium.

301 4995 492 5052 Credat
521 4995 708 5066 itaque
732 4998 962 5069 primum
992 4997 1170 5053 omnis
1206 4997 1298 5068 qui
1332 4995 1447 5052 vult
1473 4996 1654 5052 salvus
1681 5009 1820 5058 esse,

249 5085 289 5141 in
317 5089 543 5158 primum
573 5099 630 5142 et
660 5091 712 5143 in
737 5090 1087 5145 novissimum
1118 5088 1289 5146 Deum
1321 5105 1486 5144 unum
1515 5105 1580 5143 ac
1604 5088 1824 5150 trinum,

1848 3799 1895 3862 C
1927 3816 2208 3889 perfectio.
2235 3815 2390 3884 Quod
2422 3830 2558 3870 unus
2583 3823 2666 3870 est
2700 3813 2839 3870 Deus
2866 3811 3117 3880 Trinitas,
3152 3813 3294 3871 Deus
3325 3814 3441 3888 ipse
3472 3819 3528 3874 in

1927 3913 2046 3981 lege
2089 3911 2157 3966 de
2200 3927 2259 3966 se
2302 3919 2533 3965 testatur
2573 3908 2796 3965 dicens:
2831 3909 2986 3974 Audi,
3013 3906 3219 3975 Israel;
3271 3907 3531 3966 Dominus

1932 4004 2069 4058 Dens
2091 4014 2205 4057 tuus
2226 4018 2358 4056 imus
2381 4011 2456 4054 est
2485 3999 2662 4071 (Dent.
2696 4017 2771 4065 vi,
2803 3999 2880 4068 ι).
2905 4000 3059 4066 Quod
3081 4008 3260 4056 autem
3279 4016 3418 4057 unus
3440 4003 3530 4056 ille

1929 4093 2069 4146 Deus
2098 4089 2336 4144 Trinitas
2376 4095 2485 4154 est,
2513 4087 2763 4142 Salinator
2791 4087 2846 4140 in
2891 4085 3184 4156 Evangelio
3211 4090 3416 4157 docuit,
3446 4091 3529 4146 di-

1925 4182 2099 4239 cendo
2123 4199 2136 4235 :
2179 4179 2378 4234 Euntes
2408 4195 2543 4234 nunc
2565 4180 2743 4234 docete
2774 4194 2949 4233 omnes
2974 4189 3171 4250 gentes,
3198 4180 3529 4250 baptisanles-

1925 4290 2010 4329 eos
2038 4273 2091 4327 in
2110 4272 2316 4326 nomine
2342 4269 2541 4339 Patris,
2563 4280 2612 4325 et
2631 4269 2782 4338 Filii,
2803 4279 2852 4323 et
2878 4269 3105 4340 Spiritus
3126 4271 3293 4325 sancti
3311 4270 3533 4342 (Halm.

1929 4375 2115 4414 xxviii.
2168 4357 2278 4429 I9).
2337 4357 2431 4413 llis
2478 4358 2691 4412 duobus
2738 4358 3060 4414 testimoniis
3087 4357 3317 4413 duarum
3347 4357 3530 4428 legunt

1929 4451 2083 4522 quasi
2113 4450 2429 4520 quibusdam
2457 4447 2640 4503 fulcris
2669 4447 2986 4502 lirmissitnis
3024 4445 3158 4502 Iides
3187 4447 3528 4503 credentium

1931 4540 2139 4596 firmata
2170 4549 2272 4597 est.
2318 4539 2418 4595 Ubi
2447 4539 2616 4595 babes
2641 4538 2693 4593 in
2720 4539 2949 4595 veritate
2987 4536 3306 4594 Trinitatem
3333 4537 3390 4594 in
3416 4541 3530 4595 uni.

1931 4638 2066 4696 tate,
2097 4639 2154 4686 et
2179 4639 2439 4686 unitatem
2471 4631 2525 4683 in
2573 4629 2854 4684 Trinitate.
2885 4627 2990 4684 Pro
3021 4630 3098 4684 rei
3128 4630 3292 4698 igitur
3318 4619 3529 4699 magni-

1931 4720 2119 4775 tudine
2145 4719 2380 4774 breviter
2401 4718 2547 4788 quod
2578 4719 2849 4773 credimus
2877 4717 3132 4785 diximus,
3161 4728 3218 4774 et
3247 4720 3382 4777 Iides
3407 4735 3530 4776 cor-

1931 4814 2014 4870 dis
2045 4814 2155 4869 oris
2185 4812 2442 4884 produxit
2467 4811 2862 4867 confessionem
2889 4828 2901 4873 ;
2928 4819 2985 4866 et
3017 4811 3120 4873 hoc
3150 4811 3374 4866 lirmiter
3400 4827 3531 4867 cono

1932 4913 2014 4960 tra
2043 4919 2234 4960 omnes
2285 4904 2518 4959 Increses
2549 4901 2842 4969 tenendum
2871 4908 2976 4967 est,
3021 4899 3167 4970 quod
3223 4900 3366 4956 Deus
3395 4917 3540 4957 omni

1930 4997 2096 5051 dividi
2129 4997 2212 5052 vel
2240 4995 2482 5066 separari
2512 5011 2619 5050 non
2646 5002 2847 5065 potest,
2877 4993 3004 5061 quia
3047 4991 3194 5062 quod
3234 4989 3333 5046 luit
3364 5001 3530 5056 ιιιιυερ,

1931 5104 2147 5159 semper
2176 5089 2274 5144 fuit
2322 5097 2380 5144 ut
2408 5096 2511 5144 est.
2543 5088 2658 5142 Ces-
2676 5095 2734 5141 et
2781 5098 2912 5154 ergo
2959 5100 3229 5142 venenosa
3258 5094 3315 5141 et
3343 5085 3538 5140 insana

252 5193 394 5230 ιιιιιιιιι
431 5176 802 5242 subsistentia,
823 5181 1019 5235 trinum
1063 5181 1402 5246 substantia;
1445 5195 1610 5234 unum
1633 5186 1826 5249 poten-
1858 5204 1903 5262 ο
1934 5181 2172 5237 omnium
2199 5181 2574 5236 licereticorum
2605 5179 2846 5245 vesania,
2881 5184 3098 5248 quando
3125 5178 3243 5246 ipso
3266 5175 3378 5232 Deo
3397 5185 3536 5230 teste

252 5268 330 5334 ¹ί²ν
357 5268 549 5321 trinum
578 5283 814 5339 persona
845 5288 863 5338 ;
893 5287 1057 5324 unum
1089 5281 1302 5335 natura,
1339 5274 1538 5327 trinum
1569 5269 1824 5334 nomine;

255 5375 396 5414 unum
435 5363 675 5428 nomine,
708 5365 800 5432 qui
855 5373 938 5420 est
991 5361 1153 5419 Pater
1181 5373 1238 5420 et
1286 5365 1452 5420 Filius
1502 5372 1559 5419 et
1593 5361 1828 5433 Spiritus

254 5459 467 5514 sanctus,
495 5449 640 5505 Deus
667 5470 826 5521 unus,
857 5464 939 5511 tot
961 5472 1003 5511 's
1033 5455 1334 5523 invisibilis,
1366 5455 1830 5527 incomprehensi-

258 5541 382 5609 bilis,
404 5540 702 5609 inel'abilis,
737 5546 790 5600 in
822 5563 934 5618 quo
961 5558 1047 5604 est
1073 5564 1291 5620 semper
1330 5565 1471 5616 esse,
1506 5549 1634 5623 quia
1668 5558 1826 5603 aeter-

258 5645 347 5688 nas
377 5644 456 5689 est
488 5632 629 5689 Deus
654 5633 908 5704 Trinitas,
941 5641 1030 5696 cui
1077 5641 1288 5696 initium
1334 5657 1442 5698 non
1471 5657 1706 5713 quartis,
1735 5640 1827 5710 qui

265 5719 404 5777 luem
425 5738 528 5778 non
549 5723 733 5785 babrt.
759 5738 816 5782 et
834 5731 926 5799 qui
955 5745 1172 5803 semper
1198 5731 1296 5786 luit
1322 5734 1466 5802 quod
1496 5743 1580 5789 est
1609 5741 1666 5788 et
1692 5733 1827 5794 erit;

265 5811 373 5881 quia
416 5811 469 5869 in
505 5813 617 5871 Deo
647 5815 864 5875 iteratio
904 5838 1010 5878 non
1060 5831 1166 5890 est,
1191 5824 1287 5882 sed
1315 5839 1530 5897 semper
1555 5825 1834 5882 Trinitatis

1933 5271 2180 5326 audimus
2223 5279 2280 5326 et
2323 5270 2631 5327 credimus:
2663 5269 2822 5334 Audi,
2856 5267 3066 5333 Israel;
3108 5265 3363 5323 Dominus
3394 5265 3536 5319 Deus

1935 5375 2049 5419 tuus
2079 5377 2210 5416 unus
2237 5370 2314 5415 est
2339 5377 2359 5416 :
2399 5360 2525 5431 quia
2570 5360 2663 5430 qui
2698 5374 2834 5414 unus
2878 5368 2984 5426 est,
3030 5358 3137 5413 hoc
3178 5369 3394 5425 semper
3435 5353 3532 5408 fuit

1933 5455 2080 5525 quod
2133 5462 2243 5516 est;
2276 5455 2371 5508 sed
2403 5465 2463 5508 ut
2488 5455 2631 5508 scias
2678 5461 2933 5522 quantus,
2985 5449 3267 5522 pluraliter
3311 5446 3450 5503 dixit
3482 5448 3539 5501 in

1933 5547 2118 5604 mundi
2160 5545 2503 5600 conditione:
2537 5543 2824 5599 Faciamus
2851 5543 3110 5598 Immineat
3139 5542 3211 5596 ad
3253 5540 3534 5610 imaginem

1933 5649 1983 5694 et
2009 5638 2402 5694 similitudinem
2445 5646 2679 5690 nostrum
2701 5633 2854 5707 (Gen.
2887 5651 2924 5698 ι,
2968 5632 3082 5704 26).
3115 5632 3193 5689 No
3220 5645 3350 5685 vero
3379 5643 3531 5683 erres

1937 5733 1993 5789 in
2015 5731 2524 5800 numero,Cltristus
2556 5731 2648 5786 tibi
2679 5729 2881 5786 indicat
2906 5729 3140 5791 Patrem,
3165 5733 3222 5779 et
3243 5721 3456 5787 Filium,
3481 5730 3538 5774 ct

1938 5826 2197 5899 Spiritum
2225 5835 2497 5891 sanctum,
2528 5825 2578 5879 in
2609 5824 2761 5892 cujus
2785 5821 2903 5886 Dei,
2930 5819 3086 5892 quasi
3119 5821 3277 5873 unius
3310 5817 3403 5871 Dei
3436 5831 3539 5866 no-
