3856 6218
391 371 485 426 23!

1626 362 1685 421 S.
1721 356 2110 421 COLUNBANI
2150 348 2438 417 ABDATIS

3568 362 3672 417 9.δὲ

382 488 547 546 mine,
573 495 736 538 omne
764 479 1052 535 humanum
1082 492 1249 548 genus
1289 476 1668 548 baptizandurn
1694 485 1795 533 est.
1821 477 1960 545 Quid
1991 484 2036 538 Α
2065 482 2217 531 tanto
2243 475 2363 545 plus
2390 473 2651 543 intelligat
2676 473 2881 528 minora
2903 488 2963 529 se
2986 474 3125 543 scire
3152 487 3312 544 posse
3338 473 3409 530 de
3435 476 3673 533 auctoris

382 574 535 642 plura
554 572 621 629 de
640 569 916 626 Trinitatis
935 570 1305 624 coaeternitate
1325 568 1349 621 ?
1376 566 1531 634 Quod
1563 566 1707 623 Unus
1736 576 1837 636 est,
1856 566 1967 620 suf-

383 664 625 718 licii-nter
649 677 747 716 nos
769 661 948 716 docet.
1000 658 1077 713 De
1105 659 1336 713 veritate
1378 667 1562 712 autem
1612 671 1964 727 personarum

383 752 572 819 Patris,
604 760 659 809 et
682 750 824 817 Fili'g
871 760 927 806 et
955 749 1188 818 Spiritus
1211 750 1403 815 sancti,
1444 748 1719 805 distinctio
1741 746 1961 811 Christi,

381 847 630 917 praecepti
652 845 990 912 auctoritate,
1016 842 1355 899 abundanter
1377 841 1631 897 instruxit
1658 838 1963 896 audientes.

384 940 457 992 Ex
487 938 590 1003 bis,
624 938 861 1007 inquam,
894 922 1214 990 testimoniis
1256 931 1432 988 omnis
1471 945 1716 987 errorum
1742 926 1962 985 exclusa

380 1028 702 1097 perversitas
730 1034 853 1093 est;
910 1025 1105 1096 quibus
1134 1021 1483 1090 nominando,
1514 1020 1751 1076 Trinitas
1802 1026 1964 1088 atque

375 1120 553 1175 unitas
580 1119 885 1175 attestando
914 1117 1265 1189 approbatur.

445 1210 510 1265 ll.
550 1210 682 1265 Cum
712 1209 789 1265 rei
820 1209 979 1277 igitur
1006 1206 1318 1275 magnitudo
1348 1220 1448 1260 nos
1486 1202 1555 1259 de
1582 1203 1688 1267 his,
1716 1201 1867 1271 quasi
1897 1200 1966 1257 de

375 1303 731 1359 ineﬂabilibus
759 1302 990 1372 amplius
1019 1300 1165 1369 loqui
1195 1298 1461 1369 prohibet,
1492 1298 1642 1351 tlrma
1673 1292 1776 1350 ﬁde
1802 1309 1964 1364 supra

374 1394 513 1448 dicta
570 1396 976 1448 conservemus.
1029 1390 1165 1455 Quia
1221 1388 1306 1444 cui
1355 1388 1470 1443 huic
1518 1400 1689 1457 pauca
1740 1386 1807 1442 de
1854 1385 1965 1443 Deo

373 1478 636 1535 Trinitate
666 1496 775 1534 non
802 1479 1089 1544 sul'liciunt,
1114 1478 1268 1549 plura
1294 1476 1446 1547 juxta
1469 1475 1800 1545 Scripturam
1857 1491 1966 1532 non

372 1571 685 1638 proderunt.
733 1570 808 1624 De
844 1584 909 1626 eo
954 1570 1095 1625 enim
1134 1577 1342 1623 tantum
1368 1566 1510 1638 quod
1536 1582 1672 1623 unus
1699 1566 1752 1622 in
1781 1564 1961 1622 Triui-

372 1670 498 1725 tate,
546 1669 601 1715 et
644 1659 837 1715 Trin-is
864 1661 916 1714 in
950 1660 1152 1715 unitate
1180 1668 1284 1725 est,
1316 1659 1569 1714 diximus.
1619 1658 1693 1713 De
1728 1658 1962 1713 essentia

370 1767 496 1806 vero
524 1752 643 1819 ejus
670 1753 790 1819 qu's
816 1750 996 1805 dicere
1024 1749 1261 1819 poterit?
1291 1747 1577 1813 Quomodo
1609 1746 1803 1817 ibique
1835 1760 1971 1815 pra:-

2070 563 2478 635 profunditatc;
2529 574 2585 619 et
2634 562 2773 620 sicut
2818 564 3001 632 debet,
3050 574 3107 618 et
3153 564 3331 630 decet,
3380 564 3559 620 minus
3603 565 3672 620 de

2065 662 2313 709 creatore
2340 668 2499 724 quam
2527 653 2594 709 de
2620 660 2869 708 creatura
2903 660 3138 709 tractare
3182 662 3475 724 prmsumat
3494 669 3522 714 ,ε
3547 654 3677 725 quia

2066 742 2123 798 in
2153 742 2450 813 majoribus
2480 742 2708 799 idoneus
2735 757 2857 799 esse
2884 758 2991 798 non
3018 751 3221 815 potest,
3259 743 3352 813 qui
3381 745 3534 814 prius
3570 745 3677 800 mi.

2066 849 2200 889 nora
2230 849 2338 889 non
2363 832 2748 902 investigavit;
2778 842 2834 889 et
2857 833 2945 889 cui
2978 834 3029 889 in
3059 834 3356 889 minoribus
3399 849 3507 889 non
3554 850 3672 893 cre-

2064 923 2233 990 ditur,
2282 926 2334 980 in
2381 923 2674 993 majoribus
2702 923 2977 995 quomodo
3024 924 3350 979 credendum
3396 924 3521 980 est?
3566 924 3674 991 Qui

2063 1014 2229 1078 enim,
2275 1026 2431 1083 rogo,
2462 1022 2672 1067 terrena
2704 1013 2935 1081 ignorat,
2966 1011 3208 1069 cmle>tia
3238 1028 3335 1067 cur
3360 1014 3678 1068 scrutatur?

2062 1102 2175 1158 0b!
2208 1103 2303 1173 qui
2334 1120 2469 1159 vana
2498 1104 2788 1173 loquuntur
2816 1121 2920 1159 non
2948 1106 3312 1178 intelligentes,
3336 1107 3492 1175 juxta
3524 1108 3677 1176 Apo—

2064 1195 2286 1259 stolum,
2332 1210 2493 1264 neque
2532 1210 2648 1266 quae
2674 1194 2973 1267 loquuntur,
3021 1212 3184 1266 neque
3212 1197 3279 1251 de
3305 1197 3488 1267 quibus
3515 1198 3676 1268 afﬁr-

2066 1292 2211 1337 mant
2238 1283 2291 1354 (I
2326 1282 2459 1339 Tim.
2492 1300 2532 1347 ι,
2564 1285 2637 1354 7).
2667 1283 2839 1353 Quam
2866 1286 3021 1340 multi
3048 1288 3215 1353 enim,
3241 1288 3435 1356 quintis
3462 1297 3548 1343 est
3576 1306 3678 1355 ναι,

2071 1375 2242 1445 fragili
2286 1376 2410 1431 licet
2448 1390 2643 1445 penna,
2692 1378 2746 1432 in
2788 1378 2954 1432 altum
2992 1364 3180 1432 volure
3226 1373 3481 1443 nitentes,
3521 1388 3579 1433 et
3620 1379 3675 1432 in

2068 1469 2265 1522 emtum
2311 1481 2374 1522 os
2416 1482 2571 1521 suum
2617 1464 2880 1537 ponentes
2918 1477 3202 1533 creatura',
3236 1468 3319 1523 Vel
3349 1482 3445 1538 per
3475 1481 3675 1538 jaites,

2072 1562 2130 1609 ut
2159 1572 2264 1610 non
2292 1556 2467 1611 dicam
2498 1571 2711 1623 omnes,
2751 1558 2963 1612 ratione
2989 1568 3117 1612 ante
3144 1572 3251 1612 non
3275 1561 3507 1614 collecta
3552 1557 3678 1631 [Co—

2070 1646 2194 1707 ἀει,
2225 1645 2490 1710 mendose,
2519 1647 2663 1707 e..,im
2684 1644 2834 1716 coli],
2867 1663 2915 1717 pi
2930 1647 3095 1701 imum
3125 1649 3193 1703 de
3219 1663 3429 1704 summa
3460 1651 3678 1719 protin-

2072 1737 2242 1801 ditate
2272 1736 2549 1791 immundo
2591 1738 2756 1793 corde
2794 1747 2850 1792 et
2879 1740 3089 1808 impuro
3127 1756 3223 1795 ore
3251 1740 3449 1797 docere
3475 1757 3587 1813 pra:
3616 1759 3677 1796 u—

368 1856 514 1904 seus,
562 1849 618 1894 ct
668 1839 943 1894 invisibi'is
988 1847 1091 1899 est,
1145 1836 1229 1891 vel
1276 1835 1726 1907 quemadmodum
1770 1834 1965 1891 cmlum
2000 1837 2045 1898 Β
2072 1835 2246 1895 muttl,
2297 1841 2403 1881 non
2458 1828 2818 1897 intelligenles
2847 1829 2991 1897 quod
3023 1844 3127 1883 non
3159 1831 3378 1897 verbis,
3425 1833 3521 1887 sed
3572 1832 3676 1887 lldc

367 1940 423 1986 et
448 1939 669 1997 terram,
696 1938 752 1986 et
773 1946 990 1985 omnem
1022 1937 1327 1985 creaturam
1358 1928 1584 1996 repleat,
1610 1928 1765 1997 juxta
1793 1927 1920 1984 illud
1949 1946 1962 1982 :

367 2019 559 2075 Nonne
600 2021 780 2074 calum
826 2028 875 2073 et
919 2029 1110 2074 terram
1150 2036 1243 2091 ego
1288 2018 1511 2086 impleo?
1561 2019 1685 2075 dicit
1713 2017 1965 2074 Dominus

368 2108 500 2178 (Jer.
551 2125 698 2174 χχιιι,
740 2108 852 2179 24).
910 2106 975 2161 Ει
1011 2108 1139 2162 alibi
1173 2126 1185 2161 :
1218 2107 1447 2177 Spiritus
1499 2108 1623 2173 Dei,
1668 2108 1963 2163 secundum

362 2200 678 2271 prOpbetam
702 2239 715 2264 ,
753 2200 961 2268 replevit
999 2198 1175 2252 orbem
1216 2208 1469 2252 tetrarum
1512 2198 1667 2269 (Sep.
1711 2214 1749 2265 ι,
1789 2199 1868 2268 7).
1902 2198 1968 2253 Et

363 2292 557 2345 iterum
589 2308 601 2343 :
628 2288 819 2344 Casium
850 2291 977 2343 milii
1003 2290 1150 2343 sedes
1179 2298 1273 2352 est,
1325 2299 1461 2343 terra
1491 2297 1661 2343 autem
1690 2289 1966 2343 scabelium

358 2380 547 2449 pedum
579 2397 806 2435 meorum
836 2379 969 2448 (Isa.
1004 2396 1146 2444 ιιι-ι,
1186 2381 1255 2449 ι).
1292 2379 1431 2434 Deus
1462 2394 1592 2447 ergo
1622 2379 1821 2448 ubique
1862 2387 1966 2444 est,

361 2473 652 2527 immensus
682 2480 852 2536 totus,
881 2482 934 2527 et
966 2472 1162 2540 ubique
1190 2471 1467 2542 proximus
1505 2471 1658 2538 juxta
1701 2484 1855 2524 suum
1899 2469 1968 2523 de

359 2580 419 2619 se
448 2566 815 2620 testimonium
842 2582 855 2618 :
884 2564 993 2635 Ego
1024 2581 1156 2629 smn,
1190 2563 1392 2631 inquit,
1450 2560 1589 2617 Deus
1634 2562 1962 2633 proximam,

361 2665 406 2706 et
432 2672 534 2708 non
567 2653 704 2709 Deus
733 2655 795 2707 de
821 2656 975 2724 longe
1004 2654 1137 2725 (Jer.
1172 2670 1319 2719 xxiii,
1350 2652 1462 2725 25).
1499 2653 1615 2707 Non
1646 2667 1775 2723 ergo
1805 2654 1965 2722 longe

359 2762 388 2799 a
421 2746 576 2800 nobis
606 2756 911 2800 nianentem
946 2748 1236 2815 quaerimus
1281 2745 1469 2809 Deum,
1501 2760 1662 2815 quem
1696 2746 1835 2800 intra
1864 2760 1964 2800 nos

356 2854 570 2892 sumere
600 2838 889 2905 habemus;
926 2839 977 2892 in
1010 2839 1167 2893 nobis
1195 2839 1339 2894 enim
1371 2840 1576 2893 habitat
1602 2838 1753 2907 quasi
1784 2837 1963 2892 anima

357 2931 409 2983 in
462 2946 714 3001 corpore,
744 2931 786 2986 si
817 2942 994 2985 tamen
1024 2947 1123 2987 nos
1154 2933 1397 2987 membra
1428 2947 1557 2985 sana
1590 2948 1774 2987 sumus
1821 2930 1957 3000 ejus,

356 3020 399 3072 si
430 3020 625 3073 mortui
657 3035 762 3073 non
790 3035 975 3074 sumus
1005 3020 1258 3090 peccatis,
1315 3021 1359 3075 si
1410 3022 1637 3091 putrida:
1668 3021 1961 3077 voluntatis

356 3110 702 3178 corruptione
732 3111 996 3167 immunes
1023 3128 1245 3167 sumus:
1279 3122 1404 3168 tunc
1434 3129 1563 3169 vere
1611 3114 1701 3168 iile
1751 3114 1961 3169 habitat

2074 1918 2215 1973 Deus
2244 1918 2479 1972 Trinitas
2523 1918 2855 1989 agnoscitur,
2884 1918 2976 1988 qui
3008 1920 3186 1974 cordis
3215 1921 3398 1977 mundi
3428 1924 3514 1993 pia
3546 1923 3674 1991 ﬁde,

2071 2020 2128 2067 et
2183 2026 2291 2067 non
2348 2011 2576 2082 impuris
2629 2010 2953 2082 vaniloquiis
3007 2014 3337 2083 intelligitur.
3397 2013 3491 2072 Pie
3543 2033 3675 2089 ergo

2069 2103 2342 2158 credenda
2386 2112 2489 2169 est,
2536 2112 2591 2158 et
2634 2119 2742 2158 non
2794 2105 2957 2176 impie
3000 2106 3329 2161 discutienda
3370 2118 3451 2164 est
3482 2124 3673 2179 magna

2072 2192 2333 2253 Trinitas:
2351 2196 2617 2264 quoddam
2641 2197 2783 2250 enim
2812 2197 3189 2268 insuperabile,
3221 2208 3277 2255 et
3304 2201 3675 2269 investigabile

2071 2284 2294 2355 pelagus
2314 2294 2399 2340 est
2419 2284 2561 2341 Deus
2591 2301 2726 2342 unus
2750 2286 3003 2344 Trinitas.
3037 2290 3217 2344 Altum
3245 2312 3259 2341 ι
3276 2306 3329 2346 σε
3352 2306 3460 2357 um,
3486 2299 3543 2347 et
3569 2293 3672 2346 lata

2071 2385 2237 2443 terra,
2281 2385 2337 2431 et
2382 2377 2705 2447 prolnndnm
2755 2395 2923 2449 mare,
2973 2382 3237 2451 longaque
3274 2382 3467 2437 secula
3508 2383 3670 2455 (Job.

2072 2486 2184 2539 vni,
2214 2470 2269 2544 9)
2297 2489 2311 2526 :
2336 2473 2429 2529 sed
2458 2473 2617 2529 altior
2643 2482 2699 2529 et
2728 2474 2908 2541 latior,
2939 2491 3003 2531 ac
3033 2476 3345 2543 profundior
3370 2517 3387 2543 ,
3438 2476 3673 2545 longi-ir-

2068 2578 2177 2633 que
2221 2574 2307 2619 est
2350 2565 2577 2620 scientia
2608 2566 2733 2635 quia
2766 2566 2914 2639 [qua]
2958 2580 3204 2622 naturam
3233 2576 3542 2623 ascematus
3568 2580 3673 2632 est,

2076 2656 2160 2727 ’μή
2189 2671 2309 2710 eam
2341 2671 2409 2711 ex
2438 2655 2605 2710 nibilo
2629 2657 2857 2710 creavit.

2137 2745 2225 2801 ιν.
2266 2745 2528 2815 Intellige,
2567 2746 2610 2801 si
2657 2748 2738 2800 vis
2779 2745 2921 2801 scire
2956 2743 3292 2812 Creatorem,
3323 2754 3671 2801 creaturam:

2065 2838 2110 2894 si
2138 2853 2237 2894 nec
2265 2839 2432 2904 illam,
2461 2848 2579 2895 tace
2606 2839 2676 2895 de
2712 2837 3009 2905 Creatore;
3040 2837 3138 2892 sed
3165 2836 3325 2893 crede
3349 2838 3401 2892 in
3446 2838 3677 2894 Creato.

2064 2943 2179 2984 rem
2218 2947 2233 2983 :
2271 2928 2463 2985 melior
2511 2937 2594 2986 est
2640 2929 2806 2993 enim,
2858 2935 2916 2983 et
2963 2927 3081 2997 llus
3124 2928 3225 2983 scit
3274 2929 3446 2998 pietas
3491 2937 3677 2985 tacens

2064 3034 2222 3088 quam
2271 3019 2431 3088 impia
2480 3017 2978 3089 loquacitas:satis
3023 3019 3165 3071 enim
3197 3018 3439 3088 ineptum
3487 3030 3574 3075 est
3616 3033 3675 3076 ct

2066 3111 2287 3181 impium
2332 3112 2401 3165 de
2452 3107 2554 3165 [ide
2596 3110 2825 3164 transire
2876 3110 2941 3162 al
2986 3108 3269 3163 tractantis
3309 3108 3670 3177 invisibilem,

357 3201 407 3254 iu
440 3203 613 3267 n-ibis,
653 3202 743 3272 qui
788 3204 923 3257 dixit
954 3223 964 3255 :
991 3205 1061 3257 Et
1106 3204 1347 3259 habitabo
1375 3207 1429 3258 in
1459 3207 1555 3266 eis,
1585 3215 1635 3259 et
1660 3207 1796 3259 inter
1837 3206 1955 3260 iltos
1985 3203 2028 3263 C
2062 3201 2508 3267 inaestimabilem,
2534 3200 3007 3272 inconspicubifezn
3042 3198 3324 3253 Dominum
3355 3214 3526 3256 vacua
3550 3217 3675 3258 ver-

354 3292 627 3347 ambutubo
676 3292 761 3366 (Η
791 3293 906 3347 Cor.
940 3311 1016 3359 vi,
1047 3293 1143 3360 16;
1177 3294 1297 3349 Leu.
1332 3311 1475 3357 xxvi,
1510 3294 1621 3364 12).
1668 3295 1723 3349 Si
1772 3304 1954 3349 autem

353 3382 498 3451 digni
547 3396 732 3437 sumus
761 3390 821 3435 ut
850 3383 940 3436 ille
970 3382 1022 3436 in
1073 3382 1228 3437 nobis
1257 3383 1345 3449 sit,
1393 3392 1519 3437 tunc
1550 3384 1601 3437 in
1632 3383 1861 3438 veritate
1887 3384 1953 3439 ab

356 3474 449 3527 illo
482 3471 831 3539 viviﬁcamur,
868 3474 1017 3544 quasi
1073 3474 1192 3527 viva
1240 3474 1359 3543 ejus
1411 3474 1692 3528 membra:
1730 3471 1793 3526 In
1842 3475 1955 3543 ipso

354 3566 510 3632 enim,
542 3574 601 3620 ut
629 3567 703 3620 ait
731 3568 1040 3637 Apostolus,
1093 3568 1324 3633 vivimus,
1366 3578 1415 3621 et
1454 3584 1733 3631 moremur,
1777 3576 1828 3621 et
1865 3585 1954 3621 su-

350 3673 463 3711 mus
496 3657 632 3727 (Act.
663 3673 791 3724 xvii,
822 3656 935 3726 28),
965 3656 1113 3722 Quis,
1148 3657 1386 3727 inquam,
1407 3658 1561 3727 juxta
1590 3657 1727 3713 banc
1767 3656 1955 3712 ineffa-

351 3749 512 3802 llllrlll
551 3759 606 3802 (ιι
649 3749 1242 3820 incomprehensibilem
1284 3752 1571 3806 essentiam
1616 3752 1732 3820 ejus
1757 3752 1955 3806 altissi-

351 3854 491 3892 mam
544 3838 785 3911 “torte,
838 3841 1156 3895 altissimum
1181 3840 1199 3913 Ι
1250 3843 1630 3911 investigabit?
1676 3842 1807 3910 Quis
1857 3842 1950 3899 Dei

349 3929 611 3996 profunda
643 3932 1103 3999 perscrutabitur?
1130 3930 1258 3997 Quis
1283 3940 1544 3987 internum
1585 3936 1952 3991 universitatis

351 4020 666 4090 principium
718 4007 951 4077 tractare
999 4022 1255 4078 audebit?
1304 4022 1435 4090 Quis
1486 4024 1750 4081 inﬁnitum
1782 4028 1948 4083 Deum

349 4111 527 4164 omnia
573 4110 884 4182 implentem
934 4122 989 4168 et
1032 4116 1213 4169 omnia
1258 4117 1715 4185 circumdaotem,
1765 4120 1949 4175 omnia

348 4212 723 4271 penetrantem
752 4216 809 4260 et
838 4208 1017 4262 omnia
1039 4209 1413 4278 excedentem,
1439 4212 1618 4267 omnia
1643 4214 1947 4284 capientem

347 4300 400 4346 et
445 4296 626 4349 omnia
655 4295 1018 4364 eﬂugientem,
1044 4301 1185 4355 scire
1211 4300 1565 4369 gloriabitur?
1596 4301 1758 4369 Quem
1798 4323 1948 4362 nemo

346 4386 471 4441 vidit
496 4404 722 4459 unquam
772 4387 835 4459 (1
882 4389 1013 4444 Tim.
1047 4408 1119 4460 vi,
1167 4391 1285 4465 l6),
1332 4402 1389 4448 ut
1417 4401 1520 4450 est.
1550 4395 1737 4453 Nullus
1765 4398 1947 4468 itaque

347 4488 634 4545 prmsumat
663 4494 904 4548 quaerere
932 4484 1325 4553 investigabilia
1358 4487 1475 4554 Dei,
1501 4488 1629 4558 quid
1654 4487 1772 4553 fuit,
1801 4504 1941 4560 quo-

2055 3293 2145 3348 ba.
2176 3294 2297 3347 Alta
2323 3294 2464 3348 enim
2494 3294 2847 3365 profunditas,
2883 3300 2940 3346 ut
2967 3293 3225 3360 scriptum
3255 3299 3360 3359 est,
3389 3293 3504 3361 quis
3532 3294 3676 3349 inse-

2058 3394 2165 3443 niet
2184 3406 2297 3443 eam
2324 3388 2523 3459 (Ercle.
2550 3405 2643 3449 ιιι,
2671 3386 2797 3458 25);
2824 3391 2949 3455 quia
2974 3387 3115 3440 sicut
3141 3388 3300 3441 maris
3330 3387 3675 3458 profunditas

2056 3480 2124 3533 ab
2155 3477 2403 3533 humanis
2449 3487 2534 3532 est
2574 3478 2780 3531 visibus
2826 3476 3141 3539 illelblliS,
3178 3476 3247 3528 ita
3279 3477 3562 3535 Trinitatis
3592 3480 3675 3535 die

2054 3571 2250 3626 vinitas
2278 3570 2344 3625 ab
2375 3570 2625 3624 humanis
2652 3568 2901 3623 similiter
2932 3567 3177 3621 sensibus
3208 3568 3676 3638 incomprehensi-

2053 3659 2174 3716 bilis
2220 3660 2673 3732 deprehenditur;
2720 3670 2778 3714 et
2824 3660 2947 3714 ideo
2989 3659 3031 3712 si
3063 3658 3204 3728 quis,
3238 3658 3479 3728 inquam,
3529 3664 3674 3718 scire

2052 3753 2287 3807 voluerit
2329 3751 2458 3821 quid
2503 3750 2728 3805 credere
2772 3748 3041 3810 debuerit,
3089 3763 3198 3801 non
3242 3758 3394 3817 putet
3439 3765 3501 3805 se
3554 3753 3676 3821 plus

2052 3856 2215 3911 posse
2262 3840 2560 3907 intelligere
2608 3836 2880 3907 loquendo
2928 3852 3090 3905 quam
3138 3839 3458 3891 credendo:
3498 3843 3675 3911 magis

2051 3934 2197 3989 enim
2246 3932 2406 4001 longe
2456 3929 2686 3997 refugict
2733 3928 2957 3997 quzesits
3010 3926 3309 3982 divinitatis
3352 3930 3626 3998 sapientia
3654 3975 3671 3999 ,

2051 4040 2213 4095 quam
2261 4032 2399 4079 erat.
2453 4021 2648 4089 Quaere
2696 4032 2826 4089 ergo
2873 4017 3153 4072 scientiam
3205 4033 3505 4085 summam,
3559 4038 3671 4078 non

2051 4121 2339 4176 verborum
2384 4114 2771 4187 disputatione,
2818 4111 2916 4167 sed
2963 4126 3173 4167 morum
3222 4112 3489 4168 bonorum
3542 4132 3669 4187 pcr-

2050 4212 2320 4278 l‘ectioue;
2367 4226 2476 4264 non
2508 4210 2708 4276 lingua,
2737 4206 2832 4262 sed
2864 4206 2988 4273 llde,
3016 4205 3085 4259 de
3112 4209 3292 4261 cor.'is
3320 4210 3675 4279 simplicitate

2050 4302 2325 4374 procedit,
2380 4316 2486 4355 non
2528 4313 2651 4368 qua:
2692 4298 2761 4350 de
2805 4295 3095 4364 impietatis
3132 4297 3304 4351 doctae
3344 4299 3671 4367 conjectura

2048 4397 2337 4466 colligitur.
2390 4394 2446 4449 Si
2494 4406 2627 4461 ergo
2677 4388 3092 4450 tractationibus
3120 4390 3675 4456 qumsierisineﬂ'abi-

2049 4488 2176 4555 lem,
2230 4489 2433 4559 longius
2480 4486 2682 4540 recedet
2728 4499 2763 4537 α
2810 4492 2859 4535 te
2911 4480 3118 4552 (lbid.,
3162 4479 3255 4550 25)
3302 4484 3474 4551 magis
3502 4500 3671 4555 quam

346 4570 509 4626 modo
552 4573 667 4639 fuit,
714 4589 821 4644 quo
864 4574 983 4629 fuit.
1034 4575 1158 4630 limo
1185 4587 1311 4632 sunt
1340 4579 1649 4646 ineffabilia,
1676 4581 1939 4638 inscruta-
1972 4582 2017 4641 D
2045 4580 2270 4638 erat:si
2318 4578 2443 4642 lide,
2487 4577 2682 4642 s'abit,
2733 4574 2821 4629 ubi
2866 4574 3047 4641 deget,
3096 4573 3149 4625 in
3194 4574 3356 4641 portis
3403 4577 3673 4643 sapientia

345 4662 496 4731 bilia,
525 4664 911 4734 investigabida
944 4686 957 4721 :
988 4668 1304 4739 simpliciter
1331 4680 1571 4738 tantum;
1604 4682 1783 4729 tamen
1829 4674 1944 4729 for-

347 4754 490 4819 titer,
521 4758 680 4812 crede
707 4759 851 4826 quod
881 4760 959 4814 sic
986 4770 1069 4815 est
1098 4760 1262 4827 Deus,
1313 4772 1368 4817 et
1395 4764 1475 4821 sic
1502 4765 1624 4831 erit,
1666 4767 1945 4838 quomodo

343 4845 464 4917 fuit,
497 4850 622 4918 quia
652 4850 1071 4909 inconvertibilis
1102 4854 1240 4910 Deus
1267 4866 1371 4911 est.

412 4936 502 4994 lli.
542 4939 673 5007 Quis
702 4950 784 4996 est
812 4957 940 5011 ergo
972 4945 1150 5002 Deus?
1202 4946 1377 5012 Pater,
1418 4947 1605 5017 Filius,
1636 4958 1691 5005 et
1714 4950 1945 5022 Spiritus

343 5042 601 5095 sanctus,
650 5048 788 5087 unus
840 5033 981 5091 Deus
1024 5044 1125 5091 est.
1177 5038 1419 5108 Amplius
1464 5057 1568 5095 non
1599 5045 1843 5112 requiras
1869 5045 1940 5099 de

348 5119 491 5188 Deo;
532 5124 655 5192 quia
688 5126 991 5183 volentibus
1028 5129 1190 5183 altam
1222 5133 1363 5186 scire
1401 5134 1817 5202 profunditatem
1850 5151 1937 5189 re-

343 5228 461 5267 rum
486 5211 555 5267 de
585 5212 718 5282 Deo,
748 5226 874 5272 ante
902 5230 1090 5274 natura
1119 5225 1508 5279 consideranda
1529 5235 1628 5281 est.
1657 5227 1935 5282 Trinitatis

342 5304 483 5358 enim
516 5303 738 5361 scientia
770 5309 1118 5375 profunditati
1148 5316 1310 5369 maris
1340 5318 1533 5371 merito
1563 5329 1928 5388 comparatur,

340 5388 488 5457 juxta
518 5395 644 5450 illud
674 5396 940 5469 Sapientis
966 5419 977 5453 :
1002 5402 1071 5456 Et
1100 5406 1208 5459 alta
1234 5410 1581 5477 profunditas,
1632 5414 1744 5482 quis
1791 5414 1907 5466 inre

345 5484 449 5538 uict
477 5502 589 5540 eam
618 5487 813 5559 (Eccle.
846 5508 936 5554 vn,
969 5493 1097 5565 ‘25)?
1135 5496 1191 5551 Si
1233 5500 1351 5566 quis
1381 5513 1509 5568 ergo
1538 5503 1678 5555 scite
1707 5505 1937 5557 voluerit

347 5576 817 5645 profundissimam
866 5584 1060 5639 divina:
1107 5589 1431 5655 cognitionis
1480 5591 1742 5661 pelagus,
1797 5592 1937 5647 istud

343 5669 553 5725 visibile
596 5683 742 5741 ante,
787 5676 830 5732 si
875 5679 1061 5746 possit,
1110 5682 1416 5749 pervideat;
1445 5697 1501 5740 et
1529 5696 1733 5757 quanto
1764 5687 1942 5739 minus

344 5775 669 5828 cognoscere
715 5782 771 5823 se
818 5773 1026 5826 noverit
1056 5773 1121 5827 de
1149 5773 1229 5828 liis
1254 5791 1372 5844 qum
1404 5777 1541 5831 intra
1573 5794 1722 5834 mare
1750 5778 1937 5841 latc:.t,

2051 4673 2234 4745 (Prov.
2267 4688 2303 4736 ι,
2330 4668 2459 4734 ﬁt);
2489 4676 2545 4723 et
2573 4668 2662 4721 ubi
2691 4672 2937 4721 versatur
2962 4664 3045 4716 vel
3074 4678 3141 4716 ex
3174 4671 3326 4731 parte
3352 4663 3629 4721 videbitur
3657 4685 3667 4717 :

2049 4767 2143 4822 sed
2190 4775 2319 4819 tunc
2364 4764 2415 4817 in
2463 4762 2693 4814 veritate
2739 4757 2903 4812 etiam
2953 4754 3294 4822 aliquatenus
3336 4756 3669 4825 attingitur,

2049 4856 2267 4927 quando
2286 4852 2569 4909 invisibilis
2591 4846 3208 4918 incmupreliensibiliter
3229 4849 3495 4901 creditur:
3522 4849 3676 4905 Deus

2049 4963 2195 5002 enim
2226 4943 2530 5001 credendus
2556 4950 2639 4997 est
2668 4938 2949 4993 invisibilis
2980 4947 3039 4990 ut
3064 4946 3169 5005 est,
3219 4938 3342 4992 licet
3387 4954 3454 4991 ex
3508 4953 3673 5008 parte

2048 5056 2078 5094 a
2126 5040 2329 5094 mundo
2356 5035 2521 5091 corde
2552 5032 2815 5086 videatur.
2846 5028 3209 5095 Quamobrem
3256 5030 3426 5099 ipsum
3461 5030 3533 5084 ub
3556 5047 3674 5102 que

2040 5138 2365 5202 praesentem
2416 5124 2740 5180 itﬁ'lalbllelll
2783 5120 2952 5175 Deum
2982 5128 3247 5182 nostrum,
3280 5118 3473 5172 lratres
3521 5124 3671 5177 cha.

2040 5218 2258 5282 ris-simi,
2289 5218 2663 5284 deprecemur,
2698 5218 2758 5263 ut
2782 5210 2863 5263 vel
2897 5206 3016 5264 lidei
3044 5206 3162 5275 ejus
3190 5209 3370 5270 timor,
3404 5210 3485 5263 vel
3528 5212 3671 5266 Cha-

2034 5313 2185 5375 litus,
2217 5327 2337 5381 qu:e
2384 5307 2557 5362 nescit
2604 5305 2818 5368 cadere,
2868 5301 2919 5353 in
2967 5300 3119 5354 nobis
3157 5311 3501 5368 perseveret;
3550 5312 3655 5375 qui

2042 5414 2204 5457 tunor
2229 5405 2445 5473 junctus
2475 5397 2723 5455 charitati
2773 5397 3045 5465 sapientes
3074 5409 3174 5446 nos
3202 5392 3361 5448 faciat
3392 5396 3442 5450 iu
3475 5415 3668 5457 omni-

2045 5501 2264 5549 bns:ct
2313 5494 2484 5564 pietas
2533 5505 2631 5545 nos
2676 5490 2836 5542 silere
2885 5488 2953 5540 de
2999 5484 3103 5539 hoc
3128 5486 3270 5555 quod
3298 5487 3442 5544 dictu
3476 5496 3663 5562 majus

2044 5604 2145 5654 est,
2196 5586 2440 5647 suadeat,
2490 5582 2614 5650 quia
2660 5580 2930 5649 quoddam
2983 5576 3326 5634 inscrutabile
3352 5590 3409 5634 et
3438 5579 3662 5636 inenar-

2046 5681 2214 5735 r.ibile
2243 5684 2348 5740 est,
2381 5674 2543 5728 Deum
2569 5672 2713 5740 quod
2738 5678 2842 5735 est,
2874 5681 3052 5721 nosse.
3082 5666 3181 5732 Qui
3208 5679 3309 5736 est,
3338 5680 3389 5722 et
3416 5684 3663 5739 quam“;

2046 5783 2151 5839 est,
2199 5769 2299 5824 sibi
2344 5764 2444 5822 soli
2494 5773 2657 5819 notus
2702 5770 2805 5816 est.
2857 5759 2961 5815 Sed
3007 5761 3130 5829 quia
3161 5770 3345 5817 noster
3376 5761 3516 5817 Deus
3545 5778 3659 5829 est,
