3856 6218
207 383 299 438 235

1076 367 1615 429 lNS'fllUCTlONES
1654 362 1888 420 VARUE
1924 361 2080 418 SIVE
2123 357 2504 415 SERMDNES.

3372 355 3477 414 ‘23!

207 492 458 554 invisibilis
486 492 612 544 Lcet
644 492 830 553 nobis,
878 504 908 542 a
953 488 1103 542 nobis
1134 494 1312 541 tamen
1342 480 1639 554 pulsandus
1683 490 1785 541 est.
1817 485 1866 539 Δ
1894 491 1957 530 ac
2000 475 2243 545 stirpium
2287 471 2500 529 fomites
2537 487 2792 527 excussos
2819 472 3000 528 radice
3027 474 3355 542 convellere,
3389 490 3483 530 ne-

207 598 331 654 svpe
381 581 714 652 pulsandus,
773 595 988 646 semper
1041 577 1299 631 tenendus
1347 582 1430 629 est
1494 569 1790 641 profundus

210 682 360 740 licus,
408 674 748 733 immensus,
799 677 1076 733 secretus,
1123 667 1401 731 execlsus,
1451 661 1791 730 omnipotens

211 766 356 832 Deus;
386 775 438 818 et
464 778 562 832 per
589 763 913 815 sanctorum
944 773 1157 812 suorum
1187 755 1376 809 merita
1423 759 1477 805 et
1523 751 1788 803 interveni.

212 868 283 910 tua
307 852 530 909 orandus
559 859 666 912 est,
701 859 764 902 ut
795 850 882 905 vel
913 850 1139 916 aliquam
1171 847 1252 900 sui
1295 839 1507 896 luminis
1557 837 1792 909 particu-

213 952 298 1000 lam
326 945 514 1000 nostris
545 942 792 997 tenebris
824 942 1098 1009 largiatur,
1138 951 1254 1006 qua:
1294 935 1446 990 nobis
1491 930 1700 986 stolidis
1739 940 1792 984 ct

213 1036 384 1103 ignaris
413 1035 462 1088 iu
493 1033 578 1086 via
613 1033 911 1086 tenebrosa
943 1030 1095 1098 hujus
1125 1026 1305 1080 mundi
1332 1025 1549 1088 luceat,
1595 1031 1651 1074 ut
1696 1035 1794 1076 nos

213 1129 268 1182 ad
311 1142 367 1180 se
411 1124 591 1185 ducat,
644 1125 891 1177 donante
926 1120 1147 1175 Domino
1185 1125 1368 1171 nostro
1396 1115 1522 1170 Jesu
1552 1113 1787 1180 Christo,

213 1217 283 1268 ε.ιὶ
311 1229 419 1268 cum
447 1212 607 1266 Patre
638 1221 695 1266 et
725 1212 933 1282 Spiritu
962 1219 1143 1267 sancto
1172 1217 1252 1264 cst
1283 1209 1452 1277 gloria
1497 1208 1549 1260 in
1597 1206 1794 1260 sarcula

215 1303 525 1358 srczdorum.

748 1391 1151 1449 LXSTRUCTIO
1192 1391 1251 1445 II.

251 1488 317 1543 De
359 1490 760 1558 mortiﬁcatione
793 1491 1028 1542 vitiorum
1055 1495 1102 1540 et
1132 1483 1468 1552 acquisitione
1497 1483 1753 1534 rirtulum.

279 1578 314 1632 l.
372 1578 567 1633 Divina:
620 1578 1008 1648 profunditatis
1056 1574 1365 1642 magnitudo
1413 1587 1634 1625 emenso
1682 1586 1796 1623 ser—

220 1685 378 1734 mone,
406 1672 740 1740 prmlibando
768 1670 921 1737 quasi
949 1676 1160 1735 gustata
1185 1677 1287 1727 est,
1339 1673 1392 1717 et
1434 1678 1556 1715 cum
1592 1663 1797 1714 honore

220 1760 379 1814 debito
405 1759 635 1828 pulsata,
669 1759 844 1824 magis
871 1771 1032 1824 quam
1063 1762 1311 1808 enarrata
1357 1759 1459 1816 est,
1503 1752 1626 1818 quia
1668 1749 1796 1803 illud

1893 582 2163 637 quaquam
2192 565 2416 621 credens
2454 572 2650 619 terram
2693 580 2848 620 suam
2896 565 3024 620 boui
3069 582 3188 622 esse
3233 570 3485 638 genuinis

1895 659 2150 722 futuram,
2197 656 2298 710 nisi
2348 657 2472 711 mali
2521 655 2776 726 graminis
2803 671 3060 723 vacuam,
3105 658 3171 713 ad
3199 673 3261 715 se
3288 660 3486 718 dictum

1897 756 2089 817 putans
2120 747 2246 801 illud
2286 746 2654 818 propheticum
2687 765 2700 799 :
2730 745 2932 802 Novate
2974 747 3112 802 vobis
3158 752 3391 818 novatis,
3441 762 3489 807 et

1899 838 2056 892 nolite
2081 838 2336 892 seminare
2361 851 2516 905 super
2541 837 2717 906 spinas
2749 835 2880 907 (Jer.
2915 845 2986 901 tv,
3017 837 3110 905 3);
3139 848 3343 908 quanto
3371 856 3487 896 ma-

1898 930 1978 998 gis
2009 938 2347 998 nos-oportet
2371 943 2558 998 agrum
2586 927 2762 982 cordis
2790 929 2959 984 nostri
2991 928 3241 984 vitiorum
3281 934 3488 1000 passio-

1899 1023 2053 1076 nibus
2098 1020 2421 1086 emundare,
2471 1027 2526 1074 et
2576 1035 2681 1073 non
2721 1020 2968 1076 sufficere
3008 1020 3286 1077 credamus
3314 1026 3489 1089 nobis,

1899 1126 2096 1170 terram
2120 1113 2360 1180 cor,;oris
2378 1113 2544 1167 nostri
2568 1111 2891 1180 jejuniorum
2913 1123 2968 1168 et
2990 1115 3284 1183 vigiliarum
3309 1119 3493 1175 labore

1898 1206 2186 1272 conficere,
2238 1205 2337 1259 nisi
2387 1206 2439 1259 in
2486 1205 2670 1275 primis
2708 1206 3015 1261 Studeamus
3044 1207 3170 1262 vitia
3200 1211 3492 1280 corrigere,

1898 1315 2182 1370 moresque
2223 1313 2581 1369 componere,
2611 1297 2701 1367 qui
2728 1313 2876 1367 spem
2907 1299 3173 1356 fructuum
3206 1320 3311 1358 non
3339 1314 3495 1360 terra:

1897 1392 2185 1457 credimus,
2221 1391 2314 1445 sed
2344 1389 2484 1444 cmlo
2512 1389 2845 1459 repositam?
2893 1388 3214 1448 Studeamus
3260 1409 3390 1464 ergo
3442 1399 3494 1451 in

1899 1483 2082 1551 primis
2115 1481 2238 1536 vitia
2270 1481 2566 1546 eradicare,
2603 1481 2931 1549 virtutesque
2963 1481 3268 1550 insinuare;
3318 1486 3492 1542 eradi-

1900 1591 2081 1630 cemus
2107 1574 2445 1644 superbiam;
2475 1574 2780 1643 plantemus
2810 1574 3196 1641 humilitatem;
3245 1593 3496 1635 eruamus

1902 1664 2070 1727 iram;
2120 1663 2400 1716 iundemus
2441 1664 2794 1731 patientiam;
2843 1664 3154 1721 excidamus
3203 1667 3492 1734 invidiam;

1902 1752 2231 1804 insinuemus
2247 1751 2698 1805 benevolentiam.
2722 1748 2988 1804 Caeterum
3018 1754 3062 1806 si
3092 1768 3220 1808 caro
3245 1764 3497 1814 contera-

223 1849 302 1902 Dei
327 1847 585 1901 ineffabile
608 1845 980 1901 meditandum
1010 1853 1093 1898 est
1124 1843 1312 1911 magis,
1363 1857 1520 1910 quam
1553 1841 1804 1910 eloqucn.
1838 1853 1880 1911 Β
1910 1849 2017 1905 tur,
2063 1850 2117 1894 et
2164 1840 2342 1894 anima
2385 1857 2494 1894 non
2525 1838 2807 1894 tructificet
2831 1883 2846 1909 ,
2896 1842 2974 1897 sic
3017 1851 3119 1906 est.
3161 1845 3314 1913 quasi
3359 1849 3498 1904 arari

221 1939 331 1992 dum
378 1938 442 1992 sit
486 1936 652 2010 [est];
704 1947 762 1991 ct
809 1935 1048 2004 exceptis
1094 1935 1195 2000 his,
1246 1948 1362 2004 qua:
1402 1942 1493 1987 aut
1531 1932 1660 1996 Lex,
1713 1939 1803 1983 aut

220 2028 490 2098 prophetas,
539 2038 639 2082 aut
689 2025 1058 2094 Evangelium,
1089 2034 1184 2078 aut
1216 2023 1443 2091 apostoli
1489 2020 1799 2090 loquuntdr,

222 2117 399 2189 grande
441 2118 604 2172 debet
657 2132 778 2173 esse
829 2117 896 2171 ab
944 2117 1065 2171 aliis
1110 2116 1178 2171 de
1221 2115 1482 2169 Trinitate
1511 2113 1799 2168 silentium.

223 2207 302 2262 Dei
327 2211 456 2262 enin
505 2219 720 2263 tantum
753 2209 817 2263 de
848 2207 976 2273 Deo,
1028 2208 1132 2262 hoc
1179 2216 1258 2262 est
1287 2246 1300 2272 ,
1353 2205 1417 2260 de
1463 2205 1640 2276 seipse
1686 2220 1804 2260 cre-

221 2302 427 2357 dendum
471 2311 554 2358 est
603 2303 991 2366 testimonium,
1044 2301 1134 2370 qui
1177 2309 1275 2354 aut
1305 2298 1358 2352 in
1405 2296 1566 2368 Lege,
1610 2306 1703 2350 aut
1749 2296 1801 2349 in

223 2393 474 2461 prepheta,
506 2403 605 2448 aut
639 2396 688 2448 in
720 2393 1036 2461 Evangelio,
1077 2401 1168 2445 aut
1218 2391 1270 2445 in
1312 2389 1591 2460 Apostolo,
1625 2399 1718 2442 aut
1747 2390 1799 2442 in

223 2482 413 2548 speciali
443 2484 526 2537 cui
548 2500 643 2551 jue
669 2483 735 2538 de
763 2499 842 2544 se,
878 2499 973 2551 per
1001 2498 1079 2544 se,
1110 2490 1203 2534 aut
1231 2497 1326 2550 per
1356 2480 1625 2547 angelum,
1651 2479 1801 2533 testi-

224 2573 436 2624 monium
467 2576 762 2641 perhibuit.
792 2574 1057 2626 Cancrum
1081 2572 1392 2640 disputatio,
1417 2585 1509 2624 seu
1532 2570 1799 2637 ingenium

224 2660 527 2726 humanum,
581 2671 678 2714 aut
725 2661 900 2729 aliqua
952 2661 1179 2728 superba
1227 2659 1512 2727 sapientia,
1555 2673 1673 2724 qua:
1719 2657 1801 2710 vel

226 2749 384 2803 mundi
427 2749 477 2803 in
529 2751 747 2804 ratione
776 2749 996 2814 fallitur,
1026 2748 1093 2802 de
1122 2749 1230 2802 Deo
1265 2748 1513 2814 magistra
1543 2761 1663 2800 esse
1694 2761 1800 2800 non

226 2848 401 2909 potest,
451 2841 546 2896 sed
572 2840 837 2907 sacrilega
869 2848 924 2893 et
947 2839 1106 2907 impia
1158 2839 1209 2891 in
1242 2839 1405 2891 Deum
1431 2835 1802 2905 praesumenda

225 2939 309 2984 est.
337 2927 476 2984 Unde
498 2931 645 2984 enim
674 2945 884 2994 revera,
908 2944 1108 3000 quaeso,
1133 2929 1341 2992 fratres,
1371 2927 1442 2980 illi
1471 2927 1612 2991 vani,
1644 2934 1695 2982 et
1725 2925 1799 2981 illi

225 3020 360 3074 nimis
388 3022 506 3074 mali
540 3031 598 3074 et
628 3022 796 3090 impii,
852 3021 941 3088 qui
996 3019 1079 3074 vel
1133 3019 1340 3088 seipsos
1392 3017 1657 3085 ignorant,
1710 3019 1799 3074 vel

223 3112 347 3180 quod
392 3112 573 3166 vivunt
623 3126 730 3166 non
775 3111 1018 3180 sapiunt;
1063 3120 1122 3165 ut
1167 3111 1309 3165 enim
1358 3110 1439 3182 [ut
1467 3109 1594 3179 non]
1625 3109 1797 3164 dicam

1908 1947 2132 2002 campus
2158 1948 2262 1986 :ion
2295 1931 2526 1998 desinat,
2557 1941 2611 1985 et
2639 1946 2916 2000 nunquam
2961 1941 3141 1988 tamen
3188 1931 3381 1992 mes'sis
3405 1953 3500 2010 ap.

1908 2033 2127 2093 parcat;
2161 2033 2249 2076 aut
2271 2023 2314 2076 si
2340 2023 2460 2091 quis
2488 2031 2720 2075 statuam
2751 2021 2816 2078 de
2839 2021 2966 2078 foris
2994 2040 3231 2092 auream,
3264 2026 3331 2082 de
3361 2027 3501 2086 intus

1907 2115 2101 2167 luteam
2133 2112 2438 2167 aediﬁcaret.
2470 2111 2607 2178 Quid
2637 2113 2780 2167 enim
2809 2112 3025 2182 prodest
3053 2154 3068 2175 .
3115 2115 3159 2168 si
3189 2127 3341 2170 extra
3368 2117 3499 2172 civi-

1907 2215 2072 2260 tatem
2124 2203 2320 2258 bellum
2365 2212 2602 2270 geratur,
2649 2211 2705 2256 et
2752 2203 2893 2256 intus
2922 2203 3186 2257 excidium
3233 2206 3502 2273 patiatur!

1905 2299 2049 2352 Velut
2075 2299 2118 2352 si
2143 2300 2262 2366 quis
2292 2304 2444 2352 extra
2468 2296 2679 2350 vineam
2710 2304 2763 2351 et
2794 2296 2844 2349 in
2871 2295 3097 2350 circuitu
3128 2297 3243 2368 ejus
3274 2299 3501 2365 foderet,

1905 2400 1958 2443 ct
1986 2391 2127 2444 intus
2158 2389 2410 2443 incultam
2457 2388 2624 2458 spinis
2654 2403 2717 2442 ac
2749 2387 2956 2442 tribulis
2986 2388 3334 2459 relinquatur.
3365 2391 3503 2458 Quid

1904 2495 2031 2547 ergo
2081 2480 2297 2548 prodest
2343 2479 2626 2534 exterioris
2674 2478 2906 2532 hominis
2945 2479 3152 2548 religio.
3186 2482 3285 2536 nisi
3335 2479 3500 2555 [ιδῃ.

1903 2570 1980 2636 si‘,
2049 2569 2315 2622 interioris
2362 2584 2577 2636 quoque
2629 2585 2736 2622 non
2788 2568 3105 2622 adhibeatur
3153 2571 3501 2628 emendatio!

1906 2659 2059 2712 [ictus
2105 2674 2224 2712 esse
2272 2667 2326 2712 et
2377 2659 2516 2712 latro
2566 2667 2763 2726 potest,
2817 2659 2968 2712 tictus
3015 2667 3070 2712 et
3118 2660 3396 2729 hypocrita
3424 2675 3501 2719 est

1905 2749 2209 2816 quicunque
2251 2746 2394 2801 aliud
2437 2747 2622 2802 habitu
2666 2748 2919 2811 ostendit,
2968 2748 3109 2803 aliud
3137 2750 3397 2806 moribus.
3430 2753 3504 2810 Ne

1903 2840 2072 2894 simus
2119 2854 2245 2908 ergo
2298 2850 2550 2909 tanquam
2598 2840 2845 2910 sepulcra
2893 2831 3182 2895 dealbata:
3222 2842 3290 2898 de
3338 2845 3504 2914 intus,

1904 2948 2010 2985 non
2042 2931 2107 2985 de
2139 2932 2285 2997 foris,
2320 2931 2548 3000 speciosi
2581 2947 2645 2987 ac
2674 2933 2848 2986 ornati
2876 2946 3138 3000 apparere
3167 2933 3501 2998 studeamus;

1902 3032 2029 3071 vera
2057 3018 2198 3071 enim
2228 3018 2432 3087 religio,
2464 3035 2570 3073 non
2602 3019 2653 3071 in
2684 3018 2944 3088 corporis,
2977 3019 3070 3073 sed
3105 3035 3156 3073 ιιι
3184 3020 3362 3076 cordis
3403 3022 3504 3077 hu-

1903 3108 2129 3161 militate
2159 3108 2425 3162 consistit.
2458 3107 2512 3161 in
2546 3125 2651 3177 quo
2681 3111 2822 3163 enim
2850 3109 2954 3164 alio
2987 3109 3244 3166 Dominus
3273 3113 3500 3184 habitat,

223 3217 366 3270 opera
393 3211 587 3257 cetera
621 3206 874 3272 (quorum
905 3203 1162 3256 rationem
1187 3202 1270 3255 vel
1300 3201 1573 3255 minimam
1603 3217 1794 3256 censeo
1830 3215 1875 3274 ρ
1906 3200 2006 3254 ιιὶςὶ
2033 3201 2081 3252 in
2106 3199 2215 3254 veri
2247 3199 2460 3253 humilis
2483 3199 2666 3265 corde,
2693 3200 2844 3267 juxta
2877 3201 3004 3253 illud
3031 3188 3180 3256 Isaia:
3208 3221 3219 3254 :
3247 3205 3326 3258 Ad
3355 3223 3501 3277 qum

223 3294 301 3362 qui
328 3309 425 3347 non
453 3294 701 3364 possunt)
733 3292 1030 3361 potuissent
1059 3293 1376 3347 invisibilem
1408 3291 1571 3346 Deum
1603 3308 1791 3361 unum,

223 3381 510 3438 Trinitatem
541 3393 890 3450 coaeternam,
922 3383 1102 3437 omnia
1138 3385 1258 3450 sub,
1297 3399 1479 3452 super,
1512 3383 1588 3450 in,
1619 3394 1790 3451 extra,

221 3476 651 3544 amplectentem,
702 3475 789 3528 vel
840 3488 1006 3542 usque
1072 3473 1139 3528 ad
1192 3475 1526 3530 tractationis
1578 3477 1792 3529 modum

222 3567 358 3630 scire,
389 3576 443 3617 ut
473 3581 580 3619 non
610 3565 805 3633 loquar
849 3564 1175 3620 deﬁnitionis
1219 3563 1287 3619 de
1321 3563 1432 3618 Deo
1479 3565 1673 3618 tinem?
1700 3564 1793 3619 llis

223 3656 380 3724 itaque
425 3657 575 3724 quasi
629 3655 1041 3710 innarrahilibus
1096 3655 1582 3726 [inenarrabilthus
1605 3656 1622 3725 J
1671 3672 1793 3710 cum

222 3745 380 3800 debito
408 3750 615 3801 honore
643 3745 884 3810 silendis,
926 3744 993 3800 de
1016 3745 1294 3800 manifesta
1337 3761 1414 3809 re,
1443 3755 1496 3800 et
1541 3745 1793 3802 inellahili

223 3834 318 3893 Deo
344 3839 531 3908 placita
561 3838 708 3907 loqui
756 3837 1089 3906 incipiamus,
1132 3852 1238 3892 non
1283 3841 1684 3907 praesumentes,
1737 3849 1796 3894 ut

223 3930 300 3984 alii
325 3931 388 3986 de
414 3931 609 3999 quibus
634 3931 1061 3986 erubescendum
1105 3941 1209 3996 est,
1238 3931 1305 3986 de
1344 3932 1623 3987 altioribus
1651 3948 1794 4001 qum-

225 4040 346 4090 rere,
385 4027 537 4095 juxta
584 4025 719 4080 illud
747 4027 1016 4096 Sapientis
1043 4044 1055 4079 :
1081 4027 1284 4080 Altiora
1333 4037 1381 4081 te
1424 4045 1488 4081 ne
1535 4029 1794 4095 qua'sieris

225 4116 390 4187 (Sesti.
422 4139 496 4188 tu,
530 4121 646 4189 Η),
677 4123 776 4178 sed
807 4124 986 4194 potius
1011 4124 1078 4178 de
1105 4122 1464 4177 mdilicatione
1491 4126 1793 4178 animarum

225 4218 502 4265 nostrarum
539 4215 966 4268 sermocinantes
987 4254 1002 4278 ,
1041 4229 1147 4267 non
1185 4213 1414 4282 primum
1445 4222 1642 4268 nostra:
1671 4231 1794 4284 pa!"

227 4301 384 4357 vitatis
410 4302 758 4360 fundamenta
783 4303 968 4374 jacere
997 4304 1390 4374 prmsumimus,
1430 4305 1655 4374 alicujus
1681 4321 1795 4360 ma-

227 4391 341 4456 joris
365 4395 603 4449 doctoris
631 4395 1008 4450 auctoritatem
1038 4404 1362 4465 quaerentes,
1399 4395 1570 4451 sancti
1595 4396 1801 4452 scilicet

227 4476 389 4536 Fausti
447 4483 925 4538 luculentissimam
977 4484 1539 4553 elegantissimamque
1592 4483 1798 4540 doctri-

1897 3301 2067 3344 autem
2094 3293 2384 3361 respiczam,
2426 3302 2513 3342 aut
2542 3307 2654 3342 cum
2700 3308 2797 3359 quo
2829 3293 3160 3362 requiescam,
3211 3296 3314 3348 nisi
3351 3314 3502 3369 super

1896 3381 2177 3445 humilem,
2225 3391 2272 3433 et
2315 3381 2576 3449 quietum,
2633 3393 2678 3431 et
2723 3390 3016 3434 trementem
3064 3399 3324 3439 sermones
3363 3403 3500 3445 meos

1899 3474 1914 3539 (
1941 3468 2051 3523 Iw.
2102 3485 2242 3535 ιλιι,
2275 3469 2308 3519 9.
2333 3470 2388 3538 )?
2418 3467 2736 3536 Quicunque
2766 3483 2894 3536 ergo
2922 3485 2979 3524 se
3011 3472 3373 3528 habitaculum
3404 3474 3499 3532 Dei

1897 3562 2034 3614 eliici
2064 3560 2310 3624 voluerit,
2342 3561 2597 3614 humilem
2630 3569 2684 3612 et
2713 3561 2949 3630 quietum
2979 3577 3039 3616 sc
3070 3562 3246 3620 facere
3275 3575 3500 3623 conten-

1898 3654 2013 3715 dat,
2045 3662 2233 3707 utnon
2264 3654 2549 3706 verborum
2595 3653 2850 3707 aviditate
2895 3653 3080 3726 [Forte
3132 3657 3401 3732 ariditate]
3445 3671 3502 3716 et

1897 3747 2141 3816 corporis
2166 3745 2520 3813 flexibilitate,
2552 3746 2646 3800 sed
2679 3747 2994 3804 humilitatis
3023 3750 3250 3807 veritate
3297 3767 3501 3824 cogno-

1896 3851 2077 3895 scatur
2103 3855 2224 3895 esse
2251 3840 2455 3894 deicola
2485 3857 2498 3892 :
2525 3838 2701 3895 cordis
2733 3839 2873 3892 enim
2898 3841 3111 3896 bonitas
3148 3859 3256 3898 non
3300 3847 3497 3903 verbo-

1898 3950 2017 3988 rum
2051 3932 2187 3988 ftctis
2217 3932 2418 4001 indiget
2449 3930 2823 3998 religionibus.
2855 3931 3001 3985 Vana
3025 3941 3108 3986 est
3132 3947 3262 4001 ergo
3287 3935 3499 3995 nutibus

1900 4025 2143 4080 colorata
2189 4025 2434 4095 corporis
2480 4024 2691 4092 religio,
2743 4038 2874 4077 vana
2933 4024 3181 4080 similiter
3207 4029 3497 4098 corporalis

1899 4115 2014 4170 sola
2047 4107 2287 4179 aluit-tio,
2334 4123 2390 4170 et
2437 4130 2588 4170 cassa
2629 4115 2858 4169 hominis
2887 4117 3174 4172 exterioris
3201 4118 3502 4193 diligentia,

1902 4209 2004 4262 nisi
2059 4208 2350 4261 comitetur
2393 4207 2555 4260 animi
2606 4205 2878 4261 fructuosa
2935 4211 3312 4278 temperantia.
3366 4213 3504 4280 Quid

1905 4297 2124 4369 prodest
2166 4295 2443 4366 passiones
2491 4296 2790 4364 impugnari
2839 4310 2870 4348 a
2920 4294 3139 4363 famulo,
3188 4314 3308 4368 quae
3356 4301 3493 4360 inve

1906 4387 2123 4440 niuntur
2146 4399 2332 4455 pacem
2379 4385 2577 4439 habere
2623 4400 2744 4438 cum
2775 4385 3035 4440 domino?
3082 4387 3207 4444 Ideo
3253 4404 3322 4446 ne
3365 4391 3507 4450 forte

1903 4479 2020 4532 sine
2048 4479 2224 4533 fructu
2269 4477 2594 4542 laboremus,
2629 4476 2841 4530 liberari
2873 4491 2902 4529 a
2933 4477 3076 4533 vitiis
3124 4494 3344 4550 operam
3393 4482 3505 4539 Deo

229 4585 334 4623 mm
355 4613 370 4638 ν
413 4573 482 4627 de
519 4574 670 4642 cum,
717 4572 870 4628 διαί,
899 4587 1066 4644 pauca
1094 4575 1161 4628 ,α
1189 4573 1504 4628 Mirandum
1533 4590 1671 4646 opus
1701 4590 1800 4629 ηο-
1833 4604 1884 4663 D
1908 4567 2203 4623 auxiliante
2232 4566 2443 4633 demus,
2485 4575 2542 4619 ut
2583 4575 2768 4634 postea
2798 4565 3084 4621 virtutibus
3111 4569 3290 4625 ornari
3333 4575 3505 4642 possi~

229 4670 397 4728 sti-um,
446 4665 581 4720 satis
626 4663 1010 4720 convenienter
1051 4663 1328 4734 elegimus,
1381 4673 1567 4736 utpote
1610 4665 1698 4734 qui
1737 4665 1804 4720 de

231 4751 452 4819 ejusdem
496 4754 883 4808 monitionibus
925 4753 992 4813 de
1017 4755 1212 4824 quibus
1246 4754 1427 4810 dicere
1453 4755 1721 4825 cupimus,
1751 4764 1807 4809 et

234 4856 336 4908 nos,
362 4844 494 4899 viles
520 4844 667 4910 licet,
697 4846 1017 4900 commissos
1041 4845 1142 4902 sibi
1171 4846 1375 4913 docuit,
1405 4856 1460 4902 et
1485 4846 1639 4915 quasi
1671 4855 1804 4900 tem-

235 4947 350 5000 pore
374 4936 647 4990 etmerito
676 4944 723 4990 et
758 4938 982 4993 scientia
1021 4953 1108 4994 uie
1154 4941 1320 5008 prior,
1365 4939 1518 5007 quasi
1574 4954 1674 5008 pro
1718 4954 1805 4994 me

239 5024 626 5096 impgnaturus
653 5029 870 5097 ignaros
917 5045 1160 5100 quosque
1188 5041 1244 5086 et
1273 5033 1510 5098 ignavos,
1545 5031 1690 5101 prius
1722 5031 1820 5087 lo-o

237 5127 424 5184 quater.

296 5207 353 5262 ιι.
390 5210 564 5280 ιικιιιὶι
589 5221 616 5251 ι
643 5231 657 5265 :
681 5213 740 5268 Si
769 5215 908 5269 ruris
931 5214 1108 5269 cultor
1132 5223 1190 5270 et
1217 5223 1371 5269 terra:
1395 5217 1650 5282 agricola,
1679 5215 1804 5284 quia

241 5311 402 5367 agrum
426 5317 579 5357 suum
608 5305 904 5360 seminibus
932 5305 1498 5377 pneparatjactaudis,
1545 5323 1652 5361 non
1700 5306 1803 5364 sibi

239 5389 460 5446 sulleere
503 5401 658 5462 putat
718 5403 915 5450 terram
963 5398 1130 5466 ipsam
1161 5395 1280 5450 forti
1330 5411 1548 5451 vomere
1590 5397 1801 5465 prosci-

243 5479 384 5547 disse,
429 5498 491 5540 ac
533 5485 808 5555 frequenti
854 5497 1034 5542 aratro
1059 5486 1221 5542 duras
1260 5486 1564 5542 edomuisse
1601 5487 1803 5555 glebas,

241 5571 327 5626 sed
352 5577 561 5645 insuper
601 5576 789 5632 studet
813 5591 994 5646 agrum
1026 5577 1195 5648 ipsum
1225 5577 1519 5633 infecundis
1548 5579 1806 5646 gramini-

251 5658 335 5716 bus
355 5666 664 5732 emundare,
697 5668 872 5722 noxiis
898 5683 1156 5723 cvacuare
1196 5668 1494 5732 ruderibus,
1533 5670 1806 5741 spinarum

1911 4677 2051 4716 mus.
2099 4660 2414 4714 Mundemus
2459 4661 2642 4728 itaque
2693 4674 2791 4712 nos
2839 4668 3096 4727 quantum
3148 4665 3502 4734 prmvalemus

1908 4755 1974 4808 ab
2004 4753 2148 4808 omni
2175 4754 2427 4807 vitiorum
2456 4752 2599 4818 labe,
2630 4766 2658 4805 a
2689 4753 2939 4820 mperbia
2985 4757 3237 4823 primum,
3268 4758 3336 4812 ab
3366 4758 3474 4816 invi
3495 4789 3510 4804 ι

1907 4845 2015 4910 dia,
2065 4845 2132 4900 ab
2179 4844 2471 4909 iracundia,
2519 4859 2550 4897 a
2594 4843 2949 4914 blasphemia,
3001 4847 3070 4902 ab
3121 4847 3426 4921 iniquitate,
3475 4869 3506 4909 a

1907 4937 2138 5002 malitia,
2186 4951 2214 4989 a
2265 4935 2501 4998 tristitia,
2547 4949 2577 4987 a
2626 4949 2762 4988 vana
2814 4935 3005 5001 gloria,
3055 4952 3086 4992 a
3133 4939 3444 5010 cupiditate,
3476 4957 3506 4996 a

1909 5031 2262 5098 malignitate,
2291 5029 2359 5082 ah
2382 5027 2528 5083 omni
2569 5028 2955 5096 amaritudine;
3004 5039 3062 5085 ut
3105 5031 3408 5091 humilitate
3453 5044 3508 5090 et

1911 5124 2151 5182 lenitate.
2181 5138 2244 5180 ac
2271 5122 2619 5190 benignitate,
2657 5124 3085 5190 mansuetudine,
3135 5128 3504 5197 temperantia,

1909 5213 2304 5283 misericordia,
2345 5213 2574 5282 justitia,
2602 5215 2805 5284 lmtitia,
2835 5215 3202 5287 charitatequc
3230 5219 3505 5290 possidea-

1907 5321 2046 5360 Illlll'.

1980 5392 2064 5448 lli.
2105 5393 2210 5449 Sed
2258 5394 2382 5464 quid
2431 5393 2689 5448 facimus?
2734 5393 2860 5450 llaec
2903 5411 3055 5466 quast
3084 5396 3278 5453 similia
3305 5406 3502 5457 reeita-

1912 5502 2052 5554 mus,
2078 5495 2133 5541 et
2159 5487 2310 5555 quasi
2341 5486 2584 5541 similiter
2611 5486 2848 5550 innoxia,
2895 5486 3096 5542 inculta
3126 5505 3190 5544 ac
3217 5489 3504 5549 ind'ncreta

1914 5579 2280 5648 relinquimus.
2339 5575 2586 5644 Legi-udo
2641 5592 2703 5630 ea
2757 5578 3127 5647 delectantur,
3185 5581 3505 5652 expellendo

1909 5670 2265 5723 tlissolvitnur.
2299 5667 2541 5738 Nunquid
2597 5683 2698 5730 nos
2744 5668 2973 5723 salvabit
3018 5686 3083 5724 ea
3131 5670 3337 5740 audire,
3386 5688 3507 5745 qum

315 5784 334 5813 ι
360 5775 525 5858 inquit
565 5778 730 5858 Deest
775 5778 911 5858 forte
947 5785 1103 5837 enim.
1142 5783 1272 5848 Qum.
1312 5795 1629 5856 sequuntur,
1669 5787 1828 5839 vrrha
1859 5793 1984 5838 sunt
2032 5783 2304 5854 Congalli,
2354 5780 2511 5852 primi
2542 5779 2753 5838 abbatis
2797 5780 3224 5854 Benchorcnsis,
3267 5788 3358 5858 qui
3398 5789 3504 5845 alio

255 5846 443 5904 nomine
464 5851 747 5904 «ἕξοι-Ικιιιιι-
779 5846 1024 5903 Faustus.

517 5947 789 6004 inruet.
828 5945 1083 6005 LXXX.

3069 5953 3111 6011 8
