3856 6218
339 321 448 378 235

1580 330 1634 387 5.
1677 331 2071 389 (ΣΟΙᾸΗΙΒᾹΝΙ
2115 335 2403 394 ANNUS

3529 349 3638 404 ἓῧὸ

340 441 481 497 intra
529 454 630 497 nos
673 441 1086 514 comprobamnr
1131 457 1237 499 non
1290 442 1539 499 habere?
1592 444 1839 516 Nunquid
1893 452 1941 505 si
1969 449 2019 508 Α
2044 449 2220 516 cadet,
2248 460 2304 506 et
2330 466 2438 507 non
2467 452 2738 510 subsistet.
2782 456 2935 523 Quod
2966 466 3148 516 autem
3180 476 3287 517 non
3318 458 3534 527 ﬁnitur,
3565 466 3638 521 de

260 592 268 604 Ἰ
340 547 554 604 semper
601 533 755 590 nobis
783 534 1051 605 legantur,
1097 545 1154 592 et
1199 551 1470 608 nunquam
1517 537 1876 594 emendantur
1904 554 1935 593 a

268 608 277 622 ’
340 623 521 689 nobis,
550 624 739 681 crebra
784 640 884 681 nos
932 626 1207 708 adjuvabit
1234 627 1394 685 lec:io
1424 644 1609 685 eorum
1637 645 1755 700 quae.
1787 632 1939 686 tarde

338 729 371 768 a
416 713 571 769 nobis
620 714 1007 785 expelluntur?
1053 716 1305 788 Nunquid
1351 719 1469 776 solo
1515 735 1766 777 sermone
1817 723 1939 793 quis

338 818 490 860 suam
515 803 733 859 domum
759 821 788 859 a
817 807 1061 877 quolibet
1084 808 1337 878 squalore
1374 810 1669 875 mundabit,
1702 824 1794 867 aut
1821 813 1936 868 sola

338 892 551 965 loquela
583 893 985 963 pulverulentos
1015 909 1241 966 aggeres
1268 898 1525 955 immundi
1570 897 1779 957 ruderis
1806 902 1935 956 sub-

340 985 615 1041 movebit?
642 986 749 1042 Aut
769 987 1007 1058 nunquid
1037 980 1155 1045 sine
1195 989 1392 1047 sudore
1421 992 1502 1046 vel
1528 1008 1647 1063 qua:
1677 994 1744 1047 ad
1773 994 1935 1048 vitam

338 1079 705 1150 quotidianam
733 1084 1025 1152 pertinent,
1076 1082 1197 1150 quis
1233 1082 1449 1139 ellicere
1478 1085 1691 1154 potest?
1723 1082 1939 1140 Patien-

342 1174 413 1229 tia
439 1187 590 1243 ergo,
643 1181 699 1229 et
742 1174 1039 1243 diligentia,
1072 1184 1129 1230 et
1157 1174 1307 1231 labor
1336 1191 1399 1233 ac
1426 1178 1655 1232 studium
1687 1176 1934 1246 infatiga-

340 1268 468 1335 bile,
497 1268 770 1325 interioris
798 1268 1031 1323 hominis
1078 1270 1233 1325 nobis
1278 1270 1496 1325 domum
1537 1271 1935 1339 mandantibus;

339 1360 817 1423 necessariasunt,
866 1368 925 1414 ut
973 1360 1024 1414 in
1073 1360 1279 1430 injuriis
1308 1361 1657 1431 patientiam,
1711 1364 1764 1418 in
1812 1363 1939 1419 reli-

340 1451 500 1521 gione
526 1450 878 1521 diligentiam,
928 1451 980 1505 in
1029 1452 1286 1522 operibus
1310 1452 1571 1517 laborem,
1606 1453 1656 1507 in
1687 1452 1938 1523 profecti-

341 1542 440 1597 bus
465 1540 699 1597 studium
722 1540 1176 1598 demonstremus.
1210 1540 1413 1597 Crebro
1441 1544 1597 1598 nobis
1643 1544 1937 1613 prmdican-

341 1632 486 1690 tibus
529 1632 681 1689 tarde
726 1634 1109 1701 emendamur;
1155 1634 1347 1690 crebro
1396 1635 1623 1701 elisusi,
1679 1650 1802 1689 raro
1849 1650 1939 1703 pa-

339 1725 571 1792 tientes;
601 1726 794 1781 crebro
819 1725 968 1791 victi,
1000 1739 1125 1779 raro
1155 1725 1417 1789 victores;
1470 1726 1663 1779 crebro
1710 1724 1963 1801 seducti,_

2038 539 2239 596 mundo
2288 557 2397 597 non
2441 543 2654 599 dicitur.
2713 544 2886 603 Morte
2935 564 3065 619 ergo
3111 558 3167 608 et
3214 567 3415 608 occasu
3454 556 3639 610 omnia

2040 640 2339 697 transeunt,
2388 642 2443 689 et
2484 650 2592 691 non
2622 643 2786 692 stant.
2819 636 2958 705 Quid
3006 654 3136 710 ergo
3164 643 3385 713 sapiens
3410 644 3641 713 diligere

2038 723 2233 778 debet?
2262 724 2526 781 Mortuam
2575 728 2867 798 imaginem
2917 746 2983 787 ex
3014 741 3168 802 parte
3222 744 3426 789 mutant
3464 746 3519 792 et
3563 752 3639 794 ex

2038 823 2192 882 parte
2216 830 2488 885 sonoram,
2517 832 2678 887 quam
2706 821 2853 879 videt
2880 830 2935 876 et
2957 838 3065 877 non
3097 825 3383 893 intelligit?
3410 824 3468 881 Si
3488 827 3639 883 enim

2039 905 2377 975 intelligeret,
2409 904 2633 963 forsitan
2662 908 2938 979 diligeret;
2971 912 3065 968 sed
3094 922 3151 968 et
3179 913 3234 969 in
3255 914 3362 970 hoc
3385 914 3638 983 oll‘endit,

2039 1000 2094 1054 in
2139 1015 2246 1069 quo
2292 1015 2351 1055 se
2397 1015 2505 1056 non
2550 1003 2807 1058 ostendit.
2839 1005 2972 1072 Quis
3001 1007 3146 1061 enim
3200 1007 3493 1080 intelligit,
3550 1011 3639 1065 vel

2038 1094 2408 1163 semetipsum,
2456 1095 2816 1171 vehalterum,
2850 1097 3035 1154 liorem
3062 1108 3221 1156 terra:
3249 1110 3307 1156 et
3336 1111 3535 1156 terram
3564 1100 3640 1156 tle

2040 1195 2183 1240 terra
2206 1184 2428 1263 factum,
2457 1201 2562 1254 qua
2591 1186 2853 1255 dignitate
2879 1190 2974 1245 Dei
3001 1190 3215 1256 Filium,
3243 1200 3300 1246 et
3329 1192 3636 1250 caelicolam

2038 1276 2167 1332 facit
2196 1286 2337 1332 terra
2365 1286 2420 1332 et
2461 1279 2633 1349 pulvis
2665 1289 2787 1349 post
2833 1282 3103 1337 modicum
3151 1282 3361 1341 futurus
3384 1325 3401 1352 ,
3445 1295 3504 1340 et
3532 1287 3635 1342 nisi

2040 1368 2214 1422 anima
2246 1368 2516 1423 mediante
2553 1354 2828 1438 nultquam
2856 1371 3205 1442 profuturus?

2111 1457 2175 1511 ll.
2215 1456 2271 1513 Si
2301 1460 2421 1528 quis
2451 1460 2554 1515 hoc
2602 1460 2849 1542 intelligit
2874 1504 2889 1528 ,
2937 1463 3027 1517 cui
3058 1463 3201 1518 Deus
3230 1464 3497 1534 donavit,
3527 1481 3634 1536 qua

2042 1545 2152 1599 vita
2172 1547 2348 1600 vivere
2370 1556 2600 1616 oportet,
2633 1557 2694 1602 ut
2711 1559 2945 1606 aeternus
2970 1552 3041 1605 sit
3060 1550 3128 1607 de
3148 1553 3389 1619 mortali,
3415 1554 3636 1625 sapiens

2042 1633 2111 1687 de
2138 1634 2355 1699 stolido,
2387 1637 2623 1692 caelestis
2651 1639 2719 1692 de
2747 1647 2984 1706 terreno,
3026 1642 3255 1710 primum
3285 1658 3504 1699 sensum
3533 1644 3635 1699 ha-

2043 1724 2169 1780 beat
2198 1742 2388 1794 purum
2428 1742 2536 1796 quo
2567 1736 2749 1781 utatur
2778 1728 2845 1783 ad
2891 1731 3031 1785 bene
3061 1732 3345 1787 vivendum
3372 1774 3389 1799 ,
3437 1741 3491 1789 et
3523 1750 3635 1790 non

341 1828 465 1870 raro
494 1813 855 1883 intelligentes
898 1829 1106 1890 sumus.
1138 1813 1277 1880 Quid
1304 1828 1434 1883 ergo
1480 1814 1634 1869 nobis
1680 1814 1831 1882 quasi
1864 1814 1944 1868 in-
1979 1815 2021 1874 Β
2047 1816 2172 1887 quid
2202 1826 2320 1881 est,
2372 1820 2468 1873 sed
2497 1819 2621 1888 quid
2650 1819 2773 1884 erit,
2811 1820 3013 1876 videat.
3041 1819 3101 1875 ld
3128 1822 3272 1877 enim
3305 1824 3447 1887 erit,
3488 1826 3633 1893 quod

340 1903 508 1959 lirmis
534 1918 600 1961 ac
625 1903 855 1963 indoctis
880 1905 1266 1974 pugnatoribus
1292 1903 1484 1973 quibus
1525 1918 1673 1957 arma
1724 1913 1942 1958 vertun-

339 2002 427 2051 tur
452 1992 509 2049 in
532 1994 777 2061 vulnera,
808 1994 1111 2064 subveniet,
1153 1997 1279 2051 dum
1310 2011 1417 2052 non
1449 1996 1562 2051 haec
1589 1993 1797 2058 audire,
1846 1994 1941 2050 sed

336 2083 611 2155 complere
639 2085 753 2142 laus
780 2086 896 2140 est?
944 2084 1062 2140 Non
1092 2086 1235 2141 enim
1267 2087 1450 2141 auditu
1474 2086 1568 2140 lex
1618 2083 1937 2150 sanctiﬁcat,

336 2173 430 2230 sed
474 2173 618 2230 laeto
666 2176 855 2244 procul
878 2174 1482 2245 dubio;.unusquisqus
1536 2191 1643 2231 non
1685 2175 1939 2249 [Codex,

330 2265 601 2328 'mendose,
632 2265 798 2338 enim]
838 2266 1015 2321 verbis
1066 2275 1271 2321 tantum
1322 2277 1377 2321 ct
1420 2267 1688 2337 corporali
1733 2266 1939 2331 labore,

336 2354 431 2413 sed
477 2372 689 2412 morum
740 2358 1053 2414 maturitate
1098 2366 1153 2413 et
1192 2357 1370 2414 cordis
1396 2358 1626 2428 puritate
1656 2357 1940 2413 Dominum

340 2449 588 2505 honoret.
640 2450 751 2505 Nec
796 2450 1007 2506 dicatur
1050 2450 1119 2505 de
1170 2449 1496 2506 nobiszﬂic
1542 2451 1761 2520 populus
1789 2449 1942 2503 labiis

338 2556 418 2594 me
442 2542 683 2607 licuerat,
727 2559 817 2601 cor
862 2552 1035 2597 autent
1080 2559 1255 2598 eorum
1302 2543 1454 2614 longe
1493 2553 1568 2596 est
1596 2559 1628 2595 a
1657 2558 1736 2595 me
1782 2540 1937 2611 (ιω.

341 2650 486 2699 uix,
539 2635 637 2703 l3;
687 2635 876 2690 Matth.
929 2652 1014 2699 xv,
1065 2635 1128 2700 8;
1180 2635 1352 2689 Marc.
1384 2650 1479 2702 vn,
1509 2634 1681 2703 6):ct
1725 2634 1942 2703 quando

340 2725 492 2782 audis
538 2728 805 2796 pugnam,
855 2728 1017 2783 crede
1041 2729 1284 2793 vulnera,
1317 2734 1375 2782 et
1402 2726 1551 2795 fugas
1582 2726 1683 2801 [Αη
1714 2725 1941 2798 lugias?]

296 2890 304 2897 _
341 2817 628 2883 interesse;
678 2827 733 2873 et
776 2818 902 2873 dum
950 2818 1324 2888 unusquisque
1376 2831 1560 2886 pacem
1609 2817 1941 2886 possiderea

340 2916 546 2979 septem
596 2911 849 2979 gentibus
902 2909 1188 2965 hostilibus
1236 2925 1295 2965 se
1347 2908 1782 2979 impugnantibus
1835 2922 1942 2961 non

339 3008 538 3069 potest,
570 3000 756 3056 tandiu
796 3002 1070 3057 accinctus
1112 3000 1371 3057 dimicare
1398 3017 1503 3056 non
1533 3008 1726 3065 cessat,
1772 2998 1944 3054 donec

340 3102 547 3165 septem
594 3096 845 3163 gentium
884 3111 978 3149 rex
1026 3103 1083 3149 et
1129 3103 1348 3169 rector,
1395 3093 1490 3149 Dei
1535 3094 1679 3149 dono
1719 3092 1944 3148 viriliter

2046 1922 2150 1961 non
2180 1917 2299 1973 est;
2349 1916 2405 1962 et
2434 1924 2529 1975 per
2557 1924 2620 1964 ea
2649 1924 2769 1979 qua:
2822 1910 3007 1975 videt,
3066 1926 3130 1967 ea
3170 1928 3290 1982 qtae
3331 1930 3437 1969 non
3486 1915 3634 1970 videt

2043 1997 2262 2065 cogitet,
2293 2006 2347 2052 et
2378 1999 2576 2053 nitatur
2605 2014 2723 2055 esse
2748 2001 2891 2069 quod
2920 2010 3135 2057 creatus
3173 2012 3276 2070 est,
3300 2012 3356 2058 et
3386 2004 3481 2060 Dei
3506 2016 3634 2073 gra-

2043 2090 2172 2141 tiam
2204 2103 2303 2141 suo
2341 2088 2567 2143 advocet
2609 2090 2895 2146 conamine
2928 2110 2942 2144 :
2992 2090 3322 2163 impossibile
3364 2103 3449 2150 est
3484 2096 3632 2152 enim

2041 2179 2216 2234 solum
2245 2195 2343 2248 per
2378 2195 2438 2235 se
2468 2196 2904 2251 unumquemque
2949 2182 3172 2253 adipisci
3201 2182 3348 2254 quod
3397 2185 3633 2256 perdidit

2044 2270 2096 2323 in
2125 2269 2315 2323 Adam.
2347 2269 2485 2335 Quid
2511 2281 2691 2325 autem
2719 2276 2939 2343 prodest
2979 2288 3195 2328 sensum
3245 2275 3495 2345 accipere
3518 2314 3536 2341 ,
3575 2287 3632 2332 et

2044 2377 2151 2416 non
2173 2378 2238 2417 eo
2267 2361 2405 2417 bene
2434 2365 2509 2417 uti
2534 2365 2557 2418 ?
2596 2363 2739 2419 Bene
2768 2366 2934 2421 utitur
2963 2366 3054 2420 ille
3077 2405 3093 2431 ,
3135 2366 3230 2436 qui
3257 2368 3338 2421 sic
3368 2368 3540 2433 vivit,
3570 2378 3631 2424 ut

2044 2470 2313 2523 nunquam
2345 2463 2439 2507 aut
2469 2456 2759 2525 pmuiteat,
2804 2465 2898 2510 aut
2920 2458 3270 2527 pamituerit:
3315 2459 3630 2528 pcnnitentia

2044 2546 2185 2600 enim
2234 2562 2354 2601 sera
2403 2548 2544 2601 male
2575 2564 2726 2603 usum
2771 2549 2965 2616 arguit,
3009 2558 3065 2604 et
3109 2550 3251 2605 bona
3296 2552 3630 2607 conscientia

2048 2637 2208 2689 vitam
2234 2636 2431 2691 laudat.
2457 2636 2593 2702 Quid
2620 2651 2749 2706 ergo
2780 2654 2970 2697 sensus
3004 2654 3174 2709 purus
3198 2640 3422 2710 diligere
3448 2642 3631 2713 sapit?

2048 2727 2179 2780 Illud
2222 2737 2370 2781 certe
2415 2727 2558 2795 quod
2598 2728 2860 2798 diligere,
2910 2739 2965 2784 et
3010 2739 3202 2785 uetera
3231 2733 3413 2786 omnia
3461 2732 3586 2790 fecit
3612 2775 3631 2801 ,

2045 2831 2362 2887 semperque
2392 2826 2590 2881 manet,
2621 2826 2677 2872 et
2704 2834 2977 2889 nunquam
3005 2823 3257 2876 senescit.
3308 2821 3451 2877 Nihil
3480 2822 3631 2879 aliud

2046 2911 2403 2967 extrinsecum
2424 2910 2749 2979 diligendum
2778 2914 3172 2970 estsecundum
3192 2917 3307 2971 veri
3337 2917 3627 2986 rationem,

2048 3003 2147 3057 nisi
2177 3012 2456 3079 regemunt,
2497 3010 2550 3056 et
2595 3013 2795 3059 mterna
2844 3004 3120 3070 voluntas,
3167 3020 3287 3074 que
3326 3008 3394 3063 ab
3422 3015 3632 3066 :eterno

2049 3092 2315 3159 mirabili,
2365 3094 2660 3163 ineﬂ'abili,
2713 3095 2999 3161 invisibili,
3048 3097 3628 3168 incomprehensibili,

340 3186 664 3251 dimicando,
695 3187 939 3240 exsistat.
972 3185 1158 3240 Nullus
1184 3186 1324 3240 enim
1355 3194 1667 3252 coronatur,
1715 3186 1817 3241 nisi
1846 3188 1936 3257 qui
1967 3189 2013 3250 C
2043 3187 2223 3242 omnia
2251 3186 2523 3255 implente,
2565 3194 2621 3240 et
2648 3188 2829 3241 omnia
2856 3186 3155 3243 excedente
3175 3230 3191 3255 ,
3222 3198 3525 3259 prasente,
3575 3200 3632 3247 et

347 3276 579 3346 hgitime
608 3276 897 3333 certaverit
926 3275 1014 3346 (II
1047 3275 1180 3331 Tim.
1214 3293 1274 3343 ιι,
1304 3275 1387 3347 5),
1434 3285 1491 3332 et
1518 3291 1680 3332 nemo
1706 3277 1945 3346 legitime

343 3371 395 3424 in
441 3369 618 3440 primo
655 3370 952 3426 certamine
985 3376 1177 3424 certat.
1211 3368 1448 3425 Primum
1500 3370 1681 3439 itaque
1728 3379 1945 3425 ρει-ιδῃ»

342 3461 468 3518 dum
495 3470 599 3529 est,
631 3462 825 3519 deinde
852 3463 1102 3518 standum
1133 3470 1239 3527 est,
1287 3473 1342 3517 et
1370 3463 1423 3517 in
1455 3462 1595 3518 bello
1625 3461 1943 3516 studendum

343 3558 447 3621 est,
478 3559 538 3608 ut
564 3561 752 3624 postea
786 3553 1021 3625 legitime
1050 3552 1365 3609 certandum
1398 3554 1488 3609 sit.
1522 3552 1736 3608 Uthiam
1764 3563 1818 3608 et
1847 3569 1947 3608 nos

342 3648 581 3719 legitime
614 3657 983 3714 certaremus,
1033 3658 1095 3704 ut
1138 3658 1197 3705 et
1246 3647 1496 3706 coronari
1524 3662 1861 3713 mereamur;
1890 3657 1945 3702 et

342 3738 483 3795 sicut
504 3739 559 3798 in
584 3738 776 3798 eodem
807 3747 1068 3812 apparatu
1096 3746 1154 3795 et
1179 3738 1280 3794 sub
1306 3738 1494 3795 iisdem
1520 3737 1685 3795 armis
1734 3751 1941 3803 sumus,

349 3834 423 3889 ita
466 3844 593 3889 eum
637 3830 885 3888 hostibus
925 3831 1123 3886 nostris
1150 3828 1394 3901 quotidie
1436 3828 1836 3892 dimicaremus,
1881 3840 1945 3884 ut

345 3933 454 3975 non
472 3920 535 3977 in
588 3920 975 3988 nosmetipsos,
1001 3919 1097 3978 sed
1141 3919 1197 3976 in
1224 3913 1566 3976 adversarios
1592 3927 1809 3975 nostros
1832 3918 1942 3974 tela

344 4024 738 4085 torqueremus.
796 4010 915 4068 Hoc
966 4011 1158 4082 longus
1206 4010 1443 4068 bellandi
1494 4025 1620 4066 usus
1666 4024 1792 4066 cum
1844 4006 1937 4063 Dei

340 4103 513 4171 gratia
551 4102 845 4175 praestabit,
873 4116 972 4173 per
997 4100 1285 4158 Dominum
1312 4108 1557 4158 nostrum
1584 4100 1767 4156 desum
1792 4098 1942 4153 Chri-

341 4207 503 4262 stum,
532 4197 622 4253 αιί
649 4207 733 4255 est
758 4196 958 4263 honor,
1004 4205 1062 4252 et
1097 4195 1287 4265 gloria,
1324 4202 1383 4250 et
1428 4194 1598 4250 virtus
1644 4194 1699 4249 in
1745 4191 1939 4249 saecula

340 4288 675 4344 saeculorum.
713 4288 903 4342 Amen.

868 4397 1068 4455 lNSTll
1078 4395 1282 4455 UCTIO
1316 4396 1405 4453 ill.

381 4488 457 4543 De
484 4488 728 4545 sectanda
750 4489 929 4544 mundi
952 4497 1242 4555 contemptu
1270 4495 1320 4542 et
1345 4485 1621 4544 curialium
1651 4483 1898 4541 bonorum

1033 4574 1227 4615 amore.

401 4647 443 4703 Ι.
487 4647 625 4715 Quid
654 4649 710 4705 in
738 4648 944 4705 mundo
972 4650 1241 4722 optimum
1268 4652 1389 4707 est?
1417 4649 1638 4707 Aucto‘ri
1663 4648 1784 4720 ejus
1812 4647 1930 4720 pla-

341 4754 488 4797 cere.
512 4738 653 4808 Quid
672 4746 758 4797 est
778 4739 898 4811 ejus
917 4741 1190 4799 voluntas?
1217 4742 1568 4813 Complacere
1589 4742 1736 4811 quod
1749 4740 1928 4811 jussit,

340 4835 448 4891 itoc
464 4842 573 4901 est,
600 4841 752 4890 recte
770 4832 955 4888 vivere
978 4841 1034 4886 et
1055 4834 1144 4900 pie
1165 4841 1423 4887 aeternum
1445 4849 1688 4897 quzerere
1713 4851 1727 4886 :
1758 4836 1931 4902 pietas

349 4932 517 4996 enim,
548 4937 611 4986 et
649 4926 902 5000 aequitas,
947 4923 1023 4997 pii
1066 4932 1126 4979 et
1152 4923 1288 4980 recti
1332 4923 1589 4977 voluntas
1610 4928 1717 4975 est.
1747 4918 1827 4973 Ad
1875 4918 1929 4972 id

354 5019 629 5087 quomodo
662 5015 1035 5092 pervenitur?
1067 5012 1283 5072 Studio.
1319 5012 1664 5068 Studendum
1690 5022 1776 5067 est
1798 5026 1932 5079 ergo

358 5110 413 5162 in
436 5109 661 5179 pietate,
695 5122 752 5167 et
768 5111 1052 5182 aequitate.
1087 5104 1172 5163 Ad
1201 5104 1307 5160 hoc
1336 5100 1774 5161 conservandum
1799 5099 1933 5170 quid

353 5201 545 5272 juvat?
576 5200 914 5270 Intellectus,
936 5200 1032 5272 qui
1066 5207 1270 5255 caetera
1300 5194 1403 5250 alia
1434 5192 1762 5258 eventilans,
1798 5190 1936 5246 nihil

357 5293 446 5349 cui
468 5290 756 5354 inharettt,
780 5290 996 5347 ﬁrmum
1025 5288 1335 5351 inveniens,
1355 5286 1424 5342 de
1445 5285 1533 5341 his
1554 5299 1677 5355 qua:
1700 5281 1939 5337 mundus

360 5386 548 5451 habet,
581 5383 651 5440 ad
671 5396 844 5439 unum
875 5382 1022 5452 quod
1043 5390 1312 5439 cternum
1342 5386 1449 5443 est,
1466 5375 1682 5431 ratione
1704 5386 1940 5428 conver-

360 5479 519 5535 tltur‘.
544 5474 787 5535 Mundus
819 5472 967 5529 enim
990 5472 1266 5537 transibit,
1288 5480 1344 5529 et
1372 5467 1634 5540 quotidie.
1651 5464 1866 5529 transit,
1887 5472 1944 5519 et

360 5578 574 5624 rotator
600 5568 670 5624 ad
696 5567 861 5623 tinem
888 5562 1043 5634 (quid
1072 5565 1219 5621 enim
1256 5563 1442 5627 habet,
1492 5558 1642 5634 quod
1687 5557 1782 5613 lini
1829 5570 1943 5611 non

365 5658 606 5728 assignct
619 5659 688 5729 ἲ),
716 5667 774 5713 et
798 5653 1207 5729 quodammodo
1248 5655 1508 5711 vanitatis
1537 5652 1811 5710 columnis
1831 5648 1939 5703 l‘ul-

368 5749 533 5808 et'tur.
554 5748 787 5817 Quando
809 5757 996 5807 autem
1013 5745 1271 5804 vanitatis
1290 5745 1412 5804 linis
1431 5743 1683 5812 adfuerit,
1708 5754 1839 5799 tunc
1856 5740 1942 5796 ille

2046 3279 2304 3347 fugiente,
2336 3278 2625 3347 inSpiratur
2664 3287 2721 3332 et
2769 3278 3057 3333 animatur.
3101 3278 3241 3335 Nihil
3270 3281 3359 3337 hic
3410 3282 3633 3353 sapiens

2046 3369 2267 3438 diligere
2290 3368 2469 3434 debet,
2501 3368 2645 3437 quod
2685 3367 2821 3422 nihil
2854 3368 3050 3433 durat;
3090 3378 3293 3424 :eterna
3324 3371 3469 3425 enim
3519 3372 3631 3428 illic

2045 3476 2166 3515 cum
2194 3470 2416 3523 aeterno,
2442 3467 2497 3513 et
2523 3458 2726 3514 caduca
2750 3458 2867 3513 heic
2896 3474 3018 3514 cum
3050 3460 3264 3514 mortali
3292 3469 3440 3516 sunt.
3474 3459 3631 3517 Peri-

2045 3552 2289 3607 culosum
2319 3558 2402 3605 est
2427 3563 2555 3617 ergo
2576 3549 2820 3604 habitare
2845 3548 2985 3603 inter
3012 3545 3260 3604 fallentia
3280 3557 3337 3604 et
3385 3550 3544 3617 falsa,
3574 3540 3632 3607 e't

2046 3659 2153 3699 non
2182 3656 2308 3697 vera
2337 3640 2521 3695 videre
2549 3655 2670 3710 qu:e
2698 3639 2863 3695 debes
2883 3654 3087 3705 amare,
3116 3650 3173 3695 et
3200 3640 3385 3695 videre
3409 3641 3632 3712 insuper

2045 3750 2163 3803 qua:
2193 3733 2441 3801 fugiendo
2472 3734 2796 3801 provocant,
2823 3738 2879 3785 et
2906 3730 3057 3798 quasi
3088 3731 3140 3784 in
3170 3730 3380 3786 somnio
3406 3740 3463 3786 te
3504 3746 3632 3786 cum

2043 3828 2122 3883 eis
2151 3840 2374 3897 peccare
2404 3823 2754 3891 persuadent,
2784 3830 2841 3876 et
2880 3836 2940 3876 re
2985 3821 3174 3876 odiosa
3213 3821 3307 3876 tibi
3351 3822 3631 3879 blanditiis

2042 3912 2246 3980 rident,
2280 3924 2334 3972 et
2348 3914 2471 3983 jure
2498 3911 2763 3982 diligenda
2785 3949 2802 3978 ,
2830 3926 2893 3966 ac
2919 3910 2966 3965 si
3000 3925 3107 3965 non
3132 3918 3312 3967 essent
3330 3953 3347 3980 ,
3371 3911 3467 3967 sed
3494 3914 3629 3969 sub-

2041 4013 2262 4067 ducunt.

2112 4103 2199 4156 lll.
2240 4100 2465 4156 Constat
2490 4110 2618 4166 ergo
2647 4094 2941 4151 sollicitum
2970 4108 3093 4149 esse
3138 4093 3336 4150 debere
3375 4108 3501 4148 eum
3530 4092 3627 4162 qui

2043 4196 2182 4251 inter
2210 4192 2456 4245 fallentes
2485 4188 2711 4251 habitat,
2742 4186 2889 4239 velut
2916 4185 3007 4255 qui
3053 4199 3161 4239 non
3188 4183 3401 4253 evadet,
3430 4184 3478 4238 si
3514 4199 3630 4239 non

2042 4298 2135 4340 eos
2166 4260 2399 4350 fugerit,
2429 4285 2693 4344 cauteque
2740 4274 2787 4328 si
2832 4273 2972 4328 bene
2992 4273 3183 4341 egerit.
3214 4272 3321 4327 Nos
3349 4273 3631 4342 quomodo

2042 4371 2304 4441 fugietnus
2341 4367 2621 4433 mundum,
2650 4379 2811 4434 quem
2836 4364 3060 4432 diligere
3088 4376 3197 4417 non
3220 4362 3500 4427 debemus,
3533 4364 3630 4436 qui

2042 4465 2097 4519 in
2123 4459 2323 4517 mundo
2344 4473 2550 4523 sumus,
2576 4455 2775 4525 quique
2803 4452 2851 4508 ei
2877 4452 3020 4507 mori
3044 4453 3337 4518 docemur;
3364 4460 3420 4507 et
3448 4466 3482 4509 e
3500 4466 3631 4509 eon-

1966 4547 2012 4607 D
2042 4552 2205 4608 trario
2232 4565 2355 4606 eum
2387 4549 2525 4603 intra
2567 4559 2666 4600 nos
2707 4542 2939 4612 quadam
2978 4540 3140 4596 livida
3168 4541 3419 4611 cupidine
3446 4540 3632 4597 cludi-

2036 4659 2157 4701 mus
2187 4640 2370 4716 [Forte
2396 4633 2736 4705 claudimus],
2765 4648 2927 4703 quem
2952 4633 3053 4688 sub
3084 4631 3308 4703 pedibus
3336 4631 3495 4701 quasi
3520 4647 3631 4687 no-

2034 4737 2160 4794 stris
2185 4732 2506 4790 conculcare
2528 4727 2827 4783 debuimus.
2869 4725 3165 4781 Conculcat
3199 4724 3463 4779 mundum
3484 4764 3502 4788 ,
3533 4726 3631 4794 qui

2036 4828 2268 4896 seipsum
2294 4821 2462 4876 vincit
2484 4860 2501 4887 ,
2532 4819 2624 4887 qui
2656 4818 2798 4872 vitiis
2826 4827 3116 4885 antequam
3164 4825 3358 4869 natura
3381 4854 3399 4881 ,
3441 4824 3632 4873 mente

2034 4917 2218 4990 [Forte
2247 4921 2355 4967 tam
2385 4907 2586 4979 mente]
2609 4947 2624 4972 ,
2673 4921 2836 4976 quam
2883 4920 3114 4975 corpore
3149 4905 3416 4959 moritur:
3462 4919 3634 4962 nemo

2037 5004 2309 5075 semetipsi
2340 5000 2526 5077 [Forte
2549 4994 2890 5066 sihimetipsi]
2920 5009 3165 5066 parcens,
3193 4996 3451 5051 mundum
3472 4996 3634 5053 odire

2040 5106 2253 5167 potest;
2284 5096 2334 5148 in
2365 5108 2423 5149 se
2448 5090 2591 5147 enim
2620 5088 2739 5143 solo
2760 5086 3018 5141 mundum
3040 5094 3136 5139 aut
3154 5085 3345 5155 diligit,
3375 5088 3628 5144 aut’odit.

2041 5189 2181 5244 Nihil
2220 5189 2382 5241 habet
2413 5183 2557 5255 quod
2588 5191 2737 5237 amet
2763 5179 2834 5234 de
2878 5177 3103 5242 mundo,
3134 5180 3227 5249 qui
3255 5180 3503 5251 corporis
3525 5196 3631 5236 vo-

2042 5278 2336 5347 luptatibus
2361 5282 2607 5329 mortuus
2635 5279 2738 5326 est.
2780 5268 2895 5323 Tali
2939 5276 3115 5324 morte
3152 5270 3467 5337 moriamur,
3495 5271 3630 5339 quia

2042 5384 2190 5423 mors
2219 5367 2306 5421 illa
2334 5364 2631 5435 corporalis
2658 5370 2904 5426 cunctos,
2929 5361 3027 5416 ista
3052 5376 3254 5431 paucos
3275 5369 3443 5417 tenet.
3477 5359 3630 5416 Pau-

2035 5476 2223 5516 corum
2246 5460 2387 5514 rnim
2407 5458 2493 5513 sic
2512 5457 2719 5523 vivere,
2748 5453 2899 5525 quasi
2930 5456 3127 5510 mortui
3150 5453 3334 5526 [Forte
3350 5452 3631 5536 morituri]

2033 5553 2307 5626 quotidie;
2337 5560 2393 5605 et
2421 5550 2547 5605 dum
2569 5562 2677 5603 non
2702 5560 2916 5616 semper
2945 5544 3063 5613 fuit,
3088 5561 3192 5602 nec
3219 5559 3341 5600 esse
3370 5552 3552 5614 potest
3572 5544 3631 5600 in

2035 5645 2258 5714 mundo,
2286 5644 2379 5699 sed
2406 5643 2460 5697 in
2489 5639 2720 5712 quadam
2750 5639 2898 5693 brevi
2927 5639 3234 5702 medietate,
3260 5636 3423 5692 debet
3454 5651 3631 5690 unus-

2034 5742 2259 5811 quisque
2274 5740 2351 5794 sic
2375 5738 2574 5802 vivere,
2589 5733 2743 5803 quasi
2765 5731 3005 5803 quotidie
3025 5730 3311 5797 moriatur,
3342 5740 3401 5784 ut
3421 5738 3625 5785 retorta
