3856 6218
202 380 289 436 Ξτῖ

1126 374 1667 431 INSTRUCTIUNES
1710 370 1941 428 VARI/li
1979 371 2134 426 SIV’E
2170 372 2553 432 SEllllONES.

3359 385 3462 439 εἶδε

204 505 388 554 tantum
414 500 469 548 ct
493 490 765 559 cmlcstia,
796 494 851 547 in
879 493 1091 563 qtuhus,
1121 507 1166 545 St
1207 496 1464 545 meruerd
1489 530 1503 554 ,
1535 494 1769 542 mternus
1801 486 1846 543 Λ
1877 480 2107 537 reddita.
2153 483 2291 549 Quid
2339 485 2440 539 hac
2485 485 2798 541 conditione
2847 486 2982 559 lacr)
2997 487 3283 547 mobilius?
3328 492 3465 559 Quid

203 598 252 643 et
272 583 495 642 celestis
520 582 738 636 futurus
760 582 857 648 sit,
890 582 1047 650 hujus
1074 580 1265 636 mortis
1292 578 1519 641 dubius,
1548 576 1769 645 cogitet.

205 674 474 747 otiaenim
508 681 637 728 ante
666 673 929 729 mundum
970 674 1199 737 fuerant,
1232 671 1345 739 ipsa
1366 676 1533 751 erunt
1571 677 1774 737 etpost

205 767 456 831 mundum,
494 774 551 819 et
572 765 625 819 in
649 775 970 835 perpetuum
995 804 1010 827 ,
1042 772 1097 819 et
1124 762 1302 818 adhuc
1342 770 1502 826 sunt,
1542 761 1636 815 sed
1668 776 1773 815 non

206 868 468 933 apparent,
513 870 569 915 et
599 875 632 914 a
664 859 825 914 nobis
862 858 915 912 in
945 864 1150 910 tantum
1178 856 1349 909 celata
1378 862 1526 919 sunt,
1569 861 1627 906 ut
1665 868 1775 907 non

208 954 343 1007 liceat
366 966 427 1006 ea
455 949 605 1020 loqui
635 947 945 1003 hominibus
975 962 989 999 :
1021 946 1073 999 in
1106 960 1202 999 cor
1229 944 1395 1010 enim,
1428 951 1520 998 aut
1541 942 1592 997 in
1618 956 1776 999 aures

202 1042 412 1101 hominis
438 1057 544 1095 non
578 1039 920 1104 ascendunt,
960 1052 1134 1106 neque
1178 1036 1417 1103 intrant,
1452 1048 1625 1101 neque
1668 1033 1773 1087 hu-

207 1148 346 1187 mano
372 1130 483 1186 visu
515 1129 752 1200 perspici
799 1135 1006 1199 queunt
1052 1125 1188 1196 (Ira.
1223 1143 1365 1189 utv,
1402 1124 1462 1189 4;
1510 1123 1541 1177 1
1562 1122 1679 1179 Cor.
1718 1139 1774 1188 tt,

207 1223 274 1288 9).
299 1218 340 1274 O
356 1236 510 1291 quam
540 1218 777 1274 dolenda
799 1217 1037 1274 conditio
1061 1217 1075 1270 !
1108 1218 1239 1283 Qua:
1265 1231 1451 1270 amare
1470 1214 1772 1278 debuimus,

206 1316 272 1370 sic
312 1328 369 1368 ea
412 1311 567 1367 nobis
619 1320 960 1381 sequestrata
1008 1321 1062 1366 et
1109 1311 1443 1380 incomperta
1490 1319 1546 1364 et
1594 1310 1776 1379 ignota

207 1414 336 1470 sunt,
364 1414 420 1459 ut
443 1404 692 1474 quandiu
722 1403 969 1458 homines
994 1418 1199 1465 sumus,
1227 1411 1283 1457 et
1309 1402 1361 1457 in
1401 1402 1506 1457 hoc
1533 1402 1778 1472 corporis

207 1494 453 1563 ergastulo
475 1494 789 1559 constituti,
830 1493 1051 1547 omnino
1082 1493 1237 1548 nobis
1268 1492 1619 1563 impossibilia
1650 1503 1778 1550 sunt

209 1584 374 1648 videri,
404 1582 578 1637 audiri
611 1622 629 1648 ,
658 1583 883 1652 cogitari
909 1597 973 1637 ea
1001 1598 1120 1653 qua:
1146 1596 1274 1637 vera
1309 1582 1449 1637 bona
1470 1590 1597 1638 sunt
1618 1590 1675 1638 et
1700 1598 1774 1638 ze-

211 1682 361 1729 terna.
392 1673 525 1739 Quid
554 1686 694 1741 ergo
738 1672 1027 1727 faciemus?
1060 1671 1154 1736 Vel
1194 1672 1376 1741 ignota
1403 1686 1677 1739 amemus,
1722 1681 1778 1727 et

208 1779 504 1835 quau-amns,
534 1780 610 1820 ne
654 1764 793 1820 forte
838 1766 891 1821 in
931 1775 1249 1836 perpetuum
1292 1781 1357 1822 ea
1386 1766 1694 1836 ignoremus
1721 1776 1775 1821 et

1879 571 1980 627 hac
2017 572 2233 627 miseria
2264 570 2564 629 infelicius?
2609 575 2711 642 Qui
2757 591 2927 645 usque
2956 578 3025 632 ad
3063 581 3467 651 corruptionem

1877 671 1934 718 et
1978 664 2254 718 interitum
2284 675 2600 733 perpetuum
2650 666 2807 736 hujus
2844 667 2966 723 vita:
3017 684 3157 725 vana
3206 662 3465 729 sectatur.

1878 754 2019 811 Vere
2048 756 2236 811 melior
2263 755 2362 811 fuit
2386 757 2546 813 unius
2570 757 2718 813 hora:
2748 758 3004 827 patientia
3029 799 3045 824 ,
3092 776 3252 831 quam
3279 767 3467 819 interni

1878 849 2134 917 temporis
2180 864 2299 903 sera
2348 849 2682 917 paenitentia.
2735 848 2889 905 Time
2936 865 3067 919 ergo
3109 852 3244 906 citra
3274 853 3468 908 caelum

1878 946 2150 1004 mortem;
2200 940 2340 992 ultra
2371 937 2566 994 coelum
2616 939 2790 1009 ignem
2818 949 3111 1008 anei-num;
3165 940 3273 999 hoc
3320 944 3468 1012 quod

1877 1028 2058 1093 vides,
2092 1028 2221 1083 illud
2264 1027 2408 1097 quod
2451 1044 2558 1083 non
2602 1026 2785 1095 vides,
2838 1030 2933 1085 sed
2964 1038 3143 1086 tamen
3171 1032 3349 1087 credis
3375 1032 3466 1096 ei,

1877 1117 1970 1187 qui
2016 1117 2161 1173 vidit.
2214 1119 2389 1176 Verax
2447 1123 2589 1178 enim
2646 1132 2729 1179 est
2776 1126 3033 1181 Dominus
3082 1132 3268 1181 noster
3313 1124 3469 1184 Jes'us

1880 1207 2147 1279 Christus,
2177 1212 2264 1267 cui
2294 1214 2470 1270 honor
2516 1224 2570 1271 et
2598 1215 2770 1285 gloria
2810 1217 2864 1272 in
2895 1218 3087 1274 siccata
3124 1217 3467 1275 saeculorum.

1880 1297 2071 1355 Amen.

2405 1396 2817 1454 INSTRUCTIO
2856 1400 2943 1455 IV.

1981 1484 2133 1549 Quod
2160 1486 2210 1539 in
2233 1491 2483 1556 prwsenti
2514 1491 2614 1572 rilp
2645 1488 3009 1557 laborandum,
3036 1502 3092 1546 ut
3114 1493 3168 1547 in
3196 1495 3374 1564 futura

2508 1576 2849 1625 quiescamus.

1950 1665 1990 1719 l.
2036 1665 2220 1720 Omnis
2249 1665 2550 1737 disciplina,
2585 1669 2737 1738 juxta
2764 1670 3085 1740 Apostolum
3107 1712 3124 1739 ,
3149 1688 3205 1726 ιη
3231 1683 3464 1743 priuauit

1880 1755 2078 1810 videtur
2106 1774 2209 1811 non
2238 1774 2347 1812 esse
2376 1758 2576 1829 gaudii,
2607 1760 2699 1815 sed
2718 1764 2991 1827 maeroris;
3032 1772 3212 1833 postea
3243 1780 3359 1820 vero
3379 1766 3473 1835 ju-

210 1858 466 1927 thmus
491 1874 505 1923 ς
557 1858 683 1914 sine
711 1873 875 1913 causa
905 1858 1050 1914 enim
1076 1867 1232 1914 natus
1258 1867 1361 1924 εει,
1386 1859 1480 1930 qui
1529 1859 1617 1914 ina
1646 1876 1771 1929 per-
1809 1852 1850 1910 Β
1880 1846 2103 1900 cundum
2133 1851 2376 1918 fructum,
2421 1851 2783 1923 placidumque
2826 1855 3074 1908 mercedis
3098 1856 3245 1925 fenus
3285 1854 3365 1911 his
3388 1858 3475 1929 qui

212 1956 351 2016 petua
388 1955 440 2001 et
482 1947 535 2002 in
570 1952 907 2018 ’perpetuum
937 1947 1205 2019 ignorabit
1226 1987 1242 2009 ,
1276 1956 1332 2002 et
1376 1948 1467 2003 illa
1494 1958 1698 2005 acterna
1726 1950 1779 2003 in

211 2046 443 2091 mteruum
470 2039 699 2094 nesciet.
722 2034 767 2091 0
790 2046 843 2093 te
865 2037 1119 2094 miserum
1141 2039 1444 2093 hominem!
1470 2039 1611 2111 quod
1635 2039 1783 2095 vides

214 2129 358 2184 debes
399 2129 550 2185 odire
578 2172 594 2193 ,
643 2140 700 2185 et
726 2130 875 2200 quod
909 2146 1095 2186 amare
1125 2139 1179 2187 te
1205 2132 1491 2198 convenit,
1542 2133 1778 2203 ignoras.

214 2220 439 2289 Loquens
466 2222 565 2276 tibi
593 2233 683 2276 tua
715 2225 823 2276 vita
846 2263 862 2288 ,
910 2223 1139 2278 irretiris
1162 2263 1177 2289 ,
1225 2225 1376 2291 velis,
1407 2224 1578 2293 nolis;
1629 2226 1681 2281 in
1732 2237 1784 2282 te

215 2308 359 2365 babes
384 2324 487 2378 quo
520 2310 888 2379 compediris;
937 2312 990 2365 in
1033 2321 1084 2366 te
1114 2327 1221 2367 non
1270 2312 1438 2367 habes
1464 2328 1574 2382 quo
1602 2314 1780 2370 solve-

218 2399 301 2453 ris.
327 2399 620 2453 Cavebisue
651 2407 724 2462 te,
757 2400 940 2467 miser,
974 2400 1025 2454 in
1057 2408 1215 2470 teque
1242 2415 1310 2455 ne
1336 2401 1595 2467 contides,
1630 2403 1721 2472 qui
1750 2418 1782 2456 a

218 2500 263 2545 te
288 2491 564 2560 laquearis,
596 2506 702 2546 nec
729 2506 760 2545 a
789 2499 843 2546 te
868 2492 1135 2549 solveris?
1162 2494 1348 2548 oculos
1381 2492 1586 2550 habens
1610 2510 1786 2553 caicus

218 2581 391 2650 ligaris,
419 2582 705 2652 libensque
730 2582 891 2637 morti
920 2583 1150 2638 duceris.

279 2697 355 2753 ιγ.
394 2698 436 2753 0
465 2698 827 2755 intolerabilis
853 2700 1103 2757 cmcitas!
1137 2718 1172 2759 ο
1200 2700 1357 2759 dolor
1383 2702 1786 2775 incomparabi-

220 2787 307 2845 lis!
336 2807 367 2845 ο
394 2790 758 2847 infelicissima
789 2793 1002 2848 miseria
1027 2794 1040 2846 !
1093 2793 1195 2861 Qui
1237 2793 1380 2851 favet
1426 2796 1748 2852 adversariis
1770 2837 1785 2862 ,

220 2880 298 2948 qui
323 2880 546 2937 libenter
584 2897 648 2937 se
678 2883 843 2938 tradit
887 2886 1321 2953 persecutoribus
1367 2887 1467 2942 sibi
1512 2903 1788 2957 nunquam

224 2975 561 3039 parcentibus,
601 2974 695 3042 qui
725 2989 784 3030 se
816 2975 1156 3045 alligantibus
1182 2985 1236 3033 et
1264 2978 1425 3032 morti
1457 2978 1789 3034 tradentibus

222 3061 437 3131 gaudens
474 3066 771 3120 consentit.
819 3064 949 3133 Quis
995 3083 1229 3138 unquam
1282 3068 1433 3123 lactus
1462 3068 1532 3123 ad
1561 3077 1789 3124 mortem

222 3156 408 3225 pergit?
455 3154 591 3222 Quis
616 3157 683 3210 ad
708 3156 1058 3225 jugulandum
1100 3158 1184 3214 vel
1210 3159 1587 3215 decollandum
1618 3160 1789 3216 libens

221 3249 443 3304 ducitur?
486 3250 581 3305 Va:
618 3251 735 3316 tibi,
783 3251 1019 3306 humana
1045 3252 1289 3308 miseria!
1346 3254 1552 3309 utinam
1583 3261 1788 3309 tantum

220 3339 519 3408 jugulareris
548 3341 633 3395 vel
662 3342 1027 3410 decollareris,
1058 3352 1114 3399 et
1138 3359 1247 3400 non
1289 3345 1341 3400 in
1371 3354 1636 3400 aeternum
1664 3359 1791 3400 cru-

222 3431 439 3488 ciareris.
467 3432 610 3501 Quid
640 3443 692 3489 te
720 3435 932 3501 ccccius,
968 3452 1003 3491 o
1037 3436 1230 3491 misera
1278 3437 1617 3493 humanitas!
1663 3435 1793 3505 Qua:

221 3523 287 3577 sic
310 3538 455 3579 erras
484 3523 670 3579 videns
692 3566 708 3590 ,
758 3525 887 3580 licet
910 3524 1061 3581 vides
1102 3541 1272 3596 usque
1301 3527 1368 3581 ad
1406 3526 1634 3592 cadum,
1684 3542 1793 3583 non

224 3613 385 3679 ultra;
424 3616 559 3669 citra
610 3617 806 3671 emtum
832 3618 1017 3687 sapis,
1064 3618 1202 3674 ultra
1228 3620 1423 3675 cmlum
1471 3636 1577 3675 non
1628 3622 1789 3692 sapis.

224 3704 348 3760 Dura
371 3708 1034 3778 ineomprebensibilisque
1059 3711 1379 3779 ignorantia,
1409 3714 1529 3783 quis
1552 3713 1644 3769 tibi
1671 3725 1793 3768 nar-

223 3798 347 3852 rabit
366 3799 767 3853 inenarrabilia?
783 3798 968 3855 Infelix
990 3801 1317 3867 humanitas,
1339 3805 1467 3873 quid
1490 3805 1582 3860 tibi
1598 3806 1795 3860 subve-

224 3891 358 3947 niet?
383 3893 520 3948 Audi
546 3893 675 3964 quid
695 3894 924 3965 Sapiens
946 3896 1083 3951 dixit
1115 3915 1128 3949 :
1158 3896 1256 3951 Cui
1284 3914 1453 3968 pauca
1496 3916 1603 3955 non
1642 3900 1793 3954 suffi-

225 3985 377 4045 ciunt,
400 3987 548 4053 plura
571 4001 680 4042 non
703 3989 1014 4057 proderunt.
1045 3988 1275 4053 Audisti,
1301 3991 1481 4057 credo,
1512 3991 1793 4049 Dominum

226 4074 273 4128 iu
291 4073 565 4145 Evangelio
595 4077 865 4132 dicentem
893 4094 908 4131 :
957 4075 1043 4133 Ite
1071 4080 1333 4136 maledicti
1362 4084 1417 4136 in
1442 4084 1613 4154 ignem
1638 4094 1793 4140 reter-

226 4180 334 4218 uni
358 4163 570 4235 (llam.
606 4180 737 4232 xxv,
762 4164 894 4235 tl);
926 4178 981 4222 et
1018 4178 1240 4240 propter
1260 4172 1410 4241 quid,
1447 4175 1573 4243 scis,
1606 4176 1714 4232 itur
1742 4180 1795 4233 in

230 4256 385 4322 ignem
408 4296 424 4322 ,
472 4259 640 4315 miser
668 4259 855 4316 homo.
884 4258 1013 4318 Esto
1060 4264 1410 4336 misericors;
1456 4268 1593 4325 forte
1623 4285 1654 4325 a
1687 4272 1795 4325 tilio

230 4350 520 4417 perditionis
543 4361 599 4408 te
618 4353 699 4409 sic
723 4353 1040 4411 abstrahere
1062 4359 1267 4427 poteris
1294 4374 1307 4413 :
1338 4375 1406 4415 ne
1434 4375 1626 4430 parcas
1650 4362 1794 4427 cibo,

228 4456 285 4496 ne
321 4443 488 4513 fragili
516 4460 711 4516 parcas
742 4446 1062 4503 vestimento
1083 4487 1098 4511 ,
1146 4464 1215 4503 ne
1252 4449 1348 4503 tibi
1380 4458 1469 4505 tua
1501 4436 1752 4520 praeferas
1778 4469 1794 4518 ;

226 4534 331 4602 plus
360 4544 413 4590 te
444 4552 608 4593 ames
650 4552 811 4606 quam
860 4546 986 4603 tua;
1037 4539 1158 4609 plus
1186 4541 1418 4596 animam
1442 4582 1458 4607 ,
1508 4560 1668 4614 quam
1708 4562 1797 4602 res

228 4633 330 4679 tuas
356 4643 369 4677 :
399 4633 571 4682 tumet
596 4629 741 4683 enim
773 4636 979 4685 tantum
1001 4645 1062 4686 es
1088 4633 1270 4699 miser,
1315 4644 1371 4689 et
1396 4652 1504 4691 non
1530 4642 1636 4692 tum
1665 4654 1755 4695 res
1780 4657 1794 4695 :

230 4715 332 4783 plus
366 4726 532 4772 temet
574 4734 760 4775 amare
806 4722 971 4778 debes
1014 4738 1176 4792 quam
1224 4724 1420 4795 aliena.
1471 4726 1611 4795 Quid
1653 4731 1795 4786 enim

228 4814 359 4861 tuum
385 4818 488 4875 est,
537 4823 731 4881 pmter
757 4812 1029 4869 animam?
1072 4814 1190 4870 Noli
1228 4793 1361 4886 ergo
1390 4793 1621 4875 animant
1652 4831 1798 4878 tuam

228 4898 435 4968 perdere
483 4917 585 4970 pro
615 4902 806 4957 nihilo.
854 4903 934 4959 Ne
982 4920 1174 4975 parcas
1214 4908 1452 4973 caducis,
1498 4927 1567 4967 ne
1594 4915 1797 4970 aeterna

227 4990 436 5058 perdas;
488 4991 725 5047 alienum
756 4994 853 5047 tibi
902 5001 1046 5050 totus
1073 4998 1305 5054 mundus
1332 5008 1455 5065 est;
1504 5003 1597 5071 qui
1626 5005 1801 5061 nudus

231 5089 391 5146 latus,
422 5082 596 5139 nudus
625 5086 872 5154 sepeliris
914 5087 1259 5162 [sepelieris].
1302 5091 1348 5144 Ο
1390 5092 1803 5152 irremediabilis

233 5170 480 5229 dementia
507 5176 523 5227 l
572 5175 703 5246 quid
729 5178 963 5233 alienum
992 5180 1253 5237 cadumm
1294 5191 1443 5239 tanto
1467 5201 1653 5243 amore
1679 5188 1803 5244 dili-

234 5261 323 5328 δὲ,
348 5273 675 5322 utzeternum
698 5269 972 5339 proprium
994 5270 1047 5325 in
1067 5280 1327 5328 retentum
1354 5276 1547 5345 perdas
1567 5281 1592 5333 ?
1614 5278 1802 5349 Cogita

239 5353 399 5424 itaque
425 5367 688 5424 mortem,
728 5374 849 5429 qua:
904 5362 1063 5418 tinem
1105 5366 1200 5421 dat
1226 5368 1411 5423 mundi
1440 5370 1805 5428 voluntatibus

241 5440 405 5513 [Forte
436 5450 857 5524 voluptatibus},
903 5461 963 5510 et
990 5456 1110 5512 vide
1154 5473 1263 5527 quo
1316 5476 1527 5518 atumna
1579 5465 1803 5521 divitum

241 5535 357 5591 abiit
379 5536 578 5597 laetitia.
596 5542 799 5611 Lusus,
815 5547 993 5615 jocus,
1025 5549 1210 5619 libido,
1230 5552 1439 5609 luxuria
1460 5558 1801 5627 conticuere;

244 5634 295 5717 et
312 5630 527 5689 cadaver
554 5636 782 5701 nudum,
812 5642 1089 5699 vennibus
1109 5652 1163 5700 et
1190 5648 1477 5717 putredine
1503 5652 1805 5711 dissolven-

244 5714 374 5789 dum,
401 5723 553 5781 limus
576 5728 838 5799 suscepit,
870 5731 1169 5789 miserrima
1192 5714 1375 5793 anima
1401 5744 1570 5811 pronis
1590 5748 1807 5808 aeternis

1882 1955 1973 2007 per
2000 1956 2113 1993 eam
2163 1942 2432 1995 exercitati
2459 1950 2600 2008 sunt,
2642 1943 2822 1998 reddet
2865 1942 3053 2014 (Hebr.
3105 1960 3198 2013 xu,
3230 1946 3310 2017 ἓ).
3336 1946 3473 2014 Quid

1882 2030 2026 2085 enim
2074 2046 2262 2086 revera
2314 2031 2403 2086 hic
2431 2033 2548 2088 sine
2576 2050 2811 2090 maerore
2848 2036 2932 2091 vel
2960 2036 3145 2091 labore
3171 2036 3395 2092 discitur
3423 2038 3475 2093 in

1883 2128 2127 2189 tempore
2172 2120 2257 2175 vel
2307 2122 2559 2177 maximae
2591 2123 2911 2180 stoliditatis
2940 2133 2996 2180 et
3038 2124 3344 2195 fragilitatis
3373 2140 3474 2181 no-

1881 2213 2046 2267 stne?
2074 2212 2131 2267 Si
2161 2228 2291 2269 vero
2322 2215 2639 2285 temporalia
2676 2215 3080 2287 disciplinarum
3106 2230 3303 2286 genera
3337 2232 3479 2288 prte-

1884 2306 2053 2360 sentis
2080 2306 2259 2372 gaudii
2307 2307 2629 2361 suavitatem
2673 2307 2934 2373 adimunt,
2967 2307 3097 2377 quid
3129 2308 3197 2364 de
3234 2309 3343 2364 hac
3372 2324 3477 2365 no—

1884 2403 2008 2449 stra:
2051 2395 2245 2450 schola:
2282 2395 2562 2465 disciplina
2615 2398 2940 2467 sperandum
2986 2400 3105 2453 est?
3154 2399 3284 2466 Qure
3313 2401 3475 2457 etiam

1882 2485 2162 2555 disciplina
2193 2485 2597 2556 disciplinarum
2636 2495 2740 2552 est,
2770 2502 2997 2557 quaeque
3045 2488 3235 2544 aeterni
3263 2499 3478 2560 tempo-

1884 2575 1961 2629 ris
1984 2573 2399 2644 jucunditatem,
2432 2583 2487 2630 et
2510 2576 2697 2629 mterni
2728 2575 2905 2645 gaudii
2935 2578 3305 2634 ammuitatem
3335 2594 3474 2650 pra:-

1876 2668 2026 2725 senti
2066 2682 2301 2723 maerore
2338 2676 2637 2737 comparat.
2685 2666 2843 2735 Quod
2881 2669 3022 2725 enim
3071 2678 3155 2725 est
3192 2670 3482 2742 disciplima

1887 2772 2057 2827 genus
2086 2758 2229 2828 quod
2259 2757 2627 2826 castigationis
2665 2773 2899 2814 maerore
2936 2760 3163 2819 careat?
3210 2760 3480 2829 Quantum

1891 2850 2127 2905 tristitia:
2154 2849 2239 2907 vel
2286 2850 2537 2906 mceror-is
2586 2850 2639 2904 in
2687 2848 2931 2906 artificiis
2977 2850 3252 2907 fabrilibus
3300 2852 3485 2909 inest?

1892 2940 2164 3009 Quantum
2195 2939 2442 2996 laboris?
2472 2937 2743 3007 Quantum
2776 2940 3051 2997 industria:
3079 2943 3484 3011 fabricantibus,

1891 3032 1981 3087 vel
2024 3030 2190 3085 etiam
2238 3028 2629 3084 aedificantibus
2659 3028 2948 3086 imminet?
2995 3031 3221 3098 Quantis
3249 3036 3488 3091 verberi-

1892 3121 1994 3178 bus
2021 3162 2036 3186 ,
2075 3121 2272 3191 quibus
2321 3119 2599 3180 doloribus
2644 3121 2972 3175 musicorum
3014 3122 3336 3180 discentes"
3388 3127 3490 3181 im-

1818 3212 1865 3277 C
1896 3215 2177 3270 huuntur?
2206 3213 2499 3281 Quantisve
2529 3211 2952 3282 fatigationibus,
2987 3214 3071 3270 vel
3100 3217 3317 3286 quantis
3350 3232 3488 3274 mm-

1895 3306 2123 3362 roribus-
2161 3304 2495 3360 medicorum
2553 3303 2803 3375 discipuli
2858 3306 3165 3361 vexantur?
3232 3305 3492 3372 Qualibus

1893 3412 2026 3456 vero
2054 3395 2511 3468 inquietudiaibus
2537 3395 2814 3467 sapientia:
2844 3403 3117 3452 amatores
3141 3435 3156 3461 ,
3198 3397 3282 3452 vel
3310 3413 3487 3467 quan-

1898 3490 1967 3544 tis
2014 3485 2347 3558 paupertatis
2394 3485 2653 3555 angustiis
2698 3484 3055 3555 philosophici
3113 3486 3215 3559 [An
3253 3487 3492 3557 philoso-

1894 3579 2054 3651 phi?]
2092 3578 2470 3635 coarctantur?
2513 3575 2796 3631 Postremo
2841 3576 3058 3646 quantis
3100 3578 3353 3647 periculis
3390 3592 3491 3648 gu-

1895 3669 2188 3725 bernacula
2224 3667 2596 3737 appetuntur?
2627 3664 2684 3720 In
2713 3665 2910 3733 quibus
2934 3667 3185 3723 omnibus
3217 3677 3339 3737 post
3366 3670 3491 3726 licet

1896 3760 2365 3818 innumerabilium
2421 3756 2755 3814 miseriarum
2808 3756 3061 3823 labores,
3114 3759 3490 3828 pacatissimua

1898 3850 2017 3905 linis
2046 3850 2316 3921 patienter
2345 3855 2712 3919 exspectatur,
2752 3847 2907 3917 cujus
2934 3850 3365 3909 consideratione
3392 3868 3490 3910 su-

1895 3956 1992 4014 pra
2018 3941 2174 3998 dictze
2202 3940 2534 3997 calamitates
2557 3978 2574 4006 ,
2620 3938 2749 3996 licet
2775 3956 2882 3996 non
2912 3940 3031 3997 sine
3060 3957 3293 3999 mmrore
3314 3984 3333 4011 ,
3362 3944 3492 4001 licet

1898 4049 2023 4091 cum
2046 4034 2215 4090 multa
2243 4031 2598 4089 amaritudine
2621 4064 2635 4092 ς
2688 4030 3005 4086 tolerantur.
3031 4030 3245 4088 Etenim
3290 4035 3333 4090 si
3365 4050 3490 4091 cum

1899 4140 2134 4181 mterore
2178 4122 2457 4191 disciplina
2510 4120 2839 4184 comitatur,
2882 4120 3005 4175 linis
3049 4129 3229 4177 tamen
3274 4124 3391 4191 ejus
3437 4126 3489 4185 in

1899 4213 2082 4269 laetitia
2111 4212 2239 4281 agit,
2267 4224 2324 4266 ct
2353 4210 2505 4265 labor
2530 4209 2582 4264 in
2605 4208 2899 4264 securitate
2922 4218 3191 4279 versatur,
3214 4220 3269 4267 et
3298 4214 3491 4270 mirum

1900 4304 1954 4358 in
1982 4303 2203 4360 modum
2231 4317 2331 4374 pro
2369 4300 2555 4357 laetitia
2586 4301 2822 4368 tristitia,
2854 4316 2953 4373 pro
2981 4303 3249 4359 suavitate
3287 4308 3489 4362 amari-

1901 4395 2054 4465 tudo,
2092 4412 2189 4468 pro
2235 4396 2527 4453 securitate
2574 4395 2765 4456 labor.
2809 4411 2908 4464 pro
2952 4398 3135 4467 quiete
3177 4399 3494 4472 inquietudo

1903 4487 2292 4558 patientissime
2322 4487 2605 4542 toleratur.
2652 4484 2801 4541 Licet
2829 4487 2973 4541 enim
3012 4488 3302 4557 ignorant,
3351 4492 3400 4548 si
3426 4492 3494 4547 ad

1830 4585 1878 4645 Ι)
1901 4581 2163 4651 cujusque
2189 4578 2483 4646 disciplina:
2512 4577 2673 4634 tinem
2704 4576 3041 4649 perveniant,
3073 4588 3253 4637 tamen
3282 4582 3365 4639 vel
3394 4599 3495 4653 pro

1904 4675 2108 4728 incerta
2136 4686 2233 4743 spe
2264 4669 2424 4727 futuri
2455 4670 2635 4739 gaudii
2668 4679 2983 4739 praisentem
3014 4687 3303 4728 niterorem
3332 4676 3496 4732 susti-

1907 4771 2058 4830 nent,
2088 4778 2199 4818 non
2225 4770 2588 4832 aspernantur
2614 4759 2799 4831 [Forte
2820 4761 3088 4817 sustinere
3112 4780 3218 4817 non
3243 4762 3415 4835 asp.],
3444 4774 3499 4822 et

1904 4853 2031 4908 dum
2076 4851 2319 4906 laborem
2350 4848 2535 4923 [Forte
2562 4847 2833 4920 laborant]
2881 4865 2987 4905 non
3034 4852 3300 4921 segniter,
3350 4869 3499 4912 asse-

1907 4955 2164 5017 quuntur.
2195 4943 2329 5010 Quis
2350 4943 2491 4997 enim
2521 4958 2707 4997 eorum
2729 4950 2910 4999 certus
2934 4952 3037 5008 est,
3066 4943 3113 5000 si
3139 4943 3224 4999 vel
3247 4944 3500 5016 magister

1911 5036 2053 5091 illius
2078 5048 2315 5102 unquam
2339 5030 2411 5109 [Γ
2414 5041 2524 5088 orte
2551 5028 2736 5103 etiam]
2763 5031 3056 5103 disciplina:
3078 5034 3231 5104 cujus
3258 5036 3498 5095 laborem

1911 5127 2174 5189 sustinet,
2225 5123 2433 5179 futurus
2459 5124 2566 5179 sit?
2614 5121 2707 5178 Vel
2748 5124 2794 5179 si
2838 5124 2999 5194 hujus
3041 5126 3220 5195 gaudii
3263 5143 3362 5200 pro
3389 5144 3500 5199 quo

1863 5238 1869 5245 ·
1911 5231 2203 5274 tnmrorem
2234 5215 2451 5275 tolerat.
2480 5214 2749 5283 particeps
2777 5215 3039 5269 exsistet?

1984 5305 2047 5359 ll.
2091 5303 2244 5372 Quod
2291 5304 2337 5358 si
2387 5303 2568 5372 itaque
2614 5318 2714 5371 pro
2753 5304 3135 5374 temporalibus
3185 5316 3237 5363 et
3280 5308 3501 5385 incertis

1916 5403 2061 5449 tanta
2092 5402 2148 5450 et
2175 5394 2300 5448 talia
2333 5392 2731 5462 infatigabilitea-
2755 5393 3079 5461 tolerantur,
3118 5396 3247 5467 quid
3281 5416 3382 5455 nos
3402 5416 3504 5472 pro

1902 5485 2119 5540 internis
2138 5494 2193 5540 et
2221 5485 2365 5541 veris
2388 5485 2655 5556 certisque
2680 5485 2949 5543 sustinere
2968 5484 3242 5555 debemus,
3272 5505 3503 5563 quorum

1904 5578 2026 5632 finis
2046 5586 2281 5635 internus
2307 5580 2434 5633 est?
2480 5575 2690 5634 Etenim
2719 5578 2763 5633 si
2795 5578 3057 5634 incertum
3084 5590 3167 5636 est
3195 5582 3335 5651 apud
3366 5592 3501 5639 tem-

1904 5667 2171 5735 poralium
2202 5667 2605 5737 disciplinarum
2632 5669 2997 5738 appetituros,
3026 5679 3229 5738 quanto
3260 5680 3502 5744 tempore

1908 5754 2102 5824 adepta
2126 5756 2407 5827 disciplina
2434 5756 2536 5810 frui
2566 5757 2646 5812 eis
2686 5757 2902 5823 licebit;
2935 5757 3079 5812 nulla
3111 5768 3291 5817 tamen
3318 5763 3498 5833 segni-

310 5846 333 5876 ·
354 5837 668 5902 luit-mni
704 5847 980 5906 discentes.
1007 5850 1167 5912 Forte
1196 5859 1501 5917 musicorum
1526 5906 1541 5935 ,
1585 5874 1643 5923 ut
1685 5884 1807 5925 mox
1846 5873 2177 5930 medicorum.
2209 5872 2480 5931 Disrentes
2510 5889 2657 5945 vero,
2703 5877 2755 5933 id
2782 5886 2863 5937 cst
2889 5878 3152 5943 discipuli.
