3856 6218
335 378 442 435 259

1570 378 1626 434 S.
1669 377 2060 436 εοιυιιιιιικι
2100 382 2395 444 ABBATIS

3524 403 3631 462 Ξιυ

340 505 413 546 ua
438 503 558 544 eam
586 487 845 560 sequendi
877 488 990 562 [An
1018 491 1336 561 assequendi
1363 490 1408 564 ?]
1436 491 1805 548 dissolvuntur
1832 515 1847 560 ι
1875 503 1932 548 ct
1961 499 2008 558 Δ
2036 496 2299 553 seriarum
2347 501 2667 556 maeroribus
2714 503 3021 587 repleamur
3042 548 3057 573 ,
3105 506 3230 563 licet
3279 521 3624 580 peccatorum

337 584 413 640 sic
439 580 727 653 dupliciter
768 579 928 637 nobis
967 580 1112 637 dubii
1161 583 1545 654 pertinaciores
1587 592 1755 640 sunt:
1795 587 1922 656 quia

334 674 381 730 si
408 673 477 728 ad
501 671 791 742 disciplina:
821 669 981 726 lliiem
1020 675 1374 742 perveniant,
1414 683 1473 729 ut
1496 673 1604 729 dixi
1629 715 1645 742 ,
1692 675 1878 732 incer.i
1904 717 1919 743 ,

337 782 434 839 pro
457 767 580 823 vitae
597 767 805 823 scilicet
833 767 1042 822 incerto
1070 775 1127 823 et
1150 783 1340 824 sensus
1364 769 1694 836 stoliditate;
1728 772 1923 826 nihilo-

339 861 515 917 minus
544 859 739 932 adepta
762 859 1043 931 disciplina
1073 862 1250 916 denuo
1277 861 1547 932 dubitant,
1569 879 1730 934 quam
1767 864 1924 934 longe

333 955 524 1009 eadem
567 959 828 1007 utantur:
862 961 1068 1022 quanto
1111 954 1254 1010 enim
1305 954 1495 1011 incerti
1522 954 1591 1011 de
1635 955 1918 1024 profectu,

338 1052 487 1100 tanto
523 1043 655 1100 certi
705 1041 773 1100 de
813 1044 1104 1099 amittenda
1156 1042 1208 1097 in
1252 1043 1401 1100 brevi
1446 1045 1727 1116 disciplina
1777 1056 1920 1100 sunt.

333 1135 674 1207 Temporalia
695 1149 849 1204 ergo,
880 1143 938 1188 ut
965 1133 1218 1202 diximus,
1252 1138 1449 1205 studia,
1480 1145 1534 1191 et
1559 1136 1820 1192 defectiva
1842 1139 1924 1192 in-

331 1226 513 1296 genia,
542 1240 804 1282 maerores
848 1241 912 1280 ae
943 1226 1216 1293 tristitias,
1265 1228 1540 1295 angustias
1574 1242 1639 1283 ac
1669 1229 1880 1285 labores
1902 1271 1917 1296 ,

333 1320 570 1391 pericula
601 1335 664 1373 ac
689 1319 1167 1388 peregrinationes,
1198 1317 1419 1385 injurias
1461 1334 1527 1374 ac
1553 1318 1920 1390 fatigationcs,

332 1425 454 1465 cum
483 1408 695 1476 quidem
724 1406 863 1476 apud
894 1406 1013 1461 illos
1034 1415 1247 1462 constat
1292 1409 1497 1464 incerta
1527 1424 1644 1466 esse
1673 1421 1727 1466 et
1758 1412 1920 1482 fragi-

333 1501 400 1554 lia
429 1499 542 1554 huic
580 1515 678 1570 pro
705 1498 900 1566 quibus
945 1507 1106 1552 tanta:
1149 1499 1483 1554 calamitates
1510 1510 1917 1570 sustentantur,

334 1594 566 1650 tolerant
599 1603 798 1647 nostra:
822 1592 1021 1648 schola:
1043 1591 1320 1662 disciplina
1347 1593 1391 1648 si
1421 1593 1792 1651 tribulationcs
1822 1597 1920 1652 ha-

333 1687 475 1750 beat,
506 1686 549 1739 si
579 1684 870 1748 molestias,
921 1683 967 1736 si
996 1697 1288 1749 mmrorcs,
1330 1683 1373 1736 si
1405 1685 1788 1741 amaritudines
1819 1687 1913 1741 ha-

332 1779 475 1844 beat,
502 1775 801 1841 mirabitur,
831 1775 1077 1846 fugienda
1108 1775 1416 1846 putabitur?
1445 1776 1632 1832 Nonne
1659 1778 1776 1834 sine
1806 1778 1916 1834 dis-

2026 596 2334 646 nostrorum
2391 592 2694 663 frequentia
2753 596 3067 666 tristemur;
3145 601 3373 658 victoria
3443 612 3627 662 tamen

2026 691 2380 756 utrorumque
2409 686 2646 745 liberalis
2676 688 2861 745 laetitia
2904 701 2959 747 et
2989 695 3168 750 nobile
3195 694 3452 766 gaudium
3492 708 3580 755 est
3607 723 3621 762 ε

2024 783 2081 829 et
2109 775 2236 832 licet
2265 795 2361 848 pro
2391 788 2634 850 tempore
2663 783 3127 851 peregrinemur‘a
3157 787 3411 854 Domino,
3440 799 3499 845 ut
3527 805 3629 862 pro

2025 863 2203 936 brevis
2232 870 2488 940 temporis
2537 871 2680 926 bello
2731 873 2781 926 in
2831 883 3092 932 :eternum
3142 895 3502 949 coronemur;
3546 883 3626 938 nio

2024 955 2188 1010 mium
2223 959 2402 1015 tristes
2430 976 2550 1017 esse
2596 977 2702 1017 non
2736 962 3027 1030 debemus,
3078 968 3312 1026 scientes
3339 985 3471 1026 mox
3509 986 3629 1029 esse

2025 1044 2091 1098 ad
2125 1046 2290 1101 Deum
2324 1064 2423 1104 nos
2458 1051 2630 1107 ituros
2654 1093 2671 1120 ,
2718 1063 2774 1108 et
2802 1069 2923 1109 cum
2954 1069 3021 1110 eo
3045 1070 3266 1129 semper
3292 1075 3580 1118 mansuros
3609 1078 3626 1118 :

2022 1135 2093 1190 ad
2121 1137 2223 1192 hoc
2246 1140 2387 1194 enim
2419 1157 2518 1197 nos
2548 1154 2770 1209 creavnt,
2803 1153 2860 1201 ut.
2887 1161 3007 1202 cum
3037 1160 3104 1201 eo
3130 1162 3345 1220 semper
3387 1164 3625 1221 regnan-

2026 1237 2108 1285 tes
2149 1229 2203 1285 in
2251 1233 2447 1288 stetula
2489 1235 2830 1302 smculorum,
2884 1237 3200 1306 laudemus,
3254 1250 3306 1295 et
3347 1244 3552 1312 gratias
3577 1246 3626 1299 cl

2023 1334 2185 1391 agere
2209 1337 2638 1394 perseveremus.
2664 1326 2788 1382 llaec
2808 1341 2938 1396 ergo
2967 1329 3202 1386 scientes
3237 1334 3398 1390 nullis
3421 1336 3624 1392 labori-

2023 1408 2146 1477 bus,
2177 1413 2336 1468 nulis
2364 1414 2799 1471 tribulationibus
2827 1417 3180 1488 deficiamus,
3223 1423 3383 1479 nullis
3419 1442 3618 1483 maero-

2022 1500 2170 1556 ribus
2188 1502 2485 1569 vincamur,
2519 1504 2676 1560 nuilis
2722 1506 2876 1562 bellis
2923 1506 3228 1578 fatigemur,
3283 1513 3442 1572 nullis
3466 1516 3632 1572 discl-

2023 1591 2288 1661 plinarum
2310 1593 2674 1651 anxietatibus
2692 1595 3070 1664 destituamur,
3102 1602 3263 1658 nullis
3285 1619 3501 1661 rursum
3529 1607 3628 1660 dc-

2023 1681 2040 1735 l
2064 1682 2162 1738 ciis
2185 1683 2565 1750 dissolvamur,
2598 1686 2760 1742 nullis
2780 1687 3057 1747 blanditiis
3079 1693 3432 1765 decipiamur,
3464 1707 3538 1764 et,
3571 1715 3630 1757 ut

2024 1774 2268 1844 Apostoli
2320 1791 2456 1832 voce
2497 1777 2740 1835 dicamus
2783 1780 2962 1846 (Rom.
3019 1800 3131 1852 vin,
3165 1787 3251 1852 38,
3303 1788 3414 1861 '59),
3446 1790 3630 1846 nullus

331 1858 526 1941 ciplina
557 1870 732 1938 aliqua
761 1866 997 1939 perfecta
1023 1870 1376 1936 magistratin,
1410 1877 1468 1923 ut
1499 1869 1674 1938 aliqua
1713 1872 1915 1926 malitia
1953 1880 1996 1940 Β
2026 1879 2142 1928 nos,
2177 1865 2306 1920 nihil
2337 1881 2436 1921 nos
2461 1883 2490 1921 a
2522 1867 2720 1924 Christi
2751 1870 3015 1930 charitate
3038 1887 3294 1946 separet;
3343 1858 3494 1935 nulla
3527 1882 3622 1935 tri-

331 1961 483 2036 [Leg.
529 1961 729 2015 videtur
775 1957 984 2031 militia]
1038 1959 1245 2029 acquiri
1293 1961 1625 2029 impossibile
1656 1964 1768 2016 est?
1815 1964 1922 2017 Aut

329 2051 603 2121 disciplina
635 2052 750 2106 sine
780 2050 1134 2106 amaritudine
1165 2050 1382 2121 adipisci
1408 2053 1610 2119 queat?
1645 2051 1778 2106 Cum
1808 2053 1920 2108 haec

332 2158 461 2214 ergo
492 2144 563 2198 ita
592 2159 651 2199 sc
682 2143 915 2198 habeant
941 2184 956 2208 ,
997 2157 1361 2213 przrparcmus
1390 2143 1625 2197 animum
1651 2185 1664 2208 ,
1718 2161 1822 2199 non
1854 2145 1919 2197 ad

333 2236 567 2292 laetitiam
593 2276 608 2300 ,
641 2253 748 2291 non
779 2234 844 2288 ad
873 2235 1216 2288 securitatem
1242 2277 1255 2300 ,
1291 2245 1349 2289 ut
1375 2235 1602 2306 Sapiens
1641 2234 1824 2305 (lin-li.
1861 2251 1915 2300 ιι,

330 2329 382 2399 1)
413 2329 526 2393 ait,
559 2327 653 2382 sed
681 2326 746 2380 ad
777 2325 1100 2381 tentationes
1125 2333 1179 2378 et
1213 2325 1588 2379 tribulationes
1614 2365 1628 2391 ,
1651 2326 1717 2378 ad
1751 2327 1917 2380 tristi-

329 2421 430 2476 tlas
457 2428 619 2490 atque
646 2419 878 2473 labores.
903 2416 1145 2472 Christus
1173 2414 1455 2469 tribulatus
1483 2424 1583 2478 est,
1613 2415 1915 2484 injurialus,

326 2511 760 2573 contmneliatus,
805 2523 996 2578 passus
1023 2516 1138 2573 est;
1182 2517 1237 2561 tu
1286 2506 1339 2561 in
1384 2515 1525 2560 terra
1571 2509 1914 2562 secuzitatcm

326 2605 522 2677 putas?
576 2601 712 2658 Vide
767 2609 822 2655 et
879 2599 1117 2668 intelligo
1164 2614 1325 2666 quam
1373 2597 1588 2654 difficile
1644 2608 1726 2654 est
1776 2600 1914 2655 vin-ci

325 2693 396 2767 μ’
400 2703 512 2748 orte
532 2689 766 2761 vincere]
796 2689 1071 2752 sarculum,
1095 2687 1222 2743 dum
1253 2704 1359 2742 non
1387 2691 1562 2755 aliter,
1596 2691 1695 2745 nisi
1719 2691 1914 2746 Christi

329 2791 507 2838 morte
535 2790 753 2850 sanctus
781 2779 850 2833 de
888 2793 954 2833 eo
984 2778 1246 2832 liberatur
1270 2797 1281 2831 :
1315 2778 1374 2832 Si
1402 2781 1486 2832 via;
1509 2780 1684 2850 justus
1710 2781 1784 2834 sic
1809 2783 1918 2835 sal-

322 2881 488 2936 eﬁtur,
519 2879 758 2941 peccator
783 2879 831 2923 et
859 2869 1046 2938 impius
1076 2867 1159 2920 ubi
1187 2867 1383 2938 parebit
1421 2867 1474 2935 (1
1495 2870 1635 2924 l’etr.
1666 2886 1734 2938 tv,
1779 2870 1916 2942 18)?

324 2953 461 3016 Audi
490 2961 774 3016 Dominum
797 2960 1061 3014 dicentem
1093 2957 1365 3029 discipulis
1400 2978 1411 3014 :
1448 2960 1513 3014 In
1545 2964 1736 3017 mundo
1764 2981 1914 3034 prcs-

325 3073 501 3110 suram
529 3056 780 3109 habebitis
811 3053 991 3122 (Joan.
1017 3069 1126 3118 ιιι,
1156 3052 1266 3118 55).
1312 3051 1374 3104 Et
1406 3053 1596 3106 iterum
1627 3073 1640 3108 :
1681 3055 1783 3109 Vos
1819 3073 1914 3109 au-

325 3162 422 3204 tem
449 3149 636 3218 ﬂebitis
666 3155 712 3199 et
736 3143 990 3216 lugebitis.
1019 3144 1236 3197 mundus
1260 3155 1432 3197 autem
1462 3143 1722 3215 gaudebit,
1756 3157 1806 3201 et
1825 3165 1913 3202 vos

324 3243 494 3297 tristes
521 3240 664 3293 erilis
695 3235 878 3308 (lbid.,
901 3234 992 3308 20)

392 3332 478 3388 ιιι.
520 3331 654 3386 Vide
706 3344 994 3385 maerorem
1033 3327 1326 3397 discipline
1381 3337 1618 3395 nostrae;
1675 3330 1915 3403 intellige

322 3423 465 3495 quod
493 3437 599 3478 non
621 3421 688 3477 de
716 3419 897 3474 laetitia
921 3418 990 3473 ad
1021 3419 1254 3472 lmtitiam
1280 3459 1295 3484 ,
1337 3435 1511 3488 neque
1534 3421 1603 3476 de
1623 3424 1916 3481 securitate

324 3513 393 3569 ad
423 3512 791 3574 securitatem,
821 3508 916 3563 sed
946 3506 1014 3562 de
1042 3507 1184 3562 luctu
1214 3509 1280 3561 ad
1311 3509 1549 3563 laetitiam
1574 3549 1594 3579 ,
1632 3528 1696 3567 ac
1721 3513 1788 3568 de
1818 3516 1912 3568 tri-

321 3601 595 3658 bulatione
638 3599 705 3653 ad
751 3597 1092 3655 securitatem
1136 3598 1414 3652 transitur.
1461 3596 1741 3654 Patienter
1784 3615 1913 3670 ergo

322 3691 629 3750 tulerandus
659 3699 742 3745 est
792 3689 968 3744 brevis
997 3702 1199 3743 mceror
1222 3728 1237 3753 ,
1271 3696 1331 3742 ut
1357 3697 1561 3744 acterna
1603 3691 1914 3759 acquiratur

322 3785 538 3850 laetitia;
587 3792 644 3838 et
689 3784 804 3837 leve
842 3781 1198 3837 tribulationis
1228 3789 1426 3836 nostrae
1473 3797 1593 3837 cum
1634 3782 1914 3840 alacritate

317 3876 688 3934 sustinendum
717 3882 833 3938 est,
865 3883 923 3928 ut
950 3883 1204 3933 aeternam
1236 3874 1509 3930 immensa:
1533 3876 1715 3944 glori-.2
1747 3878 1908 3931 vitam

319 3965 802 4038 apprehendamus.
831 3962 888 4018 Si
916 3963 1058 4018 enim
1090 3978 1191 4033 pro
1221 3963 1440 4018 caducis
1471 3964 1635 4019 rebus
1660 3965 1776 4021 hmo
1809 3966 1826 4038 (
1854 3976 1911 4020 ut

318 4061 550 4116 diximus
576 4057 849 4130 persa-pe)
872 4055 1119 4112 accidunt
1142 4064 1196 4110 et
1231 4070 1341 4110 non
1370 4057 1622 4122 vincunt,
1655 4057 1783 4126 quid
1811 4073 1911 4114 nos

320 4167 609 4224 regnorum
633 4148 935 4206 ctelestium
968 4147 1333 4215 negotiatores
1363 4144 1630 4218 fatigabit,
1673 4159 1767 4203 aut
1793 4151 1909 4204 vin-

317 4245 449 4302 cet?
496 4243 666 4300 Nullis
713 4242 848 4299 lactis
893 4241 979 4296 vel
1018 4240 1285 4308 tristibus,
1336 4240 1549 4296 blandis
1590 4241 1676 4298 vel
1724 4243 1912 4298 amicis

319 4335 514 4392 cedere
543 4334 802 4390 debemus
830 4351 843 4386 :
886 4333 1128 4403 utrisque
1156 4334 1298 4387 enim
1325 4331 1560 4389 mundus
1589 4334 1780 4405 plenus
1807 4344 1908 4401 est,

315 4435 373 4481 et
399 4434 626 4496 utraque
654 4425 764 4481 dux
792 4425 916 4481 belli
939 4426 1110 4482 nostri
1141 4425 1321 4481 vincit.
1354 4425 1424 4482 Et
1450 4425 1730 4483 videamus
1747 4443 1908 4499 quam

318 4514 620 4584 periculose
673 4514 981 4570 immundus
1030 4515 1175 4571 cedit
1221 4517 1304 4572 his
1351 4519 1548 4587 quibus
1595 4519 1828 4576 mundus
1854 4530 1910 4576 et

2024 1955 2250 2021 bulatio,
2297 1958 2439 2012 nulla
2469 1962 2753 2030 angustia,
2803 1965 2949 2020 nulla
2998 1971 3323 2036 persecutio,
3370 1972 3516 2026 nulla
3547 1971 3623 2025 fa-

2024 2061 2158 2111 mes,
2187 2048 2334 2103 nulla
2356 2050 2588 2114 auditas,
2617 2053 2824 2108 nullum
2853 2057 3174 2126 periculum,
3202 2059 3347 2114 nulla
3375 2061 3631 2118 velrmors

2023 2136 2203 2204 gladii,
2234 2138 2390 2206 ignis,
2421 2142 2612 2206 crucis,
2655 2144 2799 2199 necis
2827 2162 2841 2211 ;
2876 2145 3009 2202 nihil
3042 2149 3215 2216 triste,
3249 2151 3382 2207 nihil
3408 2167 3581 2208 suave
3604 2194 3618 2216 ,

2023 2227 2151 2281 nihil
2185 2230 2410 2297 durum,
2465 2234 2595 2289 nihil
2644 2235 2924 2309 blandum,
2969 2241 3100 2295 nihil
3140 2244 3325 2298 mundi
3377 2260 3627 2300 verorum

2024 2320 2211 2393 [Forte
2237 2327 2520 2399 vanorum]
2555 2346 2652 2386 nos
2681 2347 2710 2386 a
2747 2330 2965 2390 Christo
3009 2347 3244 2405 separet,
3279 2344 3337 2391 ut
3377 2339 3428 2392 ei
3458 2339 3546 2396 hic
3575 2351 3628 2396 et

2023 2414 2075 2468 in
2096 2425 2298 2471 :eterna
2323 2422 2855 2478 smculahucreamus
2877 2426 3226 2482 saeculorum.
3258 2429 3451 2485 Amen.

2583 2551 2992 2609 lNSTRUCTlO
3017 2555 3080 2610 V.

2024 2660 2172 2729 Quod
2225 2679 2453 2732 praesens
2510 2667 2612 2720 rita
2656 2685 2760 2723 non
2806 2670 2874 2723 sit
2936 2670 3156 2726 dicenda
3212 2676 3353 2743 vita,
3402 2678 3494 2730 sed
3522 2679 3626 2732 ria.

2091 2798 2131 2854 l.
2164 2797 2207 2851 0
2238 2809 2314 2867 tu,
2345 2801 2473 2870 vita,
2505 2812 2738 2872 quantos
2767 2803 3045 2875 decepisti,
3076 2815 3310 2876 quantos
3339 2809 3624 2876 seduxisti,

2017 2900 2248 2960 quantos
2277 2891 2587 2954 exctecasti!
2618 2909 2737 2963 qua:
2767 2895 2891 2948 dum
2923 2895 3078 2962 iugis.
3112 2896 3243 2950 nihil
3271 2911 3359 2962 es,
3389 2899 3518 2955 dum
3546 2901 3624 2956 vi-

2019 2983 2192 3050 deris,
2217 2983 2404 3038 umbra
2434 2999 2520 3049 es;
2547 2984 2958 3061 dnnrexaltaris
2981 3026 2996 3052 ,
3030 2986 3207 3040 fumus
3225 3002 3312 3055 es;
3341 3003 3460 3059 qua:
3486 3005 3630 3061 quo-

2021 3071 2146 3125 tidie
2176 3071 2310 3139 fugis
2336 3111 2350 3137 ,
2410 3081 2465 3125 et
2489 3055 2730 3139 quotidie
2759 3073 2938 3136 venis;
2995 3073 3259 3130 veniendo
3282 3055 3450 3145 fugis,
3503 3055 3629 3149 quae

2015 3159 2270 3226 fugiendo
2303 3161 2452 3213 venis
2482 3177 2493 3224 ;
2530 3161 2806 3215 dissimilis
2834 3174 3032 3216 eventu
3052 3203 3067 3229 ,
3107 3164 3297 3220 similis
3325 3179 3482 3235 ortu;
3512 3171 3626 3226 dis-

1941 3247 2203 3323 Csimilis
2263 3249 2430 3316 luxu;
2486 3250 2675 3306 similis
2725 3249 2901 3317 ﬂuxu;
2960 3252 3130 3310 dulcis
3176 3256 3383 3326 stultis,
3440 3274 3629 3316 amara

2021 3341 2370 3410 sapientibus.
2429 3339 2532 3409 Qui
2561 3350 2612 3398 te
2641 3353 2851 3408 amant,
2885 3335 2997 3398 non
3025 3353 3077 3399 te
3105 3347 3281 3402 sciunt
3309 3366 3324 3415 ;
3369 3362 3426 3405 et
3451 3353 3545 3420 qui
3578 3360 3631 3407 te

2017 3443 2408 3497 contemnunt,
2441 3434 2540 3503 ipsi
2581 3443 2633 3489 te
2662 3434 2986 3505 intelligunt.
3019 3435 3160 3507 Ergo
3191 3453 3296 3494 non
3328 3456 3388 3496 es
3414 3456 3578 3497 vorax
3607 3483 3630 3512 ,

2016 3525 2110 3580 sed
2142 3525 2300 3579 fallax
2330 3545 2341 3577 :
2377 3535 2429 3580 te
2468 3526 2705 3581 ostendis
2739 3538 2993 3597 tanquam
3041 3544 3256 3595 veram,
3309 3542 3364 3587 te
3408 3535 3632 3591 reducis

2019 3624 2270 3686 tanquam
2315 3615 2579 3673 fallacem.
2613 3618 2748 3683 Quid
2797 3633 2932 3688 ergo
2956 3635 3034 3684 es,
3083 3620 3312 3676 humana
3349 3625 3498 3681 vita?
3528 3625 3627 3681 Via

2017 3723 2076 3762 es
2105 3709 2413 3763 mortalium
2440 3751 2455 3775 ,
2488 3719 2542 3765 et
2570 3726 2673 3765 non
2718 3713 2864 3775 vita;
2909 3706 2954 3764 a'
2986 3721 3211 3781 peccato
3237 3714 3504 3782 incipiens
3533 3733 3629 3774 us-

2014 3813 2120 3867 que
2145 3798 2215 3852 ad
2248 3809 2516 3863 mortem;
2568 3816 2693 3856 vera
2746 3802 2890 3856 enim
2939 3817 3088 3858 esses
3139 3805 3184 3859 si
3239 3814 3293 3861 te
3338 3817 3628 3875 peceatum

2016 3891 2201 3959 prima:
2233 3894 2675 3960 transgressionis
2703 3894 2950 3950 humana:
2979 3912 3088 3952 non
3135 3899 3536 3971 interrupisset,
3567 3914 3628 3960 et

2015 3988 2142 4036 tunc
2172 3992 2196 4019 ⁸
2222 3985 2556 4039 cassabunda
2587 3995 2643 4040 et
2673 3988 2916 4044 mortalis
2938 3988 3207 4046 ‘devenisti
3230 4034 3247 4060 ,
3279 4009 3402 4049 cum
3433 4010 3631 4054 omnes

2015 4080 2138 4126 tuos
2167 4073 2404 4129 viatores
2432 4075 2594 4130 morti
2622 4077 2928 4145 assignasti.
2960 4078 3057 4134 Via
3086 4096 3217 4151 ergo
3241 4097 3298 4137 es
3328 4084 3397 4139 ad
3425 4087 3627 4158 vitam,

2014 4173 2069 4217 et
2097 4180 2205 4220 non
2238 4166 2347 4222 vita
2380 4184 2394 4220 :
2427 4182 2554 4223 vera
2579 4167 2720 4224 enim
2752 4185 2859 4225 non
2889 4185 2977 4238 es;
3012 4171 3094 4246 via
3114 4215 3132 4241 ,
3160 4175 3257 4230 sed
3283 4190 3395 4231 non
3436 4176 3621 4248 plana,

2014 4251 2134 4309 aliis
2157 4253 2348 4323 longa,
2383 4255 2500 4310 aliis
2521 4256 2729 4324 brevis,
2759 4259 2879 4314 aliis
2903 4259 3010 4315 lata
3029 4301 3045 4329 ,
3072 4262 3189 4318 aliis
3217 4275 3474 4336 angusta,
3499 4269 3628 4326 aliis

2018 4342 2175 4408 laeta;
2209 4344 2328 4399 aliis
2350 4345 2546 4408 tristis,
2575 4346 2824 4404 omnibus
2857 4349 3107 4406 similiter
3132 4350 3392 4409 festinans
3418 4394 3438 4424 ,
3465 4365 3520 4411 et
3549 4355 3631 4414 ir-

2015 4450 2206 4490 revocs
2218 4436 2357 4492 bilis.
2382 4436 2479 4492 Via
2510 4453 2589 4504 es,
2615 4438 2854 4509 inquam,
2893 4440 2979 4496 via
3000 4456 3082 4508 es,
3099 4443 3192 4500 sed
3218 4459 3328 4500 non
3366 4446 3629 4504 omnibus

2015 4525 2297 4581 manifesta
2327 4541 2427 4582 es:
2474 4529 2630 4584 multi
2671 4532 2816 4584 enim
2861 4540 2917 4588 te
2962 4533 3187 4601 vident;
3234 4543 3292 4591 et
3351 4539 3512 4607 pauci
3565 4549 3628 4596 ιο

318 4604 693 4662 itnntaculatus
739 4620 847 4660 non
877 4605 1039 4661 cessit
1082 4621 1097 4659 :
1147 4619 1267 4660 cum
1299 4608 1520 4666 Christo
1558 4611 1909 4682 respiciamus
1939 4634 1985 4693 ι)
2014 4616 2156 4671 viam
2184 4629 2304 4671 esse
2325 4615 2649 4687 intelligunt.
2672 4617 2768 4673 Sic
2801 4621 2944 4675 enim
2968 4622 3181 4679 subtilis
3208 4604 3444 4682 esetsic
3461 4629 3629 4686 sedu-

317 4697 499 4754 mundi
545 4697 816 4764 honores,
857 4705 913 4754 et
954 4697 1152 4753 diaboli
1195 4707 1357 4767 regna
1396 4717 1519 4756 cum
1559 4705 1706 4759 omni
1736 4705 1904 4774 gloria

315 4804 526 4845 eorum.
559 4787 827 4858 Quidquid
864 4788 1062 4844 diaboli
1107 4796 1190 4844 est
1238 4789 1590 4859 dedignemur
1617 4794 1862 4866 accipere
1885 4838 1901 4863 ,

315 4881 680 4953 eique-brevis
709 4880 904 4935 lastitia:
931 4879 1040 4950 regi
1067 4880 1309 4936 dicamus
1337 4900 1351 4934 :
1387 4880 1497 4935 Tua
1523 4884 1627 4937 sint
1658 4896 1817 4941 tecum
1848 4889 1902 4941 in

312 4970 599 5040 perditione
645 4971 781 5042 (Act.
834 4985 946 5034 rm,
1001 4969 1134 5042 20):
1189 4971 1366 5029 tristes
1410 4974 1576 5030 simus
1621 4991 1789 5045 usque
1835 4979 1901 5033 ad

314 5073 552 5125 mortem
575 5083 695 5125 cum
726 5064 964 5132 Christo,
997 5072 1055 5119 ut
1084 5066 1298 5120 tristitia
1342 5075 1526 5121 nostra
1555 5066 1606 5121 in
1647 5068 1898 5136 gaudium

313 5166 678 5216 convertatur.
729 5157 925 5213 Rideat
959 5156 1189 5212 mundus
1231 5172 1352 5213 cum
1401 5157 1616 5213 diabolo
1658 5177 1670 5212 :
1704 5158 1843 5215 absit
1870 5175 1903 5215 a

318 5251 472 5307 nobis
501 5265 686 5307 eorum
725 5249 908 5305 laititia
937 5267 948 5302 :
1000 5249 1045 5304 si
1071 5248 1320 5304 volumus
1349 5249 1580 5318 gaudere
1611 5266 1785 5316 nunc,
1835 5267 1903 5306 ex

313 5352 468 5416 parte
489 5344 816 5414 gaudeamus
844 5343 896 5397 in
925 5355 1023 5412 spe
1045 5380 1061 5406 ,
1086 5355 1274 5396 verum
1303 5342 1554 5411 gaudium
1584 5351 1771 5412 postea
1803 5343 1899 5398 ha-

317 5436 476 5494 bituri
507 5438 560 5492 in
589 5451 681 5503 re;
713 5436 895 5490 tristes
924 5449 1020 5505 pro
1049 5432 1283 5504 peccatis
1311 5437 1526 5499 nostris,
1557 5434 1660 5489 lzeti
1684 5444 1903 5505 propter

315 5543 464 5602 spem
483 5528 606 5583 vitm
625 5535 842 5582 :ctcrna:
866 5543 879 5589 ;
915 5525 1092 5579 tristes
1110 5533 1330 5594 propter
1355 5524 1550 5580 Christi
1580 5527 1647 5580 ab
1676 5525 1897 5591 entiam,

323 5621 644 5679 exsultantes
676 5619 954 5688 similiter,
1001 5633 1124 5688 quia
1155 5617 1381 5685 legimus
1412 5636 1424 5672 :
1465 5617 1758 5672 Videbimus
1785 5635 1900 5672 emit

322 5708 467 5768 sicuti
487 5719 562 5766 est
590 5706 645 5780 (I
672 5706 832 5764 Joan.
867 5723 942 5773 ιιι,
973 5706 1050 5776 :2).
1087 5704 1239 5764 Licet
1266 5707 1409 5763 cnim
1441 5707 1779 5778 pncsemium
1803 5711 1903 5764 mi-

2019 4707 2157 4763 ctrix
2181 4745 2198 4772 ,
2241 4716 2300 4763 ut
2327 4723 2624 4778 paucorum
2651 4709 2721 4764 sit
2759 4719 2813 4766 te
2850 4712 2988 4767 scire
3033 4713 3196 4770 viam.
3226 4714 3628 4789 Interrogans

2011 4816 2142 4872 ergo
2169 4817 2259 4866 es,
2299 4811 2356 4857 et
2383 4817 2493 4858 non
2541 4801 2834 4871 credenda,
2881 4821 2982 4861 nec
3027 4808 3393 4881 vendieanda;
3443 4823 3636 4872 trans-

2011 4893 2216 4961 eunda,
2249 4899 2359 4950 non
2390 4893 2712 4960 habitanda,
2745 4897 2939 4953 misera
2973 4896 3210 4956 humana
3238 4903 3387 4959 vita:
3435 4906 3627 4964 nullus

2008 4986 2151 5039 enim
2176 4987 2228 5041 in
2256 4986 2340 5039 via
2366 4972 2598 5053 habitat,
2631 4985 2726 5042 sed
2780 4987 3056 5057 ambulat;
3106 4999 3165 5046 ut
3203 4994 3295 5063 qui
3334 4997 3626 5056 ambulant

2007 5078 2062 5132 in
2083 5077 2167 5131 via
2192 5118 2207 5142 ,
2235 5076 2476 5131 habitent
2506 5075 2560 5130 in
2590 5077 2782 5147 patria.

2076 5166 2137 5220 ll.
2163 5165 2340 5234 Quare
2363 5181 2493 5235 ergo
2518 5175 2594 5233 tu,
2620 5168 2864 5224 mortalis
2887 5170 3018 5238 vita,
3043 5170 3323 5242 habitaris,
3346 5174 3622 5244 diligeris.

2004 5255 2327 5312 vindicaris?
2349 5256 2595 5328 Diligeris
2620 5297 2638 5324 ,
2694 5258 2984 5318 vindicaris
3013 5277 3043 5317 a
3089 5259 3269 5321 stultis
3301 5273 3358 5321 et
3384 5279 3414 5320 a
3438 5269 3625 5336 perdi.

2004 5347 2098 5412 tis,
2129 5346 2491 5402 contemneris
2535 5361 2566 5401 a
2610 5349 2870 5412 sensatls,
2897 5353 3104 5410 caveris
3127 5367 3160 5408 a
3181 5353 3472 5411 salvandis.
3516 5355 3624 5414 Tl-

2004 5437 2200 5494 inenda
2227 5439 2404 5508 itaque
2428 5454 2508 5508 es,
2538 5440 2771 5495 humana
2798 5442 2905 5496 vita
2923 5482 2939 5508 ,
2971 5451 3028 5498 et
3069 5442 3297 5499 multum
3325 5447 3573 5504 cavenda
3601 5487 3623 5516 ,

2006 5545 2126 5600 qua:
2149 5531 2227 5587 sic
2254 5529 2472 5601 fugitiva
2494 5547 2552 5587 es
2575 5573 2590 5597 ,
2637 5532 2715 5588 sic
2737 5531 2945 5588 lubrica
2969 5574 2986 5600 ,
3029 5533 3112 5590 sic
3165 5534 3498 5604 periculosa,
3532 5537 3623 5596 sic

2007 5620 2214 5686 brevis,
2241 5621 2318 5677 sic
2346 5622 2547 5677 incerta
2573 5664 2590 5688 ,
2618 5631 2677 5678 ut
2697 5622 2849 5692 quasi
2873 5623 3060 5679 umbra
3081 5662 3098 5690 ,
3141 5633 3237 5680 aut
3282 5625 3485 5697 imago,
3515 5640 3623 5688 aut

2010 5715 2218 5783 nubes,
2249 5723 2343 5771 aut
2385 5715 2554 5785 nihil,
2604 5724 2695 5772 aut
2744 5717 2906 5775 inane
2946 5716 3279 5777 dissolveris.
3311 5719 3448 5778 Dum
3474 5731 3623 5794 ergo

389 5855 420 5886 ι
452 5849 790 5909 Cassabunda
819 5847 1004 5917 Forte,
1033 5849 1332 5908 casabunda
1362 5851 1628 5921 :caduca,
1655 5853 1876 5924 lubrica,
1919 5856 2202 5914 instabilis.
