3856 6218
221 417 306 472 at:

1123 407 1650 465 lNSTltl'CllUNES
1688 407 1919 461 VARUS
1958 408 2110 462 SHE
2148 409 2528 471 δεςιιιυικιεδ.

3364 408 3468 464 ΞΗ.

223 533 334 591 nihil
359 546 439 598 es,
461 544 493 584 ο
513 528 761 582 mortalis
786 528 918 592 vita,
951 527 1066 581 sive
1096 541 1291 594 imago,
1319 525 1535 593 fugitiva
1561 532 1618 576 ut
1646 523 1780 588 aiis,
1813 529 1858 582 Α
1888 537 2216 593 qumcunque
2245 534 2546 590 mutantur,
2577 525 2661 580 vel
2708 527 2980 595 quomodo
3026 531 3332 586 mutantur,
3363 538 3471 579 non

223 635 271 679 ut
295 624 451 678 nubes
481 620 685 674 incerta
713 660 727 683 ,
762 630 818 673 et
845 617 1042 686 fragilis
1072 627 1128 672 ut
1156 621 1362 680 umbra,
1396 625 1452 671 ut
1491 617 1785 684 somnium,

222 717 289 772 sic
313 728 401 782 per
427 721 477 765 te
506 712 607 764 iter
633 710 905 780 agendum
935 719 1036 775 est,
1059 719 1166 763 tam
1198 710 1446 778 sollicite,
1472 718 1578 762 tam
1608 719 1786 771 caute,

222 817 315 860 tam
339 803 612 872 expedite,
642 813 702 856 ut
731 805 998 857 viatorum
1032 818 1182 858 more
1228 803 1296 856 ad
1342 819 1522 858 veram
1555 804 1787 873 patriam

222 915 242 939 ι
267 899 500 956 omnibus
530 899 962 968 intelligentibus
991 897 1348 955 festinandum
1383 900 1468 951 sit.
1506 899 1578 954 De
1621 908 1790 953 trans-

222 1010 327 1053 acto
366 1007 616 1057 securus,
675 994 744 1048 de
793 1009 861 1048 eo
905 992 1050 1063 quod
1095 1001 1261 1047 restat
1306 990 1619 1046 sollicitus:
1661 991 1788 1046 nihil

220 1090 344 1146 enim
374 1089 461 1143 tibi
493 1088 723 1157 prodest
759 1086 1081 1150 ascendere,
1129 1083 1272 1153 quod
1321 1083 1622 1138 ascenderis
1643 1125 1657 1147 ,
1689 1083 1790 1137 nisi

219 1182 343 1251 quod
372 1188 554 1242 restat,
589 1180 831 1234 evaseris
864 1197 877 1230 :
914 1179 994 1232 via
1043 1178 1182 1233 enim
1213 1185 1264 1231 et
1295 1191 1548 1232 ascensus
1575 1177 1791 1245 quidam

221 1273 429 1348 putanda
458 1283 540 1328 est
570 1274 656 1327 via
687 1271 882 1345 [Forte
926 1270 1054 1343 vita]
1103 1271 1234 1325 tunc.
1287 1271 1362 1325 Ne
1408 1285 1710 1337 quaeramus
1739 1271 1792 1324 in

220 1372 292 1420 via
317 1366 449 1436 quod
478 1367 531 1420 in
564 1366 746 1436 patria
781 1366 1015 1420 futurum
1045 1373 1126 1419 est
1159 1382 1170 1417 :
1205 1363 1358 1418 labor
1401 1363 1542 1418 enim
1573 1374 1628 1416 et
1674 1362 1796 1418 fati-

219 1459 345 1524 gatio
375 1457 421 1510 in
452 1456 646 1511 itinere
676 1464 956 1516 versatur.
990 1457 1039 1510 in
1068 1456 1241 1526 patria
1268 1456 1479 1523 requies
1504 1464 1558 1509 et
1586 1456 1793 1511 securi-

219 1560 291 1604 tas
309 1557 534 1619 paratur.
571 1548 891 1603 Cavendum
918 1555 1000 1602 est
1029 1547 1208 1616 itaque
1237 1547 1414 1606 nobis,
1444 1562 1509 1601 ne
1537 1546 1674 1600 forte
1702 1562 1796 1616 per

219 1640 344 1693 viam
369 1639 538 1692 securi
589 1639 796 1706 simus,
849 1647 906 1693 et
958 1637 1022 1692 ad
1052 1653 1227 1691 veram
1281 1647 1520 1692 nostram
1567 1638 1794 1708 patriam

220 1747 314 1786 non
360 1731 764 1800 pet-veniamus.
839 1730 976 1785 Sunt
1022 1730 1164 1784 enim
1216 1744 1403 1784 revera
1454 1729 1694 1783 nonnulli
1745 1730 1795 1783 in

220 1825 310 1876 hoc
339 1821 522 1875 itinere
544 1821 788 1886 desides,
815 1820 1011 1885 securi,
1047 1820 1211 1885 lividi,
1242 1829 1426 1875 utnon
1462 1830 1569 1875 tam
1602 1821 1657 1876 in
1687 1822 1792 1885 via,

221 1930 359 1983 suam
390 1914 438 1968 in
470 1914 654 1983 patria
683 1929 805 1968 esse
853 1912 1139 1968 videantur
1170 1932 1180 1966 :
1215 1921 1270 1968 et
1315 1929 1420 1967 non
1451 1922 1557 1966 tam
1607 1914 1792 1968 volun-

1903 1907 2001 1947 nos
2044 1903 2124 1959 te,
2170 1909 2239 1948 ne
2287 1909 2384 1948 nos
2423 1894 2688 1964 decipias.
2735 1893 3000 1964 fugiamus
3052 1909 3064 1945 :

219 2007 356 2070 tarii,
399 2021 556 2076 quam
622 2007 774 2061 inviti
823 2017 951 2061 eunt
996 2005 1060 2060 ad
1102 2007 1358 2076 patriam,
1406 2007 1654 2061 nimirum
1689 2007 1797 2077 jam

217 2098 479 2169 peantam.
538 2096 645 2153 llic
682 2099 826 2154 enim
864 2099 915 2154 in
945 2099 1027 2152 via
1052 2100 1241 2164 ιιι-τευςί
1267 2109 1390 2154 sunt
1416 2101 1618 2169 patria,
1651 2109 1704 2154 et
1734 2101 1800 2155 de
1831 2105 1835 2114 '

219 2189 350 2243 brevi
401 2189 509 2242 vita
559 2197 824 2245 mternam
873 2199 1101 2244 mortem
1131 2190 1353 2243 mercati
1381 2199 1524 2243 sunt.
1557 2189 1799 2244 infelices

219 2280 274 2335 de
300 2280 548 2335 frustrato
578 2281 917 2335 commercio
950 2279 1054 2334 lani
1080 2289 1233 2346 sunt,
1285 2283 1458 2334 a'iena
1486 2281 1689 2335 caduca
1718 2281 1799 2334 di-

220 2373 464 2437 lexerunt,
496 2383 548 2425 et
584 2373 810 2442 prOpria
839 2381 1038 2426 aeterna
1062 2372 1432 2440 neglexerunt.
1459 2371 1802 2441 Quapropter

218 2460 439 2529 quamvis
482 2461 594 2515 sint
651 2462 806 2523 beta,
857 2462 1098 2528 quamvis
1145 2461 1338 2514 blanda
1364 2503 1378 2526 ,
1420 2461 1664 2529 quamvis
1692 2462 1798 2515 sint

219 2551 459 2620 speciosa,
485 2551 670 2605 aliena
695 2560 912 2605 terrena
939 2550 1259 2614 devitemus,
1281 2559 1336 2604 ut
1360 2551 1573 2619 pmpria
1597 2561 1797 2607 :eterna

219 2656 312 2693 non
339 2640 669 2709 perdamus:
707 2639 893 2695 fileles
923 2657 974 2694 in
1021 2640 1210 2695 alienis
1242 2642 1610 2705 inveniamur,
1640 2651 1698 2696 ut
1745 2644 1797 2699 in

220 2731 427 2800 propriis
454 2746 519 2786 ac
565 2731 769 2787 nostris
796 2730 1037 2786 hacredes
1065 2729 1387 2797 efﬁciamur,
1429 2734 1665 2788 donante
1693 2735 1798 2789 Do-

221 2823 347 2875 mino
373 2832 557 2878 nostro
581 2822 710 2879 Jesu
739 2821 957 2878 Christo
977 2864 993 2889 ,
1024 2824 1108 2878 (ιιί
1140 2824 1308 2892 gloria
1335 2825 1386 2880 in
1409 2824 1603 2880 saecula
1634 2841 1799 2882 sarcu-

219 2918 389 2972 lorum.
420 2919 617 2974 Amen.

737 3013 1148 3070 INSTRUCTIO
1172 3013 1259 3069 Vl.

409 3103 730 3164 Presentcm
761 3108 918 3160 vitam
946 3106 1168 3159 similem
1211 3123 1324 3160 esse
1367 3107 1578 3161 umbrae.

279 3193 313 3248 Ι.
341 3195 586 3252 Donante
623 3197 851 3251 Domino
881 3196 947 3250 de
975 3195 1206 3249 huznana
1229 3196 1336 3249 vita
1368 3195 1621 3260 diximus,
1652 3198 1796 3267 quod

1891 613 2048 668 video
2074 631 2087 678 ;
2119 623 2172 668 et
2201 623 2368 669 totatn
2395 615 2553 670 simul
2588 615 2640 670 in
2672 631 2777 670 uno
2806 616 2969 669 vitam
2998 629 3174 669 meam
3201 627 3476 682 nunquam

1894 704 2072 760 videre
2102 721 2316 775 possum
2342 723 2356 770 ;
2387 713 2442 761 et
2469 706 2612 774 quod
2642 706 2757 762 heri
2793 704 2866 760 fui
2886 745 2900 769 ,
2949 703 3111 758 hodie
3156 720 3263 760 non
3315 719 3474 770 sum;

1892 812 1968 852 swc
2014 799 2157 868 quod
2203 799 2362 854 hodie
2407 816 2566 869 sum,
2613 814 2736 860 eras
2776 814 2882 854 non
2913 811 3036 863 ero;
3079 805 3134 851 et
3161 797 3238 851 sic
3263 811 3480 867 semper

1893 888 2103 944 mobilis
2129 898 2184 945 et
2219 890 2574 947 mutabundus
2602 905 2700 960 per
2725 896 2919 944 cetera
2965 887 3087 941 vita:
3131 901 3264 954 mea:
3304 886 3478 955 spatia

1893 995 2013 1045 ero,
2046 988 2102 1035 ut
2127 981 2193 1038 de
2221 992 2494 1038 momento
2521 983 2576 1036 in
2603 990 2932 1036 momentum
2952 1018 2967 1042 ,
3000 979 3068 1034 de
3103 978 3392 1033 momentis
3421 976 3475 1032 iu

1895 1072 2072 1139 horas,
2096 1074 2162 1128 de
2190 1074 2339 1132 horis
2365 1075 2417 1128 in
2445 1072 2588 1141 dies,
2614 1089 2737 1129 cum
2759 1072 2975 1126 incertis
2999 1070 3172 1125 aetatis
3195 1083 3327 1122 mete
3353 1082 3478 1138 spa-

1899 1167 1983 1220 tiis
2013 1181 2328 1221 concurram
2355 1165 2421 1220 ad
2447 1175 2706 1228 mortem,
2757 1173 2816 1220 ut
2863 1163 2934 1218 ibi
2983 1161 3194 1216 videam
3239 1169 3384 1214 certa
3426 1167 3482 1213 et

1896 1274 2052 1322 vera»,
2083 1266 2145 1311 et'
2168 1265 2278 1312 tota
2306 1256 2461 1312 simul
2491 1257 2544 1311 in
2592 1271 2734 1322 uno,
2763 1244 2906 1323 quod
2936 1254 3023 1310 hic
3057 1252 3186 1306 mihi
3232 1248 3481 1319 impossi-

1896 1347 2003 1401 bile
2049 1354 2150 1400 est.

1967 1436 2029 1489 ll.
2069 1435 2113 1489 Ο
2144 1451 2228 1492 me
2257 1436 2542 1493 miserum!
2577 1436 2620 1492 si
2650 1436 2721 1491 ihi
2748 1436 2914 1490 vitam
2953 1449 3060 1490 non
3089 1434 3292 1497 videro,
3324 1447 3484 1501 quam

1899 1541 2169 1594 nunquam
2199 1540 2377 1580 veram
2403 1528 2591 1590 video;
2618 1542 2800 1580 veram
2831 1526 2972 1580 enim
3003 1540 3121 1581 esse
3151 1525 3221 1578 ibi
3244 1540 3362 1578 eam
3389 1538 3486 1576 ne-

1899 1631 2047 1671 cesse
2077 1625 2191 1680 est,
2224 1617 2314 1671 ubi
2340 1618 2614 1671 aeternitas
2660 1618 2788 1686 agit.
2818 1616 2966 1686 Fuge
2988 1630 3136 1684 ergo,
3171 1617 3312 1684 fuge,
3346 1631 3380 1669 ο
3405 1624 3487 1678 tu,

1900 1706 2021 1760 vitae
2052 1708 2293 1762 mortalis
2323 1707 2545 1773 umbra;
2576 1706 2696 1776 fuge
2724 1716 2780 1762 tu
2803 1722 2934 1773 nos,
2959 1716 3015 1762 et
3043 1721 3141 1760 nos
3170 1715 3222 1760 te
3249 1723 3261 1757 :
3287 1714 3340 1758 tu
3367 1703 3487 1772 fuge

1902 1811 1958 1852 ut
1989 1799 2150 1866 facis;
2177 1814 2394 1870 semper
2418 1800 2561 1855 enim
2588 1799 2743 1871 fugis,
2770 1810 2826 1854 ut
2847 1801 2956 1855 cito
2983 1814 3110 1856 vera
3134 1799 3240 1852 vita
3272 1797 3484 1852 veniat:

3027 1871 3064 1945 ἐ
3119 1891 3300 1945 tardos
3347 1890 3488 1942 enim

1903 1983 2111 2039 blandis
2141 1985 2389 2055 decipere
2415 1986 2559 2042 soles
2597 1984 3011 2056 impedimentis.
3043 1981 3187 2051 Fuge
3211 2021 3224 2046 ,
3253 1981 3490 2049 inquam,

1900 2087 1956 2132 et
1996 2076 2186 2132 festina
2234 2093 2353 2146 qua:
2405 2078 2603 2131 multos
2649 2076 2940 2140 seduxisti,
2979 2083 3035 2130 et
3089 2089 3187 2127 nos
3233 2071 3492 2126 seducere

1900 2169 2099 2234 iustas,
2129 2177 2182 2225 et
2211 2171 2346 2226 alios
2376 2180 2499 2241 post
2545 2186 2645 2227 nos
2685 2170 2948 2234 deduces,
2983 2177 3037 2223 et
3072 2166 3233 2222 morti
3263 2165 3490 2234 assigna-

1898 2261 1999 2315 bis.
2050 2261 2096 2316 0
2145 2277 2304 2331 quam
2335 2278 2475 2318 unca
2523 2277 2582 2318 es
2630 2271 2902 2330 tu,quam
2942 2260 3240 2324 seduccns,
3287 2258 3490 2312 incerta

1901 2353 2035 2406 vita!
2070 2368 2156 2407 me
2179 2361 2488 2422 exspectas,
2514 2361 2574 2407 ut
2602 2355 2810 2424 rapias;
2840 2367 2925 2407 me
2955 2365 3216 2421 provocas
3236 2391 3251 2416 ,
3281 2357 3336 2402 ut
3363 2362 3488 2401 sua-

1899 2442 2058 2506 deas;
2091 2458 2178 2497 me
2209 2457 2386 2512 rogas,
2421 2451 2478 2497 ut
2500 2443 2754 2509 seducas;
2787 2457 2872 2497 me
2899 2442 3112 2503 suades,
3146 2450 3204 2494 ut
3231 2439 3488 2508 decipias.

1898 2534 2028 2600 Quis
2056 2544 2162 2588 tam
2206 2534 2464 2605 insipiens
2511 2543 2619 2600 est,
2653 2544 2711 2588 ut
2755 2543 2805 2588 te
2853 2533 3072 2595 credat,
3121 2546 3242 2602 quae
3287 2529 3491 2599 decipis

1899 2635 2162 2693 amantes,
2193 2636 2246 2682 et
2274 2627 2484 2684 seducis
2511 2627 2830 2690 credentes?
2858 2624 2958 2696 Qui
2989 2625 3129 2680 enim
3159 2633 3214 2678 te
3243 2622 3491 2692 diligunt,

1899 2717 2111 2788 decepti
2142 2727 2293 2783 sunt;
2327 2727 2382 2773 et
2427 2719 2518 2789 qui
2569 2727 2621 2773 te
2653 2717 2910 2783 credunt,
2957 2715 3164 2774 seducti
3208 2721 3371 2769 sunt:
3402 2715 3491 2782 qui

1899 2819 2080 2865 autem
2106 2819 2158 2864 te
2186 2809 2495 2878 negligunt,
2533 2810 2682 2865 ditati
2713 2818 2866 2876 sunt;
2917 2818 2972 2864 et
3021 2807 3112 2877 qui
3162 2818 3216 2862 te
3262 2806 3488 2876 fugiunt,

1901 2904 2088 2959 salvati
2116 2911 2258 2959 sunt.
2285 2904 2451 2959 Deum
2479 2913 2753 2976 quaerunt,
2785 2919 2874 2973 qm
2903 2911 2953 2956 te
2984 2908 3359 2957 contemnunt.
3395 2897 3492 2951 Fu-

1900 2995 2106 3063 giamus
2136 2995 2317 3063 itaque
2345 3009 2442 3048 nos
2475 3003 2556 3062 te,
2589 3001 2878 3061 antequam
2913 3001 2968 3045 tu
3000 3006 3098 3046 nos
3137 3009 3149 3044 :
3179 2998 3236 3046 et
3262 2989 3387 3060 quia
3415 2987 3493 3042 sic

1902 3082 2176 3150 mortalis,
2207 3082 2384 3136 brevis
2408 3124 2421 3147 ,
2453 3082 2654 3135 caduca
2675 3122 2690 3148 ,
2714 3081 2950 3145 incerta,
2983 3080 3277 3145 ius'abilis,
3317 3077 3493 3134 mobi-

1902 3173 1996 3238 lis,
2058 3173 2356 3240 mutabilis,
2399 3172 2765 3229 convertibilis
2821 3188 2914 3238 es;
2965 3189 3064 3229 nos
3115 3170 3212 3227 Dei
3261 3181 3318 3227 et
3372 3173 3492 3227 vita:

219 3284 302 3337 vi:
328 3284 622 3339 similitudo
647 3295 747 3348 est,
783 3288 834 3338 in
863 3300 968 3355 qua
994 3286 1362 3355 unusquisque
1384 3286 1487 3341 iter
1507 3289 1572 3342 ad
1595 3265 1792 3344 mterna

1903 3275 2117 3322 aeterna:
2153 3277 2427 3323 amatores
2461 3275 2512 3322 et
2545 3267 2908 3336 negotiatores
2954 3267 3167 3336 potius,
3208 3280 3369 3334 quam
3415 3265 3491 3321 tui

220 3384 363 3440 agens
386 3373 450 3426 de
479 3373 676 3428 alienis
705 3374 1092 3444 cupiditatibus
1120 3391 1344 3430 securus
1365 3418 1379 3444 ,
1429 3377 1584 3446 quasi
1618 3379 1799 3435 viatici

220 3470 403 3517 tantum
448 3473 772 3534 paupertate
813 3473 1100 3521 contentus
1146 3482 1266 3524 esse
1295 3467 1508 3533 debeat,
1545 3480 1601 3523 ut
1641 3470 1800 3525 nnllis

221 3552 408 3607 barrens
433 3553 704 3609 illecebris
731 3561 949 3609 terrena
977 3565 1174 3612 cuncta
1205 3558 1306 3612 sibi
1345 3574 1464 3613 esse
1499 3559 1671 3613 aliena
1716 3561 1797 3615 in.

219 3642 420 3712 telligat.
454 3644 608 3699 Nunc
638 3645 882 3700 umbram
914 3661 1034 3702 esse
1073 3647 1324 3702 eamdem
1353 3691 1366 3714 ,
1423 3658 1481 3702 nt
1513 3651 1625 3718 jam
1675 3659 1800 3705 ante

216 3734 444 3800 diximus,
468 3737 824 3793 ostendamus
850 3739 1036 3793 vitam.
1073 3739 1188 3794 Non
1222 3741 1316 3796 tibi
1363 3742 1572 3796 videtur
1605 3745 1794 3798 umbra

218 3842 320 3883 esse
365 3839 418 3884 et
447 3831 626 3898 imago
673 3833 783 3886 vita
831 3833 1066 3886 hominis
1110 3849 1274 3904 super
1301 3837 1541 3890 terram?
1567 3852 1687 3905 qua:
1723 3838 1801 3892 sic

217 3921 382 3984 dubia,
422 3924 662 3992 quandiu
679 3924 750 3977 sit
775 3932 828 3978 et
851 3925 1078 3988 incerta,
1111 3934 1168 3977 ut
1198 3940 1284 3979 res
1309 3926 1510 3980 umbra:
1533 3936 1795 3996 mquetur.

221 4013 363 4071 Vides
385 4019 530 4072 enim
563 4027 619 4072 et
668 4033 775 4071 non
807 4018 991 4080 vides;
1025 4018 1160 4088 ipsa,
1193 4035 1291 4074 nec
1342 4020 1477 4089 ipsa,
1510 4020 1748 4076 dicamus
1783 4041 1793 4074 :

216 4106 348 4174 quod
377 4107 502 4168 fuit,
536 4123 646 4161 non
692 4105 879 4172 vides;
908 4108 1049 4176 quod
1081 4109 1183 4162 erit
1204 4150 1216 4170 ,
1273 4124 1373 4164 nec
1417 4110 1587 4180 ipsum
1618 4110 1799 4166 videre

219 4205 374 4262 potes.
407 4196 570 4252 Vides
603 4206 812 4252 tantum
854 4197 996 4268 quod
1027 4209 1142 4262 est,
1171 4200 1316 4269 quod
1349 4199 1438 4255 diu
1483 4209 1591 4256 stat
1623 4220 1634 4254 :
1669 4202 1799 4258 tolle

216 4288 345 4356 quod
372 4303 431 4343 es
460 4287 649 4360 [Forte
669 4290 813 4361 quod
839 4292 973 4363 esq,
1008 4291 1136 4347 nihil
1167 4292 1350 4359 vides;
1381 4294 1459 4348 sic
1497 4303 1582 4349 est
1616 4294 1788 4348 invisa

216 4393 274 4433 ac
313 4379 354 4434 si
385 4397 492 4436 non
546 4391 692 4437 esset
725 4402 737 4436 :
771 4397 900 4453 ergo
941 4383 1187 4438 umbram
1239 4385 1384 4439 videt
1430 4387 1799 4454 unusquisque

215 4467 362 4521 vitam
391 4483 540 4524 suam
561 4513 575 4535 ,
605 4479 660 4524 et
685 4485 714 4524 a
748 4486 908 4526 mane
959 4488 1133 4543 usque
1163 4473 1231 4526 ad
1278 4489 1594 4543 vesperam,
1641 4476 1795 4544 quasi

216 4557 262 4610 in
287 4559 513 4625 quodam
539 4561 764 4629 speculo
793 4562 1088 4617 vanitatem
1118 4578 1226 4618 sua:
1256 4564 1377 4618 vita:
1409 4564 1792 4636 circumspicit.

1905 3374 2003 3414 nos
2029 3358 2354 3428 habeantur,
2381 3368 2435 3414 et
2462 3369 2514 3414 te
2537 3356 2790 3414 fluentem
2807 3367 2861 3413 et
2884 3357 3173 3427 fugientem
3206 3357 3487 3427 fugiamus,

1902 3466 1971 3506 ne
1999 3466 2097 3506 nos
2117 3467 2238 3508 cum
2269 3451 2376 3506 tuis
2404 3451 2733 3507 amatoribus
2759 3451 3018 3507 vindices.
3048 3450 3379 3521 Fugiendum
3410 3459 3491 3507 est

1903 3542 2047 3597 enim
2091 3543 2248 3598 nobis
2295 3543 2440 3614 quod
2472 3544 2635 3613 fugit,
2668 3551 2721 3598 et
2768 3544 2846 3600 sic
2875 3544 2928 3598 in
2975 3559 3042 3598 eo
3070 3543 3358 3598 vivendum
3389 3551 3489 3608 est,

1901 3635 2054 3704 quasi
2082 3635 2322 3704 quotidie
2350 3635 2685 3690 moriendum
2735 3644 2898 3690 esset.
2923 3635 3062 3702 Quid
3095 3636 3236 3690 enim
3269 3635 3486 3690 interest

1901 3727 2058 3782 nobis
2083 3727 2270 3793 hodie,
2300 3727 2413 3783 sive
2441 3743 2562 3784 cras
2588 3727 2766 3782 mori?
2812 3727 2946 3782 Dum
2983 3729 3125 3782 enim
3157 3730 3292 3784 mori
3332 3729 3487 3784 nobis

1901 3833 2126 3873 necesse
2153 3827 2266 3881 est.
2308 3819 2386 3874 sie
2413 3819 2568 3876 nobis
2595 3828 2678 3875 est
2707 3834 2852 3874 mors
2889 3818 3308 3882 consideranda,
3339 3821 3490 3889 quasi

1895 3906 2006 3973 jam
2030 3908 2121 3960 diu
2151 3911 2482 3977 prmteriret;
2514 3919 2567 3966 et
2597 3911 2725 3966 dum
2755 3911 2885 3966 nihil
2913 3910 3071 3965 durat
3093 3918 3216 3965 ante
3237 3919 3489 3976 mortem,

1901 3994 2260 4052 festinandum
2289 4011 2372 4053 est
2401 4001 2467 4054 ad
2490 4014 2738 4068 mortem,
2766 4011 2825 4056 ut
2853 4005 3119 4073 possimus
3140 4018 3266 4058 vera
3288 4010 3488 4058 mterna

1899 4085 2080 4142 videre
2105 4096 2226 4157 post
2248 4099 2494 4145 mortem.
2522 4091 2881 4158 Quamobrem
2912 4110 3018 4147 non
3048 4095 3362 4149 tardandum
3385 4103 3488 4152 est.

1900 4179 1995 4235 sed
2025 4179 2382 4234 festinandum
2431 4190 2514 4236 est
2557 4182 2626 4237 de
2678 4182 2866 4237 umbra
2907 4182 3208 4251 imaginata:
3238 4184 3392 4249 vitze,
3422 4183 3487 4238 ad

1899 4271 2182 4328 veritatem
2226 4287 2365 4328 verae
2411 4273 2550 4330 vitm.
2585 4272 2649 4327 Et
2673 4275 2797 4345 quia
2827 4274 2931 4330 alia
2962 4275 3046 4328 via
3086 4274 3210 4328 vitae
3234 4274 3486 4340 carnalis,

1900 4364 2004 4419 alia
2031 4367 2117 4420 via
2156 4366 2428 4436 profectus
2470 4369 2797 4439 spiritualis;
2843 4377 3024 4426 currat
3067 4369 3279 4424 animus
3306 4366 3488 4438 profe-

1899 4454 2100 4521 ctibus,
2147 4457 2286 4511 sicut
2322 4458 2429 4512 vita
2475 4460 2749 4524 cursibus,
2801 4470 2856 4515 et
2901 4461 2974 4514 ita
3019 4461 3184 4515 animi
3230 4468 3484 4530 augeatur

1898 4545 2178 4599 maturitas
2199 4587 2216 4612 ,
2247 4555 2305 4600 ut
2330 4549 2504 4602 aetatis
2531 4548 2841 4618 plenitudo;
2871 4556 2926 4604 et
2967 4549 3109 4604 sicut
3145 4551 3268 4605 vitae
3301 4550 3486 4607 circuli

213 4644 580 4715 Sedqmnlibet
618 4649 722 4703 alia
764 4650 959 4705 similia
1014 4661 1220 4707 tantum
1263 4654 1314 4708 in
1359 4654 1565 4710 somnis
1608 4635 1788 4710 videt:

1903 4635 2244 4702 minuuntur,
2274 4638 2351 4692 sic
2375 4638 2626 4693 vitiorum
2658 4654 2913 4695 numerus
2935 4640 3250 4708 decrescat,
3274 4651 3332 4696 ut
3358 4655 3482 4698 cum

214 4737 442 4792 similiter
468 4739 614 4792 enim
645 4740 777 4794 falsa
811 4756 909 4810 pro
937 4744 1080 4797 veris
1107 4745 1445 4813 speculatur,
1469 4753 1521 4799 et
1552 4761 1650 4816 pro
1679 4747 1789 4801 veri

216 4828 426 4896 imagine
454 4831 607 4886 vanis
636 4829 662 4867 δ
697 4832 1003 4888 includitur.
1036 4833 1176 4901 Quid
1204 4836 1366 4896 enim.
1394 4850 1546 4905 rogo,
1565 4838 1790 4894 interest

214 4918 345 4988 quod
369 4919 623 4976 hesterno
651 4922 863 4988 vidisti,
905 4939 970 4980 ac
1013 4933 1174 4981 nocte
1217 4927 1554 4983 somniatur?
1599 4929 1787 4986 Nonne

216 5007 361 5064 hodie
383 5010 632 5066 similiter
658 5026 796 5067 vana
825 5027 946 5068 esse
990 5014 1085 5069 tibi
1113 5014 1401 5070 videntur?
1446 5015 1654 5072 Etenim
1684 5019 1786 5073 uti-

213 5111 309 5167 que
335 5114 412 5155 me
440 5116 550 5156 non
581 5101 704 5174 plus
733 5103 935 5158 satiant
968 5119 1069 5174 pro
1109 5106 1254 5161 veris
1291 5120 1412 5175 qua:
1440 5106 1669 5164 videndo
1699 5107 1784 5162 fu-

215 5189 377 5259 giunt,
401 5208 565 5264 quam
587 5209 711 5265 qua:
738 5195 1053 5251 somnianda
1071 5196 1380 5253 includunt:
1400 5205 1623 5270 utraque
1642 5199 1786 5254 enim

217 5299 338 5339 vana
363 5301 478 5345 esse
505 5287 743 5345 invenio.
775 5287 931 5356 Quod
977 5291 1120 5346 enim
1149 5306 1267 5346 sum
1286 5329 1303 5354 ,
1327 5307 1435 5346 non
1463 5290 1564 5362 fui,
1593 5299 1648 5347 et
1677 5307 1786 5348 non

215 5387 338 5443 ere,
362 5385 416 5432 et
438 5393 768 5450 unaquaque
796 5381 929 5436 hora
955 5379 1097 5436 aliud
1125 5396 1269 5444 sum,
1291 5391 1346 5438 et
1375 5397 1648 5452 nunquam
1676 5393 1784 5440 sto.

216 5459 421 5538 Saepe
443 5469 587 5524 enim
616 5484 779 5526 curro
806 5484 838 5525 a
877 5470 964 5526 die
1005 5471 1300 5528 nativitatis
1349 5487 1519 5543 usque
1548 5473 1613 5528 ad
1642 5471 1784 5529 diem

220 5554 623 5628 Illonis,etper
665 5558 909 5629 singulos
958 5558 1076 5617 dies
1117 5561 1242 5617 vitae
1288 5575 1421 5616 mia:
1466 5570 1684 5631 mutor;
1731 5571 1789 5619 et

286 5719 312 5750 ⁸
345 5711 588 5769 Omnibus
614 5716 880 5788 inuti..."
911 5717 1177 5788 sollicitus.
1202 5717 1490 5776 Goldastus
1518 5718 1786 5778 Partum.

221 5790 310 5862 tta.
336 5795 463 5862 part.
495 5800 530 5862 ι,
557 5800 662 5855 pag
695 5786 1005 5862 153,}an
1044 5788 1253 5862 locum,
1279 5799 1591 5862 corruptum
1633 5806 1786 5851 sane.

227 5856 295 5908 ita
330 5856 549 5912 restituit
596 5873 611 5910 :
664 5859 806 5910 omni
842 5857 1141 5929 intelligcnti
1191 5856 1539 5930 festinandum
1577 5862 1676 5928 sit,
1723 5863 1789 5918 de

1885 4725 2096 4780 mculo
2132 4741 2226 4780 sua
2274 4729 2673 4798 relinquamus,
2715 4739 2771 4785 et
2809 4730 2940 4786 nihil
2979 4730 3048 4788 de
3089 4730 3206 4802 ejus
3244 4729 3484 4787 moribus

1898 4817 2175 4874 nobiscum
2202 4821 2434 4875 feramus
2471 4821 2538 4876 ad
2588 4822 2907 4888 Dominum,
2937 4832 3226 4894 prmatante
3252 4822 3483 4880 Domino

1897 4919 2083 4966 nostro
2108 4909 2235 4965 Jesu
2258 4911 2498 4980 Christo,
2524 4915 2608 4969 cui
2636 4915 2804 4983 gloria
2833 4915 2884 4969 in
2921 4916 3116 4972 secula
3136 4915 3479 4971 seculorum.

1897 4999 2090 5055 Amen.

2408 5095 2815 5154 INSTRUGTIO
2854 5098 2964 5158 VII.

1964 5185 2045 5242 De
2065 5188 2294 5242 carcitate
2319 5188 2572 5257 hominis,
2604 5194 2688 5262 qui
2710 5192 2940 5274 neglecto
2983 5193 3168 5265 spiritu
3200 5193 3411 5250 insaniit

2570 5279 2792 5326 corpora.

1962 5365 2006 5424 l.
2036 5367 2080 5422 Ο
2110 5377 2164 5423 te
2186 5384 2382 5426 czncam
2413 5371 2707 5430 insaniam!
2740 5389 2775 5430 ο
2815 5383 2868 5430 te
2891 5391 3089 5432 czecam
3120 5378 3352 5448 foveant,
3380 5379 3482 5437 ltu-

1891 5476 2104 5517 manam
2134 5463 2492 5532 voluntatem,
2523 5480 2644 5535 qua:
2672 5477 2890 5539 accepta
2919 5471 3094 5540 celas,
3136 5481 3193 5526 et
3218 5472 3342 5528 data
3367 5488 3478 5531 non

1889 5555 2099 5612 reddis!
2133 5556 2330 5615 frustra
2356 5558 2582 5630 placaris
2606 5605 2621 5630 ,
2653 5577 2773 5633 quae
2819 5564 3026 5634 ingrata
3069 5566 3341 5637 pasceris;
3367 5567 3477 5626 frn-

1890 5716 2166 5790 rreusactis
2189 5733 2394 5790 secure,
2417 5717 2481 5773 de
2502 5733 2560 5773 eo
2587 5719 2724 5790 quod
2761 5729 2922 5776 restat
2948 5722 3192 5779 sollicito.

1961 5787 1992 5869 ξ
2019 5786 2327 5869 Ιῃςιιιᾳίηιν.
2352 5787 2539 5869 forte,
2562 5786 2831 5869 .itfuditttr.
2857 5791 2966 5869 _Sic
2992 5793 3155 5864 paulo
3202 5801 3326 5867 post
3371 5802 3468 5869 pro

1890 5857 2156 5912 includunt
2182 5857 2702 5931 legenduuividetur
2739 5862 2979 5917 iuuant.
