3856 6218
385 410 490 465 963

1598 414 1653 468 S.
1697 409 2090 467 COLUMBANI
2132 412 2420 469 ABBATIS

3555 423 3650 474 ΞΗ

378 535 487 580 stra
517 539 700 588 voras,
725 539 843 596 qua:
863 525 938 581 sic
959 535 1258 596 Opportuna
1282 541 1493 581 sensum
1517 526 1702 598 [Forte
1721 521 1962 594 censum]
1995 531 2036 583 Α
2069 535 2255 594 potes;
2279 529 2322 584 si
2357 546 2483 595 non,
2515 545 2674 600 parce
2707 533 2901 598 redde,
2933 549 3093 591 avare
3113 537 3364 606 exsolve;
3391 537 3525 594 nihil
3553 539 3656 594 nisi

380 622 482 669 ttxe
512 615 819 669 voracitatis
846 616 1046 679 exigas.
1091 616 1136 668 0
1164 627 1468 685 protusata,
1512 617 1829 685 sanguisuga
1862 619 1962 672 iiii-

381 705 619 772 patiens,
660 705 877 759 immitis
921 714 1194 768 saturata,
1245 706 1440 762 blanda
1496 709 1680 775 jejuna
1708 749 1722 773 ,
1770 724 1958 774 vorax,

382 795 734 850 inverecunda
756 837 770 861 ,
802 797 938 850 edax
961 839 973 863 ,
1003 797 1093 868 qui
1117 797 1129 848 l
1153 797 1319 855 habes
1357 799 1525 853 recti?
1555 799 1681 866 quid
1709 800 1961 853 honesti?

377 885 526 940 nihil.
555 885 684 951 Qtue
707 885 956 941 frustrata
994 888 1220 956 qumris,
1265 902 1384 956 quae
1428 887 1725 956 vituperata
1778 888 1957 953 iteras,

375 991 492 1046 qua:
520 976 695 1043 turpia
723 991 916 1040 ornas,
946 993 1113 1046 quare
1161 987 1214 1032 te
1261 979 1427 1048 ipsam
1483 994 1590 1031 non
1619 978 1962 1034 consideras?

373 1084 407 1120 υ
436 1067 630 1120 misera
659 1066 990 1131 humanitas,
1034 1068 1175 1122 intus
1220 1068 1460 1138 putrida,
1509 1068 1661 1136 felle,
1714 1070 1958 1137 humore,

374 1154 616 1225 liquore,
642 1157 933 1225 sanguine,
979 1159 1223 1227 llegmate
1273 1158 1426 1228 plena
1463 1175 1475 1213 :
1506 1157 1636 1213 foris
1676 1176 1805 1215 vero
1845 1161 1961 1230 pel-

374 1248 478 1302 lem
531 1247 760 1303 lavatam
805 1248 989 1322 [Forte
1032 1248 1262 1320 lavata],
1317 1250 1411 1305 sed
1463 1265 1734 1319 nunquam
1782 1259 1959 1306 tamen

373 1340 690 1396 mundatam
714 1339 896 1414 (Forte
925 1340 1235 1412 mundata];
1268 1356 1485 1410 semper
1506 1341 1644 1394 enim
1673 1341 1742 1397 de
1771 1342 1961 1397 intimo

373 1431 718 1486 immunditire
746 1447 901 1488 (ωηο
928 1433 1316 1501 coinquinaris,
1347 1433 1600 1501 pollueris
1630 1452 1643 1486 :
1675 1433 1796 1488 licet
1823 1450 1960 1502 quo-

372 1519 499 1573 tidie
525 1519 748 1583 lavaris,
779 1521 1018 1589 quotidie
1043 1521 1283 1576 violaris.
1327 1521 1371 1575 Ο
1425 1523 1678 1592 pollutam
1728 1524 1955 1593 pellem!

372 1613 564 1665 frustra
596 1612 790 1667 lavaris
810 1653 824 1676 ,
858 1628 977 1684 qua:
1015 1622 1203 1668 natura
1233 1615 1503 1668 immunda
1526 1630 1604 1670 es.
1627 1615 1671 1669 Ο
1695 1617 1959 1670 inversam

371 1701 704 1755 caecitatem!
741 1703 887 1772 quod
927 1704 1104 1766 lavas,
1153 1703 1297 1771 quod
1344 1719 1540 1771 ornas,
1588 1713 1810 1770 natura,
1864 1721 1960 1773 pu-

371 1787 524 1842 tredo
559 1805 571 1841 :
603 1789 746 1856 quod
769 1798 948 1842 autem
988 1789 1156 1843 violas
1184 1799 1239 1844 et
1280 1789 1508 1858 polluis,
1537 1800 1724 1844 natura
1748 1831 1762 1856 ,
1796 1791 1957 1846 nitor.

2068 617 2262 674 invitus
2317 624 2602 687 exsolvas;
2661 621 2793 677 nihil
2849 624 3080 679 libenter
3131 626 3320 681 dones.
3373 626 3482 684 Sed
3547 644 3655 682 non

2067 715 2248 776 potes;
2283 709 2464 774 video,
2498 711 2642 778 quod
2685 713 2835 781 pejus
2866 723 2922 768 et
2949 716 3162 782 gravius
3191 727 3303 781 est,
3347 717 3476 786 quia
3525 734 3656 772 exa-

2065 808 2242 852 ctorcs
2270 799 2463 868 diligis.
2497 801 2562 854 Et
2589 804 2792 858 amicus
2820 813 2901 858 est
2937 806 3031 859 tibi
3073 807 3318 862 inimicus
3345 818 3484 864 tuus.
3518 809 3660 876 Quid

2065 883 2262 954 dicam,
2286 891 2495 954 nescio,
2524 891 2650 958 quid
2680 893 2968 958 suadeam,
3017 894 3224 964 ignoro.
3281 895 3452 952 Unum
3479 899 3659 953 dicata

2063 973 2205 1042 quod
2235 977 2348 1030 scio
2380 993 2393 1029 :
2425 979 2514 1044 qui
2557 979 2641 1034 hic
2670 982 2936 1050 pascitur,
2988 983 3074 1038 hic
3104 993 3403 1050 saturatur,
3455 988 3545 1042 hic
3570 987 3660 1056 juo

2063 1065 2361 1134 condatur,
2390 1067 2476 1123 hic
2500 1068 2666 1135 ridet,
2705 1071 2790 1126 hic
2831 1073 3158 1140 inebriatur,
3207 1076 3292 1130 hic
3335 1076 3501 1139 ludit,
3545 1079 3659 1136 illic

2064 1157 2283 1220 esuriet,
2317 1156 2422 1211 illic
2451 1157 2616 1226 sitiet,
2649 1159 2756 1215 illic
2786 1162 3010 1229 lugebit,
3041 1163 3149 1218 illic
3179 1163 3525 1231 lamentabit,
3553 1167 3664 1220 illic

2064 1249 2308 1315 uiolabit,
2338 1251 2474 1305 sicut
2514 1246 2772 1307 Dominus
2825 1253 2964 1306 dixit
3001 1270 3015 1308 :
3085 1253 3176 1308 Va:
3222 1257 3300 1310 his
3342 1256 3429 1323 qui
3466 1256 3660 1317 rident,

2062 1341 2182 1410 quia
2219 1342 2317 1411 ipsi
2348 1342 2616 1412 frigebunt;
2666 1351 2721 1397 et
2754 1361 2766 1396 :
2805 1343 2896 1398 Vw
2941 1343 3076 1399 vobis
3121 1346 3209 1416 qui
3246 1348 3466 1400 saturati
3517 1347 3662 1410 estis,

2061 1431 2182 1499 quia
2205 1433 2438 1485 esurietis
2465 1430 2614 1502 (Luc.
2651 1445 2725 1496 Vl,‘
2751 1431 2866 1502 25).
2916 1433 3032 1488 Duo
3061 1436 3206 1488 enim
3257 1443 3502 1504 tempora
3541 1451 3668 1489 sue-

2064 1521 2280 1585 cedunt,
2313 1529 2368 1575 et
2408 1522 2522 1575 dum
2554 1523 2709 1589 vitae,
2741 1533 2796 1578 et
2821 1523 2929 1578 duo
2973 1524 3170 1579 secula
3203 1533 3366 1587 sunt:
3400 1538 3504 1577 una
3553 1524 3666 1578 vita

2063 1613 2270 1678 brevis,
2312 1620 2366 1667 et
2395 1613 2564 1667 altera
2594 1613 2781 1682 longa;
2811 1625 2865 1668 et
2892 1615 2984 1682 qui
3015 1615 3066 1668 in
3114 1631 3217 1670 una
3247 1614 3448 1679 esurit,
3478 1614 3532 1668 in
3558 1615 3667 1668 alia

2041 1711 2340 1768 ,pascetur;
2370 1701 2460 1768 qui
2490 1715 2618 1754 vero
2644 1701 2730 1755 hic
2761 1711 2915 1755 vorat
2939 1740 2956 1770 ,
2988 1712 3295 1771 saturatur,
3349 1703 3658 1759 consolatur

2067 1790 2117 1842 in
2147 1805 2276 1854 una;
2310 1791 2362 1844 in
2392 1791 2560 1845 altera
2608 1794 2809 1846 esuriet
2838 1801 2892 1845 et
2919 1794 3067 1848 sitiet
3100 1794 3253 1862 juxta
3302 1797 3425 1849 illud
3456 1796 3609 1850 lsaia:
3650 1815 3662 1848 :

371 1880 507 1946 Quid
544 1881 740 1936 munda
789 1882 1138 1950 coinquinas,
1188 1891 1244 1937 et
1295 1883 1566 1938 immunda
1615 1885 1794 1951 lavas,
1841 1901 1960 1955 (μω
1997 1871 2035 1930 Β
2069 1877 2288 1947 Propter
2333 1880 2426 1936 hac
2447 1879 2571 1932 dicit
2620 1878 2915 1936 Dominus;
2953 1881 3087 1935 Ecce
3125 1885 3209 1952 qui
3257 1886 3483 1938 serviunt
3514 1887 3666 1952 mihi,

371 1972 603 2028 animam
633 1975 933 2045 corrumpis
962 1984 1016 2030 et
1041 1991 1234 2045 corpus
1264 1979 1462 2033 ornas?
1487 1979 1699 2034 Satisne
1743 1989 1794 2034 te
1832 1981 1956 2035 dili~

370 2064 478 2132 gis,
504 2080 570 2119 an
592 2067 721 2121 satis
751 2075 802 2121 te
833 2068 1084 2136 ignoras?
1111 2069 1167 2124 Si
1197 2071 1338 2125 enim
1370 2081 1421 2126 te
1447 2072 1582 2136 scis,
1630 2088 1795 2141 quare
1825 2072 1954 2128 hor.

370 2154 482 2208 rida
511 2164 565 2210 et
593 2155 862 2210 immunda
887 2156 1148 2226 llegmat’s
1177 2169 1231 2216 et
1253 2162 1505 2217 stercoris
1533 2163 1803 2217 domicilia
1832 2163 1954 2218 dili-

369 2245 562 2312 gis?Si
599 2246 796 2302 videris
840 2249 892 2302 in
943 2249 1259 2320 vestimeutp
1309 2259 1399 2306 tuo
1446 2252 1872 2319 immunditiam,
1914 2254 1957 2308 si

370 2335 617 2404 llegmata
680 2338 978 2403 horrescis,
1025 2349 1077 2392 et
1121 2348 1396 2409 aspectum
1434 2349 1578 2394 retro
1623 2350 1868 2411 torques,
1904 2352 1959 2396 et

371 2427 504 2482 tein
536 2427 637 2480 tuis
665 2429 995 2484 vestimentis
1040 2431 1368 2485 immundum
1419 2434 1810 2502 sterquilinium
1837 2477 1851 2499 ,
1906 2445 1960 2487 et

369 2515 570 2571 olidum
625 2531 688 2570 ac
741 2518 1010 2586 putrilum
1075 2520 1416 2574 volutabrum
1477 2539 1582 2576 non
1629 2522 1800 2592 fugis,
1851 2540 1956 2578 non

369 2606 686 2661 detestaris?
717 2606 831 2662 Non
861 2609 1009 2664 vides
1036 2610 1161 2680 quid
1195 2619 1282 2664 tua
1306 2610 1532 2665 fistulata
1563 2613 1715 2681 pellis
1740 2629 1834 2682 per
1861 2630 1957 2668 sua

369 2696 635 2750 foramina
685 2696 901 2752 foveat?
952 2698 1116 2768 pudet
1154 2701 1384 2765 referre,
1437 2702 1582 2770 quod
1622 2718 1806 2757 amare
1852 2719 1956 2757 non

370 2784 552 2855 pudet.
569 2785 746 2852 Quare
765 2787 979 2842 horrida
998 2804 1104 2843 non
1125 2789 1513 2846 horrescimus?
1529 2807 1696 2860 quare
1712 2792 1960 2861 pudenda

370 2891 478 2932 non
504 2875 874 2933 detestamur?
921 2894 1090 2950 quare
1131 2881 1292 2936 fetida
1323 2897 1427 2935 non
1476 2882 1745 2950 fugimus?
1775 2883 1963 2941 Nonne

369 2965 492 3036 quia
521 2982 628 3023 non
658 2969 894 3035 sapimus
915 3007 930 3031 ,
963 2977 1014 3022 et
1043 2968 1167 3038 quia
1205 2970 1388 3023 mundi
1436 2985 1541 3026 non
1572 2973 1790 3026 sumus?
1835 2972 1965 3029 ldeo

372 3057 675 3114 immundus
706 3058 976 3115 immunda
1003 3060 1220 3128 qumrit,
1253 3069 1308 3116 et
1335 3063 1508 3132 turpia
1542 3063 1742 3134 turpis,
1788 3073 1843 3120 et
1882 3065 1963 3121 in-

371 3149 594 3206 honesta
621 3151 936 3208 inhonestus
963 3170 977 3218 ;
1008 3163 1063 3208 et
1089 3153 1210 3222 quia
1242 3156 1367 3210 caeci
1388 3197 1402 3220 ,
1439 3156 1708 3212 inhonesti
1757 3174 1962 3224 sumus,

2062 1967 2445 2020 ntonducubunt
2475 1977 2521 2034 et
2550 1968 2752 2033 bibent;
2779 1985 2864 2022 vos
2906 1980 3074 2024 autent
3115 1974 3351 2026 esurietis
3380 1984 3430 2027 et
3477 1976 3666 2029 sitietis

2063 2057 2196 2123 (Isti.
2226 2058 2480 2127 va,15).
2512 2058 2578 2112 Et
2593 2069 2712 2128 post
2740 2075 2944 2130 pauca:
2969 2058 3127 2126 Ecce,
3156 2066 3240 2132 qui
3260 2066 3486 2121 serviunt
3515 2068 3671 2130 mihi,

2059 2148 2386 2204 exsultabant
2413 2151 2463 2202 in
2489 2150 2847 2219 jucund.tate;
2873 2169 2959 2206 vos
2987 2163 3154 2206 autem
3176 2165 3384 2226 propter
3424 2158 3658 2211 tlolonm

2059 2243 2226 2295 cordis
2255 2242 2564 2305 clumubitis,
2588 2253 2636 2294 et
2663 2260 2771 2310 pra:
2799 2244 3106 2296 contritione
3147 2245 3356 2315 spiritus
3392 2247 3662 2302 ululabitis

2059 2331 2258 2401 (lbirl.,
2293 2331 2404 2401 14).
2438 2333 2568 2385 Cum
2611 2332 2724 2387 lucc
2768 2346 2897 2400 ergo
2929 2334 2999 2387 ita
3023 2333 3156 2397 sint,
3200 2335 3529 2404 parcendum
3573 2347 3662 2392 est

2059 2423 2284 2483 divitiis,
2319 2431 2369 2475 et
2404 2423 2550 2475 brevi
2585 2422 2842 2476 voluntati
2874 2422 3058 2495 [Forte
3105 2424 3392 2497 voluptati]
3433 2428 3662 2484 minimc

2061 2514 2398 2568 serviendqu
2419 2554 2434 2578 ,
2467 2530 2534 2568 ne
2561 2531 2844 2582 pascamur
2871 2517 2935 2569 al
2968 2517 3232 2582 esuriem,
3281 2533 3349 2572 ne
3411 2517 3548 2574 forte
3577 2537 3663 2574 saa

2063 2605 2254 2660 tiemur
2284 2607 2347 2658 ad
2391 2605 2582 2661 fantem
2609 2649 2624 2672 ,
2668 2616 2722 2662 et
2769 2608 3012 2662 bibamus
3057 2610 3126 2663 ad
3173 2609 3365 2663 sitim:
3418 2611 3667 2666 videmus

2063 2698 2205 2752 enim
2256 2707 2346 2750 aut
2384 2697 2502 2763 hic,
2549 2707 2642 2750 aut
2695 2698 2829 2762 illic,
2882 2715 3047 2752 unum
3096 2713 3128 2754 e
3178 2699 3390 2754 duobus
3441 2717 3665 2757 necesse

2063 2787 2316 2858 experiri.
2366 2787 2726 2853 Quamobrem
2773 2788 2818 2843 si
2867 2797 3200 2856 saturentur,
3247 2791 3291 2846 si
3321 2790 3598 2858 bibamus,
3630 2813 3666 2848 υ

2065 2895 2164 2935 nos
2193 2880 2400 2934 miseri!
2429 2895 2494 2934 ex
2527 2888 2675 2947 parte
2695 2918 2710 2943 ,
2761 2897 2869 2936 non
2899 2897 2965 2936 ex
3013 2889 3130 2937 toto
3160 2883 3246 2939 hic
3288 2887 3666 2954 comedamus,

2065 2971 2364 3026 necessaria
2384 3012 2398 3036 ,
2430 2985 2534 3023 non
2565 2971 2786 3038 suavia;
2814 2987 2937 3026 cum
2988 2990 3223 3044 paupere
3252 2975 3664 3040 manducemus,

2064 3079 2187 3119 cum
2233 3077 2470 3132 paupere
2505 3063 2776 3129 bibamus,
2815 3081 2934 3119 cum
2975 3081 3208 3136 paupere
3254 3068 3666 3138 participemu“,

2070 3163 2126 3208 ut
2155 3155 2236 3209 vel
2266 3153 2346 3208 sic
2394 3170 2515 3209 cum
2547 3169 2779 3226 paupere
2822 3156 2932 3212 illic
2960 3159 3280 3227 participare
3329 3175 3663 3224 mereamur,

369 3241 568 3297 idcirco
613 3241 757 3297 nulla
795 3243 1097 3300 verecunda
1139 3244 1491 3300 declinamus.
1545 3244 1600 3300 Si
1649 3247 1790 3301 enim
1831 3249 1958 3303 caici
1987 3237 2031 3302 Ο
2065 3244 2153 3299 ubi
2197 3247 2576 3300 saturabuntur
2625 3245 2712 3313 qui
2758 3245 2846 3300 hic
2905 3263 3003 3316 pro
3051 3248 3265 3302 Christo
3311 3250 3562 3304 esui-inut
3608 3261 3667 3306 et

370 3349 480 3388 non
537 3350 753 3400 sumus,
801 3350 968 3404 quare
1017 3337 1376 3405 nosmetipsos
1421 3336 1646 3406 primam
1717 3348 1957 3394 uestram

369 3423 760 3483 immunditiam
793 3441 899 3479 non
915 3425 1276 3496 despicimus?
1297 3442 1466 3496 quare
1490 3444 1587 3482 nos
1609 3428 1690 3482 vel
1720 3438 1959 3488 nostram

372 3516 772 3584 verecundiam,
805 3517 888 3573 vel
918 3528 1154 3574 nostram
1180 3521 1561 3592 turpitudinem
1587 3538 1694 3576 non
1717 3531 1960 3576 contem-

373 3610 580 3664 nimus?
612 3609 798 3665 Nonne
822 3612 996 3682 turpia
1027 3628 1145 3668 esse
1169 3613 1392 3670 honesta
1425 3613 1518 3668 tibi
1541 3629 1647 3668 non
1670 3613 1959 3670 videntur?

369 3716 486 3771 qum
515 3702 719 3757 crebris
750 3702 993 3758 lamentis
1019 3714 1074 3760 et
1095 3707 1371 3761 ornatibus
1413 3707 1573 3762 variis
1618 3707 1875 3775 indigent,
1906 3716 1962 3762 et

370 3792 576 3862 ingrata
599 3793 708 3849 suis
747 3811 854 3848 non
885 3796 1149 3850 satiantur
1190 3797 1504 3865 impendiis,
1537 3806 1590 3850 et
1629 3799 1818 3853 satiata
1851 3815 1958 3855 non

366 3884 558 3952 juvant
586 3882 794 3945 futuris,
826 3893 880 3937 et
904 3895 1170 3940 transacta
1218 3887 1468 3943 voluntas
1505 3900 1820 3958 praesentem
1851 3906 1956 3946 non

367 3977 567 4040 satiat,
615 3991 717 4031 nec
763 3976 995 4034 futuram
1043 3979 1253 4050 repellit

437 4065 498 4119 ll.
531 4065 588 4121 ln
617 4081 813 4122 vanum
842 4083 968 4138 ergo
1016 4071 1222 4126 laborat
1270 4073 1361 4143 qui
1409 4074 1533 4128 talia
1577 4077 1775 4144 pascit,
1824 4079 1955 4131 etin

366 4163 585 4210 ventum
615 4157 864 4224 seminat,
889 4159 979 4228 qui
1005 4176 1153 4215 vana:
1184 4162 1448 4218 voluntati
1497 4164 1621 4218 huic
1651 4165 1833 4228 servit,
1868 4165 1956 4220 ubi

367 4263 662 4319 expensum
713 4267 818 4305 non
868 4252 1086 4321 expedit
1134 4254 1430 4308 servitium.
1485 4255 1737 4310 Esuriant
1779 4259 1960 4328 itaque

367 4343 465 4398 ista
489 4382 503 4405 .
537 4357 656 4410 qum
683 4344 759 4397 sic
805 4343 1037 4412 ingrata,
1069 4347 1146 4401 sic
1196 4348 1419 4402 molesta
1447 4359 1598 4413 sunt,
1649 4359 1705 4404 ut
1748 4367 1960 4423 semper

367 4433 571 4488 esurire
589 4433 887 4490 videantur.
910 4437 1010 4502 Qui
1034 4437 1134 4492 ista
1156 4450 1396 4509 pascunt,
1420 4457 1476 4497 se
1498 4443 1536 4512 ιι
1553 4459 1642 4497 sos
1663 4444 1956 4515 decipiunt.

367 4523 409 4577 0
433 4525 715 4581 inhonesta
738 4528 966 4584 servitus
986 4569 1000 4593 ,
1040 4544 1143 4597 qua
1173 4546 1335 4586 carne
1380 4532 1571 4587 fruitur
1600 4532 1782 4605 [Forte
1807 4535 1958 4590 carni

2059 3337 2242 3390 sitiunt
2268 3336 2528 3404 justitiam
2574 3336 2798 3407 (Matth.
2840 3355 2905 3402 v,
2957 3337 3046 3409 6).
3096 3340 3337 3405 Quorum
3377 3343 3526 3396 enim
3577 3358 3668 3398 re-

2058 3441 2221 3496 gnum
2265 3426 2523 3480 cmlorum
2568 3425 2763 3493 (lbiJ.,
2796 3427 2866 3497 5)
2897 3437 3008 3490 est,
3062 3430 3159 3482 nisi
3189 3445 3525 3498 pauperum,
3575 3433 3667 3503 qui

2060 3519 2254 3573 animis
2283 3517 2530 3586 humiles,
2559 3527 2611 3573 et
2631 3518 2829 3574 divitiis
2847 3535 3108 3590 pauperes
3132 3538 3228 3590 pro
3249 3521 3469 3578 Christo
3499 3528 3668 3582 sunt?

2061 3613 2146 3666 cui
2177 3611 2345 3682 gloria
2379 3613 2429 3665 in
2459 3613 2654 3668 smcula
2700 3614 3038 3668 sreculorum.
3072 3616 3262 3668 Amen.

2559 3724 2970 3780 lNSTRUCTlO
3005 3725 3134 3779 Vlll.

2063 3814 2214 3882 Quod
2269 3817 2336 3868 ad
2389 3817 2643 3871 cwlestem
2699 3818 2956 3889 patriam,
3002 3818 3096 3889 vin:
3148 3818 3424 3885 prmseittis
3465 3822 3664 3889 ﬁnem,

2616 3887 2967 3958 festinandum
3022 3887 3107 3938 sit.

2133 3980 2170 4034 l.
2228 3979 2365 4034 Ecce
2396 3995 2540 4034 nunc
2588 3980 2654 4034 de
2705 3977 2810 4033 line
2858 3979 2982 4032 vitzn
3031 3979 3320 4034 dicendum
3351 3992 3434 4040 est
3481 4002 3494 4038 :
3547 3986 3663 4055 jam

2060 4071 2205 4126 enim
2237 4071 2470 4124 diximus
2512 4070 2650 4124 viam
2683 4084 2804 4125 esse
2834 4069 3124 4123 hmnanam
3153 4070 3316 4124 vitam
3336 4112 3349 4136 ,
3408 4082 3465 4127 et
3492 4089 3663 4144 quam

2060 4164 2129 4217 sit
2157 4164 2314 4217 dubia
2347 4172 2399 4218 et
2431 4163 2630 4217 incerta
2656 4204 2670 4228 ,
2725 4174 2778 4217 et
2811 4179 2916 4218 non
2948 4179 3069 4220 esse
3098 4163 3242 4232 quod
3287 4173 3372 4218 est
3395 4206 3409 4229 ,
3445 4171 3662 4225 umbra:

2065 4256 2420 4321 similitudine
2449 4255 2903 4310 monstravimus:
2937 4256 3202 4321 similiter,
3245 4272 3405 4326 quam
3439 4259 3665 4331 impro-

2065 4348 2176 4401 visa
2209 4356 2262 4400 et
2291 4362 2449 4416 quam
2478 4361 2622 4399 caeca
2663 4354 2744 4400 est
2798 4356 2926 4401 ante
2984 4347 3246 4412 diximus,
3297 4347 3364 4400 de
3393 4349 3500 4404 line
3527 4369 3666 4407 vero

2064 4440 2185 4492 vita:
2212 4446 2425 4502 nostra),
2459 4436 2660 4506 Spiritu
2692 4446 2880 4492 sancto
2927 4453 3025 4492 nos
3071 4438 3357 4508 adjuvante
3389 4482 3404 4505 ,
3469 4455 3666 4502 noster

2063 4543 2243 4584 sermo
2283 4525 2659 4596 producendus
2701 4532 2802 4580 est.
2837 4525 3116 4581 Viatorum
3147 4537 3230 4584 est
3275 4527 3536 4587 festinare
3592 4537 3664 4588 ad

365 4615 651 4688 servitur]!
686 4633 718 4672 ο
743 4619 902 4673 dura!
937 4636 969 4674 ο
1000 4621 1378 4678 inexorabilis!
1408 4640 1441 4676 ο
1469 4622 1600 4688 fera,
1619 4624 1742 4679 licet
1772 4625 1957 4680 dome-

2067 4609 2332 4691 patriam':
2365 4631 2550 4671 eorum
2581 4616 2824 4670 similiter
2853 4626 2935 4671 est
2978 4617 3030 4671 in
3058 4618 3143 4671 via
3184 4617 3496 4674 sollicitudo
3518 4663 3536 4688 ,
3605 4626 3664 4678 in

366 4707 498 4762 stica
520 4706 856 4764 dominatio!
914 4725 1032 4780 qua:
1061 4712 1300 4781 quotidie
1345 4713 1570 4768 solvitur
1613 4724 1668 4768 et
1715 4716 1956 4787 quotidie

366 4797 624 4864 exigitur;
657 4800 755 4854 sub
783 4800 870 4856 die
899 4801 1042 4855 vadit
1071 4813 1125 4858 et
1153 4804 1335 4869 venit;
1361 4814 1599 4859 saturata
1646 4806 1790 4870 exit,
1832 4821 1956 4861 csu-

367 4890 511 4945 riens
551 4889 707 4950 redit.
743 4893 833 4946 Vae
878 4893 960 4949 his
1003 4895 1092 4961 qui
1135 4895 1220 4949 hic
1267 4905 1594 4966 pascuntur,
1652 4898 1740 4951 ubi
1789 4896 1958 4952 fames

368 4979 692 5045 dominatur,
726 4997 824 5038 nec
855 4984 1052 5038 divitiis
1081 4986 1330 5048 vincitur,
1357 4995 1413 5040 et
1441 4987 1567 5041 dum
1598 4988 1710 5042 hinc
1740 4988 1958 5042 solvun-

370 5081 487 5136 tur,
520 5074 622 5127 alia
651 5079 959 5143 exiguntur.
986 5076 1171 5131 Redde
1201 5078 1342 5132 enim
1375 5079 1577 5147 prima,
1610 5079 1840 5134 secunda
1864 5095 1956 5133 co-

368 5163 507 5230 geris
551 5165 862 5229 exsolvere;
913 5167 1091 5234 gulam
1141 5181 1330 5236 pasce,
1383 5167 1654 5224 libidinem
1703 5169 1952 5236 exigeris.

367 5256 501 5308 (lum
532 5255 775 5310 Susanna
825 5271 953 5324 ergo
989 5257 1325 5312 clamandum
1356 5269 1438 5312 est
1471 5277 1482 5309 :
1517 5259 1782 5328 Augustin:
1831 5260 1956 5312 mihi

368 5351 590 5417 undique
613 5349 776 5419 (Dan.
809 5365 924 5413 xm,
958 5352 1069 5420 ‘22.).
1101 5351 1165 5405 Et
1195 5367 1314 5405 cum
1348 5350 1513 5404 Paulo
1539 5349 1842 5418 cjulandum
1874 5360 1958 5406 est

369 5449 423 5492 ot
450 5439 730 5494 dicendum
760 5451 842 5495 est
875 5459 886 5493 :
925 5441 1114 5511 Infelix
1142 5458 1233 5510 ego
1264 5439 1433 5499 homo,
1466 5442 1575 5508 quis
1605 5457 1683 5492 nte
1723 5440 1960 5492 liberabit

369 5530 432 5582 dc
452 5546 666 5598 corpore
686 5534 866 5584 mortis
895 5531 1042 5600 hujus
1075 5531 1248 5601 (Itoni.
1284 5547 1385 5593 vn,
1420 5530 1545 5598 2i)?
1571 5530 1622 5583 Si
1657 5529 1955 5583 necessaria

370 5621 566 5684 solvas,
607 5638 713 5676 non
745 5621 1044 5674 necessaria
1084 5621 1310 5674 reddere
1339 5621 1565 5686 cogeris.
1596 5619 1650 5671 Si
1681 5633 1806 5685 ergo
1856 5618 1954 5669 ιιιί-

371 5723 459 5763 scr
514 5711 675 5766 homo
723 5708 962 5766 secunda
1017 5708 1239 5762 reddere
1290 5711 1470 5772 times,
1524 5712 1690 5776 priora
1737 5721 1868 5775 nega
1909 5710 1952 5762 si

2055 4711 2228 4782 patria
2271 4707 2554 4763 securitas.
2599 4705 2936 4762 Festinemus
2975 4721 3106 4775 ergo
3151 4707 3218 4762 ad
3262 4709 3525 4779 patriam,
3561 4715 3662 4782 qui

2060 4806 2110 4858 in
2159 4805 2241 4857 via
2283 4815 2498 4863 sumus;
2542 4809 2650 4853 tota
2701 4801 2844 4854 enim
2895 4800 3003 4853 vita
3057 4809 3281 4866 nostra,
3335 4800 3492 4868 quasi
3551 4801 3666 4857 iter

2061 4897 2219 4952 unius
2241 4896 2347 4952 diei
2386 4904 2488 4951 est.
2521 4893 2754 4946 Primum
2787 4891 2940 4947 nobis
2967 4901 3051 4947 est
3078 4932 3093 4955 ,
3139 4893 3267 4946 nihil
3296 4891 3380 4946 hic
3412 4907 3611 4950 alnarc
3640 4913 3658 4962 ;

2057 4989 2149 5045 scd
2177 5004 2386 5042 sursum
2415 5001 2656 5040 amemus
2683 5026 2698 5050 ,
2740 5000 2954 5037 sursum
2982 4983 3350 5038 desideremus
3382 5021 3396 5045 ,
3427 4999 3662 5043 sursum

2059 5079 2366 5147 sapiamus,
2411 5090 2622 5130 sursum
2671 5089 2977 5142 qmeramus
3026 5075 3298 5142 patriam:
3349 5073 3420 5126 ibi
3471 5078 3653 5140 enim,

2059 5169 2145 5222 tibi
2179 5163 2505 5238 [Forte-ibi]
2540 5164 2696 5217 Pater
2738 5171 2840 5217 est.
2892 5163 3129 5216 Patriam
3174 5179 3302 5232 ergo
3333 5179 3440 5215 non
3483 5165 3665 5223 itast-

2059 5274 2177 5312 mus
2204 5259 2254 5314 in
2287 5265 2425 5310 terra
2446 5293 2460 5318 ,
2489 5255 2612 5324 quia
2645 5253 2802 5307 Pater
2831 5260 3012 5307 noster
3041 5257 3092 5306 in
3125 5254 3384 5308 cmlisCst
3413 5253 3662 5321 (Matth.

2058 5367 2138 5415 vi,
2172 5351 2256 5418 9).
2293 5347 2497 5402 Etenim
2529 5348 2570 5400 si
2613 5347 2893 5416 potestatis
2924 5347 3120 5400 virtute
3144 5388 3158 5412 ,
3190 5354 3244 5398 rt
3287 5346 3506 5400 duilatis
3537 5367 3659 5404 ma-

2059 5441 2336 5511 gnitudine
2363 5440 2556 5507 ubique
2587 5448 2700 5502 cst,
2731 5454 2890 5507 quam
2925 5455 3073 5494 mare
3113 5435 3429 5508 profundior
3453 5478 3470 5501 ,
3507 5449 3664 5498 terra

2061 5532 2336 5596 stabilior,
2371 5528 2570 5582 mundo
2614 5527 2810 5590 latior,
2863 5545 2986 5582 aere
3032 5530 3247 5598 purior,
3297 5529 3436 5580 cn-lo
3469 5532 3661 5600 altior,

2064 5621 2175 5674 sole
2201 5621 2394 5674 clarior
2426 5617 2675 5688 est(.lob.
2713 5635 2784 5681 xi,
2807 5619 2858 5677 8,
2893 5619 2981 5687 9);
3009 5621 3057 5672 in
3084 5619 3234 5672 Ctnlis
3263 5627 3442 5672 tatncn
3479 5624 3662 5677 niani-

2065 5713 2198 5766 l'cstc
2231 5720 2334 5778 cst,
2391 5711 2442 5764 in
2499 5709 2693 5778 quibus
2750 5710 2901 5779 panis
2953 5711 3266 5779 angelorum
3320 5718 3434 5772 e.~-t,
3467 5712 3564 5780 qui
3601 5724 3659 5768 ut

453 5867 474 5894 ι
520 5857 754 5923 liepcllt't.
784 5855 944 5916 Deest
992 5856 1128 5910 forte
1168 5853 1380 5907 esuriem
1406 5891 1420 5920 ,
1457 5855 1668 5921 (utsicut,
1703 5847 1786 5902 vel
1832 5848 1955 5915 quid
1997 5850 2190 5904 simile.
