3856 6218
409 436 504 490 ΞΠ

1615 427 1675 483 S.
1718 422 2106 480 COLUMBANI
2148 420 2440 477 ABBATIS

3561 416 3668 475 iii]

397 547 624 605 ricordia
654 562 760 601 non
798 558 977 614 cgere,
1006 544 1098 612 qui
1128 544 1181 598 in
1226 555 1455 612 corpore
1483 540 1688 609 peccati
1730 537 1971 594 habitat?
2000 540 2043 595 Λ
2074 529 2210 586 bitur
2235 547 2269 585 α
2296 530 2648 601 [ωιάιιηιεηιέι
2684 531 2810 593 suis,
2856 537 3063 599 propter
3089 528 3312 598 furorem
3335 528 3431 583 ira:
3452 526 3665 584 Domiti

397 639 525 707 Quis
548 676 565 707 ,
611 651 742 706 rogo
766 640 794 705 ,'
820 634 1040 691 humani
1069 635 1280 705 generis
1306 646 1524 689 carnem
1570 639 1814 698 gestans,
1860 628 1976 683 lucc

394 745 502 788 non
547 729 776 796 timeat,
826 729 1022 801 quibus
1067 742 1166 784 nos
1210 740 1399 783 omnes
1455 723 1873 780 manifestandos
1920 731 1976 777 et

389 821 790 891 quodaminodo
820 820 1168 891 assignandos
1196 833 1318 876 esse
1344 827 1469 873 ante
1500 815 1732 871 tribunal
1753 814 1973 881 Christi,

397 923 454 967 ct
474 912 546 969 ibi
575 927 739 983 opera
767 922 949 967 nostra
978 925 1074 981 per
1102 910 1276 979 ignem
1303 905 1580 980 probanda
1608 904 1974 975 prmdicatur?

393 1003 528 1060 Cum
573 1001 763 1057 dolore
790 1017 890 1072 pro
918 1000 1139 1071 perditis
1161 998 1447 1055 dicendum
1491 1005 1580 1052 est
1610 1013 1623 1049 :
1658 993 1728 1049 Ut
1750 995 1876 1065 quid
1904 997 1972 1052 li-

390 1106 509 1149 mus
534 1107 750 1148 sensum
775 1091 1005 1160 accipit?
1028 1105 1197 1160 quare
1224 1102 1415 1146 sarisas
1443 1087 1613 1143 factus
1641 1094 1723 1141 est
1750 1085 1818 1143 de
1845 1088 1973 1156 pul-

392 1183 551 1238 vere!
578 1182 669 1254 qui
690 1182 757 1237 de
787 1190 929 1237 terra
952 1180 1156 1247 creati,
1184 1179 1459 1248 paululum
1490 1191 1654 1247 super
1682 1190 1800 1232 eam
1823 1185 1971 1231 stan-

390 1279 494 1338 tes,
536 1271 590 1327 in
637 1271 880 1327 eamdem
920 1270 1083 1341 paulo
1132 1276 1253 1338 post
1306 1267 1594 1334 intraturi,
1643 1266 1832 1322 eadem
1872 1280 1972 1323 nos

387 1363 613 1438 itertun,
638 1362 788 1431 jussu
818 1362 952 1426 Dei,
993 1361 1251 1416 reddente
1278 1375 1342 1416 ac
1379 1358 1706 1430 projiciente
1728 1400 1743 1425 ,
1788 1358 1971 1414 novis-

385 1455 520 1510 sime
548 1468 644 1523 per
673 1453 850 1519 ignem
878 1452 1247 1523 probabimur,
1279 1461 1337 1505 ut
1361 1451 1593 1521 quadam
1623 1460 1740 1506 arte
1771 1458 1971 1505 terram

383 1552 441 1598 ct
466 1542 635 1600 lutum
666 1542 802 1612 ignis
850 1542 1139 1607 dissolvat;
1188 1549 1244 1597 et
1268 1542 1313 1597 si
1340 1541 1469 1612 quid
1498 1540 1613 1596 auri
1640 1547 1735 1594 aut
1762 1539 1971 1606 argenti

385 1635 662 1704 habuerit,
690 1643 782 1690 aut
821 1643 1141 1691 cteterorum
1172 1643 1327 1689 terim
1370 1632 1580 1688 utilium
1608 1630 1969 1701 paracarassi-

386 1741 477 1781 mo
501 1723 904 1798 [paracaximo]
936 1722 1222 1793 liquefacto
1246 1723 1598 1776 demonstret.
1632 1720 1967 1775 Mortuorum

383 1828 513 1885 ergo
537 1815 838 1867 animorum
862 1820 1019 1867 estet
1044 1811 1457 1881 desperahilium
1486 1812 1588 1866 ista
1615 1827 1723 1867 non
1749 1810 1964 1867 timere:
1989 1847 1996 1855 ν

2078 621 2291 677 sabaoth
2346 624 2400 677 in
2430 625 2514 678 die
2533 664 2550 687 ,
2579 640 2679 693 qua
2708 625 3051 694 supervenerit
3078 626 3223 695 [uror
3241 624 3356 693 ejus
3380 622 3516 694 (lsa.
3547 639 3668 691 xm,

2079 713 2202 783 15).
2231 713 2298 769 Et
2325 716 2514 770 iterum
2543 716 2673 770 dicit
2704 734 2718 769 :
2751 714 3089 772 Mouebunfur
3110 715 3452 787 fundamenta
3480 724 3657 777 terra.

2075 804 2459 874 perturbatione
2469 807 2847 876 prrturbabitur
2864 817 3019 869 terra.
3035 818 3243 878 stupore
3261 806 3480 877 stupebit
3503 814 3667 872 terra,

2068 894 2409 952 inclinatione
2427 897 2755 953 inclinabitur
2774 907 2933 959 terra.
2981 908 3031 953 et
3080 899 3418 954 remotione
3442 912 3667 953 mo-

2074 986 2270 1043 vebitur
2302 998 2443 1043 terra
2491 1006 2510 1043 :
2556 988 2689 1042 sicut
2732 988 2901 1042 ebrius
2917 997 2968 1043 et
3016 990 3339 1058 crapulatus‘
3366 990 3661 1043 excutiet»

2074 1074 2095 1146 (
2118 1073 2231 1132 Isa.
2264 1094 2410 1145 utr,
2443 1078 2537 1144 19,
2558 1076 2671 1147 20).
2698 1078 2874 1146 Asaph
2916 1092 3130 1148 quoque
3153 1078 3347 1132 similia
3374 1076 3619 1145 loquitur
3643 1093 3664 1133 :

2074 1165 2217 1224 Deus
2239 1171 2509 1241 manifeste
2529 1170 2713 1243 ueniet,
2735 1168 2883 1227 Deus
2895 1176 3069 1223 noster
3091 1177 3140 1223 et
3162 1185 3268 1223 non
3290 1168 3459 1233 silebit
3483 1182 3501 1221 :
3523 1167 3665 1238 ignis

2070 1260 2127 1314 in
2151 1270 2423 1331 conspectu
2461 1262 2573 1332 ejus
2602 1260 2823 1325 ardebit,
2853 1272 2902 1314 ct
2924 1263 2980 1315 in
3008 1262 3222 1315 circuitu
3248 1260 3360 1331 ejus
3382 1268 3662 1331 tempestas

2073 1352 2250 1406 valida
2278 1350 2461 1421 (Psal.
2487 1368 2632 1416 χιιι.
2665 1352 2744 1423 5).
2772 1350 2837 1404 Ει
2866 1351 3033 1407 David
3062 1367 3299 1407 consona
3332 1352 3459 1406 huic
3486 1351 3665 1422 loqui-

2072 1445 2161 1491 tur
2183 1439 2405 1501 dicens:
2444 1443 2589 1512 Ignis
2612 1452 2733 1503 ante
2756 1443 2926 1512 ipsum
2945 1442 3145 1496 ardebit
3174 1480 3191 1505 ν
3221 1450 3272 1517 et
3308 1439 3661 1510 inﬁmatis

2071 1528 2125 1583 in
2152 1531 2366 1585 circuitu
2397 1530 2630 1586 inimicos
2658 1532 2769 1602 ejus
2801 1535 2819 1602 (
2844 1528 2991 1586 Psal.
3017 1527 3157 1598 xcvi,
3190 1532 3277 1601 5).
3420 1531 3424 1534 ⁴

2138 1620 2199 1676 ll.
2231 1619 2358 1675 Post
2400 1622 2511 1677 haec
2532 1660 2549 1688 ,
2597 1621 2813 1690 inquam
2840 1663 2857 1688 ,
2905 1630 3013 1675 tam
3063 1620 3336 1677 tremenda
3366 1621 3583 1680 Veteris
3607 1631 3665 1680 et

2069 1709 2203 1765 Novi
2246 1710 2580 1774 Testamentr
2631 1711 2939 1781 prmcunia.
2982 1711 3177 1783 quibus
3218 1713 3334 1768 heri
3395 1723 3452 1768 rt
3502 1714 3665 1772 hodie

2069 1814 2236 1868 pauca
2260 1802 2831 1869 commemoravimus;
2855 1818 2959 1874 qua
2982 1802 3347 1860 satisfactione
3368 1804 3507 1860 iram
3527 1805 3662 1860 tanti

382 1920 505 1960 nam
534 1905 705 1960 cuivis
728 1904 812 1959 vel
841 1904 1010 1959 semel
1057 1904 1173 1960 lucc
1216 1904 1431 1970 audire,
1462 1904 1686 1959 cautela:
1715 1904 1962 1960 sumccre

2068 1888 2269 1945 iudicis
2297 1891 2528 1946 evadere
2552 1892 2825 1963 possimus
2847 1936 2863 1961 ,
2889 1893 3187 1951 videamus.
3222 1895 3431 1950 Domini
3452 1910 3518 1951 ac
3539 1894 3662 1951 Sai-

380 1997 587 2053 debuit.
636 1996 984 2067 Quapropter
1033 1995 1165 2051 nihil
1220 1996 1376 2051 nobis
1431 1995 1611 2050 utilius
1684 1995 1916 2051 sciamus
1946 2033 1964 2058 ,

381 2104 541 2159 uiuam
584 2096 644 2144 ut
683 2088 934 2143 omnibus
962 2088 1149 2143 diebus
1179 2088 1300 2141 vitm
1340 2095 1539 2141 nostra:
1570 2086 1733 2153 vitam
1763 2088 1967 2155 ancipi-

381 2187 491 2234 tem
518 2186 891 2244 retractantes,
921 2176 1278 2244 nosmetipsos
1298 2174 1545 2249 quotidie
1571 2174 1917 2229 discutiamus
1942 2192 1961 2245 _;

381 2276 436 2323 et
486 2270 770 2323 verborum
840 2267 1281 2335 cogita-tuumque
1336 2272 1643 2319 nostrorum
1699 2258 1965 2329 rationem

380 2365 600 2425 agentes
623 2396 639 2423 ,
674 2364 731 2411 et
758 2356 1046 2409 humanam
1076 2354 1242 2409 vitam
1271 2353 1748 2426 perhorrescentes
1773 2397 1788 2421 ,
1821 2356 1965 2412 hunc

380 2463 540 2517 supra
570 2446 772 2503 dictum
803 2448 957 2505 iatius
998 2450 1096 2504 via:
1122 2490 1138 2515 ,
1186 2449 1239 2505 id
1278 2457 1361 2505 est
1386 2450 1507 2503 vita:
1534 2461 1733 2503 nostra:
1760 2446 1918 2502 linem
1945 2487 1961 2511 ,

378 2538 589 2593 uinctis
654 2543 851 2609 spretis
905 2541 1087 2596 mundi
1161 2541 1320 2608 hujus
1389 2540 1792 2611 voiuptatibus,
1846 2542 1965 2594 sne

377 2627 771 2686 intermissione
822 2630 1139 2699 cogitemus.
1190 2629 1443 2685 Videmus
1470 2631 1633 2683 vitam
1658 2670 1673 2696 ,
1704 2631 1799 2684 sed
1842 2645 1960 2684 um-

378 2716 529 2772 bram
560 2726 614 2773 et
656 2718 942 2787 imaginem
987 2719 1278 2789 fugientem
1310 2730 1363 2775 ct
1412 2720 1681 2776 fallentem
1723 2720 1963 2775 adverti-

377 2821 515 2862 mus.
547 2806 625 2874 Ne
672 2821 803 2878 ergo
850 2823 951 2863 nos
998 2809 1161 2864 fallax
1212 2817 1269 2864 et
1320 2809 1632 2875 seductrix,
1677 2809 1857 2865 brevis
1908 2818 1965 2863 ct

378 2895 690 2967 temporalis
710 2936 727 2961 ,
756 2896 955 2953 caduca
987 2905 1043 2952 et
1072 2897 1272 2967 fragilis
1298 2940 1312 2965 ,
1361 2912 1545 2952 amara
1575 2914 1639 2952 ac
1664 2898 1829 2953 tristis
1854 2898 1966 2951 vita

377 2984 643 3055 decipiat;
672 2986 742 3040 de
768 3000 897 3043 vera
924 2996 979 3041 et
1006 2995 1207 3042 {eterna
1236 3003 1451 3058 semper
1472 2988 1771 3056 cogitemus
1795 3027 1812 3051 ,
1844 3002 1962 3056 qua:

377 3083 500 3144 post
546 3086 775 3133 mortem
814 3078 1143 3134 immortales
1182 3080 1356 3149 iustos
1407 3081 1656 3136 habitura
1704 3082 1794 3135 sit.
1828 3081 1963 3136 Vide

376 3167 799 3225 vicissitudinem
845 3184 1024 3225 rerum
1056 3188 1071 3223 :
1105 3171 1210 3226 vita
1258 3179 1385 3227 ante
1434 3180 1661 3226 mortem
1687 3211 1704 3237 ,
1752 3182 1808 3226 et
1839 3180 1962 3241 post

375 3264 605 3313 mentem
650 3259 760 3314 vita
791 3277 805 3313 :
832 3259 894 3329 ju
926 3268 1009 3318 tus
1040 3261 1189 3332 prius
1227 3263 1362 3318 duas
1417 3263 1678 3333 possidet,
1733 3273 1789 3319 et
1834 3278 1955 3332 pec-
1991 3272 2035 3332 ρ

374 3355 524 3405 calor
551 3347 744 3419 impius
774 3366 933 3405 unam
963 3352 1245 3408 inllliciter
1271 3353 1476 3421 habuit,
1507 3354 1729 3409 alteram
1754 3352 1964 3409 felicem

375 3438 644 3513 perdidit:
676 3452 800 3512 post
848 3443 1068 3498 brevem
1118 3444 1259 3499 enim
1306 3446 1509 3513 vitam,
1555 3445 1625 3501 de
1681 3455 1860 3501 morte
1909 3446 1961 3499 in

376 3538 601 3587 mortem
633 3531 781 3587 vadit
810 3534 862 3587 in
913 3534 1184 3591 interitum
1210 3575 1225 3595 .
1275 3538 1343 3590 de
1373 3552 1481 3606 quo
1510 3536 1603 3593 Dei
1632 3537 1704 3603 pii
1749 3537 1964 3591 bonitas

376 3636 478 3680 nos
523 3621 773 3693 dignetur
800 3626 1011 3696 eripere
1040 3641 1136 3696 per
1177 3625 1463 3682 Dominum
1505 3637 1746 3683 nostrum
1775 3626 1958 3682 Jesum

374 3712 680 3788 Christum,
710 3718 795 3774 cui
826 3718 997 3788 gloria
1050 3718 1102 3774 in
1155 3719 1351 3774 sarcula
1394 3719 1733 3775 smculorum.
1768 3719 1959 3773 Amen.

902 3848 1313 3908 lNSTRUCTIO
1353 3854 1419 3905 Χ.

544 3963 617 4029 De
643 3964 862 4021 terribili
892 3966 1089 4018 venturi
1114 3948 1316 4017 Iudicis
1346 3965 1425 4019 ira
1456 3964 1785 4019 declinanda.

444 4072 485 4136 ί.
525 4073 747 4130 Multum
779 4075 933 4130 nobis
960 4074 1028 4130 de
1058 4072 1193 4140 line,
1228 4073 1419 4130 tatros
1447 4073 1768 4137 charissimi,
1803 4074 1960 4127 timo-

370 4180 485 4221 rem
530 4165 787 4222 Dominus
838 4167 891 4223 in
937 4166 1308 4237 superioribus
1360 4181 1458 4235 per
1498 4163 1844 4233 Evangelium
1906 4172 1960 4218 ct

373 4256 594 4312 Paulum
624 4256 865 4314 incussit.
885 4257 1039 4323 Quod
1071 4258 1225 4312 nobis
1255 4264 1375 4326 post
1404 4256 1517 4311 hmc
1547 4264 1653 4310 tam
1679 4256 1954 4311 tremenda

370 4349 533 4408 divini
562 4349 785 4404 canonis
815 4348 1117 4403 testimonia
1147 4347 1549 4417 refugiumest‘:
1579 4348 1773 4415 quibus
1793 4346 1809 4399 Ι
1832 4362 1959 4419 .cry-

371 4441 470 4496 mis
493 4482 511 4511 ,
557 4441 772 4512 quantis
799 4440 1045 4511 SUSpil‘iiS
1073 4456 1209 4511 opus
1237 4442 1362 4496 est?
1408 4441 1655 4510 qualibus
1691 4458 1955 4513 compun-

371 4533 639 4587 ctionibus
678 4532 871 4588 durum
901 4541 956 4588 et
999 4531 1269 4603 lapideum
1308 4548 1406 4588 eor
1433 4533 1823 4588 contcrcndom
1851 4543 1951 4597 est,

2069 1980 2273 2035 vaturis
2302 1982 2471 2034 nostri
2495 1980 2616 2035 Jesu
2639 1981 2839 2037 Christi
2869 1984 3175 2041 meminisse
3193 1984 3453 2041 debemus
3471 1984 3659 2041 dicen-

2072 2066 2137 2120 tis
2170 2085 2185 2120 :
2218 2065 2317 2131 Qui
2363 2071 2468 2121 uult
2514 2071 2744 2124 animans
2788 2086 2937 2123 suam
2980 2073 3179 2127 salvam
3228 2075 3403 2145 facere
3426 2114 3441 2137 ,
3485 2075 3664 2145 perdet

2068 2170 2183 2208 ram
2211 2171 2230 2209 :
2260 2173 2381 2209 nam
2426 2157 2512 2225 qui
2551 2158 2831 2225 perdiderit
2877 2160 3105 2215 animam
3134 2178 3280 2215 suam
3309 2173 3520 2234 propter
3557 2181 3659 2230 mc,

2065 2245 2286 2299 inueniet
2312 2248 2460 2301 illam
2485 2246 2697 2319 (Matth.
2729 2264 2836 2313 xvi,
2870 2248 2981 2319 25).
3018 2252 3353 2309 l’erdendnm
3401 2268 3533 2324 ergo
3571 2263 3659 2312 est

2069 2333 2301 2391 libenter
2347 2338 2603 2407 quidun
2654 2338 2922 2410 diligimus
2965 2351 3161 2411 praeter
3208 2341 3515 2411 Christum,
3559 2362 3661 2417 pro

2067 2428 2324 2485 Christo:
2357 2432 2463 2485 vita
2496 2433 2725 2501 primum
2772 2448 2876 2501 qua
2918 2449 3115 2504 corpus
3158 2436 3350 2491 anima:
3394 2438 3660 2492 societate

2068 2518 2393 2588 vivificatur,
2423 2524 2465 2576 si
2496 2523 2568 2576 ita
2602 2538 2823 2579 necesse
2864 2524 2975 2590 sit,
3021 2540 3121 2592 pro
3159 2522 3376 2580 Christo
3405 2527 3660 2599 martyri-

2068 2611 2312 2664 zantibus
2341 2612 2629 2681 prodatur;
2658 2621 2753 2666 aut
2788 2612 2834 2666 si
2866 2612 2985 2667 talis
3006 2613 3376 2671 beatitudinis
3390 2616 3535 2671 desit
3560 2633 3657 2673 oc-

2067 2698 2176 2752 casi
2201 2717 2235 2764 ι,
2268 2716 2373 2752 non
2412 2711 2588 2754 tamen
2620 2699 2955 2755 voluntatum
2984 2702 3155 2758 deerit
3185 2701 3569 2772 modiﬁcatio;
3600 2714 3659 2762 ut

2067 2790 2151 2860 qui
2182 2791 2326 2854 rivit,
2358 2806 2461 2844 non
2487 2792 2586 2845 sibi
2624 2793 2791 2859 uiuat,
2820 2793 2912 2847 sed
2947 2794 2993 2848 ei
3025 2797 3112 2867 qui
3137 2811 3231 2865 pro
3271 2795 3386 2866 ipso
3422 2805 3657 2852 mortuus

2066 2891 2141 2934 est
2172 2880 2259 2951 (11
2283 2879 2403 2935 Cor.
2429 2898 2479 2946 v,
2507 2880 2611 2954 13).
2636 2882 2888 2939 Vivamus
2914 2900 3040 2953 e'go
3070 2885 3139 2949 ei,
3168 2885 3403 2956 quicum
3426 2888 3657 2943 uoritnr

2069 2988 2168 3041 pro
2213 2973 2404 3041 nobis,
2452 2976 2557 3029 vita
2611 2983 2729 3041 est;
2778 2992 2984 3045 nosque
3027 2976 3181 3033 nobis
3228 2979 3545 3044 moriamur.
3593 2990 3654 3034 ut

2065 3066 2284 3121 Christo
2312 3070 2551 3125 vivamus
2583 3086 2597 3123 :
2629 3070 2677 3125 ti
2708 3072 2850 3125 enim
2879 3072 3057 3128 vivere
3078 3087 3184 3127 non
3214 3088 3522 3143 possumus,
3552 3076 3653 3130 nisi

2069 3157 2223 3211 nobis
2252 3166 2397 3220 ante,
2431 3158 2535 3214 hoc
2558 3168 2660 3225 est,
2695 3160 2891 3215 nostris
2918 3160 3299 3226 Voluntatibtss,
3331 3165 3652 3219 moriamur.

2066 3246 2263 3302 Christi
2292 3251 2486 3313 simus,
2527 3265 2631 3305 non
2663 3251 2831 3305 nostri
2866 3269 2877 3303 :
2910 3248 3031 3306 Non
3060 3254 3195 3307 enim
3245 3272 3418 3309 mimus
3444 3258 3613 3312 nostri
3636 3297 3653 3321 ,

2069 3340 2225 3407 empti
2250 3342 2386 3393 enim
2414 3357 2587 3395 sumus
2611 3343 2774 3411 pretio
2803 3358 2990 3413 magno
3022 3341 3075 3414 (Ι
3104 3342 3223 3398 Cor.
3252 3361 3327 3413 vl,
3356 3346 3441 3411 l9,
3460 3345 3577 3415 20),
3596 3356 3655 3401 et

2070 3444 2196 3483 vero
2226 3444 2439 3499 magno,
2472 3432 2685 3501 quando
2715 3431 2971 3488 Dominus
3016 3449 3113 3503 pro
3155 3450 3343 3501 servo,
3390 3435 3505 3493 Rex
3550 3452 3653 3508 pro

2069 3520 2335 3588 ministro,
2368 3521 2506 3576 Deus
2535 3538 2631 3591 pro
2661 3523 2877 3578 homine
2905 3523 3078 3577 datur.
3104 3523 3240 3590 Quid
3268 3525 3526 3583 debemus
3550 3543 3653 3584 nos

2067 3613 2324 3678 reddere.
2351 3616 2395 3670 si
2424 3625 2639 3672 creator
2665 3617 3025 3672 universitatis
3054 3619 3322 3676 immerito
3361 3638 3459 3692 pro
3494 3624 3655 3680 nobis

2068 3706 2245 3777 impiis
2289 3710 2555 3775 (creatura
2606 3718 2783 3763 tamen
2827 3712 2945 3781 sua)
2988 3718 3231 3766 mortuus
3260 3715 3384 3769 est?
3417 3713 3654 3773 Putasne

2069 3816 2175 3854 non
2204 3800 2400 3854 debeas
2436 3800 2568 3854 mori
2619 3802 2889 3870 peccato?
2934 3811 3083 3857 certe
3130 3803 3313 3857 debes.
3358 3804 3655 3862 Moriamur

2068 3905 2220 3960 ergo,
2242 3891 2535 3945 moriamur
2565 3906 2661 3962 pro
2691 3892 2818 3957 vita,
2850 3893 2973 3962 quia
3008 3893 3115 3946 vita
3139 3895 3363 3948 moritur
3386 3913 3483 3965 pro
3504 3914 3653 3953 mor-

2069 3982 2194 4047 tuis,
2227 3990 2283 4035 ut
2308 3998 2428 4036 cum
2459 3980 2622 4036 ['aulo
2676 3982 2855 4037 dicere
2888 3983 3157 4051 possimus
3188 4002 3200 4035 :
3245 3982 3367 4039 Viro
3394 3989 3653 4059 ego,jmu

2065 4090 2166 4128 non
2194 4091 2305 4143 ego,
2341 4075 2454 4128 virit
2500 4091 2615 4129 vero
2652 4075 2707 4127 in
2752 4090 2831 4127 me
2876 4073 3109 4128 Christus
3138 4074 3280 4139 (Cal.
3311 4091 3375 4140 tt,
3404 4075 3533 4146 20),
3558 4078 3655 4134 illc

2064 4165 2154 4232 qui
2181 4179 2277 4233 pro
2299 4179 2383 4218 mc
2404 4172 2647 4218 mortuus
2667 4170 2749 4217 est
2776 4181 2787 4217 :
2812 4163 3105 4218 electorum
3130 4164 3271 4220 enim
3294 4172 3375 4219 est
3396 4166 3496 4220 ista
3523 4182 3655 4221 vos.

2063 4257 2251 4312 Nullus
2280 4265 2460 4311 autem
2489 4262 2670 4325 potest
2696 4254 2909 4309 sibimet
2947 4256 3117 4321 mori,
3168 4256 3266 4309 nisi
3312 4254 3562 4311 Christus
3600 4257 3652 4310 in

2064 4347 2155 4400 illo
2195 4346 2343 4401 vivat
2388 4365 2400 4402 :
2448 4345 2493 4399 si
2536 4353 2716 4399 autem
2758 4342 3000 4399 Christus
3045 4346 3094 4399 in
3140 4345 3232 4400 illo
3274 4346 3383 4411 sit,
3433 4346 3655 4401 sibimet

2063 4437 2245 4492 vivere
2286 4452 2395 4491 non
2444 4442 2642 4506 potest.
2689 4432 2822 4488 Vive
2872 4433 2925 4486 in
2981 4433 3239 4501 Ch:isto,
3292 4443 3352 4489 ut
3401 4433 3655 4491 Christus

2061 4528 2111 4580 in
2142 4537 2216 4582 te.

370 4632 427 4676 nt
475 4624 609 4677 iram
655 4622 856 4679 Judicis
904 4631 1108 4677 tantam
1160 4622 1394 4690 elfugerc
1446 4623 1750 4691 possimus?
1793 4640 1953 4692 quam
1988 4648 2037 4706 Ι)
2129 4618 2217 4673 ιιι.
2248 4618 2353 4674 Sed
2383 4620 2577 4687 qnmris
2607 4620 2881 4690 quomodo
2924 4634 3115 4675 sensus
3151 4618 3299 4672 vivat
3340 4618 3391 4671 in
3434 4617 3562 4681 illo,
3596 4625 3654 4675 ut

371 4715 736 4770 univcrsitatis
766 4724 983 4771 creator
1009 4716 1149 4771 Deus
1177 4731 1241 4769 ac
1270 4715 1531 4770 Dominus
1558 4725 1741 4770 noster
1770 4730 1869 4784 per
1896 4729 1956 4769 se

368 4822 432 4863 ac
464 4806 779 4876 Apostolum
829 4808 1243 4877 prophetasque
1280 4808 1516 4860 minatur
1545 4847 1561 4874 ,
1613 4805 1706 4874 qui
1735 4804 1953 4859 easdem

369 4898 542 4952 minas
572 4912 679 4951 non
708 4905 886 4951 tacent
913 4896 1142 4956 dicendo
1169 4916 1181 4949 :
1224 4897 1361 4951 Ecce
1392 4897 1503 4952 dies
1550 4896 1764 4951 Domini
1795 4896 1951 4960 venit,

368 4991 554 5045 ardens
603 4999 658 5044 ut
706 4989 971 5055 clibanus,
1020 4999 1072 5043 et
1111 5000 1292 5045 exuret
1345 5008 1432 5046 eos
1458 5007 1477 5045 :
1506 5000 1565 5048 et.
1600 4999 1750 5044 crunt
1779 5004 1955 5043 omnes

369 5082 668 5151 alienigena:
686 5090 736 5134 ct
763 5098 939 5138 omnes
964 5080 1049 5152 qui
1072 5081 1269 5150 faciunt
1291 5081 1631 5152 iniquitatem,
1652 5087 1705 5132 ut
1728 5079 1955 5147 stipula;

367 5183 415 5224 rt
443 5170 675 5226 incentlet
711 5187 799 5225 cos
847 5171 957 5223 dies
1009 5170 1102 5228 illa
1144 5185 1258 5240 quc
1304 5171 1481 5237 venit,
1535 5170 1660 5224 dicit
1701 5167 1957 5223 Dominus

368 5266 720 5335 onmipotcns;
747 5275 795 5318 ct
815 5280 919 5323 non
946 5265 1197 5335 relinquet
1220 5264 1373 5319 radix
1395 5274 1444 5319 et
1468 5280 1674 5336 germen
1697 5262 1954 5335 (Malach.

369 5371 442 5417 tv,
478 5356 560 5425 ι’).
592 5356 852 5411 Similiter
877 5363 933 5409 et
954 5356 1091 5409 alius
1120 5356 1253 5410 dicit
1301 5355 1564 5426 prepheta
1596 5372 1609 5407 :
1670 5354 1804 5409 Ecce
1822 5356 1960 5409 vertit

371 5443 621 5501 Dominus
651 5446 970 5515 omnipotens
993 5461 1010 5499 :
1032 5455 1081 5498 ct
1105 5447 1217 5514 quia
1242 5445 1515 5499 sustinebit
1544 5444 1681 5498 diem
1708 5445 1958 5498 aduentus

367 5536 515 5604 (jus?
533 5536 633 5587 Aut
670 5539 789 5605 quis
816 5534 1133 5607 supportabit
1162 5546 1488 5606 cottspectum
1514 5535 1623 5605 ejus
1644 5536 1669 5588 ?
1699 5532 1834 5599 Quia
1854 5538 1964 5606 ipse

369 5626 683 5697 ingredietur
706 5635 762 5679 ut
787 5628 921 5698 ignis
941 5628 1234 5696 conﬂatorii
1265 5626 1530 5698 (Malaclr.
1567 5638 1643 5691 tu,
1671 5627 1724 5697 Ι,
1743 5626 1821 5698 9.).
1854 5627 1962 5682 Sed

370 5730 425 5772 et
450 5716 613 5773 Isaias
643 5717 777 5774 dicit
819 5738 829 5770 :
862 5715 999 5773 Ecce
1036 5718 1147 5771 dies
1176 5716 1387 5773 Domini
1418 5720 1578 5773 veniet
1608 5718 1917 5772 insanabilis
1947 5758 1962 5780 ,

372 5811 480 5866 dics
504 5810 596 5867 ira:
612 5820 661 5866 et
683 5811 896 5883 furoris,
920 5810 1031 5866 dies
1047 5809 1201 5867 nubis
1220 5820 1270 5867 et
1294 5811 1490 5867 ncbula:
1511 5812 1767 5882 (Sep/ron.
1790 5828 1826 5878 ι,
1853 5810 1957 5880 15).

373 5899 432 5957 iit
466 5903 625 5971 paulo
656 5912 776 5972 post
807 5923 818 5958 :
860 5906 1051 5963 Cedunt
1078 5909 1213 5962 cnim
1237 5911 1505 5980 qna-'irtur,
1549 5919 1594 5959 rt
1631 5916 1768 5961 tam
1800 5921 1961 5961 malc-

2060 4720 2113 4765 te
2151 4710 2348 4766 doceat
2386 4710 2593 4764 tibimet
2634 4710 2771 4764 mori
2817 4720 2874 4765 et
2899 4708 3115 4764 Christo
3157 4708 3379 4763 vivere:
3410 4707 3538 4774 vel,
3595 4716 3655 4763 ut

2058 4800 2237 4855 verius
2267 4800 2553 4855 dicendum
2582 4807 2696 4863 est,
2730 4801 2827 4856 tibi
2857 4801 3041 4856 vivere
3074 4818 3085 4851 :
3121 4799 3213 4870 qui
3240 4799 3385 4854 enim
3416 4800 3656 4856 moritur

2061 4904 2158 4957 pro
2182 4887 2433 4953 Christo,
2475 4889 2591 4956 ipse
2620 4890 2783 4953 vivit;
2829 4898 2884 4944 ct
2913 4890 3004 4959 qni
3043 4890 3144 4945 sibi
3183 4890 3355 4955 vivit,
3396 4891 3653 4948 moritur.

2061 4977 2301 5033 Mortalis
2327 4990 2411 5033 est
2453 4979 2595 5034 enim
2622 5020 2637 5045 ,
2686 4981 2732 5035 si
2771 4981 3135 5036 voluntatibus
3173 4983 3285 5036 suis
3331 4982 3464 5037 vivit
3498 4982 3656 5052 jux'a

2066 5069 2194 5125 illud
2232 5069 2475 5139 Apostnli
2511 5087 2523 5122 :
2558 5070 2619 5125 Si
2656 5071 2791 5125 enim
2834 5072 3111 5126 secundum
3150 5088 3360 5142 carnem
3399 5074 3656 5139 Meritis,

2066 5163 2357 5217 moriemini
2383 5161 2560 5229 (Rom.
2591 5178 2707 5229 vm,
2745 5163 2846 5231 l5).
2882 5162 3083 5218 Videtis
3121 5177 3252 5233 ergo
3276 5203 3293 5229 ,
3323 5164 3655 5229 citatissimi,

2065 5254 2189 5325 quia
2239 5255 2290 5308 in
2326 5252 2517 5309 alienis
2556 5254 2863 5309 habitamus
2886 5293 2901 5317 ,
2929 5254 3055 5309 dum
3080 5254 3161 5308 vel
3190 5250 3301 5311 vita
3330 5264 3511 5312 nostra
3542 5272 3656 5312 non

2065 5356 2150 5403 est
2172 5354 2389 5402 nostra:
2420 5354 2473 5400 et
2502 5361 2609 5400 non
2638 5346 2795 5401 nobis
2824 5346 3007 5401 vivere
3036 5347 3324 5413 debemus;
3347 5356 3404 5403 et
3433 5348 3658 5417 grandis

2065 5441 2317 5495 violentia
2346 5447 2449 5505 cst,
2479 5455 2576 5510 per
2604 5439 2844 5494 laborem
2886 5454 3162 5508 qurercrc,
3192 5449 3250 5495 et
3276 5455 3375 5510 per
3413 5439 3657 5496 studium

2066 5534 2294 5598 habere,
2322 5534 2466 5603 quod
2497 5540 2686 5587 natura
2713 5532 2897 5587 vitiata
2940 5548 3048 5587 non
3083 5529 3398 5588 servaverit.
3424 5529 3535 5586 Sed
3566 5540 3657 5586 ta-

2066 5642 2206 5690 men.
2231 5625 2437 5680 arbitrii
2476 5623 2835 5689 electionem,
2886 5623 3083 5679 amissa
3129 5623 3253 5677 licet
3290 5617 3656 5688 b'eatitudinc,

2064 5732 2172 5771 non
2200 5717 2394 5771 amisit.
2428 5714 2558 5771 Inde
2582 5729 2726 5770 nunc
2747 5729 2843 5786 per
2867 5714 2973 5769 vim
3004 5720 3061 5769 et
3085 5712 3393 5768 violentiam
3421 5725 3652 5783 regnum

2063 5808 2299 5878 rapimus
2324 5807 2584 5863 cmlurum
2604 5845 2619 5871 ,
2648 5815 2707 5861 et
2732 5804 2862 5861 illud
2894 5803 3291 5877 quodammodo
3317 5802 3473 5876 quasi
3503 5802 3656 5859 inter

2063 5918 2147 5957 me
2170 5902 2265 5958 {ius
2290 5901 2521 5957 hostium
2551 5914 2741 5955 manus
2765 5914 2793 5954 c
2824 5899 3001 5955 medio
3024 5903 3212 5970 agonia
3235 5914 3451 5973 campo,
3472 5906 3530 5955 et
3545 5911 3652 5955 seu
