3856 6218
218 349 320 405 26⁸)

1145 343 1687 402 ΙΧΞΤΒΟΕΤΙΟΝΕΞ
1729 341 1966 396 VARH'I
2001 341 2156 396 SIVE
2195 339 2580 397 SERHONES.

3407 344 3514 397 250

223 460 529 519 certatttinis
554 460 868 530 sanguineo
919 463 1074 530 solo,
1125 462 1513 541 abstrahimur,
1543 459 1670 515 dum
1711 473 1820 514 non
1849 463 1896 519 Α
1926 473 2074 521 mus;
2104 457 2247 527 quod
2279 458 2433 514 nobis
2475 457 2617 513 Deus
2653 456 2898 514 Christus
2927 462 3184 528 przcstare
3235 457 3509 528 dignetur,

225 554 392 609 solum
423 551 491 606 ab
520 550 875 618 adversariis,
906 554 1003 608 sed
1032 568 1061 608 a
1093 554 1247 608 nobis
1276 553 1404 623 ipsis
1430 551 1615 606 durius
1642 551 1820 622 impu-

228 658 453 711 gnantur
498 642 629 696 dum
669 645 1048 713 unusquisque
1089 645 1229 698 male
1255 644 1490 714 seipsum
1519 642 1690 711 diligit
1721 683 1736 708 ,
1770 651 1826 696 et

230 738 280 786 iu
308 747 374 787 eo
395 748 508 804 quo
538 733 733 803 diligit,
784 734 1028 802 seipsum
1060 744 1220 790 nocet
1251 753 1263 787 :
1296 733 1384 788 ille
1420 734 1560 786 enim
1585 733 1722 788 bene
1744 733 1826 786 di-

231 825 378 895 ligit,
420 828 513 896 qui
544 829 781 896 seipsum
823 826 1114 882 salubriter
1151 827 1297 892 odit,
1331 826 1443 893 hoc
1465 835 1564 890 est,
1602 824 1823 898 afﬂigit;

232 920 322 989 qui
350 935 484 974 vero
511 934 630 972 suis
658 919 982 972 adversariis
1001 920 1288 982 consentit,
1319 933 1426 973 non
1457 923 1604 971 recte
1625 930 1683 970 se
1705 915 1827 968 dili—

232 1025 356 1078 gere
383 1010 609 1064 dicitur.
639 1009 870 1066 Grandis
899 1026 1028 1079 ergo
1062 1011 1276 1065 miseria
1305 1019 1415 1074 est,
1456 1009 1547 1078 qui
1589 1007 1826 1076 seipsum

234 1112 437 1153 nocens
467 1115 579 1152 non
611 1100 799 1154 sentit.
829 1099 966 1155 Cum
997 1102 1139 1154 enim
1184 1101 1297 1169 ipse
1344 1100 1446 1153 sibi
1489 1098 1650 1153 homo
1698 1113 1827 1152 cun-

235 1188 434 1241 trarius
464 1197 588 1249 est,
623 1204 733 1242 non
775 1197 854 1244 est
897 1191 1133 1243 omnium
1180 1189 1258 1243 sic
1307 1188 1454 1242 illum
1508 1201 1737 1256 pacare,
1770 1193 1827 1240 ut

235 1293 362 1335 vere
390 1281 482 1349 qui
513 1280 758 1351 seipsum
805 1280 1009 1349 diligat.
1081 1279 1426 1349 Pugnandum
1457 1294 1586 1349 ergo
1616 1279 1703 1334 hic
1744 1287 1827 1333 est

235 1381 288 1426 et
310 1371 634 1428 certandum
663 1387 786 1427 cum
817 1373 958 1427 vitiis
983 1373 1204 1434 nostris,
1241 1383 1299 1427 ut
1326 1371 1449 1426 alibi
1475 1386 1814 1426 coronemur.

235 1462 474 1532 Tempus
493 1464 643 1517 enim
668 1464 792 1531 hoc,
822 1472 1029 1532 tempus
1055 1464 1178 1518 belli
1202 1472 1318 1526 est;
1352 1462 1474 1518 ideo
1498 1463 1640 1518 enim
1665 1477 1825 1517 nemo

235 1558 387 1618 putet
431 1553 785 1608 securitatem
834 1555 887 1607 in
929 1554 1112 1618 bello,
1156 1555 1279 1624 quia
1324 1554 1503 1608 nullus
1545 1556 1741 1607 dormit
1771 1553 1822 1607 in

235 1642 396 1706 bello,
413 1652 471 1697 et
491 1645 673 1698 nullus
693 1660 915 1700 securus
938 1645 1231 1714 ingreditur
1250 1646 1442 1700 aciem.
1471 1647 1624 1698 Acies
1646 1647 1826 1712 itaque

235 1731 392 1787 nobis
420 1731 705 1800 dirigenda
733 1743 1030 1789 est-eontra
1061 1749 1222 1788 omne
1242 1734 1512 1798 vitiosum,
1542 1733 1825 1802 voluptuo-

1926 549 2018 617 qui
2059 563 2179 602 cum
2210 547 2371 604 Patre
2397 562 2612 618 meper
2653 553 2710 602 et
2751 547 2957 618 Spiritu
3005 556 3194 605 sancto
3247 555 3335 605 est
3379 564 3519 608 unus

1929 639 2068 693 Deus
2097 640 2149 693 in
2176 640 2374 696 szecula
2395 638 2742 695 medorum.
2773 639 2965 694 Amen.

2439 725 2848 785 INSTBUGTIO
2891 726 2986 784 XI.

2293 820 2369 875 De
2397 821 2672 878 dilectione
2699 818 2796 874 Dei
2825 827 2883 874 ef
2905 823 3149 890 proximi.

2000 913 2040 971 Ι.
2077 912 2289 983 Moyses
2334 912 2386 965 in
2436 904 2856 986 lego'scripsit:
2896 909 3046 966 Fecit
3076 911 3216 966 Deus
3256 916 3516 970 hominem

1927 1007 1996 1059 ad
2020 1005 2294 1075 imaginem
2325 1012 2372 1056 et
2397 1003 2790 1059 similitudinem
2816 1019 2965 1058 suam
2995 1003 3148 1074 (Gen.
3176 1019 3214 1067 I,
3235 1002 3352 1074 '26).
3373 1005 3515 1060 Cou-

1928 1097 2178 1159 siderate,
2207 1110 2421 1164 quasso,
2457 1092 2583 1147 dicti
2614 1094 2773 1163 hujus
2801 1095 3138 1164 dignitatem.
3170 1095 3312 1150 Deus
3341 1094 3518 1150 omni-

1929 1195 2139 1260 potens,
2167 1186 2464 1249 invisibilis,
2513 1185 3084 1258 incomprehensibilis,
3123 1187 3515 1248 inenarrabilis.

1931 1279 2342 1343 intestimabilis,
2399 1277 2466 1332 de
2515 1278 2643 1332 limo
2673 1277 2944 1332 hominem
2986 1276 3226 1344 ﬁngens,
3269 1276 3518 1346 imaginis

1927 1388 2037 1427 sua:
2083 1373 2342 1440 dignitate
2393 1368 2717 1423 nobilitavit.
2770 1367 2907 1434 Quid
2955 1367 3159 1442 homini
3206 1366 3274 1420 ad
3309 1367 3516 1422 Deum?

1927 1465 2066 1532 Quid
2095 1464 2283 1518 limoso
2314 1459 2496 1535 [Forte
2520 1457 2696 1530 limo],
2725 1469 2780 1514 et
2799 1457 3055 1528 Spiritui?
3084 1454 3224 1510 Deus
3245 1455 3388 1516 enim
3411 1456 3524 1528 spi-

1927 1558 2056 1609 ritus
2085 1564 2160 1609 est
2191 1542 2370 1626 (Joan.
2400 1569 2472 1619 tv,
2496 1551 2612 1620 ἰαί).
2641 1550 2873 1606 Grandis
2907 1549 3176 1618 dignatio,
3207 1547 3353 1617 quod
3374 1543 3527 1602 Deus

1906 1630 2035 1710 suae
2075 1643 2389 1698 :cternitatis
2411 1643 2721 1712 imaginem,
2749 1650 2806 1696 et
2833 1656 3043 1696 morum
3071 1653 3290 1695 suorum
3323 1637 3515 1694 simili-

1931 1732 2168 1785 tudinem
2199 1731 2402 1784 homini
2432 1721 2674 1784 doua'vit.
2705 1730 2894 1798 Magna
2924 1731 3154 1797 dignitas
3182 1731 3387 1785 homini
3417 1729 3514 1785 Dei

235 1838 378 1889 sum,
408 1820 551 1876 male
577 1821 854 1876 blandum.
889 1821 1097 1876 Sulllcit
1133 1829 1313 1878 autem
1353 1822 1710 1892 pugnantibus
1739 1822 1826 1876 ad-
1857 1819 1904 1879 Β
1928 1819 2219 1875 similitudo
2239 1859 2254 1884 ,
2288 1821 2331 1874 si
2361 1826 2743 1885 conservetur;
2774 1819 2868 1873 sed
2896 1820 3112 1888 grandis
3143 1821 3335 1873 iterum
3363 1819 3518 1895 dam-

237 1913 504 1968 versarios
524 1911 784 1968 vincere:
816 1913 860 1968 si
885 1914 1111 1984 teipsum
1136 1914 1355 1978 viceris,
1390 1915 1630 1968 omnium
1657 1916 1828 1970 victor

237 2016 326 2066 es;
358 2002 405 2058 sl
437 2018 569 2058 vero
600 2003 680 2058 tui
704 2005 882 2060 victor
901 2004 1149 2075 proprius
1175 2012 1258 2058 est
1287 2004 1379 2058 tibi
1412 2014 1676 2068 mortuus,
1715 2003 1827 2060 Deo

237 2093 390 2148 vivus
416 2098 823 2166 comprobaris;
866 2099 1083 2168 quando
1111 2107 1290 2153 autem
1333 2107 1606 2152 mortuum
1649 2097 1822 2164 audis,

237 2199 340 2253 qua
389 2185 622 2241 audacia
671 2189 968 2245 intraturus
1013 2191 1079 2244 ad
1123 2190 1385 2258 judicium
1431 2190 1664 2255 Christi,
1715 2207 1825 2246 sua:

237 2290 416 2331 mune
444 2277 768 2333 advocatum
814 2289 870 2335 et
899 2281 981 2335 sui
1020 2282 1271 2336 desiderii
1317 2275 1683 2352 suggestorem
1711 2326 1727 2348 ,
1771 2293 1826 2338 et

236 2366 318 2420 sui
362 2375 710 2438 contemptus
762 2370 1028 2432 ultorem,
1078 2373 1440 2442 unusquisque
1476 2390 1572 2444 pro
1611 2374 1826 2430 Clu-ista

238 2457 594 2526 martyrizans
642 2473 705 2513 se
751 2460 925 2527 ipsum
967 2460 1111 2516 facit.
1171 2462 1226 2515 Si
1276 2463 1418 2515 enim
1462 2477 1586 2516 vere
1625 2462 1823 2517 Christi

237 2563 453 2602 crucem
494 2551 892 2618 assumpsisset,
927 2551 1057 2604 nihil
1087 2552 1135 2604 ei
1168 2553 1358 2605 horum
1390 2552 1549 2610 licere
1579 2553 1824 2606 animad-

240 2645 494 2700 verteret,
525 2639 651 2706 quia
683 2647 736 2691 et
766 2638 1009 2692 Christus
1043 2640 1095 2693 in
1128 2640 1232 2695 huc
1253 2642 1554 2709 exemplum
1578 2642 1744 2708 dedit,
1769 2651 1828 2696 ut

239 2731 418 2784 nullus
445 2729 589 2799 quod
620 2743 779 2782 suum
821 2738 905 2784 est
942 2738 1179 2798 quierat,
1233 2730 1461 2786 dicendo
1489 2749 1501 2783 :
1529 2730 1652 2786 Non
1696 2734 1828 2786 sicut

235 2839 331 2894 ego
360 2823 491 2884 volo,
522 2822 614 2876 sed
632 2822 766 2875 sicut
807 2831 859 2874 tu
895 2823 968 2875 ris
994 2821 1208 2887 (Matth.
1240 2838 1384 2888 xm,
1419 2823 1532 2894 59),
1565 2832 1618 2878 ct
1649 2841 1661 2876 :
1695 2823 1829 2879 Des-

237 2917 387 2970 τειιᾶ
410 2933 512 2970 non
541 2925 596 2968 ut
623 2916 818 2984 {etiam
850 2916 1160 2971 voluntatem
1182 2934 1347 2972 meant
1370 2961 1383 2986 ,
1408 2920 1498 2973 sed
1520 2919 1829 2974 voluntatem

235 3008 347 3077 ejus
373 3008 461 3080 qui
489 3006 628 3060 misit
655 3023 738 3060 me
764 3006 943 3077 (Joan.
974 3022 1042 3070 vt,
1073 3007 1184 3078 38).

309 3099 398 3154 IV.
431 3099 501 3156 Se
530 3100 902 3169 unusquisque
941 3100 1283 3164 consideret,
1316 3116 1384 3156 ne
1429 3100 1562 3156 liber
1591 3112 1647 3158 et
1674 3104 1826 3160 vii-us

1933 1914 2104 1978 natio,
2137 1912 2229 1966 Dei
2253 1912 2499 1981 imaginis
2523 1909 2763 1967 violatio.
2792 1910 2947 1977 Quod
2969 1911 3111 1965 enim
3134 1911 3298 1965 homo
3319 1910 3518 1980 accipit

1929 2007 1997 2062 de
2026 2005 2151 2060 flatu
2182 2006 2296 2072 Dei,
2337 2006 2379 2060 si
2416 2006 2468 2059 in
2499 2007 2828 2060 centrarimn
2857 2005 3232 2075 depravaverit
3255 2017 3432 2071 usum,
3463 2012 3519 2059 et

1928 2098 2245 2155 beneﬁcium
2295 2104 2499 2153 naturai
2538 2098 3019 2160 contaminaverit;
3055 2106 3180 2152 tunc
3207 2096 3301 2152 Dei
3329 2096 3518 2151 simi‘d-

1930 2191 2171 2246 tudinem
2219 2191 2534 2260 Corrumpit,
2578 2201 2634 2245 ct
2677 2198 2934 2258 quantum
2975 2190 3026 2244 in
3052 2203 3110 2244 se
3139 2197 3222 2253 est
3257 2188 3404 2247 delet
3431 2206 3444 2242 :
3471 2188 3518 2244 si

1930 2292 2106 2337 autem
2139 2281 2330 2336 animat
2363 2281 2533 2338 insitis
2557 2281 2843 2336 virtutibus
2864 2296 2991 2335 usus
3023 2278 3184 2334 fuerit
3212 2280 3262 2334 in
3286 2277 3514 2344 rectum,

1929 2384 2053 2429 tunc
2083 2374 2194 2428 Deo
2218 2373 2320 2428 erit
2345 2372 2552 2428 similis.
2587 2371 2943 2440 Quascunque
2969 2385 3099 2440 ergo
3121 2370 3260 2424 Deus
3282 2370 3335 2424 in
3361 2369 3517 2424 nobis

1931 2466 1981 2519 in
2011 2466 2185 2532 prima
2219 2475 2401 2518 nostra
2432 2464 2743 2518 conditione
2773 2463 3001 2516 virtutes
3030 2460 3346 2527 seminavit,
3373 2461 3515 2529 ipsas

1929 2557 1975 2609 ci
2009 2556 2230 2609 reddere
2277 2570 2373 2608 nos
2422 2555 2700 2623 princeptis
2745 2553 2948 2607 docuit.
2983 2553 3093 2605 Hoc
3123 2551 3464 2619 estprimum
3501 2567 3513 2602 :

1930 2647 2158 2718 Diligere
2179 2663 2242 2699 ea:
2265 2653 2370 2698 toto
2393 2645 2546 2699 corde
2568 2643 2733 2696 Deum
2753 2652 2984 2697 nostrum
3020 2640 3232 2713 (Matth.
3260 2657 3387 2704 xxii,
3411 2640 3516 2703 '57;

1932 2738 2102 2791 Marc.
2137 2752 2226 2797 xtl.
2259 2735 2369 2803 '50),
2402 2736 2523 2806 quia
2548 2734 2658 2804 ipse
2683 2734 2828 2803 prior
2849 2732 3034 2801 dilexit
3064 2746 3154 2784 rios
3187 2730 3236 2802 (1
3261 2728 3418 2783 Joan.
3441 2744 3516 2792 tv,

1932 2829 2019 2898 id)
2050 2829 2117 2883 ab
2146 2828 2297 2883 initio
2325 2835 2380 2882 et
2405 2834 2694 2893 antequam
2719 2839 2975 2878 essemus.
3003 2823 3093 2877 Dei
3115 2823 3257 2876 enim
3280 2820 3516 2887 dilectio,

1934 2918 2178 2990 imaginis
2207 2919 2324 2987 ejus
2352 2915 2653 2971 renovatio.
2683 2914 2851 2970 Deum
2884 2923 3062 2968 autem
3085 2905 3259 2983 diligit
3285 2911 3378 2984 qui
3397 2911 3516 2981 ejus

1933 3013 2183 3066 mandata
2216 3009 2483 3073 custodit;
2517 3007 2653 3061 dixit
2680 3008 2822 3062 enim
2858 3025 2869 3059 :
2904 3005 2966 3062 Si
2994 3006 3210 3078 diligitis
3239 3021 3341 3073 me,
3365 3009 3515 3060 man-

1930 3105 2056 3158 data
2086 3122 2136 3158 nt
2156 3121 2195 3157 τι
2220 3112 2415 3158 servate
2442 3101 2616 3174 (Joan.
2645 3101 2901 3169 xxviii);
2935 3102 3040 3156 hoc
3078 3109 3160 3155 cst
3205 3100 3514 3155 mandatum

237 3193 289 3249 in
318 3193 442 3250 Ιοου
467 3192 607 3247 servi
639 3202 696 3246 et
723 3193 967 3248 crucitixi
999 3193 1335 3259 inveniatur;
1374 3202 1428 3248 et
1458 3197 1825 3266 unusquisque
1853 3174 1899 3236 θ
1932 3195 2067 3264 ejus,
2099 3195 2318 3249 dilectio
2346 3193 2595 3256 invicem,
2623 3191 2774 3260 juxta
2807 3189 2935 3245 illud
2970 3208 2983 3244 :
3017 3189 3132 3244 Hoc
3173 3198 3250 3244 est
3289 3189 3514 3243 manda-

239 3285 290 3338 in
319 3300 432 3356 quo
461 3294 685 3339 vocatus
715 3293 816 3346 est,
853 3285 905 3338 in
936 3300 1002 3339 eo
1033 3293 1347 3355 permaneat
1378 3287 1520 3358 apud
1555 3288 1738 3351 Deum,
1772 3296 1827 3342 et

236 3376 373 3432 sicut
401 3375 692 3446 Apostolus
713 3373 850 3428 dixit
874 3393 888 3428 :
912 3375 1030 3430 Siue
1051 3376 1196 3440 liber,
1222 3376 1325 3429 sive
1348 3377 1603 3446 subjectus
1627 3377 1679 3448 (1
1700 3377 1821 3433 Cor.

239 3484 328 3532 xn,
366 3467 454 3536 l3)
484 3468 583 3522 sub
621 3467 754 3536 jugo
796 3467 1128 3530 humilitatis,
1171 3469 1326 3537 quasi
1353 3469 1493 3523 servi
1527 3471 1575 3522 in
1604 3470 1822 3526 Christo

236 3562 358 3615 sint.
377 3558 577 3615 Contra
602 3574 661 3613 se
682 3573 810 3628 ergo
834 3559 1199 3628 unusquisque
1220 3570 1480 3626 nostrum,
1500 3560 1816 3628 charissimi,

237 3651 417 3706 veniat
443 3670 457 3705 :
485 3668 608 3705 nam
639 3651 683 3705 si
716 3667 822 3705 non
864 3661 1052 3704 contra
1083 3653 1474 3722 nosmetipsos,
1502 3653 1597 3708 sed
1631 3664 1819 3709 contra

239 3747 431 3802 fratres
458 3748 734 3809 vivamus,
767 3755 822 3800 et
851 3746 892 3799 si
943 3747 1226 3815 loquamur
1270 3757 1331 3802 ut
1376 3749 1541 3812 libet,
1593 3766 1698 3804 non
1740 3761 1822 3805 et

239 3852 381 3902 vera,
418 3839 511 3894 sed
546 3838 674 3892 falsa
705 3840 894 3908 religio
926 3849 1129 3896 nostra.
1186 3842 1324 3896 Nihil
1372 3843 1553 3913 itaque
1596 3844 1818 3898 liberum

241 3929 288 3983 in
318 3931 491 3986 servis
521 3929 717 3986 Christi
745 3946 864 3986 csse
893 3932 1071 3996 debet,
1106 3940 1161 3986 et
1187 3933 1315 3986 nihil
1347 3933 1510 3987 altum
1538 3935 1588 3988 in
1622 3933 1774 3990 Chris
1804 3935 1817 3987 i

237 4035 352 4076 esse
383 4021 682 4077 humilitate
710 4031 946 4091 oportet.
969 4022 1084 4078 Non
1107 4026 1273 4079 simus
1302 4039 1428 4092 ergo
1454 4026 1688 4095 superbi,
1714 4043 1819 4081 non

236 4111 400 4165 simus
427 4111 684 4181 protervi,
711 4128 820 4166 non
850 4113 1033 4179 liberi;
1064 4113 1158 4167 sed
1189 4115 1356 4168 simus
1377 4115 1623 4181 humiles,
1650 4117 1818 4179 lenes,

237 4200 496 4265 effabiles,
525 4217 862 4266 communes,
889 4213 948 4257 ut
973 4203 1086 4258 Rex
1110 4205 1346 4268 humilis,
1377 4207 1511 4260 alius
1543 4216 1739 4271 tamen,
1768 4209 1819 4262 in

238 4294 388 4348 nobis
413 4293 656 4348 Christus
683 4304 887 4362 regnet.
917 4293 1023 4348 Sed
1057 4303 1115 4348 ut
1137 4296 1276 4350 hanc
1297 4297 1562 4352 salubrem
1594 4308 1819 4353 mortem

239 4384 470 4454 quadam
498 4383 612 4453 spci
645 4385 912 4438 suavitate
938 4383 1256 4452 diligamus,
1289 4385 1446 4439 linem
1474 4393 1588 4453 ejus
1633 4389 1819 4441 audia-

239 4492 372 4530 mus.
433 4475 564 4541 Quis
592 4476 733 4529 euim
765 4489 953 4529 revera
996 4473 1205 4530 felicior
1231 4486 1313 4530 est
1351 4477 1442 4532 illo
1484 4479 1635 4545 cujus
1677 4495 1822 4533 mors

1931 3299 2036 3341 tant
2061 3303 2264 3352 meum,
2313 3296 2370 3339 ut
2413 3286 2643 3356 diligatis
2684 3285 2899 3339 invicem
2923 3325 2938 3349 ,
2982 3286 3112 3339 sicut
3142 3294 3192 3337 et
3219 3300 3313 3353 ego
3353 3284 3514 3337 dilexi

1927 3397 2011 3434 ros
2042 3378 2222 3448 (Joan.
2259 3394 2368 3443 xm,
2402 3377 2516 3445 54).
2565 3376 2791 3432 Dilectio
2835 3385 3014 3430 autem
3045 3389 3172 3429 vera
3221 3391 3323 3428 non
3367 3373 3514 3428 verbo

1925 3481 2006 3530 est
2047 3481 2291 3533 tantum,
2341 3469 2432 3523 scd
2462 3484 2614 3537 apere
2641 3478 2690 3521 ct
2717 3469 2928 3522 ueritate
2957 3466 3009 3537 (1
3049 3466 3210 3520 Joan.
3254 3481 3350 3531 ιιι,
3398 3463 3510 3535 28).

1925 3564 2236 3619 dedamus
2266 3565 2450 3631 itaque
2500 3561 2612 3616 Deo
2658 3569 2844 3615 nostro
2869 3597 2884 3621 ,
2936 3558 3081 3613 Patri
3114 3567 3328 3614 nostro.
3358 3569 3512 3610 suain

1924 3662 2208 3730 iamginem
2239 3659 2545 3712 inviolatam
2578 3658 2626 3710 iu
2655 3659 2956 3719 sanctitate,
2986 3655 3110 3723 quit
3149 3654 3238 3706 ille
3284 3659 3504 3706 sanctus

1923 3763 2025 3819 cst,
2052 3753 2203 3821 juxta
2238 3751 2364 3804 illud
2393 3767 2408 3806 :
2442 3749 2627 3803 Sancti
2656 3757 2849 3809 estote,
2881 3747 3002 3815 quin
3036 3762 3129 3815 ego
3158 3753 3366 3797 sanctus
3397 3758 3511 3796 sum

1923 3844 2067 3911 (Leu.
2103 3859 2176 3910 xt,
2203 3841 2306 3907 M;
2341 3840 2368 3894 Ι
2401 3840 2546 3894 Petr.
2581 3855 2618 3904 ι,
2653 3838 2744 3908 16)
2780 3856 2792 3890 :
2828 3837 2880 3891 in
2911 3837 3195 3898 charitate,
3228 3834 3353 3901 quia
3376 3833 3511 3887 cha-

1922 3934 2052 3988 rites
2105 3940 2205 3997 est,
2248 3932 2399 3998 juxta
2453 3928 2581 3983 illud
2642 3926 2906 3982 Joannis:
2941 3925 3081 3978 Deus
3140 3925 3369 3978 cltaritas
3435 3932 3513 3978 est

1923 4025 1975 4099 (ι
2005 4025 2164 4080 Joan.
2199 4041 2266 4089 tv,
2299 4023 2353 4094 8)
2390 4042 2402 4075 τ
2436 4024 2488 4078 in
2521 4022 2725 4093 pietate
2754 4031 2808 4076 et
2833 4020 3080 4087 veritate,
3111 4018 3237 4089 quia
3274 4017 3362 4072 ille
3389 4018 3509 4088 pius

1923 4127 1978 4173 Cl
2008 4132 2166 4172 verax
2190 4125 2289 4170 ΘΜ.

1992 4210 2057 4265 Η.
2089 4209 2165 4264 Ne
2209 4210 2376 4262 simus
2405 4207 2590 4261 alicnrc
2619 4206 2864 4274 imaginis
2894 4206 3131 4274 pictores
3166 4222 3180 4258 :
3213 4202 3510 4276 tyrannica:

1925 4303 2066 4356 enim
2096 4298 2338 4367 imaginis
2369 4298 2543 4366 pictor
2567 4305 2668 4357 est,
2695 4295 2785 4363 q'ui
2809 4295 2953 4348 ferus
2974 4303 3076 4357 est,
3103 4294 3192 4364 qui
3221 4291 3510 4348 iracundus

1923 4404 2024 4459 est,
2053 4392 2144 4463 qui
2187 4391 2449 4460 superbus
2476 4392 2578 4443 est'.
2619 4388 2768 4442 Sicut
2796 4387 2938 4441 enim
2970 4385 3097 4442 falsa
3129 4375 3351 4442 scientia
3379 4384 3510 4453 legi-

1928 4495 2042 4550 tur,
2073 4485 2151 4537 s’c
2196 4481 2326 4534 falsa
2357 4481 2515 4534 etiam
2561 4481 2736 4548 imago
2779 4479 3020 4533 umbrata
3072 4476 3508 4546 deprehenditur.

237 4573 340 4625 vita
368 4580 468 4633 est,
499 4569 652 4639 cujus
676 4571 784 4623 vita
817 4568 1062 4624 Christus
1091 4577 1171 4623 est
1192 4611 1205 4634 ,
1236 4578 1291 4625 et
1329 4571 1578 4624 Salvator
1617 4586 1822 4624 merces
1857 4553 1901 4609 ί)
1929 4574 2104 4629 Divisa
2133 4581 2215 4628 est
2243 4574 2387 4626 enim
2419 4572 2616 4625 veritas
2645 4586 2674 4624 a
2704 4570 2955 4636 f..lsitate,
2981 4567 3186 4636 justitia
3215 4569 3282 4622 ab
3317 4565 3509 4635 iniqui-

239 4668 348 4718 cst:
383 4660 467 4713 cui
498 4659 691 4712 uelum
723 4657 1036 4711 humiliatur
1077 4666 1133 4710 et
1179 4658 1460 4726 paradisus
1506 4666 1688 4727 patet;
1734 4659 1820 4714 cui

239 4760 377 4802 tetra
410 4747 669 4814 celestis,
701 4758 755 4802 ct
787 4746 1026 4801 infernus
1053 4747 1232 4801 clusus
1253 4757 1362 4812 est;
1390 4749 1474 4803 cui
1497 4749 1664 4817 jauua
1694 4766 1823 4818 ape-

238 4839 370 4893 riiur
397 4846 451 4892 et
478 4841 586 4892 vita
614 4854 722 4893 non
753 4837 968 4905 linitur;
999 4840 1082 4892 cui
1114 4838 1256 4893 Deus
1297 4837 1486 4905 Pater,
1518 4847 1574 4892 ct
1601 4840 1821 4908 angelus

239 4930 511 4992 minister;
539 4929 632 4998 qui
664 4929 731 4983 de
758 4930 907 4983 brevi
937 4929 1152 4999 longum
1177 4969 1192 4992 ,
1225 4929 1294 4985 de
1341 4929 1538 4984 misero
1581 4932 1817 4996 beatum,

238 5021 301 5074 de
327 5019 534 5076 caduco
559 5029 844 5084 :ctcruum,
869 5020 936 5074 de
958 5020 1093 5076 tristi
1120 5022 1318 5084 lautum,
1347 5023 1412 5076 de
1435 5022 1619 5076 humili
1643 5025 1821 5078 excel-

241 5127 375 5173 sum,
414 5110 480 5166 de
511 5119 656 5165 terra
687 5112 905 5178 cmlum,
933 5112 1000 5166 de
1027 5114 1239 5166 mortali
1271 5112 1462 5180 Demn,
1492 5113 1633 5168 felici
1665 5130 1818 5169 com-

243 5204 438 5260 mercio
467 5204 738 5274 acquirit?
764 5203 819 5258 Si
851 5205 1030 5273 itaque
1067 5207 1348 5274 prtesentia
1383 5203 1740 5276 despiciemus
1767 5215 1822 5260 ct

245 5295 416 5349 futura
461 5295 804 5351 solummodo
855 5309 1197 5364 qumnmus,
1255 5296 1369 5352 hac
1418 5297 1598 5351 omnia
1659 5313 1819 5367 supra

244 5385 380 5442 dicta
428 5385 481 5441 in
529 5386 726 5443 melius
753 5396 1170 5443 commutamus.
1210 5388 1315 5444 Sed
1356 5391 1400 5444 si
1450 5389 1614 5460 (quod
1659 5390 1820 5460 absit)

246 5477 446 5546 potiora
469 5477 815 5533 inferioribus
834 5486 1244 5549 postponamus,
1267 5489 1493 5550 utraque
1517 5481 1634 5536 sine
1655 5482 1818 5536 dubio

246 5569 543 5636 pudentius.
575 5569 942 5638 Quamobrem
981 5573 1026 5628 si
1064 5587 1187 5628 cum
1233 5571 1358 5628 Jesu
1407 5574 1571 5628 vitam
1611 5589 1820 5644 quaera-

250 5673 380 5729 mus,
403 5667 433 5700 ι
459 5669 522 5718 ιιι
545 5662 1018 5719 mortiﬁcationem
1043 5663 1162 5733 ejus
1189 5671 1316 5719 ante
1340 5664 1394 5719 in
1428 5665 1583 5720 uobis
1615 5664 1818 5720 habea-

1931 4674 2060 4728 tate,
2106 4665 2341 4718 charilas
2368 4678 2397 4716 a
2428 4662 2761 4729 malignitate
2784 4701 2799 4725 ,
2832 4659 3105 4728 diligentia
3136 4675 3163 4712 a
3195 4660 3507 4721 securitate,

1928 4760 2150 4831 arquitas
2179 4773 2207 4812 a
2237 4758 2532 4828 pravitate,
2561 4755 2776 4810 dilectio
2805 4769 2833 4807 a
2862 4753 3206 4807 simulatione
3238 4770 3249 4803 :
3280 4759 3335 4805 ct
3366 4759 3508 4804 utra-

1928 4865 2033 4920 que
2063 4848 2319 4918 imagines
2340 4846 2596 4917 quasdam
2623 4846 2672 4898 in
2698 4844 2852 4899 nubis
2879 4844 3124 4913 pingunt,
3147 4841 3248 4897 sibi
3277 4839 3505 4895 invicem

1927 4943 2247 4996 contrarias.
2279 4937 2456 4993 Pietas
2482 4939 2623 4991 enim
2655 4945 2709 4990 et
2737 4935 3003 5005 impietas,
3049 4949 3153 5004 pax
3200 4941 3256 4988 ct
3298 4932 3506 4987 discor—

1926 5030 2012 5084 dia
2044 5029 2310 5084 contraria
2342 5028 2439 5081 sibi
2471 5033 2614 5081 sunt.
2657 5025 2735 5079 Ne
2763 5026 2901 5079 forte
2932 5025 3111 5093 itaque
3142 5023 3294 5077 nobis
3326 5031 3508 5094 tyran-

1927 5121 2074 5176 nicas
2101 5119 2500 5172 introducamns
2532 5117 2810 5185 imagines,
2834 5115 3076 5169 Christus
3105 5115 3157 5169 in
3187 5114 3342 5170 nobis
3380 5115 3505 5184 pin-

1924 5221 2016 5280 gat
2065 5225 2214 5265 suam
2262 5209 2588 5277 imaginem,
2643 5208 2734 5275 qui
2784 5207 2953 5276 pinxit
3004 5205 3231 5262 dicendo
3261 5223 3274 5258 :
3307 5205 3502 5261 Parent

1924 5318 2087 5355 meum
2117 5302 2181 5354 do
2210 5301 2367 5366 vobis,
2391 5316 2569 5370 pacem
2588 5317 2752 5353 nteant
2775 5300 3004 5369 relinquo
3025 5299 3163 5353 vobis
3189 5297 3367 5370 (Joan.
3394 5314 3504 5365 liv,

1925 5392 2037 5464 27).
2080 5392 2184 5447 Sed
2212 5392 2338 5461 quid
2378 5392 2601 5463 prodest
2627 5392 2771 5462 quod
2817 5392 3014 5447 scimus
3041 5392 3167 5460 quia
3210 5407 3315 5462 pax
3361 5392 3503 5448 bona

1925 5495 2042 5550 cst,
2092 5485 2136 5539 si
2185 5501 2290 5540 non
2338 5486 2477 5540 bene
2523 5487 2806 5541 servetur?
2849 5484 3002 5541 Solet
3043 5485 3188 5540 enim
3238 5485 3502 5555 optimum

1925 5577 2174 5646 quodque
2200 5577 2594 5647 fragilissimum
2625 5577 2770 5646 ﬁeri;
2794 5586 2848 5633 et
2877 5579 3110 5648 pretiosa
3135 5591 3364 5649 qumque
3384 5590 3501 5630 ma-

1924 5669 2026 5737 jori
2050 5667 2257 5723 cautela
2277 5676 2332 5723 ct
2356 5667 2679 5737 diligentiori
2703 5669 2946 5727 custodia
2969 5669 3210 5738 indigent
3237 5685 3252 5724 :
3279 5666 3503 5724 nimium

315 5790 340 5820 ⁸
372 5781 436 5840 Ut
463 5785 659 5849 mortif.
696 5784 1151 5863 Prmtttiltetidtttit,
1179 5804 1304 5858 opus
1334 5796 1425 5855 cst,
1471 5797 1557 5845 aut
1581 5788 1707 5860 quid
1737 5789 1907 5844 simi‘e
1937 5804 2148 5844 sensum
2181 5789 2471 5860 tutt'p'cm.
