3856 6218
426 358 527 418 251

1659 372 1716 427 8.
1757 372 2150 430 COLUMBANI
2189 378 2477 439 ABBATIS

3593 402 3695 458 9.53

424 474 570 532 enim
598 474 785 547 fragile
811 483 912 543 est,
943 479 1087 548 quod
1114 478 1218 536 levi
1241 493 1494 538 sermone
1520 485 1784 553 perditur,
1815 494 1871 542 et
1904 488 2011 543 mi-
2038 488 2080 546 Λ
2112 491 2372 563 inspirare
2401 498 2649 569 dignetur
2677 504 2935 565 Dominus
2963 517 3146 566 noster
3172 519 3225 566 et
3254 501 3507 568 Salvator
3532 511 3693 575 Iesus

424 567 572 623 nima
616 566 795 625 iratris
840 568 1060 626 laesione
1098 570 1328 642 deperit.
1383 572 1598 629 Nullum
1639 577 1783 632 enim
1835 579 2005 644 laedis,

423 657 640 729 quando
666 658 718 715 ei
743 658 1014 728 adularis;
1044 671 1100 717 et
1128 663 1259 718 nulli
1300 663 1557 721 blandiris
1576 704 1594 732 ,
1624 667 1841 736 quando
1884 684 2006 725 eum

422 748 675 820 despicis.
715 748 813 806 Dic
838 752 982 806 enim
1019 751 1188 807 Fatue
1214 753 1430 817 (Matth.
1462 773 1514 821 v,
1545 756 1670 826 εξ),
1718 766 1773 814 et
1814 776 2006 831 pacem

421 840 657 909 violasti,
688 848 746 897 et
785 856 910 897 reus
941 840 1118 900 factus
1143 859 1204 900 es
1243 845 1523 913 gehennae.
1571 850 1877 906 Cavendum
1923 864 2007 909 est

420 932 605 1003 itaque
629 932 971 989 dilectionem
998 931 1293 992 fraternam
1324 938 1663 997 studentibus
1708 943 2001 1013 complere,

418 1021 569 1092 loqui
598 1028 658 1076 ut
684 1021 856 1087 libet,
897 1031 953 1078 et
981 1038 1079 1093 pro
1102 1025 1268 1079 animi
1294 1035 1445 1082 motu
1472 1026 1711 1095 linguam
1754 1046 2001 1099 movere;

416 1111 543 1167 dum
574 1127 683 1168 non
708 1112 885 1169 solum
913 1113 982 1169 de
1011 1114 1308 1184 injuriosis,
1358 1116 1453 1171 sed
1501 1118 1663 1173 etiam
1704 1120 1773 1177 de
1816 1124 2005 1178 Otiosis

415 1203 758 1259 sermonibus
804 1205 1071 1261 rationem
1118 1206 1405 1262 reddemus
1450 1207 1665 1279 (Matth.
1716 1229 1795 1268 xu
1819 1254 1836 1279 ,
1883 1214 1997 1287 36).

414 1291 760 1365 Quapropter
783 1296 1106 1351 studendum
1136 1306 1221 1353 est
1250 1300 1302 1354 in
1328 1300 1511 1357 multis
1532 1304 1873 1361 sermonibus
1895 1323 2001 1364 non

415 1384 717 1454 immorari,
743 1386 837 1443 sed
864 1390 1166 1445 necessaria
1196 1406 1423 1462 quaeque
1470 1394 1635 1465 loqui.
1681 1396 1823 1452 Nihil
1856 1401 1998 1455 enim

412 1474 633 1530 suavius
658 1475 987 1544 hominibus,
1018 1495 1177 1549 quam
1206 1482 1381 1538 aliena
1410 1484 1557 1554 loqui
1603 1496 1658 1541 et
1697 1488 1871 1544 aliena
1900 1506 1998 1546 cu-

413 1578 570 1629 rare,
603 1572 659 1619 et
686 1567 861 1622 otiosa
890 1569 1089 1638 passim
1133 1572 1297 1628 verba
1329 1575 1591 1645 proferre,
1621 1586 1673 1633 et
1706 1580 1774 1636 de
1804 1582 2001 1638 absen-

418 1655 562 1711 tibus
589 1655 903 1723 detrahere;
949 1667 1005 1715 et
1051 1661 1173 1718 ideo
1203 1665 1295 1734 qui
1344 1682 1450 1722 non
1502 1680 1728 1741 possunt
1767 1673 1993 1730 dicere:

410 1742 667 1801 Dominus
692 1746 836 1801 dedit
862 1749 987 1803 milii
1013 1754 1245 1821 linguam
1273 1756 1550 1821 eruditam,
1583 1767 1641 1811 ut
1683 1764 1875 1830 possim
1903 1781 1996 1819 su-

2107 579 2387 651 Christus,
2439 592 2531 659 qui
2584 592 2836 665 dignatus
2888 610 2972 655 est
3018 602 3187 665 dare,
3235 604 3386 674 pacis
3439 607 3696 665 comiitor

2107 685 2161 730 et
2190 678 2466 738 charitatis
2495 682 2670 753 Deus,
2698 689 2783 744 cui
2812 690 2983 759 gloria
3027 692 3081 747 in
3121 695 3315 750 smcula
3341 698 3691 757 smculorum.

2107 768 2297 825 Amen.

2609 868 3020 930 INSTRUCTIO
3062 875 3173 933 XII.

2109 949 2186 1006 De
2226 961 2614 1027 compunctione
2650 972 2700 1016 et
2747 966 3017 1035 vigilantia
3058 989 3160 1042 qua
3197 971 3399 1030 Iudicis
3435 976 3690 1034 adtentus

2638 1042 3012 1105 exspectandus
3047 1053 3144 1096 est.

2173 1134 2214 1191 l.
2247 1136 2689 1211 Compunctionis
2730 1155 3043 1209 necessaria:
3084 1155 3497 1213 insinuationem
3525 1175 3694 1230 supe-

2106 1224 2337 1283 rioribus
2359 1236 2902 1297 sermocinationibus
2932 1253 3205 1314 utcunque
3247 1263 3537 1319 suggerere
3569 1262 3690 1307 ten-

2105 1315 2354 1383 tavimus,
2378 1329 2435 1375 et
2461 1325 2611 1391 quasi
2634 1328 2951 1400 soliloquus,
2975 1336 3176 1406 proprii
3206 1337 3347 1404 licet,
3374 1342 3548 1397 omnis
3572 1350 3687 1398 tam

2103 1402 2289 1487 [Forte
2319 1414 2519 1485 tamen]
2565 1420 2743 1475 cordis
2781 1422 3049 1491 ignaviam
3080 1431 3343 1487 suscitare
3370 1434 3640 1490 voluimus
3671 1454 3684 1488 :

2100 1495 2196 1549 sed
2248 1500 2373 1566 quia
2425 1501 2547 1559 liiiei
2597 1519 2885 1579 paupertas
2929 1522 2984 1570 et
3030 1519 3209 1575 carnis
3254 1522 3509 1578 ‘voluntas
3556 1541 3683 1581 eum

2101 1586 2282 1642 mundi
2311 1591 2694 1661 cupiditatibus
2740 1602 2857 1659 haec
2899 1608 3311 1677 castigationum
3344 1614 3683 1673 documenta

2102 1677 2283 1745 tepide
2314 1683 2537 1739 audiens
2586 1694 2883 1749 contemnit
2908 1734 2924 1760 ,
2947 1712 3189 1770 persaepe
3216 1703 3407 1759 eadem
3439 1706 3684 1764 iteranda

2101 1780 2263 1821 sunt:
2293 1770 2338 1825 si
2366 1775 2510 1828 enim
2540 1774 2669 1833 fides
2695 1780 2856 1838 dubia
2903 1802 3008 1841 non
3038 1800 3224 1858 esseL,
3269 1796 3352 1849 vel
3399 1813 3565 1854 unum
3615 1799 3684 1858 de

2903 1834 3008 1841 ἡ-.-
3042 1834 3224 1858 μνη,
3279 1834 3352 1849 η..
3400 1834 3565 1854 ..υ-ι...
3615 1834 3682 1858 υς

408 1834 598 1889 stinere
620 1852 733 1889 eum
762 1838 848 1906 qui
876 1837 1046 1893 lassus
1070 1849 1176 1906 est,
1206 1842 1355 1896 verba
1386 1843 1523 1916 (Isa.
1553 1862 1613 1911 ι,
1643 1846 1719 1918 4),
1755 1854 1990 1920 taceant,
2027 1862 2070 1922 Β
2097 1864 2416 1929 supradictis
2455 1867 2619 1926 divini
2662 1877 2862 1931 oraculi
2907 1881 3224 1939 testimoniis
3271 1887 3483 1943 abunde
3528 1892 3682 1947 suilli-

408 1935 465 1982 ct
489 1927 536 1983 si
570 1928 697 1998 quid
731 1928 944 1997 dicant,
986 1932 1268 2001 paciﬁcum
1307 1935 1397 1990 sit.
1439 1936 1691 2005 Quamvis
1728 1943 1992 2003 enimsa-

406 2020 583 2091 piens,
609 2022 784 2077 minus
805 2025 988 2093 paucis
1015 2024 1237 2081 oll'endit
1264 2031 1604 2087 sermonibus
1622 2072 1639 2095 ,
1669 2039 1995 2103 quantuml-

407 2109 474 2166 tis
504 2127 519 2163 :
548 2110 762 2179 quando
791 2112 933 2166 enim
964 2114 1329 2187 unusquisque
1379 2122 1655 2185 mentitur,
1696 2128 1991 2194 maledicit,

405 2196 658 2260 detrahit,
710 2198 947 2269 scipsunt
994 2203 1214 2272 proprio
1257 2221 1517 2265 mucrone
1552 2211 1777 2280 jugulat.
1850 2217 1991 2284 Quid

404 2294 585 2367 autem
614 2288 755 2343 aliud
790 2290 945 2344 nobis
984 2292 1183 2349 inimici
1209 2305 1509 2367 Optassent,
1553 2304 1653 2356 nisi
1696 2314 1754 2360 ut
1794 2311 1993 2366 nostris

405 2353 571 2431 armis
594 2378 827 2447 prepriis
855 2382 1366 2441 succumberemus?
1411 2386 1539 2445 Noli
1586 2395 1873 2461 detrahere,
1916 2402 1989 2456 ait

403 2462 679 2535 Scriptura
698 2508 722 2533 ,_
765 2484 829 2522 ne
874 2472 1095 2527 eradicet
1110 2475 1152 2527 is
1183 2474 1407 2546 (Psalm.
1442 2496 1636 2548 xxxvr,
1670 2483 1721 2548 8,
1756 2486 1830 2553 9;.
1860 2487 1990 2545 Vide

394 2555 528 2624 quid
560 2556 835 2613 laboratur
882 2559 934 2613 in
986 2564 1239 2631 operibus
1284 2566 1577 2637 impietatis
1602 2590 1614 2626 :
1643 2572 1904 2632 habitatio
1935 2587 1990 2633 et

403 2646 684 2714 plantatio,
713 2664 873 2719 quam
900 2653 987 2706 vix
1010 2656 1213 2723 magnis
1235 2672 1297 2712 ac
1320 2658 1515 2716 divinis
1543 2663 1816 2723 laboribus
1839 2671 1989 2738 plan-

410 2746 589 2790 tamus
611 2776 627 2801 ,
675 2752 783 2793 uno
826 2739 1176 2799 detractionis
1206 2747 1368 2802 verbo
1397 2750 1732 2822 eradicatur;
1765 2767 1819 2811 et
1844 2763 1988 2829 quod

402 2826 566 2896 longe
593 2827 779 2884 labore
806 2829 893 2885 vix
918 2843 1081 2902 queat
1123 2836 1379 2906 stabiliri,
1412 2842 1565 2897 unius
1594 2850 1858 2904 sermonis
1882 2852 1987 2906 im-

401 2924 528 2985 petu
552 2918 846 2976 subruitur.
880 2921 1078 2979 Caveat
1103 2941 1232 2997 ergo
1260 2934 1648 3005 unusquisque,
1677 2955 1743 2994 ne
1773 2956 1868 2997 sua
1895 2961 1985 2999 ra-

394 3005 497 3061 dix
527 3007 593 3065 de
631 3017 775 3065 terra
829 3012 1117 3071 viventium
1161 3021 1462 3079 eradicetur
1507 3042 1607 3097 pro
1653 3032 1760 3087 odii
1808 3035 1987 3091 detra-

398 3098 597 3155 ctione.
653 3101 848 3160 Nullus
903 3108 1045 3163 enim
1117 3127 1350 3184 unquam
1404 3117 1637 3178 detrahit
1677 3126 1766 3191 ei,
1824 3145 1983 3199 quem

397 3189 606 3260 diligit;
671 3192 935 3253 detractio
998 3202 1184 3271 enim,
1244 3206 1351 3261 odii
1418 3189 1804 3282 primogenitus
1842 3189 1939 3278 ἐει

395 3290 446 3333 et
493 3280 615 3336 ideo
666 3283 786 3339 talis
837 3289 1004 3357 patris
1052 3290 1191 3350 illius
1237 3298 1427 3354 merito
1465 3306 1820 3367 eradicandus
1857 3318 1958 3370 erit

466 3372 552 3430 lll.
586 3373 896 3433 Periculosa
935 3382 1196 3467 habitatio
1219 3426 1234 3452 ,
1267 3382 1567 3449 charissimi
1591 3436 1606 3462 ,
1639 3398 1691 3452 in
1730 3418 1835 3471 qua
1881 3405 1981 3462 ista

394 3478 502 3519 non
532 3466 792 3522 vitantur.
825 3469 887 3523 Si
913 3456 1047 3526 enim
1067 3516 1083 3542 ,
1118 3486 1174 3531 ut
1201 3478 1277 3533 ait
1305 3480 1625 3554 Apostolus,
1657 3490 1871 3547 invicem
1900 3496 1982 3549 in-

394 3555 577 3612 videtis
615 3569 663 3613 et
703 3560 919 3617 invicem
965 3569 1241 3641 mordetis,
1272 3575 1485 3633 invicem
1510 3581 1798 3649 detrahitis,
1832 3588 1974 3656 dico,

393 3649 555 3705 uidete
576 3668 641 3707 ne
659 3652 722 3706 ab
742 3655 953 3713 invicem
979 3668 1351 3722 consumamini
1377 3669 1520 3741 (Gal.
1546 3690 1597 3743 v,
1622 3675 1734 3746 l5).
1757 3676 1813 3733 Si
1835 3681 1977 3736 enim

389 3739 474 3809 qui
501 3756 604 3795 non
634 3743 822 3814 diligit,
845 3748 901 3799 iu
928 3760 1089 3806 morte
1114 3763 1189 3807 est
1219 3755 1272 3826 (Ι
1292 3739 1449 3815 Joau.
1473 3779 1556 3832 ιιι,
1582 3739 1703 3832 id),
1747 3770 1837 3824 ubt
1875 3774 1979 3827 erit

390 3827 478 3899 qui
506 3828 779 3887 detrahit?
807 3834 1080 3909 Lacrymis
1108 3843 1161 3898 in
1190 3845 1271 3901 his
1302 3863 1436 3919 opus
1457 3855 1643 3922 magis,
1669 3873 1831 3926 quam
1857 3878 1978 3918 vcr-

390 3917 472 3974 bis
498 3926 602 3975 est.
639 3918 776 3991 Quid
807 3926 948 3980 enim
990 3929 1299 4001 di'igentius
1323 3917 1352 4001 ,⁷
1389 3917 1584 4009 quidve
1613 3917 1976 4009 abundantius

388 4006 477 4064 lex
506 4008 599 4068 Dei
628 4017 939 4085 mandavit,
971 4036 1130 4091 quam
1159 4025 1497 4087 dilecdonem
1521 4036 1543 4089 ?
1570 4034 1638 4090 Et
1667 4054 1790 4095 raro
1820 4042 1973 4099 inve-

389 4100 471 4154 nis
490 4117 817 4177 quemquam
839 4112 919 4167 sic
940 4114 1243 4173 facientem.
1270 4122 1407 4187 Quid
1430 4124 1667 4187 dicemus
1692 4148 1788 4201 pro
1811 4152 1974 4194 excu-

386 4195 643 4252 satione?
696 4200 945 4274 Nunquid
993 4224 1278 4277 possumus
1346 4217 1525 4276 dicere
1578 4240 1591 4276 :
1644 4226 1970 4286 laboriosum

385 4285 510 4340 cst?
539 4285 727 4342 durum
774 4295 892 4347 est?
932 4294 1047 4350 Non
1079 4306 1162 4352 est
1189 4300 1341 4357 labor
1369 4306 1586 4365 dilectio
1618 4330 1630 4365 :
1661 4315 1780 4382 plus
1808 4285 1973 4378 suave

384 4382 487 4442 est,
509 4375 630 4453 plus
658 4381 916 4439 medicale
937 4394 1038 4453 est,
1064 4388 1182 4458 plus
1203 4393 1418 4452 salubre
1438 4409 1521 4453 est
1545 4375 1695 4459 cordi
1725 4375 1966 4470 dilectio.

385 4465 444 4521 Si
475 4468 616 4524 enim
646 4472 788 4529 vitiis
817 4474 1127 4546 languidum
1158 4499 1264 4540 non
1292 4487 1456 4545 luerit
1483 4498 1796 4569 cor,,ipsius
1824 4510 1968 4562 sani-

387 4562 470 4611 tas
496 4558 710 4620 dilectio
739 4576 840 4634 est,
868 4573 1089 4643 etquod
1122 4574 1230 4632 Deo
1260 4580 1483 4639 charum
1512 4558 1612 4642 sit:
1643 4558 1772 4646 nihil
1793 4610 1970 4671 autem
2002 4598 2054 4657 D

388 4645 693 4671 n..._l--—J
726 4670 733 4671 κ
958 4670 961 4671 ν

388 4645 503 4703 Deo
517 4648 633 4719 plus
648 4654 866 4711 charum
887 4670 1153 4731 est,quam
1169 4668 1702 4745 dilectio,spiritualis
1717 4664 1969 4757 maxime;

387 4753 511 4794 cum
527 4754 641 4795 sua:
664 4744 793 4811 legis
812 4755 864 4800 et
883 4753 1119 4809 omnium
1137 4762 1510 4823 mandatorum
1528 4786 1747 4828 suorum
1763 4794 1967 4838 summa

384 4828 457 4883 sit
481 4827 637 4898 juxta
667 4830 794 4887 illud
820 4836 1065 4905 Apostoli
1099 4861 1110 4896 :
1145 4844 1244 4909 Qui
1269 4864 1437 4910 autem
1458 4827 1965 4938 diligit

385 4918 546 4990 legem
574 4922 799 4993 implevit
831 4926 1008 4997 (Rom.
1034 4949 1145 5000 xm,
1178 4936 1254 5007 8).
1289 4942 1390 5009 Qui
1414 4918 1967 5031 vero'leg'emﬂim‘ple:

386 5009 464 5063 vit
490 5012 671 5068 studio
699 5014 1025 5087 dilectionis,
1055 5024 1216 5080 habet
1248 5031 1405 5090 vitam
1434 5009 1881 5114 arternavm,—sicult
1909 5009 1968 5110 et

385 5098 621 5159 Joannes
648 5107 778 5163 dicit
810 5129 823 5163 :
857 5110 1095 5185 Fratres,
1132 5121 1321 5177 scimus
1348 5134 1588 5198 quoniam
1618 5152 1681 5193 ae
1708 5153 1871 5198 morte
1896 5148 1966 5200 ad

384 5190 544 5245 vitam
577 5200 939 5271 transivimus,
970 5209 1092 5277 quia
1135 5210 1394 5283 diligimus
1436 5223 1625 5291 fratres
1656 5246 1675 5284 .'
1705 5240 1793 5303 qui
1819 5238 1964 5291 enim

383 5302 487 5341 non
516 5286 706 5358 diligit,
732 5292 784 5345 in
811 5308 972 5353 morte
995 5311 1089 5357 est.
1116 5302 1178 5358 Si
1201 5308 1315 5375 quis
1338 5286 1509 5368 autem
1530 5321 1639 5374 odit
1656 5363 1671 5388 ,
1706 5286 1965 5384 I'tomicida

382 5387 479 5431 est.
514 5376 675 5434 Scitis
701 5391 888 5451 autem,
919 5393 1038 5458 quia
1068 5396 1235 5451 omnis
1258 5398 1517 5459 homicida
1555 5426 1658 5466 non
1702 5416 1852 5473 liabet
1891 5423 1968 5475 vi-

386 5472 495 5520 tam
523 5477 771 5526 (sternam
818 5475 870 5528 in
901 5492 954 5531 se
982 5494 1268 5541 manentem
1298 5487 1353 5559 (I
1380 5490 1536 5548 Joatt.
1570 5514 1661 5567 nt,
1712 5504 1807 5572 Η,

397 5551 490 5579 ,___
525 5572 643 5579 -__,
719 5564 749 5579 ..
776 5564 808 5579 ,Α
995 5570 1010 5579 .

386 5551 494 5608 Aut
520 5572 650 5627 ergo
681 5564 809 5618 nihil
841 5570 1103 5636 agendum
1133 5586 1249 5641 est,
1296 5551 1396 5635 nisi
1436 5551 1682 5657 dilectid;
1713 5551 1807 5651 an;
1833 5551 1967 5658 nihil

383 5646 706 5707 sperandum
735 5660 838 5722 est,
870 5655 972 5712 nisi
1003 5675 1159 5728 ptena
1185 5683 1199 5719 :
1227 5667 1504 5728 Plenitudo
1527 5646 1817 5755 enim'lcgis
1844 5692 1969 5745 cha-

384 5733 515 5789 ritas
540 5734 715 5808 (Rom.
742 5758 854 5815 xm,
884 5744 962 5818 8),
995 5764 1154 5822 quant
1180 5758 1334 5816 nob‘s
1364 5760 1451 5818 ille
1481 5767 1599 5836 pius

2098 1957 2287 2010 ceret.
2317 1957 2554 2015 Credunt
2598 1979 2727 2033 ergo
2758 1975 2813 2023 et
2841 1986 2946 2025 non
2971 1974 3218 2043 credunt,
3251 1980 3341 2049 qui
3373 1982 3554 2037 audita
3586 2002 3681 2040 ne-

2095 2044 2328 2113 gligunt;
2361 2050 2598 2120 alioquin
2643 2055 2688 2110 si
2740 2057 2833 2113 tibi
2865 2059 3042 2128 hodie,
3078 2044 3506 2138 Utare,vquidam
3534 2073 3679 2130 dice-

2096 2144 2194 2201 ret,
2224 2140 2366 2206 quod
2389 2140 2554 2210 julex
2582 2148 2763 2203 saeculi
2812 2150 2970 2220 hujus
3008 2155 3121 2210 vult
3150 2166 3202 2213 te
3230 2164 3470 2217 crastino
3501 2165 3677 2219 vivum

2093 2242 2351 2297 exurere;
2374 2235 2528 2303 quid,
2562 2250 2716 2305 rogo,
2747 2242 2841 2297 tibi
2876 2244 3273 2315 sollicitudinis,
3305 2254 3436 2319 quid
3469 2256 3678 2311 timoris

2092 2319 2442 2378 immineret?
2470 2325 2537 2380 Et
2562 2327 2645 2383 his
2672 2331 2903 2398 auditis,
2955 2336 3000 2390 si
3049 2350 3191 2393 esset
3240 2342 3333 2396 tibi
3368 2344 3530 2399 unius
3575 2346 3679 2405 diei

2091 2414 2323 2480 spatium
2371 2416 2600 2475 liberum
2624 2463 2639 2488 ,
2684 2435 2888 2492 quanta
2920 2425 3164 2485 iaceres?
3192 2435 3466 2502 quomodo
3498 2438 3679 2494 accla-

2090 2508 2312 2559 mares?
2348 2517 2404 2562 et
2452 2525 2550 2579 per
2597 2526 2733 2582 quos
2762 2516 3093 2577 discurreres
3117 2523 3140 2577 ?
3167 2539 3327 2592 quam
3374 2526 3595 2585 immitis
3624 2541 3677 2585 et

2090 2606 2253 2660 quam
2286 2597 2475 2666 lugens
2504 2610 2559 2655 et
2587 2604 2839 2663 sordidus
2868 2610 3152 2667 oberrares
3174 2617 3199 2667 ἲ
3226 2615 3413 2673 Nonne
3434 2618 3676 2678 ell'unde-

2090 2697 2178 2737 res
2219 2700 2436 2743 omnem
2486 2694 2767 2758 pecuniam
2815 2707 2963 2752 tuam
3013 2702 3064 2754 in
3094 2718 3209 2769 eos,
3242 2720 3474 2772 quorum
3507 2710 3677 2768 inter-

2090 2774 2337 2831 cessione
2382 2780 2612 2837 evadere
2657 2799 2817 2853 posse
2865 2794 2919 2842 te
2962 2790 3258 2847 crederes?
3286 2812 3467 2852 nonne
3492 2804 3672 2856 omnia

2090 2860 2231 2918 bona
2264 2872 2354 2919 tua
2379 2867 2585 2927 faceres
2614 2873 3039 2946 redemptionem
3070 2883 3260 2937 anima:
3289 2892 3392 2939 tu:e
3438 2897 3493 2941 et
3541 2891 3672 2948 nihil

2090 2970 2416 3028 reservares,
2449 2961 2574 3018 licet
2602 2981 2795 3034 parcus
2824 2980 2878 3023 et
2904 2986 3096 3028 avarus
3126 2990 3310 3043 esses;
3362 2980 3456 3033 sed
3488 2983 3670 3037 ontuia

2089 3045 2426 3118 disperderes
2448 3094 2463 3118 ,
2495 3057 2676 3112 omnia
2707 3059 2938 3117 donares
2966 3079 3064 3133 pro
3094 3066 3199 3122 vita
3231 3070 3363 3123 tua?
3392 3069 3533 3128 Et'si
3564 3074 3669 3129 ali-

2088 3140 2207 3207 quis
2228 3150 2280 3196 te
2309 3145 2584 3203 retardare
2612 3160 2705 3205 aut
2730 3152 2992 3224 impedire
3020 3161 3306 3214 tentaverit
3325 3201 3340 3226 ,
3378 3177 3561 3220 nonne
3586 3168 3668 3220 die

1965 3266 1980 3291 ,
2013 3224 2058 3286 C
2090 3244 2241 3287 ceres
2265 3250 2279 3287 :
2305 3234 2534 3292 Peream
2558 3243 2736 3297 omnia
2761 3260 2859 3313 pro
2887 3247 3061 3303 salute
3080 3265 3220 3318 mea,
3244 3268 3310 3307 ne
3337 3251 3523 3325 [Forte
3544 3256 3670 3329 nec]

2086 3322 2378 3393 quidquam
2423 3341 2730 3399 remaneat;
2762 3343 2975 3399 tantum,
3003 3343 3210 3395 vivam?
3244 3322 3358 3400 lloc
3387 3360 3557 3413 quare
3586 3322 3667 3403 la:

2084 3416 2274 3467 ceres?
2300 3415 2431 3481 Quia
2456 3434 2562 3474 non
2584 3419 2854 3480 dubitares
2874 3426 3325 3498 [Pra’mitlrndum
3348 3436 3496 3507 quin]
3512 3438 3670 3505 juxta

2084 3506 2408 3562 severissimi
2433 3508 2640 3568 Judicls
2666 3524 2989 3574 sententiam
3019 3522 3259 3579 ardores.
3283 3524 3383 3581 llic
3404 3543 3541 3585 vero
3565 3532 3669 3587 du-

2081 3592 2252 3660 bitas,
2295 3598 2439 3666 qnod
2469 3615 2629 3669 quam
2674 3606 2781 3660 cito
2827 3607 3063 3664 futurum
3108 3611 3218 3681 sit,
3260 3615 3512 3682 ignoras;
3556 3635 3668 3677 non

2081 3685 2260 3741 nescis
2290 3695 2468 3743 tamen
2499 3691 2736 3747 futurum
2758 3737 2772 3759 ,
2806 3695 2935 3752 licet
2981 3702 3243 3771 negligis.‘
3274 3702 3668 3776 Expergisccu-

2080 3774 2205 3829 dum
2236 3791 2363 3846 ergo
2394 3788 2475 3834 est
2496 3822 2511 3846 ,
2544 3784 2866 3852 vigilandum
2896 3798 3009 3856 est,
3042 3795 3303 3848 orandum
3342 3774 3462 3863 est,
3514 3801 3667 3867 juxta

2078 3865 2375 3927 Salvatoris
2404 3878 2573 3930 nostri
2603 3874 2728 3932 Jcsu
2757 3878 2949 3936 Christi
2992 3882 3086 3939 Dei
3128 3888 3296 3942 nostri
3336 3865 3663 3959 praeceptum

2075 3956 2303 4014 dicentis
2337 3979 2349 4014 :
2381 3963 2637 4020 Attendite
2671 3980 2841 4025 autent
2882 3975 3055 4039 vobis,
3101 3993 3163 4029 ne
3208 3956 3349 4047 forte
3381 3991 3665 4048 graventur

2074 4051 2233 4104 corda
2258 4064 2421 4108 vestra
2451 4061 2664 4128 crapula
2689 4072 2738 4115 et
2763 4064 3027 4131 ebrietate,
3048 4080 3096 4122 et
3116 4072 3252 4123 curis
3274 4071 3425 4142 hujus
3454 4076 3590 4138 vim,
3612 4086 3665 4131 et

2073 4145 2391 4203 superveniat
2415 4147 2465 4199 in
2490 4164 2575 4203 vos
2596 4152 2703 4204 dies
2724 4154 2815 4207 illa
2839 4160 3102 4225 repentina
3125 4176 3142 4212 :
3166 4170 3411 4231 tanquam
3450 4164 3663 4235 laqueus

2073 4229 2209 4283 enim
2239 4239 2555 4302 superveniet
2598 4242 2652 4294 in
2700 4259 2908 4309 omnes,
2948 4250 3032 4318 qui
3070 4252 3248 4304 sedent
3275 4268 3428 4323 super
3469 4257 3659 4325 fariem

2074 4323 2240 4373 omnis
2270 4331 2439 4378 terrm.
2481 4327 2702 4398 l’igilule
2730 4334 2900 4405 itaque
2930 4341 3069 4391 omni
3116 4350 3371 4411 tempore,
3412 4323 3478 4397 uti
3512 4348 3662 4419 digiti

2072 4408 2363 4467 [labeantini
2383 4415 2605 4487 e/fugere
2628 4420 2724 4475 ista
2749 4425 2921 4477 omnia
2944 4442 3059 4495 qua:
3083 4430 3257 4496 futura
3282 4442 3420 4499 sunt,
3446 4444 3494 4489 et
3517 4447 3661 4491 stare

2083 4510 2203 4555 aute
2230 4501 2424 4559 Filium
2454 4508 2677 4565 hominis
2709 4508 2859 4581 (Luc.
2892 4514 3236 4589 XXI,5i-56).

2148 4591 2212 4650 ll.
2244 4594 2301 4650 Si
2327 4597 2440 4654 hinc
2484 4601 2764 4658 audiamus
2788 4613 2844 4659 et
2877 4607 3162 4673 credimus,
3208 4610 3364 4666 tidem
3414 4626 3660 4673 nostram

2073 4692 2346 4762 vigilantia
2376 4707 2558 4753 nostra
2589 4701 2874 4771 ostendet,
2902 4720 2965 4759 ac
2992 4704 3245 4762 discussis
3285 4712 3657 4778 squalentibus

2072 4792 2234 4853 atque
2273 4788 2534 4856 torpentis
2562 4792 2823 4847 mortiferi
2852 4795 3051 4864 teporis
3095 4800 3421 4867 torporibus,
3462 4819 3658 4863 sensus

2073 4886 2284 4931 nostros
2315 4876 2525 4932 Domini
2548 4880 2842 4939 Salvatoris
2870 4889 3138 4941 sententia
3165 4889 3360 4957 vibret,
3386 4902 3443 4946 ut
3472 4898 3653 4951 utiuti-

2070 4964 2169 5020 bus
2199 4968 2340 5023 curis
2361 4971 2677 5041 mortalibus
2705 4973 2980 5046 depositis,
3012 4979 3181 5046 parati
3211 4995 3424 5050 semper
3451 4985 3655 5051 simus;

2070 5067 2445 5126 exspectantes
2470 5063 2675 5117 scilicet
2704 5064 2873 5119 ultimi
2913 5066 3019 5121 diei
3069 5068 3356 5124 adventum
3382 5111 3397 5134 ,
3430 5088 3541 5142 quo
3563 5086 3655 5130 aut

2068 5156 2226 5212 pmna
2271 5157 2364 5202 aut
2391 5148 2560 5217 gloria
2591 5165 2690 5206 nos
2727 5153 3009 5222 suscipiet;
3042 5166 3308 5226 acuatqne
3347 5162 3654 5222 animorum

2069 5244 2371 5292 nostrorum
2422 5241 2566 5295 acies
2612 5244 2950 5312 supradictus
3004 5245 3485 5320 Dominiscrmo,
3542 5271 3654 5325 quo

2068 5339 2167 5379 nos
2194 5326 2474 5394 vigilantes
2511 5338 2566 5384 et
2595 5342 2813 5389 orantes
2836 5334 3037 5403 jugiler
3064 5352 3183 5393 esse
3208 5338 3421 5407 docuit,
3456 5356 3515 5398 ut
3545 5363 3653 5401 non

2068 5413 2235 5472 simus
2276 5419 2427 5485 quasi
2478 5421 2760 5479 credentes
2783 5466 2800 5493 ,
2827 5435 2882 5481 et
2910 5442 3017 5481 non
3047 5429 3327 5514 credentes
3349 5474 3367 5500 ,
3411 5443 3469 5489 et
3496 5436 3654 5506 quasi

2066 5508 2348 5566 audientes
2371 5520 2427 5567 et
2453 5529 2560 5569 non
2590 5517 2873 5573 audientes
2905 5537 2918 5571 :
2953 5526 3009 5573 et
3035 5508 3130 5575 Dii
3161 5523 3231 5592 pii
3262 5533 3317 5578 et
3352 5525 3485 5582 boui
3514 5526 3655 5584 inef-

2064 5594 2279 5654 fabilem
2304 5603 2727 5663 misericordiam
2756 5608 2825 5665 de
2854 5609 3122 5682 profundo
3143 5616 3321 5672 cordis
3346 5620 3524 5675 nostri
3555 5636 3654 5691 per

2059 5686 2242 5746 Iesum
2269 5694 2537 5753 Christum
2566 5698 2755 5756 Fiiium
2784 5718 2939 5759 suum
2970 5703 3365 5775 inl‘atigabiliter
3392 5711 3656 5784 deprece-

2062 5799 2202 5851 ntur,
2238 5802 2506 5857 rogemus,
2539 5808 2757 5853 oremus
2781 5836 2795 5860 ,
2828 5807 2884 5853 ut
2912 5798 2982 5852 ita
3015 5799 3170 5855 nobis
3206 5819 3357 5859 suam
3397 5803 3655 5863 dilt'ctio-
