3856 6218
203 339 291 396 τιε
1098 332 1643 397 lNSTliUCTlONES
1685 335 1772 391 VA

1877 334 1920 390 Ε
1960 335 2111 393 SlVE
2148 336 2539 395 SEINUNES.
3348 339 3453 398 253

202 470 305 510 netu
332 448 585 522 inspirare
614 448 880 521 dignetur
902 492 920 520 ,
952 458 1011 506 ut
1055 468 1153 507 nos
1180 454 1230 509 ei
1260 453 1311 507 in
1341 460 1601 506 :cternum
1640 466 1774 505 con—
1802 453 1853 510 Δ
1880 454 1931 507 in
1973 454 2340 523 superioribus
2379 455 2489 524 jam
2537 453 2629 509 diu
2671 454 3042 525 ostendimus;
3072 466 3128 515 et
3155 458 3280 519 licet
3306 461 3448 521 forte

202 545 392 614 iungat,
445 540 893 610 inseparabiliter
929 541 1298 611 conglutinet,
1342 542 1505 595 humo
1556 541 1726 595 elevet
1756 583 1772 606 ,
1878 544 2144 617 superﬂua
2199 546 2319 601 aliis
2367 546 2615 601 videatur
2658 546 2760 601 ista
2810 554 2998 605 nostra
3046 550 3383 622 loquacitas.
3421 573 3454 614 ι

200 634 318 693 mlo
360 632 529 689 societ
572 632 806 688 interim
855 649 1047 691 sensus
1073 642 1313 700 nostros,
1344 633 1582 703 quandiu
1607 635 1775 688 simus
1881 637 2034 691 nobis
2060 644 2238 691 tamen
2269 645 2571 707 opportune
2599 638 2754 695 nobis
2779 654 2958 695 sermo
2986 650 3137 697 ortus
3159 658 3281 701 esse
3308 644 3463 703 duci-

201 732 244 783 iu
268 728 361 782 hoc
388 725 578 780 mortis
600 739 849 795 corpore
877 726 1189 790 constituti;
1221 733 1382 793 atque
1424 726 1501 781 sic
1529 725 1648 794 ejus
1678 724 1775 778 ad-
1881 735 1968 781 tur
1999 745 2013 779 :
2044 743 2149 782 non
2178 727 2321 782 enim
2355 736 2461 782 tam
2487 728 2717 783 alienam
2740 769 2756 793 ,
2786 744 2946 800 quam
3000 732 3274 802 propriam
3310 736 3463 792 esci-

200 826 389 875 rentutn
434 816 551 871 sine
599 817 832 884 querela
860 824 1239 887 exspectemus
1262 857 1279 881 ,
1308 831 1417 885 quo
1442 818 1491 871 ei
1522 831 1647 872 cum
1676 831 1775 885 ap-
1882 824 1993 872 tare
2035 831 2293 873 conamur
2341 817 2640 886 ignaviam;
2672 834 2735 874 ac
2757 818 2977 889 insuper
3003 822 3251 890 quamvis
3280 824 3460 881 minus

200 908 434 981 paruerit,
463 922 588 963 cum
617 906 825 977 gaudio
842 917 1101 977 etmagna
1129 909 1410 963 charitatis
1440 908 1635 963 fiducia
1660 907 1775 977 pla-
1877 906 2131 976 perfectis
2176 909 2509 979 sapientibus
2558 909 2879 966 satisfecerit
2920 912 3020 967 ista
3050 915 3357 983 excogitata
3388 908 3459 973 ex

198 1006 360 1055 centes
396 1010 776 1053 occurramus.
806 996 984 1065 Quam
1026 998 1189 1064 beati,
1213 1013 1373 1069 quam
1424 999 1603 1055 felices
1643 998 1775 1053 servi
1879 1006 2033 1069 parte
2058 999 2346 1069 sapientia,
2374 1000 2750 1071 incipientibus
2771 1011 2970 1069 tamen,
2994 1020 3059 1060 ac
3088 1014 3287 1063 nostra!
3314 1022 3467 1064 meu-

199 1090 298 1154 itti,
334 1104 451 1160 quos
482 1104 601 1142 eam
653 1091 867 1145 uenerit
909 1089 1161 1148 Dominus
1182 1132 1198 1159 ,
1238 1092 1461 1145 inveniet
1504 1090 1775 1162 vigilantes
1878 1105 2018 1145 sura:
2047 1090 2240 1159 tepidis
2267 1092 2567 1146 necessaria
2596 1101 2651 1147 et
2678 1094 2809 1148 satis
2850 1102 2976 1164 apta
3004 1094 3293 1151 videbitur.
3324 1096 3463 1165 Quia

202 1181 331 1256 (an.
354 1198 442 1250 an,
472 1183 599 1251 57)!
637 1183 811 1241 Beata
838 1186 1018 1256 vigilia
1034 1227 1059 1261 η,
1082 1201 1188 1257 qua
1219 1184 1284 1240 ad
1312 1186 1481 1240 Deum
1520 1183 1780 1239 universi-
1879 1178 2025 1249 quod
2054 1189 2214 1235 nocet
2241 1183 2524 1248 abscondi,
2557 1184 2701 1252 quod
2730 1193 2888 1240 nocet
2912 1186 3077 1253 sileri,
3112 1202 3219 1242 non
3250 1189 3468 1260 expedit

201 1276 309 1331 tatis
331 1284 631 1340 auctorem,
662 1277 856 1331 omnia
886 1268 1198 1347 imple’utem
1220 1284 1275 1330 et
1301 1276 1482 1331 omnia
1508 1274 1778 1331 exceden-
1881 1277 2085 1339 legere.
2114 1284 2287 1339 neque
2313 1272 2527 1342 θκρεάἰι
2547 1281 2760 1357 laceri};
2787 1274 2911 1329 ῖυάθ
2930 1276 3073 1330 enim
3096 1276 3285 1332 melius
3308 1279 3466 1335 nobis

202 1374 316 1436 tera,
329 1365 593 1434 vigilatur.
626 1364 855 1422 Utinam
877 1381 965 1422 me
988 1381 1223 1436 quoque,
1252 1366 1411 1421 vilem
1438 1367 1580 1431 licet,
1612 1380 1771 1422 suum
1878 1360 2025 1430 loqui
2055 1362 2226 1417 visum
2256 1372 2375 1429 est,
2425 1364 2717 1435 quamlibet
2762 1365 3033 1437 impolita,
3068 1382 3229 1437 quam
3258 1369 3420 1425 silere
3451 1388 3466 1425 :

203 1468 358 1514 tamen
403 1459 678 1514 servulum
700 1498 718 1523 ,
748 1460 826 1514 ita
856 1460 1173 1529 dignaretur
1219 1460 1285 1515 de
1337 1476 1528 1515 somno
1574 1461 1777 1515 inertia“:
1879 1453 2076 1506 etenim
2107 1468 2165 1507 re
2193 1469 2319 1507 vera
2348 1456 2511 1509 tutius
2539 1455 2607 1510 de
2636 1456 2752 1511 istis
2776 1499 2792 1523 ,
2822 1473 2982 1526 quam
3017 1466 3111 1511 aut
3152 1460 3223 1513 de
3263 1458 3472 1517 frivolis

202 1549 417 1605 excitare
438 1586 454 1610 ,
483 1548 556 1603 ita
587 1548 687 1604 illo
718 1550 918 1605 divina:
964 1550 1242 1606 charitaﬁs
1294 1550 1414 1620 igne
1461 1550 1776 1613 accendere,
1880 1541 2031 1607 aliis,
2072 1551 2165 1597 aut
2192 1543 2261 1599 de
2283 1545 2471 1600 otiosis
2498 1546 2863 1601 sermocinare
2886 1546 3262 1616 indicavimus.
3284 1548 3470 1620 itaque

205 1657 298 1712 quo
322 1654 477 1711 supra
499 1639 683 1696 sidera
702 1642 1093 1698 exardesceret
1118 1657 1228 1697 sua:
1246 1635 1528 1697 'cbaritatis
1546 1640 1775 1706 llanttua,

1882 1630 2077 1695 adhuc,
2101 1630 2623 1699 fratrescbarissimi,
2641 1634 2799 1689 dictis
2813 1635 3012 1691 nostris
3032 1650 3191 1691 aures
3210 1636 3469 1706 prasbotc,

202 1745 298 1786 su
323 1730 491 1786 ηίωίω
520 1730 846 1789 (medianis
872 1731 1229 1799 desiderium,
1276 1748 1599 1803 semperque
1641 1732 1781 1787 divi-
1887 1723 2040 1791 quasi
2082 1723 2281 1793 aliquid
2309 1724 2669 1781 necessarium
2705 1724 2936 1779 audituri
2961 1764 2980 1793 ,
3022 1734 3077 1793 et
3108 1725 3273 1781 animi
3307 1728 3470 1782 vestri

204 1838 289 1880 nus
333 1821 463 1893 ignis
516 1822 662 1878 intra
720 1839 814 1880 me
861 1823 1095 1880 arderet.
1148 1822 1364 1879 Utinam
1403 1824 1529 1878 illud
1572 1826 1771 1892 lignum
1806 1809 1852 1868 B
1879 1814 2022 1867 sitim
2053 1813 2218 1869 divini
2240 1814 2404 1871 fontis
2429 1816 2587 1871 undis
2610 1816 2679 1871 de
2703 1831 2812 1885 quo
2840 1833 2984 1873 nunc
3002 1817 3183 1874 dicere
3204 1818 3473 1889 cupimus,

204 1913 448 1979 traherem,
471 1913 619 1982 quod
648 1914 751 1977 itte
781 1915 915 1984 ignis
931 1913 1131 1984 jugiier
1157 1914 1417 1967 niteretur
1447 1912 1631 1985 [Forte
1659 1914 1774 1967 ale-
1879 1901 2211 1973 rcfocillate,
2268 1904 2366 1960 sed
2414 1920 2522 1959 non
2571 1906 2927 1973 exstinguite;
2969 1908 3136 1963 bibite
3160 1948 3175 1973 ,
3226 1910 3322 1965 sed
3365 1926 3471 1965 non

205 2004 372 2076 retur),
412 2010 777 2073 pasceretur,
827 2002 1273 2067 succenderetur;
1322 2010 1377 2056 et
1423 2002 1511 2056 illa
1563 2001 1776 2055 flamma
1879 1991 2187 2056 saliamini.
2230 1991 2341 2061 jam
2386 1993 2528 2047 enim
2577 2001 2737 2048 vocat
2761 2008 2861 2049 nos
2891 1996 2957 2048 ad
3000 2011 3060 2051 se
3104 1995 3248 2051 Fons
3278 1998 3427 2052 vivus
3452 2039 3481 2063 ,.

205 2094 641 2169 nutrireturnquu:
698 2090 972 2160 exstingui
1025 2090 1278 2156 nesciret,
1322 2100 1378 2145 et
1430 2091 1617 2161 augeri
1667 2106 1775 2146 non
1882 2080 2025 2135 Fons
2052 2082 2207 2149 vitm,
2236 2090 2289 2135 et
2318 2081 2489 2136 dicit:
2526 2079 2627 2147 Qui
2666 2083 2773 2137 sitit
2814 2086 2983 2138 veniat
3010 2085 3078 2139 ad
3106 2102 3222 2152 me,
3253 2097 3302 2139 et
3331 2085 3472 2141 bibat

206 2181 430 2239 nesciret.
462 2179 685 2236 Utinam
712 2180 835 2235 talis
856 2194 1029 2236 essem
1058 2180 1283 2247 meritis,
1317 2190 1374 2236 ut
1404 2197 1523 2237 mea
1555 2182 1777 2237 lucerna
1881 2174 2062 2244 (Ιοωι.
2096 2190 2185 2240 vu,
2214 2172 2327 2245 ⁵57).
2356 2176 2494 2240 Quid
2523 2174 2719 2230 bibatis
2743 2215 2758 2241 ,
2798 2176 3097 2246 intelligite.
3132 2176 3282 2231 Dicat
3321 2178 3473 2234 vobis

200 2286 393 2340 semper
434 2279 596 2325 nocte
648 2271 709 2326 in
768 2271 972 2342 templo
1023 2270 1235 2327 Domini
1293 2273 1399 2328 mei
1450 2273 1688 2342 arderet,
1721 2284 1780 2329 ut
1881 2266 2046 2321 lsaias
2078 2265 2229 2339 (Leg.
2276 2264 2584 2337 Jeretnias),
2627 2266 2775 2322 dicat
2815 2267 2967 2323 vobis
3018 2266 3159 2322 Fons
3189 2271 3303 2337 ipse
3335 2286 3348 2323 :
3382 2267 3473 2322 He

208 2362 425 2418 oumiims
451 2361 675 2417 domum
696 2361 800 2431 .Dei
832 2363 936 2418 mei
967 2364 1296 2420 intrantibus
1325 2366 1550 2421 luceret.
1883 2369 2053 2413 autem
2076 2360 2452 2430 dcreliquerunt
2478 2358 2697 2415 Fontcm
2716 2376 2864 2431 aqua:
2883 2363 3035 2427 vivat,-
3065 2359 3190 2414 dicit
3220 2358 3473 2414 Dominus

265 2452 341 2507 lll.
372 2452 596 2509 Domine
618 2493 636 2521 ,
689 2453 760 2508 da
810 2454 940 2509 mihi
964 2494 983 2521 ,
1010 2469 1143 2525 rogo
1175 2466 1229 2512 te
1252 2498 1268 2522 ,
1295 2457 1349 2511 in
1394 2459 1610 2513 nomine
1652 2456 1779 2514 ,ἰθςιι
1883 2447 2016 2517 (Jer.
2046 2465 2103 2512 ιι,
2137 2448 2247 2516 15).
2278 2448 2536 2503 Dominus
2566 2463 2694 2517 ergo
2740 2450 2856 2519 ipse
2877 2487 2891 2513 ,
2923 2448 3061 2502 Deus
3102 2457 3285 2503 noster
3312 2446 3471 2503 Jcsus

210 2541 379 2598 Christi
402 2539 519 2598 Filii
549 2542 630 2597 tui
655 2584 672 2610 ,
708 2542 803 2599 Dei
848 2545 996 2613 mei,
1025 2546 1169 2602 illam
1212 2560 1333 2615 qua:
1386 2548 1558 2604 nescit
1585 2548 1781 2604 cadere
1882 2538 2145 2602 Christus,
2174 2548 2259 2593 est
2299 2537 2443 2594 Fons
2492 2539 2631 2605 vitm,
2663 2548 2719 2594 et
2761 2539 2883 2594 ideo
2932 2540 3123 2593 invitat
3152 2554 3251 2596 nos
3297 2540 3364 2595 ad
3411 2554 3473 2594 su

212 2634 527 2698 cbsntatem,
570 2643 633 2688 ut
658 2649 781 2689 mea
807 2635 1027 2691 lucerna
1057 2624 1281 2693 accendi
1308 2638 1483 2703 sciat,
1510 2640 1780 2709 exstingui
1883 2630 2140 2695 Fontem,
2172 2638 2232 2685 ut
2278 2631 2425 2685 illum
2472 2632 2737 2686 bibamus.
2778 2630 2930 2686 Bibit
2984 2647 3106 2687 eum
3155 2633 3246 2701 qui
3290 2640 3472 2697 amat;

214 2724 423 2791 nesciat;
468 2726 602 2780 mihi
648 2726 875 2791 ardeat,
931 2727 1050 2782 aliis
1100 2727 1296 2783 luceat,
1347 2728 1465 2796 Τιι,
1523 2729 1780 2797 Christe,
1884 2722 2016 2776 bibit
2062 2723 2152 2790 qui
2198 2722 2293 2776 Dei
2331 2723 2497 2777 verbo
2526 2724 2783 2791 satiatur,
2814 2724 3068 2793 qui'satis
3097 2724 3306 2792 diligit,
3341 2725 3474 2781 satis

214 2816 429 2874 lucernas
448 2827 665 2874 nostras
686 2818 984 2875 accendere
1004 2818 1267 2888 digneris,
1290 2821 1600 2878 dulcissime
1630 2822 1784 2877 nobis
1883 2815 2185 2881 desiderat;
2219 2814 2351 2870 bibit
2396 2815 2485 2884 qui
2522 2815 2807 2889 sapientiae
2836 2830 3022 2871 amore
3062 2815 3269 2885 ﬂagrat.
3304 2815 3474 2871 Avide

216 2907 438 2964 Salvator
480 2919 702 2974 noster,
750 2925 873 2980 qua:
922 2920 1184 2983 perpetuo
1212 2912 1426 2969 luceant
1473 2915 1525 2969 in
1580 2916 1782 2985 tempto
1883 2922 2012 2976 ergo
2043 2922 2140 2961 nos
2167 2916 2355 2974 gentes
2384 2907 2650 2974 bibamus,
2684 2906 2825 2977 quod
2853 2904 3018 2960 Judai
3044 2904 3469 2975 dereliquerunt.

217 3004 315 3065 tuo,
338 3012 398 3055 ac
416 3012 655 3069 perenne
676 3000 993 3073 lumenate
1013 3002 1234 3070 perenni
1261 3003 1464 3057 lumine
1489 3002 1777 3072 accipiant,
1884 2996 1959 3051 De
2005 2997 2158 3050 nobis
2201 2996 2345 3050 enim
2397 3012 2519 3050 cum
2575 2998 2823 3065 gentibus
2879 2996 3017 3052 forte
3066 2998 3271 3053 dictum
3323 3005 3408 3053 est
3456 3015 3472 3052 :

217 3096 264 3141 ut
286 3087 507 3144 tenebrae
535 3096 739 3144 nostra
767 3088 1137 3144 illuminentur
1158 3130 1173 3154 ,
1206 3091 1389 3144 mundi
1419 3100 1596 3146 autem
1626 3101 1780 3149 tene-
1886 3087 2132 3143 Prwcidit
2159 3089 2213 3141 in
2240 3098 2447 3158 stupore
2472 3090 2676 3155 mentis,
2694 3089 2866 3156 capita
2887 3091 3167 3157 potentium
3190 3090 3472 3144 movebuna

217 3180 307 3237 bne
326 3194 355 3235 a
379 3181 528 3235 nobis
557 3180 789 3251 fugiant.
821 3180 912 3236 Sic
939 3181 1117 3236 lumen
1150 3193 1297 3237 tuum
1329 3199 1462 3239 nte-3
1488 3185 1731 3253 largioris
1755 3229 1772 3254 ,
1803 3178 1849 3243 C
1880 3176 1981 3245 tur,
2026 3196 2117 3233 nec
2155 3180 2223 3233 ad
2250 3179 2604 3249 aduperientes
2633 3179 2877 3233 maxillas
2909 3194 3059 3245 suas,
3099 3180 3247 3249 quasi
3276 3194 3473 3250 pauper

216 3284 354 3339 rogo,
380 3269 505 3326 Jesu
544 3271 656 3333 mi.
706 3272 958 3337 lucerna),
992 3282 1051 3329 ut
1098 3275 1239 3331 illius
1287 3276 1406 3332 luce
1454 3277 1543 3333 illa
1592 3288 1777 3335 sancta
1856 3261 2035 3328 silens
2061 3314 2076 3339 ,
2107 3273 2162 3325 in
2192 3270 2479 3336 absconso;
2510 3278 2565 3326 et
2590 3272 2743 3339 quasi
2792 3270 2860 3326 de
2904 3270 3057 3326 nobis
3102 3284 3320 3341 quoque
3346 3284 3484 3326 cunr

214 3369 490 3416 sanctorum
518 3362 655 3417 mihi
685 3372 1014 3435 appareant,
1046 3380 1165 3435 qua:
1190 3376 1243 3421 te
1265 3384 1293 3421 ει
1312 3378 1523 3424 ternum
1555 3368 1779 3427 Pontifl-
1878 3363 2137 3434 pctfectis
2191 3356 2499 3430 quibusque
2546 3363 2613 3415 de
2656 3361 2851 3429 quibus
2899 3362 3003 3416 hoc
3032 3362 3297 3430 scriptum
3346 3369 3470 3426 est.

216 3462 663 3509 maternorum
719 3457 769 3510 in
810 3456 1023 3511 antibus
1064 3459 1241 3526 magni
1283 3458 1423 3513 illius
1473 3461 1545 3513 tui
1593 3462 1776 3530 templi

194 3542 308 3598 .illic
328 3544 613 3601 intrantem
643 3546 914 3613 habeant,
946 3562 1054 3617 quo
1083 3560 1133 3602 te
1166 3548 1367 3618 iugiter
1402 3553 1776 3607 tantummodo

215 3632 767 3708 videam,aspiciam,
818 3638 1161 3706 desiderem;
1220 3635 1426 3695 tantum
1484 3650 1538 3696 te
1589 3658 1777 3699 amans

216 3725 532 3794 conspiciam,
563 3727 889 3791 desiderem,
913 3736 1245 3798 exspectem,
1271 3746 1334 3786 ac
1362 3747 1545 3788 coram
1578 3743 1630 3790 te
1656 3750 1775 3791 mea

219 3829 403 3887 semper
429 3817 649 3873 lucerna
678 3817 877 3885 luceat,
910 3822 1114 3875 ardeat.
1150 3821 1321 3878 Tuum
1353 3825 1454 3891 sit,
1486 3839 1691 3895 qutcso,
1724 3836 1777 3884 te

221 3907 350 3962 nobis
373 3908 708 3979 pulsantibus
736 3920 1066 3977 monstrare,
1102 3915 1473 3971 amantissimo
1495 3916 1772 3985 Salvator,

220 4010 267 4053 ut
308 4011 352 4056 te
396 4001 773 4071 intelligentes,
820 4011 1027 4059 tantum
1056 4012 1109 4059 te
1157 4021 1437 4075 amemus,
1496 4017 1548 4065 te
1580 4011 1775 4066 solum

219 4104 451 4158 amemus,
474 4102 529 4147 te
556 4093 731 4148 solum
754 4093 1142 4160 desideremus,
1175 4103 1230 4151 te
1254 4098 1429 4153 solum
1456 4101 1777 4159 meditemur

221 4181 291 4234 die
332 4196 389 4238 ac
431 4194 589 4240 nocte
612 4226 629 4252 ,
674 4200 889 4253 semper
937 4193 989 4240 te
1021 4188 1361 4257 cogitemus;
1393 4200 1448 4246 et
1478 4192 1530 4247 in
1567 4202 1774 4251 tantum

221 4272 350 4328 nobis
373 4284 517 4330 tuum
544 4276 810 4346 inspirare
847 4276 1081 4345 digneris
1121 4295 1361 4337 amorem
1386 4322 1402 4348 ,
1432 4296 1691 4354 quantum
1722 4297 1776 4342 te

220 4363 362 4417 amari
374 4363 535 4421 Deum
559 4365 718 4420 decet
744 4381 807 4421 ac
834 4367 1012 4437 diligi;
1042 4372 1294 4426 utomnia
1317 4374 1572 4431 interiora
1591 4386 1774 4433 nostra

1877 3458 2164 3511 diceretur.
2197 3457 2504 3526 Aperianms
2552 3456 2828 3526 (tanquam
2857 3471 3050 3525 panem
3093 3455 3241 3509 illum
3282 3454 3371 3526 qui
3402 3454 3472 3511 de

1876 3547 2015 3601 caelo
2068 3545 2382 3613 descendit,
2426 3547 2659 3619 edendo)
2715 3548 2980 3601 interioris
3031 3547 3252 3601 hominis
3305 3549 3471 3601 nostri

1878 3642 2147 3708 maxillas,
2165 3650 2220 3694 ut
2242 3641 2469 3695 edaciter
2491 3642 2725 3705 edamus,
2751 3651 2800 3694 et
2816 3640 3195 3711 quodammodo
3209 3641 3467 3701 uelociter,

1879 3751 1942 3788 ne
1970 3751 2064 3789 nos
2093 3736 2207 3806 quis
2239 3734 2408 3789 videat
2433 3776 2448 3800 ,
2480 3734 2628 3801 quasi
2660 3734 2713 3786 in
2739 3732 2990 3787 absconso
3021 3734 3369 3786 comedamtts.
3401 3728 3469 3785 Ut

1878 3844 2070 3898 panem
2101 3841 2230 3896 ergo
2259 3829 2483 3882 edamus
2506 3866 2522 3892 ,
2556 3836 2613 3881 ut
2654 3826 2855 3880 fontem
2905 3825 3151 3879 bibamus
3173 3866 3187 3889 ,
3219 3824 3469 3879 eumdem

1877 3919 2162 3973 Dominum
2214 3927 2456 3973 nostrum
2503 3916 2683 3971 Jesum
2720 3915 2993 3970 Christum
3019 3956 3033 3981 ,
3070 3915 3160 3985 qui
3191 3915 3425 3985 seipsum
3452 3952 3468 3979 ,

1879 4011 2034 4066 nobis
2061 4010 2215 4079 quasi
2244 4009 2562 4065 sumcndmn
2588 4049 2603 4073 ,
2635 4025 2821 4079 panem
2851 4006 2980 4063 dicit
3019 4009 3182 4061 vivunt
3201 4046 3215 4069 ,
3244 4008 3328 4078 qui
3377 4006 3469 4060 dat

1876 4104 2031 4158 vitam
2073 4103 2201 4158 huic
2254 4102 2443 4156 mundo
2498 4101 2675 4172 (.laan.
2726 4116 2798 4165 γι,
2844 4098 2971 4169 33);
3013 4114 3179 4168 seque
3224 4098 3483 4154 similiter.

1876 4194 2079 4249 fontem
2116 4194 2492 4249 demonstrans
2517 4190 2591 4244 ait
2620 4208 2632 4244 :
2679 4191 2776 4255 Qui
2805 4191 2913 4243 sitit
2938 4232 2952 4257 ,
2983 4192 3150 4250 veniat
3175 4189 3243 4243 ad
3267 4206 3348 4244 me
3368 4232 3384 4255 ,
3416 4197 3468 4244 et

1875 4284 2017 4338 bibat
2048 4284 2230 4355 (Joan.
2258 4300 2350 4351 vn,
2375 4282 2489 4351 37).
2515 4281 2590 4337 Dc
2619 4298 2727 4354 quo
2758 4283 2906 4337 fonte
2932 4290 2987 4335 et
3013 4280 3279 4352 Propheta
3300 4281 3463 4337 dicit:

1878 4372 2138 4439 Quoniam
2168 4375 2307 4445 apud
2337 4384 2384 4427 te
2405 4384 2481 4427 est
2509 4375 2627 4444 fons
2656 4375 2774 4427 vita:
2794 4371 3019 4443 (I’salm.
3044 4387 3207 4435 xxxv.
3246 4370 3355 4441 10).

219 4460 295 4506 tua
333 4463 553 4525 occupet
605 4455 853 4525 dilectio,
897 4467 1147 4529 totosque
1195 4478 1292 4518 nos
1337 4473 1461 4521 tuus
1503 4468 1774 4536 possideat
1946 4465 2010 4520 ll.
2044 4465 2235 4520 Videte
2264 4460 2407 4519 unde
2435 4463 2537 4519 iste
2566 4462 2686 4516 fons
2715 4470 2897 4516 manat
2930 4481 2943 4514 :
2988 4462 3108 4517 inde
3137 4461 3280 4517 enim
3324 4462 3466 4516 unde

220 4556 365 4610 amor,
394 4554 534 4603 totos
577 4556 794 4605 nostros
838 4564 1029 4606 sensus
1052 4562 1142 4608 tua
1167 4553 1387 4625 impleat
1415 4559 1677 4628 charitas,
1714 4572 1771 4617 ut
1799 4541 1847 4602 ι)
1873 4565 1928 4612 et
1958 4557 2111 4627 panis
2134 4555 2444 4621 descendit;
2468 4555 2593 4624 quia
2618 4555 2756 4609 idem
2786 4565 2867 4609 est
2894 4554 2985 4625 qui
3014 4552 3175 4609 Panis
3199 4561 3254 4607 et
3279 4552 3422 4608 Fons
3444 4594 3460 4619 ,

222 4642 387 4699 pratter
411 4644 462 4693 te
487 4638 632 4694 aliud
674 4655 860 4696 amare
907 4643 1240 4711 nesciamus,
1269 4647 1363 4716 qui
1408 4651 1770 4719 sempiternus
1872 4647 2039 4704 Filius
2070 4649 2257 4703 unicus
2276 4690 2290 4715 ,
2327 4647 2465 4702 Deus
2494 4656 2677 4702 noster
2699 4645 2944 4702 Christus
2974 4646 3231 4702 Dominus
3253 4689 3270 4714 ,
3298 4661 3459 4717 quem

221 4738 301 4789 rs;
335 4742 437 4797 quo
483 4736 627 4784 tanta
649 4731 887 4787 charitas
918 4734 1071 4802 aquis
1112 4736 1295 4792 multis
1330 4738 1488 4809 hujus
1526 4744 1687 4810 aeris,
1714 4752 1770 4799 et
1872 4754 2088 4809 semper
2111 4739 2315 4795 esurire
2333 4738 2620 4803 debemus;
2649 4738 2775 4794 licet
2803 4754 2925 4793 eum
2953 4739 3175 4793 edamus
3202 4737 3457 4803 amando,

223 4812 355 4909 liuius
566 4829 620 4877 et
641 4821 801 4891 hujus
826 4824 990 4889 matis
1010 4828 1276 4895 exstingui
1292 4828 1343 4883 in
1364 4832 1517 4886 nobis
1538 4843 1770 4904 nequeat

1877 4832 2195 4888 devoremus
2251 4832 2376 4885 licet
2429 4830 2829 4897 desiderando,
2887 4831 3065 4886 adhuc
3128 4846 3250 4886 eum
3303 4831 3458 4902 quasi

221 4906 345 4968 iuxta
370 4906 488 4963 illud
521 4926 535 4962 :
564 4909 635 4964 Et
654 4928 805 4981 aqua:
830 4913 1007 4968 multa
1035 4932 1137 4968 non
1154 4927 1425 4984 potuerunt
1444 4922 1768 4993 exstinguere
1873 4924 2174 4980 esurientes
2204 4921 2588 4977 desideremus.
2612 4920 2785 4975 Simili
2810 4920 2970 4976 modo
2998 4930 3055 4975 ut
3077 4918 3302 4987 fontem,
3332 4935 3455 4975 eum

222 4993 489 5053 that-itum
531 4999 707 5068 (Cant.
756 5018 883 5071 vni,
916 5005 992 5073 7).
1031 5004 1184 5071 Quod
1239 5007 1293 5062 in
1348 5010 1502 5065 nobis
1555 5028 1770 5081 quoque
1871 5030 2085 5085 semper
2111 5013 2417 5070 dilectionis
2445 5013 2742 5078 nimietate,
2775 5013 3060 5079 bibamus;
3092 5027 3215 5067 eum
3242 5027 3461 5083 seraper

225 5086 445 5154 compleri
476 5091 557 5144 vel
596 5106 663 5145 ex
711 5101 865 5160 parte
906 5095 1115 5162 possit,
1157 5103 1213 5149 te
1259 5097 1495 5153 donante
1542 5101 1768 5157 Domino
1869 5105 2121 5175 desiderii
2149 5105 2479 5176 plenitudine
2516 5104 2761 5160 bibamus
2784 5113 2887 5168 ,ret
2914 5106 3179 5159 suavitate
3223 5104 3455 5174 quadam

226 5182 381 5230 nostro
429 5176 549 5235 Jesu
595 5180 850 5249 Christo,
880 5184 965 5237 cui
1010 5183 1178 5251 gloria
1210 5186 1262 5242 in
1310 5189 1504 5243 saecula
1543 5192 1770 5248 sacculo-
1871 5196 1987 5265 ejus
2032 5187 2329 5252 dulcedinis
2375 5195 2752 5251 delectemur:
2784 5196 2956 5251 dulcis
2983 5195 3127 5249 enim
3175 5202 3230 5251 et
3277 5194 3457 5251 suavis

228 5280 343 5324 rum.
368 5271 545 5328 Anien.
1871 5288 2128 5343 Dominus
2157 5304 2171 5340 :
2203 5288 2328 5342 licet
2369 5302 2492 5342 eum
2542 5290 2764 5342 edamus
2786 5331 2802 5355 ,
2834 5298 2890 5343 et
2936 5288 3218 5354 bibamus;
3272 5295 3453 5344 tamen

683 5364 1091 5421 INSTBUCTIO
1129 5365 1263 5425 Xlll.

1877 5394 2083 5448 semper
2119 5378 2419 5434 esuriamus
2444 5387 2499 5434 et
2524 5379 2764 5435 sitiamus
2788 5420 2804 5447 ,
2834 5378 2957 5448 quia
2988 5379 3137 5434 cibus
3186 5387 3370 5435 noster
3398 5388 3455 5433 ct

316 5448 381 5505 De
399 5455 529 5519 {ante
558 5457 667 5512 viso
696 5457 903 5515 Christo
930 5457 1056 5514 Jesu
1086 5460 1324 5519 adeundo
1346 5475 1395 5519 et
1416 5468 1665 5536 potando.
1871 5480 2031 5539 putus
2056 5508 2071 5533 ,
2106 5484 2212 5523 non
2244 5478 2391 5525 totus
2434 5484 2670 5538 unquam
2720 5470 2855 5525 sumi
2900 5480 3081 5540 potest
3110 5479 3165 5523 et
3193 5469 3299 5525 bibi
3320 5488 3336 5537 ;
3357 5470 3451 5539 qui

286 5541 319 5596 Ι.
352 5546 672 5611 Quotidianae
720 5551 1068 5620 experientia:
1118 5553 1616 5615 ratiocinationibus
1665 5560 1768 5614 ltu-
1870 5560 1996 5616 licet
2023 5560 2250 5615 sumitur
2272 5601 2288 5626 ,
2344 5577 2450 5627 non
2501 5562 2833 5616 consumitur
2860 5601 2875 5626 ,
2910 5561 3032 5616 licet
3071 5561 3308 5626 bibitur,
3341 5577 3449 5615 non

232 5646 370 5691 mana:
394 5637 505 5693 vita:
537 5638 756 5695 miseria
796 5641 1052 5707 collecta,
1085 5658 1150 5698 ac
1186 5644 1379 5701 divinis
1407 5648 1563 5703 simul
1596 5652 1767 5706 territi
1870 5654 2143 5717 adimitur,
2171 5654 2291 5723 quia
2342 5653 2495 5723 panis
2539 5663 2721 5708 noster
2768 5664 3000 5708 attcrnus
3055 5663 3175 5719 est,
3221 5663 3277 5709 et
3305 5652 3449 5709 Fons

231 5730 445 5802 oraculis,
471 5732 753 5789 temerarie
779 5733 935 5792 licet.
968 5738 1282 5810 parvitatem
1313 5740 1563 5811 ingenioli
1596 5746 1763 5800 nostri
1869 5753 2052 5801 noster
2096 5746 2349 5816 perennis
2395 5751 2495 5813 est,
2543 5743 2662 5800 fons
2716 5754 2898 5801 noster
2938 5745 3107 5800 dulcis
3146 5752 3269 5810 est;
3310 5742 3451 5799 unde
