3856 6218
375 361 478 415 QS‘i

1614 351 1670 406 S.
1714 347 2106 406 COLUMBANI
2148 348 2429 404 ABBATIS

3551 349 3657 401 526

376 473 504 528 dicit
530 466 957 540 ProphetazQui
972 468 1148 534 siritis,
1172 468 1240 521 ite
1260 466 1329 520 ad
1356 464 1574 520 Fontcm
1599 463 1735 532 (Ira.
1762 480 1848 528 LV,
1873 464 1960 533 *t);
1992 470 2034 524 Α
2065 477 2188 517 cum
2231 460 2434 532 Spiritu
2489 460 2900 517 sancto’unitas
2949 468 3031 515 est
3086 461 3137 515 in
3186 462 3383 517 sarcula
3434 458 3659 514 saculo-

376 560 673 617 sitientium
696 559 860 624 enim,
891 574 998 613 non
1028 558 1382 615 saturantium
1412 557 1520 612 iste
1540 555 1684 614 Fons
1710 573 1725 623 ;
1756 567 1812 612 ct
1839 555 1961 611 ideo

376 651 713 714 esurientes,
766 664 903 719 quos
947 648 1072 703 alibi
1126 646 1483 713 beatificavit,
1536 647 1604 719 ad
1650 661 1711 702 se
1763 654 1961 711 vocat;

377 741 573 809 quibus
623 755 898 810 nunquam
944 738 1130 795 bibere
1178 738 1310 794 satis
1338 739 1438 803 sit,
1480 738 1573 793 sed
1602 745 1804 807 quanto
1846 736 1964 805 plus

379 831 688 893 hauserint.
724 838 874 885 tanto
915 830 1036 901 plus
1078 830 1280 886 sitient.
1311 829 1523 892 Merito,
1574 828 1786 893 fratres,
1818 825 1965 881 Fons

377 922 647 991 sapientia
682 919 903 974 Verbum
934 918 1031 974 Dei
1050 922 1103 973 in
1130 920 1347 973 excelsis
1378 919 1566 990 (Eccli.
1598 934 1637 981 ι,
1671 916 1724 988 ὅ)
1755 933 1782 971 a
1815 916 1968 971 nobis

378 1011 767 1074 desiderandus
790 1050 807 1077 ,
836 1009 1178 1079 qumrendus,
1229 1024 1445 1079 semper
1473 1008 1731 1063 amandus
1776 1008 1881 1073 sit,
1913 1008 1968 1061 in

378 1121 486 1177 quo
523 1114 681 1172 sunt,
728 1104 879 1172 juxta
928 1102 1172 1171 Apostoli
1228 1102 1461 1163 dictum,
1512 1117 1689 1154 omnes
1745 1100 1971 1153 thesauri

378 1196 646 1270 sapientia
681 1202 730 1249 et
768 1193 997 1248 scientia:
1045 1190 1331 1245 absconditi
1383 1189 1602 1261 (Coloss.
1637 1205 1693 1250 ti.
1725 1189 1805 1256 '5),
1834 1203 1972 1256 quos

378 1287 597 1343 haurire
622 1291 782 1339 vocat
807 1282 901 1353 qui
929 1282 1135 1337 sitiunt.
1163 1280 1218 1336 Si
1246 1280 1382 1346 sitis,
1415 1280 1538 1335 bibe
1564 1280 1791 1334 Fontem
1817 1278 1970 1345 vita‘;

380 1380 427 1436 si
452 1378 629 1435 esuris
650 1415 670 1442 ,
696 1378 796 1433 ede
828 1376 1025 1431 Panem
1055 1376 1193 1430 vita).
1229 1374 1375 1431 Beati
1400 1416 1413 1439 ,
1440 1374 1529 1444 qui
1560 1372 1802 1428 esuriunt
1832 1370 1975 1426 hunc

383 1466 602 1530 Panem.
635 1474 691 1521 et
717 1464 903 1521 sitiunt
943 1466 1082 1520 hunc
1110 1464 1372 1531 Fontem;
1400 1478 1613 1532 semper
1638 1462 1781 1517 enim
1810 1460 1973 1517 eden-

380 1567 465 1616 tes
491 1567 548 1615 et
574 1558 820 1614 bibentes
843 1598 858 1623 ,
894 1556 1069 1612 adhuc
1100 1556 1263 1612 edere
1310 1563 1365 1611 et
1416 1555 1602 1610 bibere
1645 1553 1971 1608 desiderant.

384 1650 551 1709 Dulce
579 1651 725 1706 enim
752 1650 910 1706 nimis
935 1658 1039 1715 est,
1066 1649 1207 1721 quod
1230 1663 1447 1719 semper
1470 1647 1647 1703 editur
1672 1656 1729 1703 ct
1751 1647 1971 1704 bibitur.

387 1751 444 1797 et
487 1754 702 1811 semper
754 1740 988 1796 esuritor
1022 1748 1076 1795 et
1123 1739 1323 1804 sititur,
1377 1752 1592 1807 semper
1640 1745 1887 1807 gustatur
1920 1746 1977 1793 et

2066 569 2204 609 rum.
2238 554 2427 608 Amen.

2563 639 2972 699 INSTRUCTIO
3009 634 3147 697 XIV.

2385 735 2548 789 Varia
2572 734 2855 803 spiritualis
2884 734 3001 787 vita:
3025 732 3354 788 documenta.

2139 824 2179 880 l.
2211 825 2344 880 Cum
2373 823 2377 827 ’
2390 825 2499 893 jam
2536 825 2603 880 de
2634 825 2872 880 moribus
2917 822 3321 892 moralibusque
3365 821 3667 894 disciplinis

2068 916 2157 972 diu
2207 916 2465 981 dixerim,
2494 916 2689 970 iterum
2736 928 2934 983 rogas,
2969 913 3040 969 fili
3092 912 3415 980 imbucnde,
3457 913 3665 970 doceri.

2072 1008 2274 1063 Audisti
2302 1008 2429 1077 quid
2456 1008 2714 1076 scriptum
2743 1015 2827 1063 est
2859 1026 2873 1060 :
2909 1005 3004 1061 Cui
3032 1023 3199 1077 pauca
3222 1023 3327 1061 non
3355 1006 3634 1079 sufﬁciunt
3652 1050 3667 1070 .

2072 1100 2223 1168 plura
2263 1117 2365 1155 non
2394 1100 2698 1170 proderunt.
2729 1098 2933 1169 Scripsi
2973 1098 3066 1153 tibi
3096 1106 3254 1154 antea
3301 1098 3372 1154 de
3416 1100 3675 1155 serietate

2074 1206 2138 1245 ac
2178 1191 2453 1260 pudicitia,
2485 1190 2573 1246 cui
2618 1190 2908 1258 nimirum,
2937 1198 2995 1245 ut
3044 1198 3172 1260 apte
3223 1190 3468 1259 quidam,
3514 1194 3673 1245 etiam

2077 1289 2185 1332 tuta
2208 1281 2381 1334 timeo.
2409 1280 2515 1335 Sed
2555 1281 2679 1350 quia
2711 1280 3012 1337 admonitio
3036 1282 3359 1351 quibusdam
3389 1282 3638 1337 custodia
3658 1325 3673 1348 ,

2074 1373 2391 1443 quibusdam
2423 1360 2757 1439 consolatio,
2788 1374 3110 1445 quibusdam
3131 1373 3402 1445 perfectio
3416 1374 3672 1440 efficitur,

2076 1465 2350 1536 i'ntellecut
2405 1465 2617 1521 scilicet
2686 1464 3123 1536 complentibus;
3181 1464 3303 1521 ideo
3361 1464 3677 1536 frequenter

2075 1556 2301 1612 docendi
2332 1566 2457 1611 sunt
2502 1572 2567 1611 ac
2608 1555 2882 1627 imbuendi
2932 1554 3024 1611 filii
3073 1555 3411 1625 dulcissimi,
3469 1565 3531 1611 ut
3583 1571 3675 1627 per

2076 1644 2334 1715 quasdam
2366 1645 2695 1701 deiectiones
2719 1646 3043 1711 litterarum,
3071 1660 3197 1701 suas
3221 1646 3442 1702 vincere
3466 1646 3679 1716 possint

2077 1734 2144 1789 de
2200 1735 2458 1791 intestino
2509 1735 2897 1791 amaritudiues
2946 1735 3109 1791 bello.
3162 1734 3371 1790 Bellum
3419 1734 3586 1805 igitur
3624 1742 3680 1789 et

381 1846 598 1903 semper
624 1830 998 1895 desideratur;
1031 1829 1171 1885 unde
1203 1845 1297 1885 rex
1346 1828 1611 1911 propheta
1656 1827 1786 1883 dicit
1816 1846 1829 1882 :
1864 1827 1972 1883 Gu-
2004 1852 2046 1911 Β
2078 1830 2373 1887 belluinmn
2394 1830 2552 1886 vince
2574 1872 2590 1895 .
2621 1829 3087 1900 concupiscentias
3109 1829 3320 1885 scilicet
3348 1843 3415 1883 ac
3436 1829 3682 1898 superci-

381 1928 514 1976 διάει
526 1927 576 1975 et
589 1920 775 1982 ridete,
796 1936 958 1990 quam
971 1919 1143 1976 dulcis
1156 1927 1257 1984 est,
1276 1937 1427 1991 quam
1445 1909 1615 1974 sueris
1630 1929 1705 1974 est
1717 1918 1973 1973 Dominus

384 2012 609 2081 (l’sotm.
660 2027 848 2076 xxxut,
899 2011 976 2081 9).
1030 2008 1345 2081 Propterea.
1375 2010 1612 2077 fratres,‘
1639 2010 1973 2065 vocationem

383 2103 524 2171 hanc
576 2118 883 2173 sequamur,
916 2116 1021 2171 qua
1075 2102 1142 2155 ad
1195 2102 1317 2155 vita:
1369 2099 1597 2156 Fontcm
1650 2114 1909 2154 vocamur
1946 2115 1975 2154 a

385 2193 507 2247 Vita
531 2232 548 2259 ,
579 2193 670 2260 qui
702 2203 783 2247 est
812 2191 956 2246 Fons
982 2230 998 2255 ,
1039 2207 1146 2246 non
1193 2191 1368 2246 solum
1394 2205 1547 2259 aqua:
1596 2190 1731 2244 viva:
1754 2229 1770 2255 ,
1799 2188 1894 2244 sed
1924 2200 1978 2244 et

384 2281 527 2338 Fons
548 2289 766 2336 :eternac
786 2282 928 2347 vitm,
951 2280 1094 2336 Fons
1124 2281 1280 2349 lueis,
1304 2281 1446 2337 idem
1469 2289 1523 2336 et
1545 2279 1687 2338 Fons
1714 2280 1934 2336 luminis
1960 2299 1973 2334 :

384 2372 571 2428 abillo
614 2372 756 2428 enim
787 2373 900 2427 huic
942 2372 1121 2427 omnia
1168 2381 1327 2437 sunt,
1362 2372 1625 2441 sapientia
1647 2411 1665 2437 ,
1704 2372 1813 2427 ‘vita
1838 2413 1854 2441 ,
1882 2372 1976 2426 lux

384 2472 605 2518 asterna.
657 2464 859 2518 Auctor
905 2465 1059 2528 vilic,
1095 2462 1238 2518 Fons
1269 2466 1390 2517 vitae
1434 2474 1552 2531 est,
1580 2453 1973 2539 Iuriscreator,

385 2553 528 2611 Fons
556 2555 771 2611 luminis
799 2565 884 2611 est
913 2574 926 2610 :
959 2566 1013 2610 et
1041 2556 1163 2612 ideo
1186 2565 1441 2625 contemp
1464 2557 1511 2611 is
1536 2557 1766 2625 hisrqua:
1790 2556 1976 2610 viden-

386 2655 506 2710 tur.
556 2655 873 2702 transcenso
899 2644 1085 2719 [Forte
1125 2644 1467 2714 transcensu]
1506 2647 1559 2699 in
1607 2646 1979 2715 superioribus

384 2735 669 2800 emlorum,
700 2734 927 2790 Fontem
976 2734 1231 2799 luminis,
1262 2732 1490 2787 Fontem
1543 2735 1699 2802 vit-.o,
1750 2732 1978 2790 Fontem

288 2884 291 2885 ν
383 2840 540 2896 aqua:
593 2824 749 2894 vivae,
799 2832 860 2879 ut
913 2824 1261 2881 rationabiles
1314 2832 1370 2881 et
1418 2822 1745 2894 sagacissimi
1803 2823 1980 2893 pisces

384 2932 710 2987 qureramus,
736 2918 795 2973 ut
824 2917 1070 2975 bibamus
1100 2933 1294 2989 aquam
1318 2919 1494 2974 vivam
1524 2925 1580 2975 et
1606 2916 1891 2973 salientem
1923 2916 1978 2971 in

384 3008 551 3064 vitam
579 3016 836 3064 internum
866 3009 1049 3077 (Joan.
1076 3026 1148 3076 iv,
1182 3008 1291 3081 Η).

452 3097 543 3156 ιιι.
584 3096 799 3156 Utinam
825 3114 911 3154 me
956 3099 1081 3155 illuc
1126 3100 1376 3169 dignares
1403 3098 1703 3154 adsciscere
1730 3098 1797 3153 ad
1828 3096 1976 3153 illum

2077 1918 2292 1986 liosum,
2324 1920 2468 1974 utilis
2497 1917 2683 1991 [Forte
2711 1916 2903 1990 virilis]
2933 1927 3050 1975 esto
3081 1918 3133 1973 in
3164 1918 3494 1980 humilitate,
3522 1915 3678 1971 infira

2077 2028 2304 2084 musque
2355 2014 2408 2066 in
2456 2012 2814 2077 auctoritate,
2845 2010 3074 2082 simplex
3126 2011 3181 2065 in
3238 2010 3366 2079 fide,
3397 2010 3596 2067 doctus
3624 2011 3679 2065 in

2078 2104 2317 2159 moribus
2342 2144 2357 2170 ,
2387 2101 2611 2157 mordax
2660 2102 2714 2157 in
2759 2100 2972 2165 alienis,
3023 2101 3281 2157 remissus
3324 2102 3380 2155 in
3411 2102 3679 2172 propriis,

2080 2210 2247 2264 purus
2273 2193 2325 2249 in
2354 2194 2613 2259 amicitia,
2643 2193 2869 2249 callidus
2894 2193 2947 2247 in
2972 2192 3201 2260 insidiis,
3226 2194 3394 2249 durus
3422 2195 3475 2248 in
3501 2195 3681 2249 molli-

2081 2285 2200 2353 bus,
2230 2286 2409 2341 mollis
2456 2284 2509 2340 in
2558 2285 2725 2342 duris.
2768 2284 2963 2340 Varius
3010 2284 3063 2339 in
3110 2284 3325 2355 planis.
3376 2283 3572 2355 planus
3629 2286 3683 2341 in

2082 2378 2261 2442 rariis,
2294 2376 2561 2447 jocundus
2589 2377 2643 2432 in
2674 2377 2876 2432 amaris
2900 2419 2917 2445 ,
2949 2376 3115 2433 tristis
3163 2378 3215 2431 in
3252 2377 3531 2447 jocundis.
3562 2380 3682 2435 Dis-

2078 2485 2201 2526 cors
2224 2468 2643 2534 innecessariis,
2673 2468 2896 2538 aequalis
2925 2468 2978 2522 in
3009 2468 3172 2523 veris.
3205 2467 3440 2527 Severus
3470 2469 3523 2524 in
3549 2485 3684 2525 sua-

2080 2565 2255 2628 vibus,
2281 2565 2455 2620 dulcis
2485 2565 2535 2619 in
2566 2562 3037 2618 amaritudinibus.
3082 2561 3122 2616 F
3126 2562 3262 2617 ortis
3291 2561 3344 2617 in
3377 2563 3680 2618 tribulatio-

2081 2656 2267 2722 nibus,
2298 2664 2353 2710 (ιι
2399 2653 2684 2710 imbecillis
2708 2652 2761 2707 in
2789 2651 3101 2719 discordiis,
3126 2651 3312 2708 tardus
3340 2652 3409 2707 ad
3442 2652 3680 2711 insecti.

2010 2804 2013 2807 λ
2080 2749 2229 2812 dum,
2263 2746 2417 2800 velox
2450 2744 2519 2800 ad
2549 2744 2886 2810 discendum,
2922 2744 3102 2797 tardus
3124 2758 3343 2815 quoque
3368 2745 3437 2800 ad
3466 2745 3684 2817 loquat-

2081 2840 2205 2893 dum
2233 2838 2371 2911 (Jac.
2406 2854 2446 2908 ι,
2474 2837 2579 2909 t9).
2613 2849 2673 2893 ut
2698 2847 2920 2894 sanctus
2949 2837 3026 2892 ait
3061 2834 3326 2904 Jacobus,
3354 2836 3505 2893 celos:
3532 2837 3683 2893 sitni-

2081 2930 2205 2986 liter
2252 2930 2323 2984 ad
2368 2930 2702 2984 audiendum.
2752 2926 2956 2984 Etlicax
3006 2928 3061 2983 in
3091 2926 3371 3000 profectu,
3414 2927 3583 2986 hebes
3630 2928 3684 2984 in

2082 3018 2341 3084 vindicta,
2372 3017 2561 3075 cautus
2586 3022 2639 3075 in
2665 3021 2860 3088 verbo,
2909 3030 3191 3092 promptus
3212 3022 3265 3076 in
3298 3036 3483 3093 opere.
3519 3021 3685 3077 Ama-

2082 3115 2204 3171 bilis
2254 3114 2467 3186 probis,
2517 3114 2795 3186 squalidus
2850 3114 3181 3181 inhonestis,
3232 3112 3368 3169 lenis
3418 3113 3683 3179 inﬁrmis,

383 3185 628 3255 Fontem,
656 3190 796 3247 Deus
825 3190 1133 3246 misericors
1153 3231 1168 3257 ,
1196 3191 1289 3261 pie
1319 3188 1543 3245 Domine
1564 3229 1580 3253 ,
1605 3198 1664 3245 ut
1690 3190 1761 3245 ibi
1790 3197 1846 3245 et
1873 3201 1972 3257 ego

2084 3185 2269 3262 durus
2300 3205 2510 3263 stolidis
2542 3185 2575 3271 ,ν
2627 3214 2808 3261 rectus
2866 3205 3064 3261 erectis
3096 3245 3111 3271 ,
3159 3203 3377 3259 humilis
3424 3201 3682 3273 deiectis.

382 3297 508 3339 cum
537 3282 843 3340 sitientibus
888 3283 995 3339 tuis
1040 3284 1215 3338 vivam
1249 3284 1443 3339 undam
1475 3283 1578 3338 vivi
1606 3280 1796 3338 Fontis
1822 3296 1977 3351 aqua:

383 3370 523 3429 vim
574 3372 856 3439 biberem,
916 3373 1071 3443 cujus
1126 3374 1290 3429 nimia
1346 3372 1629 3429 dulcedine
1680 3371 1979 3427 delectatus

382 3477 595 3519 sursum
621 3478 836 3533 semper
856 3464 907 3519 ei
937 3466 1197 3519 hmrerem
1227 3471 1282 3517 et
1305 3462 1543 3519 dicerem
1568 3480 1581 3515 :
1606 3461 1777 3528 Quam
1808 3461 1979 3517 dulcis

383 3562 471 3609 est
496 3552 645 3611 Fons
688 3569 855 3624 aqua:
892 3554 1043 3618 vim,
1072 3555 1225 3625 cujus
1254 3571 1362 3611 non
1402 3553 1588 3611 deficit
1615 3569 1753 3626 aqua
1780 3554 1979 3611 saliens

383 3643 437 3698 in
467 3644 631 3700 vitatu
661 3653 917 3701 :eternam
948 3643 1137 3717 (Ibid.)
1161 3646 1172 3699 ε
1197 3644 1242 3700 0
1273 3646 1519 3715 Domine,
1558 3656 1614 3701 tu
1646 3661 1705 3702 es
1739 3648 1853 3717 ipse
1874 3646 1977 3703 iste

382 3735 525 3793 Fons
546 3752 759 3809 semper
772 3747 1057 3809 etsemper
1080 3738 1487 3805 desiderandus,
1517 3737 1691 3812 (Fort.
1724 3738 1848 3791 add.
1880 3754 1977 3792 rex

381 3826 665 3900 bibendus]
711 3844 926 3900 semper
970 3829 1096 3883 licet
1149 3843 1366 3897 semper
1393 3828 1759 3882 hauriendus.
1813 3826 1978 3883 Nobis

380 3934 596 3991 semper
618 3922 710 3989 da,
740 3921 969 3977 Domine
996 3914 1226 3985 Christe,
1261 3920 1394 3974 hanc
1422 3936 1609 3992 aquam
1640 3906 1827 3992 (Ibid,
1861 3920 1975 3993 lii),

382 4022 443 4067 ut
462 4014 535 4068 sit
562 4012 616 4067 in
639 4012 794 4069 nobis
822 4028 1037 4085 quoque
1064 4011 1207 4068 Fons
1233 4028 1382 4084 aqua;
1414 4013 1543 4067 viva:
1573 4020 1627 4068 et
1648 4014 1891 4072 salientis
1921 4014 1973 4067 in

382 4102 549 4158 vitam
575 4112 854 4160 :cternam.
884 4104 1075 4174 Magna
1103 4104 1320 4176 quidem
1349 4121 1515 4177 posco
1534 4147 1549 4174 ,
1578 4104 1699 4177 quis
1728 4106 1978 4162 nesciat?

380 4194 489 4252 Sed
533 4204 609 4263 to,
644 4195 761 4252 Rex
788 4196 997 4266 glorise,
1046 4211 1241 4266 magna
1276 4197 1481 4254 donare
1511 4198 1651 4255 nosti
1679 4205 1734 4252 et
1782 4211 1974 4266 magna

382 4288 678 4360 promisisti
710 4307 723 4340 :
754 4287 882 4343 nihil
914 4295 968 4342 te
989 4287 1183 4355 majus,
1204 4294 1258 4342 et
1288 4295 1339 4342 te
1365 4287 1522 4343 nobis
1541 4287 1775 4351 donasti,
1802 4297 1853 4342 te
1876 4303 1976 4358 pro

384 4381 542 4437 nobis
591 4379 807 4436 dedisti.
858 4378 1009 4434 Unde
1055 4386 1110 4434 te
1139 4393 1420 4447 rogamus,
1452 4385 1510 4433 ut
1553 4378 1787 4434 sciamus
1829 4378 1975 4447 quod

386 4489 652 4540 amamus,
674 4471 799 4543 quia
831 4471 965 4527 nihil
992 4470 1135 4527 aliud
1163 4479 1358 4541 preter
1378 4480 1429 4525 te
1457 4470 1613 4526 nobis
1637 4469 1749 4524 dari
1783 4478 1973 4539 postu-

382 4563 601 4621 lamus:
651 4572 709 4620 tu
747 4579 807 4619 es
845 4563 989 4619 enim
1031 4563 1214 4618 omnia
1261 4570 1468 4630 nostra,
1497 4562 1604 4617 vita
1645 4568 1851 4630 nostra,
1882 4562 1972 4616 lux

383 4662 589 4721 nostra,
629 4657 775 4711 salus
827 4664 1033 4716 nostra,
1081 4654 1233 4710 cibus
1279 4661 1493 4718 ηοΛοτ,
1542 4659 1702 4722 potui
1752 4661 1969 4717 noster,

383 4746 528 4804 Dem
554 4755 757 4803 noster.
789 4745 992 4818 lnspira
1014 4744 1175 4803 corda
1207 4754 1410 4811 nostra,
1435 4758 1587 4814 rogo,
1614 4741 1741 4799 Jesu
1766 4753 1969 4809 noster,

381 4836 470 4893 illa
499 4839 575 4893 tui
599 4837 832 4909 Spiritus
850 4852 1005 4904 aura,
1034 4846 1092 4893 et
1118 4837 1335 4892 vulnera
1354 4845 1565 4891 nostras
1588 4843 1677 4901 tua
1708 4834 1973 4891 cliaritate

381 4928 620 4995 animas.
652 4936 709 4984 ut
738 4928 913 5000 possit
950 4927 1365 4998 uniuscujusque
1406 4934 1650 4981 nostrum
1699 4926 1875 4981 anima
1915 4927 1970 4983 in

383 5018 610 5074 veritate
631 5017 815 5075 dicere
847 5036 860 5072 ε
886 5016 1071 5073 Indica
1097 5018 1224 5073 milii
1249 5034 1398 5090 quem
1438 5017 1621 5071 dilexit
1649 5019 1827 5072 animo
1854 5034 1968 5072 mea

383 5111 560 5181 (Cant.
591 5130 632 5182 ι,
662 5112 741 5185 6),
775 5113 1033 5185 quoniam
1075 5111 1355 5169 vulnerata
1397 5111 1664 5169 cbaritate
1699 5126 1801 5183 ego
1828 5127 1969 5168 sum.

381 5202 527 5275 Opto
572 5204 664 5261 illa
692 5204 912 5262 vulnera
954 5204 1011 5260 in
1055 5218 1144 5258 me
1186 5204 1314 5269 sint,
1349 5201 1595 5260 Domine.
1644 5202 1809 5258 Beata
1850 5202 1972 5260 talis

381 5298 582 5364 anima,
611 5312 731 5371 qua:
768 5295 1036 5353 cbaritate
1080 5295 1159 5353 sic
1202 5295 1513 5366 vulneratur
1543 5312 1560 5352 :
1595 5296 1713 5353 talis
1741 5295 1970 5353 Fonteio

378 5389 594 5460 quierit,
623 5387 747 5446 talis
770 5387 925 5455 bibit,
953 5402 1170 5460 semper
1189 5395 1367 5444 tamen
1389 5388 1503 5444 sitit
1526 5388 1765 5445 bibendo
1781 5430 1799 5456 ,
1821 5405 1967 5446 sem-

381 5494 479 5546 per
502 5480 681 5539 haurit
707 5478 1088 5547 desiderando,
1104 5494 1263 5548 quem
1288 5494 1507 5551 semper
1532 5480 1669 5536 bibit
1692 5481 1962 5549 sitiendo;

381 5571 457 5630 sic
483 5587 701 5647 semper
724 5572 916 5645 quaerit
934 5572 1190 5643 amando,
1211 5586 1330 5643 qua:
1350 5580 1572 5636 sanatur
1594 5572 1963 5640 vulnerando;

378 5677 491 5733 quo
512 5663 739 5722 salutari
760 5663 982 5721 vulnere
1008 5663 1202 5719 anima:
1233 5674 1431 5721 nostra:
1457 5663 1713 5720 interiora
1744 5662 1887 5719 Deus
1911 5675 1968 5721 et

382 5747 641 5811 Iknninus
662 5761 848 5810 noster
871 5750 1029 5811 Jesus
1051 5751 1319 5825 Christus,
1347 5754 1468 5824 pius
1495 5754 1583 5810 illc
1608 5754 1967 5825 salutarisquc

382 5838 626 5911 medicus
677 5844 960 5903 vulnerare
1022 5843 1316 5914 dignetur,
1367 5844 1453 5903 cui
1506 5860 1627 5901 cum
1701 5844 1861 5902 l’atrc
1911 5855 1967 5903 ct

2084 3299 2308 3355 Sobrius
2374 3298 2610 3368 ubique.
2674 3306 2860 3353 castus
2923 3297 3123 3367 ubique
3163 3336 3180 3363 ,
3239 3296 3467 3367 pudicus
3536 3310 3685 3353 seut-

2081 3408 2199 3465 per,
2230 3392 2439 3463 patiens
2486 3398 2643 3447 tenus
2690 3389 2809 3446 zelo
2832 3431 2847 3455 ,
2873 3390 3098 3462 cupidus
3145 3405 3421 3462 nunquam
3446 3429 3463 3456 ,
3500 3390 3684 3462 largus

2080 3496 2317 3552 semper,
2346 3482 2428 3536 sin
2476 3496 2604 3551 ope,
2630 3481 2714 3537 vel
2745 3480 2947 3536 animo.
2970 3477 3323 3552 Opportunus
3344 3480 3399 3535 in
3422 3480 3681 3552 jejuniis,

2082 3575 2422 3645 importunus
2452 3574 2507 3630 in
2535 3573 2750 3645 vigiliis.
2784 3572 3057 3631 Discrelus
3083 3574 3135 3630 in
3167 3571 3362 3631 officiis
3384 3613 3402 3640 ,
3432 3584 3597 3631 tenax
3628 3576 3684 3631 in

2080 3664 2290 3730 stuJiis,
2319 3676 2592 3721 .constans
2619 3665 2671 3719 in
2717 3664 3038 3735 fragoribus,
3070 3666 3223 3723 laetus
3247 3666 3299 3721 in
3330 3667 3682 3723 maeroribus.

2081 3758 2269 3813 Aulax
2296 3758 2349 3812 in
2376 3774 2536 3813 causa
2567 3759 2839 3823 veritatis,
2869 3759 3088 3815 timidus
3117 3760 3170 3815 in
3199 3761 3644 3818 contentionibus
3664 3804 3683 3831 ,

2078 3849 2305 3920 supplex
2328 3846 2484 3905 bonis
2508 3891 2524 3915 ,
2552 3848 2929 3929 insuperabilis
2957 3850 3113 3907 malis
3134 3893 3148 3918 ,
3176 3850 3323 3907 mitis
3350 3851 3405 3907 in
3436 3850 3683 3909 liberali-

2082 3950 2193 3999 tate
2216 3983 2231 4009 ,
2262 3940 2607 4011 infatigabilis
2649 3943 2702 3998 in
2741 3941 3007 4004 charitate
3033 3983 3050 4008 ,
3081 3941 3265 4012 justus
3306 3941 3361 3996 in
3404 3943 3681 4007 omnibus,

2080 4037 2198 4107 pius
2220 4035 2413 4105 dignis,
2444 4036 2751 4092 misericors
2776 4035 3121 4107 pauperibus.
3154 4034 3364 4092 Memor
3384 4036 3682 4093 beneficio-

2078 4140 2228 4191 rum,
2284 4126 2566 4181 immemor
2618 4126 2955 4194 injuriarum.
3008 4126 3234 4181 Amator
3278 4126 3635 4195 mediocrium
3664 4167 3681 4193 ,

2081 4217 2238 4272 nolus
2266 4232 2449 4287 opum.
2476 4218 2638 4272 animi
2668 4217 2981 4288 depressor,
3013 4219 3400 4287 cogitationum
3431 4220 3682 4290 publica-

2081 4314 2187 4362 tor.
2238 4305 2554 4362 Senioribus
2596 4306 2895 4371 obediens,
2947 4306 3255 4376 junioribus
3301 4322 3680 4370 concurrens.

2079 4396 2440 4468 conqualibus
2459 4410 2766 4467 corquans.
2800 4394 3060 4452 Perfectis
3086 4404 3409 4451 concertaus
3432 4436 3449 4463 ,
3481 4395 3681 4451 melio-

2079 4492 2227 4548 ribus
2279 4506 2385 4546 non
2440 4490 2721 4557 invidens,
2769 4488 3222 4561 prmcurrentibus
3271 4503 3383 4543 non
3431 4487 3631 4545 dolens
3660 4531 3678 4553 .

2082 4582 2479 4649 remorantibus
2507 4597 2614 4638 non
2643 4581 2957 4647 detrahens,
2990 4580 3410 4651 provocantibus
3436 4595 3682 4639 consen-

2084 4674 2241 4737 tiens,
2268 4672 2439 4728 lassus
2467 4671 2595 4728 lic‘et
2639 4686 2748 4728 non
2787 4669 3049 4728 deficiens
3072 4712 3086 4737 ,
3117 4670 3252 4727 flens
3276 4669 3436 4725 simul
3459 4679 3519 4727 et
3543 4686 3684 4740 gau-

2081 4768 2233 4831 dens,
2269 4780 2367 4836 pro
2410 4762 2620 4820 fervore
2648 4778 2712 4820 ac
2740 4779 2877 4836 spe;
2918 4764 3114 4820 timens
3152 4777 3370 4836 semper
3397 4776 3499 4832 pro
3545 4760 3680 4831 fine,

2081 4854 2208 4911 licet
2233 4855 2548 4927 proficiens,
2572 4854 2797 4911 incerto.

2150 4947 2213 5003 ll.
2256 4946 2334 5002 En
2366 4956 2538 5015 tuum,
2584 4962 2617 5004 o
2645 4962 2780 5018 puer
2807 4945 3039 5002 amande
3082 4946 3435 5017 ministerque
3475 4942 3679 5013 dulcis,

2079 5039 2502 5102 monimentum;
2555 5038 2678 5094 talis
2724 5029 2783 5093 si
2808 5037 2905 5105 sis,
2953 5036 3112 5093 nimis
3135 5037 3327 5093 beatus
3349 5036 3487 5103 eris,
3543 5038 3678 5108 quia

2080 5146 2176 5201 per
2200 5146 2457 5201 prospera
2478 5139 2536 5186 et
2553 5130 2778 5188 adversa
2807 5128 2951 5185 idem
2997 5128 3126 5193 eris.
3172 5138 3394 5201 paratus
3438 5128 3508 5183 ad
3532 5146 3677 5186 cun-

2077 5232 2185 5288 cta,
2226 5221 2449 5291 singulis
2473 5236 2781 5286 occurrens,
2833 5229 3141 5292 temperans
3176 5229 3384 5291 gestus,
3424 5221 3680 5278 nutriens

2077 5314 2393 5379 crescenda,
2436 5315 2748 5371 interimens
2796 5313 3189 5381 decrescenda,
3219 5313 3460 5384 levigaus
3486 5314 3677 5386 ἁδρο-

2074 5416 2191 5463 rata
2222 5406 2407 5479 (Forte
2434 5409 2669 5478 aspera),
2698 5421 3027 5477 exasperans
3065 5406 3371 5477 vituperata
3391 5446 3407 5472 ,
3455 5420 3677 5476 semper

2070 5498 2353 5564 sollicitus,
2376 5513 2591 5568 semper
2615 5512 2886 5566 crescens,
2907 5513 3121 5569 semper
3148 5496 3470 5568 acquirens,
3521 5510 3677 5554 settl-

2068 5608 2167 5665 per
2196 5589 2420 5648 tendens
2447 5590 2515 5646 ad
2544 5604 3030 5663 superna,semper
3056 5603 3279 5647 currens
3306 5588 3376 5646 ad
3396 5588 3676 5658 bravium,

2067 5699 2283 5756 semper
2309 5683 2550 5740 cmlestia
2580 5683 2914 5751 desiderans,
2965 5697 3183 5756 semper
3227 5681 3410 5740 divina
3456 5681 3674 5740 sitiens.

2071 5777 2207 5834 Ecce
2230 5778 2531 5833 doctrinam
2558 5796 2571 5831 :
2604 5776 2671 5832 da
2700 5778 3087 5846 sequacitatem
3108 5778 3153 5834 si
3175 5787 3349 5850 potes,
3379 5782 3442 5831 ut
3468 5775 3677 5834 habeas

2073 5869 2383 5927 felicitatem
2442 5876 2498 5923 et
2551 5874 2893 5937 “natalem,
2945 5883 3069 5923 cum
3115 5868 3345 5940 puerilia
3397 5865 3675 5926 desideria
