3856 6218
172 392 253 460 πῖ
1047 379 1587 440 ΙΝΞΤΒΠΟΤΜΝΕΞ
1627 376 1746 436 VM

1856 380 1859 434 ἰ
1901 376 2059 435 SlVl-l
2098 378 2485 438 SERMONES.
3312 377 3420 437 ἔδυ

172 505 364 576 mgnas,
390 513 580 571 corpus
608 498 691 557 sic
726 498 779 554 in
810 502 1134 567 potestatem
1171 494 1394 565 spiritus
1443 488 1717 557 redegeris
1746 494 1795 553 Λ
1824 486 2162 559 rediguntur,
2201 498 2258 544 et
2286 490 2443 547 nobis
2484 491 2537 547 in
2580 506 2735 547 usum
2764 485 2966 545 munde
3000 495 3419 560 componuntur.

171 596 478 655 ettevadetn
526 609 626 665 ιιι-ο
667 590 774 645 tuis
822 587 1107 644 tradideris
1156 586 1424 659 peccatis,
1482 583 1536 637 in
1571 580 1722 638 b‘revi
1826 579 1903 635 De
1952 581 2044 635 tali
2084 592 2356 653 unguento
2386 583 2628 639 dicitur:
2676 581 2877 638 lasere
2903 580 3180 637 morientes
3204 577 3425 652 perdunt

173 690 446 747 militantem
467 702 567 757 pro
588 682 813 738 aeternis
834 681 1139 753 stipendiis.
1174 681 1220 735 0
1250 690 1303 734 te
1330 675 1572 732 felicem!
1606 692 1641 733 o
1670 666 1725 733 te

172 780 380 839 beatum!
428 788 569 846 oque
616 771 923 828 mirabilem
956 782 1011 829 te
1043 782 1296 843 puerum,
1347 766 1393 823 si
1423 766 1537 821 lucc
1570 780 1733 822 cotn-l

174 875 367 950 plevetis
393 867 667 926 universa!
701 865 759 923 Si
797 869 942 924 enim
968 867 1022 922 in
1052 865 1136 919 bis
1164 862 1447 932 diligenter
1476 860 1727 917 omnibus

176 968 310 1024 fueris
332 976 482 1020 sensu
520 967 577 1014 et
605 974 775 1030 opere
795 964 1114 1027 occupatus,
1167 970 1275 1009 non
1305 954 1520 1009 vacabis
1551 968 1726 1024 neque

176 1060 298 1113 vanis
317 1052 589 1122 vagisqne,
631 1065 811 1121 neque
846 1048 1091 1117 turpibus
1134 1045 1582 1116 cogitationibus;
1632 1044 1728 1099 sed

176 1149 299 1221 quasi
325 1144 575 1215 incipiens
603 1157 824 1213 semper
863 1139 960 1195 tibi
998 1139 1098 1210 ipsi
1128 1138 1501 1207 eongregabis,
1534 1136 1729 1205 quibus

177 1243 527 1309 inperpetuum
558 1234 819 1288 fruiturus
846 1232 976 1299 eris,
1010 1231 1171 1286 unius
1198 1230 1282 1285 vir
1312 1228 1584 1285 vocandus
1612 1227 1725 1281 ani-

177 1330 249 1394 mi,
268 1337 315 1384 et
334 1327 606 1398 singularis
631 1323 990 1380 emolumenti
1012 1322 1293 1393 quaesitor,
1311 1321 1559 1390 egregius
1580 1318 1731 1388 regni

178 1422 436 1491 negotiator
478 1416 690 1472 aeterni.
740 1417 1078 1475 Convertere
1136 1414 1299 1483 igitur
1346 1422 1399 1469 te
1446 1421 1621 1468 totum
1676 1412 1729 1466 in

179 1518 287 1581 tunc,
306 1514 419 1584 quia
440 1511 604 1567 babes
628 1511 684 1566 in
700 1511 898 1581 quibus
926 1516 1073 1564 tuam
1092 1522 1353 1564 exerceas
1369 1507 1728 1576 iuventutem,

178 1606 408 1671 virtutem,
437 1602 763 1670 efficaciam,
791 1600 1201 1666 strenuitatem;
1258 1614 1327 1655 ne
1356 1600 1407 1654 in
1447 1596 1733 1654 contrariis

179 1702 243 1754 iur
273 1697 451 1754 fuerint
474 1698 810 1759 exercitatae,
861 1700 1089 1766 pereant
1116 1708 1235 1764 quae
1261 1708 1359 1763 per
1381 1693 1485 1746 vim
1518 1690 1742 1761 rapiunt

180 1802 363 1858 regnum
382 1787 638 1844 calorum
666 1785 889 1857 (Matth.
917 1801 989 1848 ιι,
1033 1784 1145 1856 12).

647 1874 1066 1933 INSTRUGTIO
1092 1875 1209 1930 XV.

518 1970 592 2027 De
643 1975 847 2045 fervore
902 1972 1152 2027 serviendi
1210 1970 1337 2025 Deo.

237 2064 270 2121 Ι.
319 2066 368 2121 In
395 2065 631 2122 Ecclesia
671 2065 787 2131 Dei,
838 2065 1031 2121 fratres
1064 2065 1196 2131 mei,
1239 2080 1505 2119 summum
1556 2063 1734 2117 locum

182 2173 258 2230 per
295 2158 378 2212 Dei
421 2157 852 2212 misericordiam
909 2172 1093 2211 sumus
1145 2156 1494 2210 obtinentes:
1548 2170 1739 2210 curare

181 2263 477 2318 summopere
498 2247 803 2312 debemus,
856 2254 915 2302 ut
960 2248 1101 2316 quod
1132 2247 1301 2302 semel
1336 2250 1738 2316 proposuimus,

183 2340 331 2397 sedula
372 2340 669 2395 intentione
720 2348 1019 2402 teneamus,
1076 2338 1296 2408 etquod
1334 2338 1573 2393 exterius
1611 2355 1735 2409 pro-

185 2436 421 2499 mittimus,
447 2449 540 2503 per
561 2433 806 2489 studium
839 2434 966 2489 boni
1007 2433 1183 2503 operis
1214 2434 1580 2488 exbibeamus.
1625 2433 1739 2501 Qua

186 2523 225 2575 in
245 2538 293 2577 re
319 2540 524 2579 necesse
548 2532 658 2588 est,
698 2533 756 2578 ut
785 2525 1008 2581 remotis
1032 2525 1098 2579 de
1127 2524 1379 2579 cordibus
1420 2524 1616 2579 uosnis
1663 2525 1741 2577 fa-

188 2614 268 2667 tuis
291 2622 337 2667 et
361 2613 547 2682 ineptis
573 2614 1021 2682 cogitationibus,
1076 2612 1373 2668 secundum
1399 2610 1744 2683 perfectionis

186 2706 282 2759 vita:
306 2704 527 2775 regulam
560 2704 710 2759 viam
741 2704 835 2759 Dei
862 2703 1247 2772 ingrcdiamur,
1297 2712 1352 2758 et
1380 2719 1405 2755 a
1451 2703 1742 2771 gradiendo

186 2797 225 2851 in
244 2813 297 2853 ea
323 2814 431 2867 qua:
458 2808 583 2852 ante
610 2808 761 2866 sunt,
787 2797 938 2852 obliti
964 2796 1349 2866 posteriorum,
1382 2797 1431 2851 id
1461 2805 1572 2860 est,
1606 2807 1747 2852 tem-

185 2887 427 2957 poralium,
459 2904 583 2944 cum
612 2889 882 2960 Apostoln
908 2888 1170 2959 (Pl.ilipp.
1204 2906 1283 2957 ut,
1316 2888 1403 2961 15)
1436 2906 1535 2945 nos
1559 2900 1745 2945 cxten-

186 2979 357 3041 dantus.
405 2979 650 3034 dicentes
698 2978 967 3034 conditori
1011 2986 1243 3033 nostro:
1292 2978 1462 3033 Truhe
1501 2996 1595 3033 nos
1633 2990 1749 3049 post

187 3083 523 3134 κυεην-πεπτω
578 3069 745 3125 simul
800 3072 855 3124 in
899 3070 1109 3125 odorem
1138 3077 1516 3137 unguentorum
1546 3080 1749 3124 tuorum

190 3161 333 3227 (Cant.
359 3178 392 3229 t,
416 3160 491 3231 3).
543 3160 655 3217 Per
684 3177 782 3217 nos
811 3160 1028 3233 quidem
1057 3161 1124 3215 ad
1175 3160 1316 3215 viam
1348 3162 1595 3217 veritatis
1627 3178 1749 3232 per-

189 3252 375 3322 tingere,
428 3254 508 3308 vel
549 3254 609 3308 in
663 3269 728 3309 ea
791 3251 1056 3323 proficisci
1084 3267 1190 3307 non
1236 3259 1545 3323 possumus,
1586 3261 1748 3323 atque
1778 3276 1823 3337 ρ

191 3345 288 3401 ideo
310 3347 523 3415 gratiam
548 3346 974 3415 prmvenienteui
1000 3354 1244 3415 petamus
1265 3344 1546 3401 dicentes:
1580 3344 1751 3400 Tro/te

191 3451 265 3491 nos
288 3446 390 3505 post
415 3444 480 3496 te,
509 3447 567 3488 ut
601 3435 679 3490 sic
699 3448 983 3488 curramus
1007 3434 1075 3488 ad
1104 3445 1155 3487 te
1185 3451 1199 3487 :
1255 3442 1307 3487 et
1345 3446 1581 3500 congrue
1604 3434 1750 3501 prius

192 3526 351 3581 dicitur
405 3545 417 3579 :
468 3524 645 3581 Trahe
687 3542 781 3581 nos
829 3536 947 3596 post
991 3535 1075 3594 te,
1132 3536 1189 3581 et
1240 3523 1436 3581 deinde
1488 3525 1748 3594 sequitur,

193 3634 437 3682 cantitata;
476 3619 607 3688 quia
648 3618 749 3674 nisi
791 3617 969 3673 divina
1010 3618 1183 3689 gratia
1221 3632 1321 3671 nos
1367 3617 1749 3687 praeveniente,

194 3724 303 3779 opus
326 3710 516 3765 bonum
544 3709 830 3773 inchoare,
859 3720 913 3765 et
943 3709 1133 3766 cadent
1159 3709 1546 3777 subsequente,
1580 3709 1751 3778 ipsutn

194 3815 529 3858 consummare
558 3818 670 3858 non
697 3790 967 3866 valemus;
1003 3801 1145 3857 unde
1173 3801 1372 3857 dicitur
1409 3802 1461 3857 in
1506 3804 1753 3857 oratione

194 3888 262 3944 illa
289 3908 301 3943 :
329 3887 392 3945 Et
418 3902 502 3945 tua
525 3903 650 3955 nos,
679 3889 919 3956 Domine,
949 3890 1119 3963 gratia
1138 3892 1417 3961 prtaeeuiat
1438 3900 1487 3945 et
1511 3899 1754 3959 sequatur

196 3970 339 4050 (Orat.
362 3980 510 4038 Dent.
539 3999 630 4038 ut
663 3992 779 4053 post
808 3982 1066 4055 Pentec.).
1112 3981 1259 4037 Bene
1281 3991 1460 4037 autem
1484 3982 1753 4051 congruit,

192 4074 309 4142 quod
355 4074 569 4148 dicitur,
621 4090 931 4130 canemus:
970 4089 1093 4129 nam
1140 4074 1196 4129 in
1241 4073 1325 4129 via
1360 4072 1452 4129 Dei
1511 4088 1618 4129 non
1674 4082 1757 4126 est

194 4164 320 4220 nobis
336 4166 476 4223 lento
495 4165 673 4237 gradu
702 4165 1078 4229 incedendum,
1108 4164 1200 4221 sed
1218 4180 1341 4220 cum
1363 4176 1557 4231 magna
1578 4162 1757 4217 casul-

194 4257 366 4314 tatiutte
406 4263 489 4315 vel
540 4258 891 4314 festinatione
921 4256 1265 4311 currendum.
1317 4254 1425 4310 Sed
1470 4253 1760 4323 Apostolus

194 4346 411 4404 admonet
462 4349 655 4406 dic-“ns
716 4366 730 4401 :
800 4346 891 4403 Sic
940 4348 1132 4401 currite
1200 4356 1254 4399 at
1313 4344 1759 4416 comprehendatis

196 4436 239 4509 (Ι
262 4438 369 4499 Cor.
388 4456 465 4508 ts,
495 4440 615 4512 54).
640 4438 824 4497 Currit
844 4454 995 4505 vero,
1016 4438 1107 4507 qui
1131 4438 1257 4494 totis
1284 4437 1485 4493 viribus
1500 4436 1569 4491 ad
1589 4436 1759 4491 Deum

194 4532 520 4603 proficiscitur
548 4552 562 4589 :
593 4533 766 4591 currit
792 4532 885 4604 qui
927 4533 983 4589 in
1009 4532 1155 4589 bono
1178 4545 1343 4601 opere
1373 4545 1478 4585 non
1506 4529 1755 4593 lassatur,

194 4623 473 4682 sicunde
522 4625 743 4683 Christo
789 4624 920 4680 dicit
969 4624 1235 4694 Propheta
1290 4640 1303 4675 :
1355 4620 1650 4714 Exsultaeit
1699 4630 1756 4699 ut
1788 4654 1832 4714 υ

196 4718 317 4788 θεία
358 4719 425 4773 ad
464 4719 779 4774 currendum
828 4718 961 4773 riam
1012 4716 1185 4783 (Ρωι.
1241 4731 1388 4780 svnt,
1445 4713 1521 4785 6).
1576 4706 1758 4770 Currit

197 4804 355 4876 (Forte
376 4810 631 4880 cucurrit)
654 4809 857 4880 quippe
896 4807 1143 4863 Christus
1179 4806 1321 4861 viam
1352 4806 1466 4871 Dei,
1526 4805 1675 4876 quia‘
1701 4807 1756 4860 in

196 4899 262 4951 ris
295 4911 610 4969 peccatorum
639 4917 743 4955 non
773 4900 912 4955 stetit
968 4899 1138 4967 (Psat.
1164 4913 1201 4964 t,
1229 4898 1307 4967 Ι),
1365 4896 1417 4952 id
1458 4907 1564 4963 est,
1610 4897 1756 4952 nulla

198 4992 453 5059 gravedine
481 4992 695 5065 peccati
722 4999 809 5047 est
832 4998 1155 5045 remoratus.

1768 1890 1810 1949 Β

257 5078 311 5133 ιι.
335 5079 668 5136 Currendum
698 5094 832 5135 vero
853 5078 1008 5134 nobis
1036 5088 1151 5139 est;
1198 5076 1292 5132 sed
1330 5076 1603 5147 quomodo
1632 5091 1758 5131 cur-

202 5168 432 5226 rendum?
476 5169 677 5225 Audite
702 5167 996 5239 quomodo.
1063 5167 1366 5231 Cerretana,
1421 5165 1659 5237 inquam,
1706 5164 1760 5219 in

202 5260 382 5315 cdere-
405 5269 783 5333 unguentorum
815 5270 1039 5315 tuorum.
1072 5257 1203 5325 Qua:
1228 5267 1353 5313 sunt
1381 5267 1676 5328 unguenta,
1705 5259 1760 5315 in

205 5362 403 5417 Quorum
430 5351 655 5409 odorem
684 5359 814 5422 post.
835 5348 1106 5406 Christum
1152 5351 1452 5406 currimus?
1479 5348 1760 5422 Unguenta

206 5450 627 5500 ssntsanctorum
681 5442 1097 5517 praecedentium
1149 5442 1418 5513 exempla.
1480 5440 1761 5513 Unguenta

208 5530 433 5595 dean
480 5537 642 5594 simul
696 5536 871 5593 ruistis
907 5534 1127 5592 floribus
1150 5535 1237 5593 vel
1275 5535 1555 5606 speciebus
1607 5536 1759 5591 fiunt.

212 5620 414 5684 Diversa
444 5626 681 5699 species,
736 5624 965 5682 diversa:
1000 5633 1127 5681 sunt
1178 5633 1491 5681 sanctorum
1516 5607 1762 5692 virtutes,

211 5719 470 5792 elapsi
494 5717 798 5777 redolentia
825 5726 1065 5773 aromata
1090 5732 1189 5790 per
1213 5717 1464 5775 virtutem
1488 5716 1768 5775 cbaritatis

274 5883 301 5914 ⁸
330 5874 588 5948 Rupit.
638 5873 804 5935 Forte
832 5890 934 5930 non
961 5873 1107 5947 quid.
1152 5872 1409 5944 Sequitur
1455 5875 1597 5933 enim
1652 5875 1762 5929 sed.

1823 674 2133 728 suavitatem
2176 676 2424 746 unguenti
2454 673 2651 747 (Eccle.
2684 690 2738 735 ι.
2779 672 2857 745 l).
2888 670 3087 728 Musae
3133 670 3425 726 morientes

1825 772 1951 821 sunt
1978 778 2129 818 vana:
2165 765 2522 835 cogitationes
2565 762 2717 821 cordi
2748 771 2936 820 nostro
2965 766 3251 831 irruentes,
3290 775 3428 833 quas

1827 857 2079 913 nimirutn
2103 872 2200 929 per
2221 858 2456 914 studium
2477 855 2757 922 orationis,
2772 855 2927 924 quasi
2950 853 3183 925 quodam
3212 852 3429 910 ﬂabello

1827 952 2064 1021 abjicere
2093 950 2377 1017 debemus,
2434 968 2502 1007 ne
2532 950 2761 1022 perdant
2802 954 2860 1003 et
2906 945 3063 1002 nobis
3108 944 3430 1001 suavitatatt

1828 1043 2107 1113 unguenti.
2147 1040 2482 1096 Suavitatem
2534 1041 2738 1096 etenim
2788 1054 2840 1095 tn
2899 1036 3125 1094 odorem
3176 1033 3430 1105 unguenti

1830 1145 2028 1185 musca:
2059 1128 2353 1185 morientes
2380 1128 2631 1199 perdunt,
2662 1127 2878 1197 quando
2900 1141 3049 1182 vanae
3074 1123 3433 1197 cogitationes

1827 1219 2219 1291 iucunditatem
2268 1216 2526 1275 virtutum
2574 1225 2632 1273 et
2678 1214 2893 1285 regulas
2962 1214 3211 1285 obsequii
3260 1210 3433 1269 divini

1832 1326 1971 1382 quas
2001 1311 2068 1365 ab
2096 1311 2333 1382 antiquis
2361 1310 2604 1382 patribus
2638 1306 2940 1373 didicimus,
2976 1304 3265 1377 perimunt.
3324 1302 3435 1361 Nos

1834 1402 1999 1471 igitur
2025 1401 2435 1473 diligentissime
2458 1407 2771 1456 sanctorum
2802 1396 3222 1467 prteeedentium
3249 1408 3435 1450 exem-

1835 1498 1921 1567 pla
1966 1497 2262 1560 intuentes,
2318 1496 2619 1565 festinemus
2668 1491 2871 1564 ingredi
2912 1492 2969 1545 in
3022 1490 3171 1545 illam
3208 1488 3436 1561 requiem

1840 1585 2027 1659 (Hebr.
2053 1587 2167 1652 tv,t
2186 1586 2253 1657 l).
2284 1584 2577 1641 Curramus
2596 1582 2731 1638 etin
2759 1590 3069 1653 cmptonon
3099 1578 3432 1644 deﬁciamus,

1835 1686 2105 1747 quatenus
2142 1693 2263 1733 cum
2307 1676 2572 1746 Apostolo
2628 1674 2808 1730 dicere
2863 1674 3183 1729 valeamus:
3231 1670 3434 1726 Bonitas

1839 1778 2098 1823 certamen
2126 1769 2453 1829 certavimus,
2503 1781 2710 1819 cursum
2738 1764 3221 1826 consummarimus,
3274 1769 3334 1814 ut
3372 1759 3437 1814 de

1839 1870 2027 1915 cratere
2053 1860 2281 1929 reposita
2308 1859 2375 1912 sit
2398 1857 2551 1912 nobis
2581 1846 2781 1911 corona
2794 1857 3035 1927 justititt',
3077 1870 3230 1925 quam
3258 1852 3437 1906 reddet

1841 1950 2064 2007 nobisin
2092 1952 2240 2005 ilium
2268 1952 2405 2005 diem
2421 1950 2594 2019 justus
2615 1948 2789 2002 Judea:
2811 1946 3057 2003 Christus
3086 1944 3172 2015 (11
3205 1944 3339 1999 Tim.
3364 1958 3435 2008 tv,

1838 2042 1894 2109 7,
1919 2042 1998 2107 8),
2056 2042 2147 2110 qui
2180 2052 2263 2095 est
2291 2056 2456 2111 super
2483 2039 2661 2095 omnia
2685 2038 3002 2094 benedictus
3034 2038 3086 2092 in
3115 2034 3311 2093 smeula
3337 2048 3438 2090 sa:-

1840 2134 2106 2189 tulorum.
2142 2134 2331 2189 Amen.

2342 2220 2754 2279 lNSTRUCTlO
2800 2221 2936 2277 XVI.

2272 2314 2411 2382 Quid
2436 2326 2510 2371 est
2531 2360 2546 2383 ,
2603 2327 2692 2371 aut
2720 2316 2842 2389 quid
2881 2315 3010 2371 erit?

1916 2409 1957 2469 1.
2025 2408 2231 2481 Cogita,
2266 2418 2291 2447 ι
2340 2409 2578 2480 nunquid
2626 2424 2687 2463 es
2732 2408 2899 2463 miser
2951 2408 3144 2473 homo,
3191 2401 3442 2476 sedquid

1846 2506 1989 2560 eris?
2041 2504 2165 2574 quia
2212 2501 2357 2573 quod
2411 2517 2470 2557 es
2525 2507 2859 2556 momentum
2902 2507 3004 2566 est,
3046 2507 3103 2554 et
3138 2496 3284 2569 quod
3336 2496 3444 2551 eris

1846 2608 2079 2663 St‘ltlpcr.
2135 2592 2251 2648 Non
2277 2593 2352 2647 sis
2380 2606 2511 2663 ergo
2535 2592 2654 2663 ipse
2685 2590 2777 2647 tibi
2800 2592 2967 2662 piger,
2994 2606 3188 2647 exerce
3214 2589 3268 2644 in
3295 2588 3442 2644 brevi

1846 2684 2063 2755 quodin
2092 2694 2351 2738 internum
2377 2683 2711 2753 possidebis;
2762 2683 2991 2751 repellat
3036 2678 3441 2751 pigritationom

1848 2778 2049 2833 laboris
2078 2777 2393 2847 temporalis
2422 2775 2745 2831 dtsiderium
2780 2774 3142 2844 pnemiorum.
3176 2772 3443 2843 Spiritus-

1850 2871 1918 2924 l's
1947 2878 2086 2935 ὼιο,
2150 2868 2194 2923 si
2227 2868 2378 2937 piger
2408 2882 2515 2921 non
2539 2882 2631 2934 es;
2684 2868 2778 2921 sed
2812 2866 2855 2921 si
2896 2866 3129 2924 mundus
3170 2873 3221 2921 te
3248 2863 3446 2933 irritat,

1852 2960 1972 3016 vide
1998 2960 2139 3029 quod
2163 2959 2355 3028 lugias,
2413 2958 2561 3029 quod
2616 2958 2878 3025 sequaris,
2922 2956 3145 3028 etquod
3168 2970 3446 3028 nunquam

1853 3051 2003 3122 fugit,
2030 3068 2127 3107 cur
2150 3068 2257 3107 non
2285 3052 2548 3122 sequaris.
2574 3051 2755 3118 Quare
2784 3050 3070 3120 impatiens
3092 3032 3150 3103 es
3175 3047 3229 3103 in
3252 3046 3447 3102 viliori-

1854 3146 1971 3208 bus,
2002 3144 2093 3213 qui
2126 3142 2417 3214 pretiosior
2446 3151 2666 3212 poteras
2688 3155 2807 3195 esse
2837 3141 2890 3193 in
2922 3136 3271 3215 melioribus?
3326 3133 3448 3191 Noli

1854 3252 1974 3292 esse
2001 3237 2238 3290 incertus
2259 3234 2327 3287 de
2352 3234 2515 3287 certis
2544 3229 2965 3293 melioribus,’et
2989 3227 3099 3281 noli
3128 3240 3248 3280 esse
3271 3232 3450 3279 certus

1854 3326 1922 3381 de
1949 3324 2188 3379 caducis.
2223 3321 2462 3391 Respicis
2490 3320 2544 3374 in
2575 3320 2694 3373 aliis
2719 3317 2863 3386 quod
2878 3316 2982 3400 alii
3012 3315 3066 3370 in
3096 3322 3148 3369 te
3170 3312 3449 3400 videbunt.

1852 3417 1989 3483 Quid
2019 3415 2236 3485 prodest
2274 3414 2325 3468 in
2356 3412 2509 3483 aquis
2548 3411 2792 3466 umbraut
2823 3396 3007 3463 videre
3052 3396 3452 3461 obiectantem?
3534 3448 3537 3453 ,

1853 3508 1989 3576 Qui]
2026 3507 2118 3562 tibi
2149 3506 2427 3561 exsultare
2475 3513 2569 3558 aut
2620 3502 2856 3573 gaudere
2904 3515 2999 3570 per
3048 3498 3299 3555 somnia?
3343 3495 3451 3552 Sed

1855 3574 2033 3653 tamen
2078 3598 2193 3653 haec
2240 3596 2471 3661 somnia,
2524 3594 2682 3663 longa
2738 3594 2885 3659 licet,
2939 3590 3231 3661 unicuique
3268 3588 3453 3644 brevia

1854 3698 2000 3754 sunt,
2021 3703 2081 3743 ea
2102 3688 2154 3743 di
2177 3686 2363 3755 (Forte
2383 3695 2439 3742 et
2455 3684 2592 3749 dies)
2606 3684 2746 3739 enim
2762 3684 2924 3738 totius
2938 3680 3287 3752 mundiquasi
3298 3680 3454 3737 enim

1856 3790 1985 3837 noct
2007 3796 2033 3835 s
2061 3779 2410 3835 obscurrima:
2443 3776 2627 3849 (Forte
2648 3772 3061 3844 obscurissimae)
3094 3780 3209 3838 est;
3268 3779 3455 3828 noctes

1855 3888 1987 3929 vero
2016 3871 2227 3927 somnia
2257 3877 2402 3924 sunt.
2456 3868 2850 3939 Eapergiscere
2875 3878 3025 3933 ergo,
3060 3878 3093 3919 ο
3120 3862 3214 3929 lili,
3263 3861 3332 3919 de
3356 3876 3456 3918 no—

1857 3973 1975 4029 cte;
2024 3962 2202 4017 lumen
2233 3974 2416 4030 qurere
2464 3967 2526 4013 ut
2572 3954 2805 4013 videaris
2851 3963 2907 4011 et
2949 3954 3165 4020 uideas;
3216 3950 3456 4009 accende

1858 4055 2133 4109 lucernam
2178 4060 2233 4107 et
2279 4052 2431 4119 lege;
2482 4066 2618 4106 cave
2662 4064 2730 4106 ne
2778 4047 3038 4115 dormias,
3068 4061 3138 4102 ne
3166 4060 3197 4100 a
3230 4044 3456 4100 somniis

1858 4142 2151 4209 seducaris,
2176 4151 2231 4197 et
2249 4141 2486 4196 falsitate
2516 4139 2805 4209 imaginata
2830 4137 3145 4209 decipiaris,
3174 4144 3235 4191 ut
3267 4133 3459 4191 credas

1858 4250 1985 4290 vera
2015 4249 2134 4290 esse
2154 4249 2276 4303 qua:
2298 4232 2429 4287 falsa
2459 4240 2606 4300 sunt,
2634 4240 2690 4287 et
2717 4244 2944 4300 surgens
2959 4235 3147 4300 postea
3164 4227 3459 4299 deceptum

1863 4342 1917 4385 te
1943 4328 2150 4384 doleas.
2180 4327 2295 4383 Tua
2318 4327 2425 4381 vita
2447 4335 2568 4381 rota
2591 4334 2694 4386 est.
2745 4324 2989 4396 quotidie
3007 4323 3195 4391 currit,
3251 4336 3363 4380 non
3402 4328 3458 4377 te

1861 4428 2185 4490 exspectat:
2231 4417 2366 4473 vade
2406 4433 2528 4473 cum
2557 4431 2645 4474 ea.
2694 4415 2859 4486 Igitur
2898 4415 3023 4473 hinc
3062 4427 3305 4486 praepara
3360 4412 3455 4470 tibi

1861 4521 2142 4582 sumptus;
2173 4526 2239 4566 ex
2279 4523 2411 4580 agro
2437 4510 2615 4565 alieno
2641 4507 2898 4566 secedere
2937 4506 3176 4578 juberis;
3227 4505 3350 4562 vide
3385 4520 3458 4563 ne

1864 4615 2013 4661 tuum
2042 4604 2273 4661 vendas.
2314 4602 2414 4659 llic
2444 4602 2575 4660 nihil
2604 4602 2791 4670 babes,
2835 4602 3073 4667 obomo,
3120 4599 3174 4656 in
3207 4606 3348 4655 terra
3388 4597 3458 4653 de

1861 4710 1967 4765 qua
2037 4694 2213 4751 nudus
2262 4700 2423 4749 natus
2449 4708 2528 4757 es,
2560 4701 2615 4748 et
2645 4692 2697 4748 in
2724 4707 2829 4763 qua
2853 4690 3077 4761 pulvere
3103 4686 3418 4745 dissolveris
3443 4704 3461 4755 ;

1861 4800 1931 4841 ne
1952 4785 2151 4841 vendas
2179 4784 2376 4840 caelum
2398 4823 2414 4849 ,
2462 4783 2552 4837 ubi
2580 4790 2781 4836 aiterna
2808 4778 3096 4835 bmreditas
3120 4784 3227 4843 est,
3278 4784 3455 4831 tamen

1860 4874 1908 4931 si
1936 4889 2043 4931 non
2071 4871 2374 4944 perdidisti.
2428 4867 2683 4939 Alioquin
2738 4866 2785 4921 si
2838 4864 3137 4936 perdidisti,
3178 4872 3236 4920 te
3278 4863 3455 4936 ipsum

1808 4982 1809 4985 η
1862 4963 2035 5018 vende
2059 4969 2117 5017 ut
2146 4959 2320 5029 possis
2340 4958 2604 5029 recipere.
2636 4955 2777 5024 Quid
2798 4956 2930 5021 dixi,
2962 4964 3015 5011 te
3043 4957 3217 5026 ipsum
3246 4952 3459 5012 vende?

1863 5055 1992 5110 vitia
2019 5062 2109 5107 tua
2155 5051 2348 5115 vende,
2399 5059 2455 5105 et
2494 5063 2616 5106 eme
2663 5049 2849 5105 vitam.
2897 5045 3106 5114 Quaeris
3153 5046 3296 5102 forte
3337 5044 3459 5115 qua

1866 5144 2015 5200 sint?
2059 5141 2367 5214 superbiam
2397 5140 2629 5212 primum
2668 5139 2835 5210 quasi
2874 5143 3061 5196 vitium
3112 5137 3287 5210 primo
3332 5144 3461 5193 ante

1867 5235 2049 5291 omnia
2070 5232 2265 5298 vende,
2295 5241 2350 5288 et
2385 5246 2505 5289 etne
2534 5231 2658 5287 inde
2680 5230 2909 5287 feliciter
2934 5228 3311 5294 humilitatem,
3349 5242 3459 5299 qua

1869 5327 1943 5383 sis
1968 5324 2186 5382 Cbristo
2208 5324 2398 5380 similis
2428 5321 2627 5379 dicenti
2661 5340 2673 5373 :
2733 5319 2929 5375 Discite
2956 5337 2988 5373 a
3018 5336 3117 5385 nte,
3175 5318 3296 5392 quia
3319 5317 3458 5375 milia

1870 5436 1983 5474 sum
2010 5428 2060 5473 et
2084 5416 2290 5473 humilis
2322 5415 2479 5471 corde
2524 5411 2740 5485 (Matth.
2770 5428 2843 5477 ιι,
2869 5408 2983 5481 29).
3031 5408 3273 5465 Βηιίοῆ
3301 5423 3457 5465 com-

1870 5509 2069 5582 pendio
2097 5508 2197 5564 ista
2224 5523 2289 5565 ex
2324 5507 2533 5577 integro
2560 5504 2777 5562 vendita
2802 5503 3127 5570 vendentur,
3165 5506 3225 5557 et
3248 5500 3453 5557 minora

1868 5601 2162 5674 cupiditate
2212 5597 2446 5657 habendi
2499 5605 2842 5668 contempta,
2896 5594 3022 5666 quia
3060 5592 3243 5650 radice
3277 5588 3457 5649 excisa

1868 5692 2153 5765 cujuslibet
2179 5691 2409 5760 arboris,
2439 5705 2548 5749 non
2576 5688 2754 5761 magni
2781 5687 3086 5760 penduntur
3106 5684 3265 5743 rami.
3309 5681 3458 5762 Scito
