3856 6218
400 377 499 431 9.39

1615 362 1671 416 S.
1715 357 2106 414 COLUMHANI
2151 361 2189 412 Α
2202 357 2438 414 llllATlS

3585 346 3690 401 260

397 502 517 558 qua:
542 486 738 539 vendas
763 482 826 536 ad
851 482 1005 550 hujus
1032 478 1300 533 interitum
1330 492 1524 537 carnis,
1552 483 1603 524 at
1633 475 1844 540 spiritus
1868 471 1974 524 sal-
2011 481 2055 532 Λ
2088 470 2223 523 Deus
2251 473 2555 524 adversatur
2600 471 2741 543 (Jac.
2794 487 2870 537 ιν,
2931 470 2995 534 ti;
3060 465 3086 521 Ι
3134 464 3276 521 Petr.
3333 479 3390 532 ν,
3447 462 3529 531 5).
3585 460 3689 514 Et:

400 592 488 629 vus
515 575 581 627 sit
609 575 663 626 in
693 573 825 626 diem
856 570 1061 623 Domini
1100 569 1261 621 nostri
1302 564 1425 617 Jcsn
1454 562 1640 616 Christi
1696 561 1744 618 tl
1778 560 1900 614 Cor.
1930 575 1981 620 ν,

403 665 491 732 b);
522 664 721 732 gulam,
744 662 1112 730 cupiditatem,
1158 657 1599 715 fornicationem,
1635 655 1788 713 iram,
1823 649 1990 702 ll'lall'

403 742 566 817 tiani',
629 749 906 811 acediam,
970 763 1160 800 vanam
1213 745 1476 813 gloriam,
1531 743 1815 805 invidiam;
1873 752 1992 806 quae

404 841 594 898 melius
645 837 822 895 fuerat
868 840 914 893 si
963 836 1327 908 perdidisses,
1387 836 1513 889 licet
1563 835 1608 888 si
1648 833 1779 887 nihil
1835 845 1993 885 acce-

407 933 594 1003 pisses.

896 1015 1305 1073 INSTRUCTIO
1355 1015 1512 1069 XVII.

783 1107 863 1161 De
892 1117 1005 1160 octo
1027 1107 1170 1160 citiis
1215 1105 1605 1171 principalibus.

479 1200 614 1254 Otto
642 1207 764 1253 sunt
794 1201 918 1253 vitia
952 1199 1283 1268 principalia,
1316 1211 1434 1265 qua:
1463 1202 1709 1264 mergunt
1729 1193 2002 1248 hominem

409 1293 464 1346 in
497 1292 765 1345 interitum
792 1308 804 1342 :
836 1291 980 1358 gula,
1007 1289 1307 1353 fornicatio,
1333 1285 1621 1357 cupiditas,
1648 1285 1743 1350 ira,
1766 1285 2000 1350 tristitia,

408 1383 615 1444 acedia,
668 1396 800 1434 vana
843 1380 1034 1446 gloria,
1071 1379 1342 1448 superbia.
1400 1376 1472 1431 De
1526 1376 1648 1444 gula
1696 1375 2003 1443 castiganda

408 1474 603 1527 dicitur
628 1492 638 1525 :
672 1471 848 1527 Nolite
875 1473 992 1524 duci
1015 1474 1068 1526 in
1092 1473 1366 1525 saturitate
1386 1471 1569 1523 ventris
1596 1467 1784 1537 (Eccli.
1819 1484 2006 1534 XXXVI,

413 1565 526 1634 20).
564 1565 638 1620 De
662 1563 1017 1620 fornicatione
1049 1584 1061 1616 :
1108 1563 1474 1618 Fornicatorcs
1501 1572 1669 1615 autem
1724 1571 1771 1614 et
1802 1562 2003 1613 adulte-

409 1673 496 1711 ros
513 1656 648 1711 Deus
671 1657 929 1727 judicabit
959 1657 1146 1726 (llcbr.
1164 1673 1276 1717 xm,
1303 1655 1378 1725 4).
1409 1656 1482 1711 De
1508 1654 1798 1724 cupiditate
1826 1661 2005 1706 autem

410 1745 606 1816 legitur
633 1766 643 1799 :
677 1746 852 1800 Radix
875 1749 1100 1801 omnium
1123 1748 1378 1800 malorum
1402 1747 1655 1816 cupiditas
1679 1755 1753 1799 est
1784 1742 1838 1816 (I
1869 1743 1999 1796 Tim.

412 1853 484 1902 vr,
519 1836 629 1905 10).
674 1836 748 1889 De
787 1837 864 1890 ira
902 1856 913 1888 :

411 1928 655 1998 gehennte
697 1929 830 1998 ignis
862 1927 1075 2000 (Matth.
1108 1945 1158 1993 ν,
1187 1927 1299 1996 22),
1348 1927 1422 1981 De
1456 1926 1667 1980 tristitia
1697 1943 1709 1978 :
1767 1924 2001 1979 Tristitia

411 2028 580 2072 autem
615 2021 787 2086 δανειζιέ
819 2029 1032 2074 mortem
1059 2029 1302 2088 aperatar
1357 2019 1441 2087 (ll
1484 2018 1601 2072 Cor.
1636 2034 1727 2081 vn,
1763 2017 1872 2088 l0).
1929 2017 2004 2070 De

412 2110 637 2164 acedia:
687 2110 856 2164 Multa
906 2112 1046 2164 mala
1077 2111 1246 2164 docuit
1285 2113 1520 2164 otiositas
1570 2108 1758 2176 (Eccli.
1817 2125 2006 2171 xxxiii,

413 2197 523 2264 £29).
567 2197 640 2251 De
658 2215 789 2251 vana
814 2199 981 2266 gloria
1016 2217 1030 2249 :
1065 2199 1315 2250 Ascendet
1347 2201 1479 2266 fetor
1503 2199 1667 2263 illius,
1691 2200 1773 2267 qui
1799 2199 2004 2267 magni-

415 2285 538 2353 ﬁcat
565 2303 721 2354 opera
750 2304 843 2339 sua
876 2287 1032 2354 (Joet.
1068 2303 1125 2349 tt,
1149 2285 1262 2355 20).
1304 2285 1377 2339 De
1409 2286 1661 2354 superbia
1695 2304 1706 2338 :
1759 2286 2006 2355 Super-bis

2095 561 2196 625 Qui
2214 579 2269 617 se
2289 565 2589 619 exaltaverit
2612 565 2968 620 humiliabitur
2992 561 3205 634 (Matth.
3239 575 3392 626 xxnt,
3427 557 3538 628 ιιι).
3567 556 3693 614 [huc

2095 651 2257 720 igitur
2277 655 2516 708 omnium
2538 654 2773 725 origines
2792 665 2848 710 et
2874 670 3050 711 causa:
3074 661 3199 708 sunt
3217 651 3520 716 malorum;
3570 648 3697 719 qua:

2093 745 2170 798 sic
2191 753 2316 798 sunt
2341 745 2578 800 sananda
2602 761 2698 815 per
2717 745 3005 802 contraria.
3035 743 3172 798 Gula
3209 741 3402 812 triplex
3428 737 3697 796 vincenda

2097 843 2182 888 est
2212 849 2306 903 per
2343 836 2723 893 abstinentiam
2748 839 2937 908 jejunii
2989 837 3056 892 de
3083 837 3217 891 hora
3247 850 3387 890 nona
3416 836 3473 890 in
3504 835 3700 890 horam

2103 941 2318 988 nonam,
2349 936 2405 980 et
2426 929 2740 996 parcitatem
2769 930 2985 998 cibique
3008 926 3294 982 utilitatem
3328 924 3477 996 (Leg.
3512 924 3702 979 vilita-

2104 1018 2256 1086 tem).
2318 1015 2618 1073 Fornicatio
2683 1029 2854 1073 autem
2901 1030 2951 1073 et
3005 1020 3172 1073 omnis
3224 1018 3554 1071 immunditia
3611 1033 3704 1070 nec

2103 1107 2423 1161 nominanda
2467 1109 2521 1161 in
2552 1109 2692 1163 vobis
2720 1109 2846 1176 sint,
2891 1111 3022 1162 sicut
3048 1110 3191 1162 decet
3231 1117 3437 1161 sanctos
3477 1105 3702 1175 (Ephes.

2103 1215 2156 1263 ν,
2182 1199 2255 1267 '5),
2303 1214 2400 1268 per
2428 1206 2732 1256 castitatem
2763 1211 2819 1256 et
2846 1201 3237 1256 continentiam
3267 1199 3556 1253 sollicitam
3578 1239 3595 1264 ,
3649 1207 3706 1252 et

2105 1307 2319 1362 semper
2347 1293 2646 1349 timentem.
2679 1293 2958 1363 Cupiditas
2985 1307 3116 1348 vero
3140 1290 3268 1347 nihil
3297 1289 3549 1345 habendo
3581 1304 3707 1357 pro-

2104 1385 2280 1454 prium
2309 1385 2556 1450 vincitur,
2601 1395 2658 1441 et
2681 1386 2863 1440 omnia
2891 1383 3196 1442 communia
3225 1380 3576 1450 possidendo.
3620 1378 3700 1432 Ira

2109 1476 2365 1545 patientia
2395 1486 2450 1530 et
2499 1487 2781 1534 mansueta
2824 1475 3047 1530 lenitate
3099 1471 3400 1542 superanda
3430 1475 3536 1524 est.
3583 1466 3708 1522 Tri-

2107 1567 2251 1622 stitia
2280 1583 2410 1622 vero
2442 1568 2624 1622 lartitia
2646 1567 2916 1636 spirituali
2945 1575 3000 1620 et
3050 1579 3146 1635 spe
3177 1564 3367 1618 futurae
3401 1559 3709 1625 beatudinis

2108 1659 2371 1715 vincenda
2423 1668 2524 1714 est.
2573 1659 2899 1713 lnstabilitas
2928 1667 3106 1711 autem
3138 1654 3362 1718 acediaz,
3387 1659 3708 1707 mansuetu-

2113 1751 2238 1806 dine
2258 1750 2454 1815 stabili,
2512 1758 2567 1805 et
2589 1749 2746 1804 unius
2776 1750 2880 1804 loci
2909 1747 3243 1803 habitatione
3271 1743 3596 1813 corrigenda
3627 1750 3709 1796 εει

969 1837 1069 1901 Qui
1115 1839 1355 1891 irascitur
1407 1838 1558 1907 fratri
1586 1852 1700 1898 suo,
1753 1851 1870 1887 reus
1901 1835 2000 1887 crit

2107 1858 2202 1913 per
2231 1842 2603 1908 sobrietatem,
2635 1840 2912 1910 Scriptura
2943 1839 3190 1893 dicente:
3243 1838 3302 1890 Si
3333 1836 3550 1904 spiritus
3572 1842 3710 1902 patec

2104 1943 2286 1985 starem
2344 1933 2579 1986 habentis
2616 1932 2904 1987 ascenderit
2936 1947 3087 2001 super
3113 1938 3196 1993 te.,
3252 1928 3422 1982 locum
3474 1935 3616 1978 tuunr
3644 1940 3709 1976 ne

2105 2022 2364 2074 dimiseris
2396 2020 2588 2090 (Eccte.
2627 2037 2682 2085 x,
2713 2020 2789 2090 4).
2839 2020 2989 2074 Vana
3020 2019 3189 2089 gloria
3217 2031 3434 2087 quoque
3458 2024 3514 2068 et
3543 2013 3709 2068 elatio

2108 2107 2381 2162 iiinnuuda
2407 2119 2570 2177 atque
2593 2110 2866 2178 superbia,
2897 2123 3024 2162 vera
3069 2107 3374 2161 humilitate
3423 2112 3482 2159 et
3528 2102 3708 2158 cordis

2111 2198 2437 2254 contritione
2465 2213 2562 2267 per
2591 2197 2685 2253 Dei
2710 2199 2955 2253 timorem
2993 2198 3302 2253 vincuntur.

1151 2559 1824 2676 SANG'I'I
1900 2557 2974 2671 αοιπιιιωιιιῐι

1609 2767 1876 2819 ABBATlS
1921 2768 2000 2817 ET
2044 2766 2467 2819 CONFESSORIS

706 2915 1640 3045 EPISTOLfE
1741 2911 2075 3040 SEX
2171 2905 2420 3039 AD
2514 2909 3392 3036 DIVERSOS

1308 3123 1457 3184 PRO
1503 3117 1948 3181 TEMPORUM
1993 3115 2351 3178 RATIONE
2399 3113 2788 3176 DIGESTJE.

898 3349 1230 3406 El’lSTOLA
1268 3346 1502 3402 PRIMA.

842 3458 907 3496 ΑΒ
946 3457 990 3496 8.
1032 3455 1332 3496 ῦιιιῖαοιιιυιι
1373 3453 1564 3492 ΡΛΡΛΠ.

416 3531 641 3588 Domino
667 3539 890 3594 sancto,‘
918 3539 973 3584 ct
1015 3531 1066 3582 in
1096 3529 1312 3583 Christo
1360 3528 1505 3582 l’atri
1531 3536 1555 3565 ι
1596 3526 1840 3581 Romano
1869 3526 1991 3596 pul-

481 3620 745 3678 cherrimo
778 3619 1035 3676 Ecclesia:
1057 3620 1261 3685 decori,
1284 3619 1448 3673 totius
1473 3617 1696 3685 Europrc
1721 3617 1997 3671 tlaecentis

481 3714 850 3783 augustissimo
888 3713 1043 3782 quasi
1083 3711 1291 3766 cuidam
1341 3711 1478 3773 ﬂori,
1530 3710 1746 3779 egregio
1799 3725 1994 3778 specu-

482 3805 669 3867 latori,
701 3803 910 3856 theoria
953 3812 1140 3871 utpote
1171 3802 1351 3854 divina
1375 3800 1403 3837 δ
1435 3799 1756 3853 castulitatis
1786 3798 1992 3868 potito,

482 3906 582 3961 ego
613 3902 636 3929 ε
667 3892 919 3958 hargoma
951 3890 1068 3945 vilis
1096 3888 1355 3945 Columba
1386 3889 1439 3943 in
1469 3887 1688 3944 Christo
1715 3889 1872 3943 mitto
1903 3903 1993 3943 sa-

489 3982 674 4036 intem.

482 4069 521 4125 Ι.
571 4070 748 4125 Gratia
797 4072 890 4126 tibi
939 4080 994 4126 et
1040 4086 1150 4141 pax
1193 4087 1223 4124 a
1275 4070 1386 4126 Deo
1437 4069 1595 4126 Patre
1636 4080 1822 4126 nostro
1868 4071 1992 4125 lein

414 4161 643 4218 Christo.
678 4163 832 4216 Libet
858 4177 963 4225 me,
993 4178 1026 4216 ο
1056 4167 1245 4216 sancte
1273 4175 1409 4228 papa
1431 4201 1444 4223 ,
1481 4161 1884 4231 hyperbolicum
1918 4173 1996 4213 ic-

413 4267 532 4306 cum
571 4268 678 4307 non
719 4254 790 4306 sit
827 4250 1264 4319 interrogandum
1302 4250 1370 4305 de
1419 4251 1624 4304 Pascha
1668 4251 1820 4319 juxta
1869 4253 1994 4305 illud

412 4343 688 4399 Canticum
715 4341 1018 4414 :Interroga
1038 4352 1235 4411 patrem
1257 4351 1418 4412 tuum,
1443 4352 1492 4395 et
1512 4344 1837 4396 annuntiabit
1869 4343 1995 4407 tibi;

414 4435 634 4506 majores
665 4445 806 4499 tuos,
864 4445 912 4490 et
961 4437 1133 4489 dicent
1181 4434 1270 4488 tibi
1319 4433 1493 4506 (Deut.
1531 4451 1700 4502 xxxii,
1735 4436 1809 4507 7).
1845 4435 1995 4491 Licet

414 4527 553 4580 enim
584 4527 731 4590 mihi,
763 4527 1015 4580 nimirum
1040 4525 1358 4594 micrologo,
1391 4525 1518 4580 illud
1541 4526 1813 4594 cujusdam
1839 4539 1995 4595 egre-

412 4616 554 4683 gium
577 4616 831 4688 sapientis
850 4616 1103 4685 elogium,
1128 4615 1271 4686 quod
1292 4616 1491 4671 dixisse
1516 4617 1682 4672 fertur
1707 4617 1991 4688 quamdam

2024 3345 2070 3406 c
2104 3339 2215 3407 (tua
2243 3337 2394 3410 μη,
2426 3336 2526 3408 tui]
2559 3346 2734 3392 tamen
2760 3352 2894 3408 pace
2917 3338 3119 3394 dictum
3148 3338 3241 3408 sit)
3270 3354 3379 3395 non
3409 3355 3533 3398 esse
3557 3341 3695 3398 Pas-

2100 3430 2223 3494 cha,
2272 3429 2521 3484 nimirum
2569 3429 2917 3484 tenebrosum
2983 3444 3012 3483 a
3077 3431 3259 3485 multis
3302 3432 3700 3502 comprobatur

2104 3519 2553 3575 °calcalenteris?
2581 3519 2697 3575 Non
2729 3520 2858 3575 latet
2882 3519 3045 3585 enim,
3074 3530 3135 3576 ut
3163 3522 3350 3589 credo,
3393 3522 3701 3579 efﬁcaciam

2102 3619 2264 3674 tuam,
2310 3619 2565 3679 quantum
2629 3611 2932 3675 Anatolius,
2980 3613 3132 3666 mira:
3174 3613 3439 3668 doctrinze
3482 3613 3590 3678 vir,
3640 3624 3700 3667 ut

2099 3712 2318 3756 sanctus
2349 3700 2424 3754 ait
2453 3699 2829 3771 Hieronymus,
2869 3702 3023 3772 cujus
3053 3703 3310 3760 Eusebius
3340 3704 3700 3762 Caesariensis

2098 3795 2384 3864 episcopus
2410 3793 2461 3846 in
2489 3793 2850 3849 ecclesiastica
2887 3792 3152 3864 Excerpta
3201 3794 3427 3850 inseruit
3454 3795 3699 3852 Historia

2101 3884 2244 3961 (sic),
2260 3891 2314 3938 et
2333 3891 2553 3939 sanctus
2573 3881 2928 3955 Hieronymus
2943 3883 2997 3938 in
3011 3899 3109 3939 suo
3127 3887 3228 3940 hoc
3244 3884 3389 3941 idem
3404 3887 3472 3942 de
3485 3884 3698 3944 Pascha

2097 3992 2236 4047 opus
2263 3972 2585 4032 collaudavit
2613 3974 2897 4044 Catalogo,
2928 3974 2996 4031 de
3036 3977 3138 4032 hac
3168 3976 3307 4031 luna:
3343 3986 3506 4034 aetate
3545 3979 3692 4034 vitu-

2096 4067 2338 4134 perando
2382 4066 2649 4136 disputet;
2690 4066 2785 4135 qui
2841 4074 3032 4121 contra
3074 4065 3380 4123 Gallicanos
3420 4066 3699 4126 Rimarios

2097 4155 2164 4209 de
2194 4155 2418 4220 Pascha,
2448 4166 2508 4210 ut
2536 4157 2631 4222 ait,
2662 4166 2942 4225 errantes,
2973 4157 3298 4214 horrendam
3346 4158 3530 4215 intulit
3573 4175 3699 4216 seu-

2099 4249 2322 4302 tentiam
2363 4265 2376 4300 :
2409 4247 2576 4312 Certe,
2618 4249 2886 4317 inquiens,
2929 4253 2973 4303 si
3002 4267 3162 4321 usque
3202 4253 3273 4305 ad
3309 4253 3533 4306 duarum
3565 4252 3701 4322 vigi-

2097 4339 2288 4390 liarum
2330 4337 2600 4391 terminum
2629 4340 2765 4409 quod
2802 4342 2969 4392 noctis
3010 4341 3234 4393 medium
3274 4341 3494 4407 indicat,
3545 4353 3696 4396 ortus

2097 4431 2237 4484 luna!
2262 4429 2561 4494 tardaverit,
2593 4446 2696 4485 non
2727 4431 2818 4485 lux
2847 4432 3101 4498 tenebras,
3139 4432 3232 4487 sed
3267 4433 3428 4488 lucem
3460 4435 3699 4492 tenebras

2097 4530 2376 4588 superant;
2407 4523 2542 4592 quod
2570 4532 2757 4576 certum
2792 4533 2868 4578 est
2893 4523 2948 4576 in
2978 4521 3185 4578 Pascha
3215 4541 3317 4578 non
3355 4540 3467 4580 esse
3495 4524 3699 4597 proba-

2098 4612 2214 4678 bile,
2250 4623 2306 4666 nt
2333 4615 2508 4684 aliqua
2553 4631 2676 4681 pars
2706 4616 3029 4669 tenebrarum
3077 4617 3181 4670 luci
3208 4617 3528 4686 dominetur,
3567 4619 3696 4690 quia

415 4705 598 4760 videns
629 4708 1047 4777 dcontupictam
1089 4724 1101 4759 :
1135 4705 1259 4760 Non
1289 4707 1521 4761 admiror
1550 4716 1736 4774 artem,
1768 4709 1860 4763 sed
1887 4709 1984 4762 ad.
2025 4737 2070 4797 ε)
2096 4709 2394 4763 solemnitas
2423 4709 2697 4764 dominica
2722 4711 3110 4764 resurrectionis
3137 4711 3230 4764 tua:
3259 4717 3354 4774 est,
3386 4719 3438 4764 et
3479 4727 3591 4766 non
3614 4725 3696 4766 est

414 4796 572 4850 miror
600 4799 855 4866 frontem;
886 4797 954 4851 ad
980 4806 1034 4853 te
1061 4797 1264 4852 clarum
1295 4813 1324 4851 a
1355 4813 1441 4851 me
1469 4798 1559 4852 vili
1587 4799 1870 4854 scribendo
1898 4815 1996 4870 po.

417 4897 517 4943 test
547 4889 684 4944 inuri
717 4907 729 4944 :
762 4898 943 4944 tamen
971 4899 1074 4944 tute
1101 4889 1423 4958 evangelica:
1451 4890 1767 4946 humilitatis
1799 4889 1994 4947 ﬁducia

416 4977 598 5043 fretus,
645 4981 737 5035 tibi
781 4981 1016 5037 scribere
1051 4997 1351 5051 prmsumo,
1383 4990 1438 5037 et
1466 4983 1569 5037 mei
1599 4983 1803 5037 doloris
1828 4999 1994 5054 nego-

417 5070 545 5123 tium
589 5071 826 5142 injungo.
876 5071 1094 5129 Vanitas
1137 5087 1364 5142 namque
1397 5073 1662 5129 scribendi
1703 5078 1846 5130 nulla
1887 5087 1992 5146 est,

414 5158 503 5214 ubi
533 5164 824 5217 necessitas
852 5163 996 5232 cogit
1035 5163 1285 5232 quamvis
1323 5163 1617 5232 majoribus
1640 5166 1820 5222 scribi.
1853 5167 1992 5233 Quid

412 5263 543 5319 ergo
581 5251 716 5307 dicis
754 5251 821 5308 de
863 5252 1067 5310 Pascha
1113 5269 1204 5309 χχι
1241 5263 1335 5308 aut
1363 5271 1471 5309 χχιι
1508 5255 1678 5323 lunai,
1712 5258 1856 5326 quod
1879 5258 1992 5328 jam

485 5411 510 5479 ξ
544 5403 799 5479 (ternario.
833 5405 990 5479 Forte
1018 5407 1214 5463 mendo
1244 5407 1444 5462 librarii
1483 5409 1739 5463 omissum
1766 5427 1938 5479 paptL’.

486 5469 513 5510 ι)
544 5473 885 5530 Castulitatis.
917 5477 990 5530 lla
1022 5493 1121 5532 nis.

436 5554 510 5617 ,__°
544 5540 820 5617 Bargoma.
867 5546 956 5602 Sic
999 5563 1064 5600 ex
1124 5563 1223 5601 ms.
1281 5547 1606 5617 Flemingus.
1655 5548 1888 5616 Cangius
1934 5549 1989 5604 in

411 5610 685 5692 illustratio
712 5615 777 5668 ad
793 5617 947 5692 hanc
964 5631 1184 5692 _voeem,
1216 5627 1370 5692 putat
1395 5610 1674 5692 legendum
1703 5610 1984 5692 barginna,

415 5679 467 5734 id
493 5690 583 5755 est
597 5685 928 5750 peregrinus.
961 5684 1133 5755 ipsum
1155 5679 1375 5753 consule
1403 5679 1473 5742 vf
1487 5687 1773 5744 BABGINNA.

486 5749 511 5784 ‘l
543 5747 910 5827 Contupictam.
942 5747 1122 5810 Editur
1144 5747 1363 5827 conjicit
1391 5770 1587 5827 compte
1618 5760 1827 5827 pictam.
1853 5759 1996 5818 Can-

416 5821 531 5890 gius
559 5836 686 5878 vero
711 5821 794 5878 Vel
825 5837 1097 5896 comptam,
1124 5826 1205 5882 vel
1238 5821 1330 5879 acu
1360 5821 1634 5899 comptam.

2097 4802 2492 4856 communicatio
2524 4802 2625 4856 luci
2654 4819 2768 4856 cum
2799 4803 3042 4859 tenebris.
3079 4801 3147 4856 Et
3169 4805 3214 4857 si
3243 4804 3297 4857 in
3339 4804 3494 4857 tertia
3514 4802 3703 4874 vigilia

2096 4894 2220 4946 luna
2247 4892 2596 4958 excanduerit,
2624 4910 2733 4948 non
2761 4903 2838 4948 est
2863 4893 3072 4948 dubium
3101 4895 3278 4948 lunam
3320 4910 3408 4948 ni
3452 4895 3533 4948 uel
3579 4910 3695 4950 xxn

2095 4994 2331 5037 exortam
2372 4999 2504 5050 esse,
2537 4983 2589 5037 in
2619 5001 2719 5054 qua
2760 5001 2933 5038 verum
2968 4984 3176 5038 Pascha
3204 5001 3307 5038 non
3338 4993 3414 5038 est
3442 4985 3698 5053 possibile

2094 5077 2372 5130 immolari.
2407 5075 2548 5129 Nam
2579 5077 2664 5144 qui
2706 5077 2803 5129 hac
2843 5077 2982 5129 tunc
3006 5085 3159 5133 rotate
3185 5076 3392 5130 Pascha
3434 5075 3698 5143 deﬁniunt

2096 5167 2337 5236 possibile
2365 5167 2636 5233 celebrari,
2666 5183 2767 5220 non
2795 5166 2961 5220 solum
2986 5168 3118 5221 illud
3147 5168 3460 5222 auctoritate
3499 5167 3701 5225 diuina

2099 5257 2384 5326 Scriptura:
2425 5258 2697 5328 afﬁrmare
2724 5275 2826 5312 non
2855 5269 3091 5325 possunt,
3131 5259 3222 5313 sed
3246 5269 3297 5312 et
3334 5259 3609 5329 sacrilegii
3647 5269 3700 5315 et

2097 5350 2435 5402 contumacia:
2460 5349 2652 5402 crimen
2681 5357 2730 5401 et
2753 5350 3047 5401 animarum
3075 5349 3360 5419 periculum
3388 5350 3697 5416 incurrunt;

2173 5489 2196 5552 ὲ
2224 5479 2615 5552 Calcatenteris.
2642 5478 2699 5552 Si
2719 5479 2978 5552 Cangium
3005 5480 3530 5552 audiasLIegendutn
3555 5480 3700 5539 forte

2101 5550 2519 5615 catculatoribus,
2567 5551 2669 5604 nisi
2724 5549 2879 5605 malis
2919 5549 3378 5618 chalcenterisfid
3415 5559 3530 5618 est,
3564 5553 3700 5612 yiris

2101 5621 2322 5674 doctis:
2363 5635 2470 5690 quo
2518 5620 2678 5675 titulo
2725 5621 3163 5688 cognominatum
3205 5617 3370 5690 luisse
3397 5617 3696 5690 Origenem

2105 5688 2467 5744 novimusIAt
2493 5699 2682 5745 neutra
2716 5691 3024 5758 conjectura
3064 5689 3288 5745 eruditis
3328 5688 3697 5748 Benedletinis

2106 5760 2400 5832 probatur:
2453 5759 2544 5828 qui
2594 5759 2814 5813 mallent
2859 5759 3199 5827 catendariis,
3250 5758 3344 5829 qui
3393 5771 3697 5832 suppth

2114 5826 2378 5885 Kalendas
2393 5837 2457 5888 .et
2472 5826 2754 5900 tempora.
