  <div class='ocr_page' id='page_1' title='image "/cluster/home/n/w/nwhite01/storage/ocr_20150623/80/uva.x000827068/138.png"; bbox 0 0 3856 6218; ppageno 0'>
   <div class='ocr_carea' id='block_1_1' title="bbox 158 367 1718 435">
    <p class='ocr_par' dir='ltr' id='par_1_1' title="bbox 158 369 1681 435">
     <span class='ocr_line' id='line_1_1' title="bbox 158 369 1681 435; baseline -0.003 -6"><span class='ocrx_word' id='word_1_1' title='bbox 158 374 234 429; x_wconf 70' lang='grc' dir='ltr'><strong>ςςι</strong></span> <span class='ocrx_word' id='word_1_2' title='bbox 761 419 779 435; x_wconf 85' lang='grc'><em>,</em></span> <span class='ocrx_word' id='word_1_3' title='bbox 1026 371 1376 427; x_wconf 60' lang='grc' dir='ltr'><strong>ΕΗΞἿὈΙΛΞ</strong></span> <span class='ocrx_word' id='word_1_4' title='bbox 1415 370 1548 425; x_wconf 70' lang='lat' dir='ltr'><strong>SEX</strong></span> <span class='ocrx_word' id='word_1_5' title='bbox 1590 369 1681 425; x_wconf 78' lang='lat' dir='ltr'><strong>AD</strong></span> 
     </span>
    </p>
   </div>
   <div class='ocr_carea' id='block_1_2' title="bbox 1828 367 3394 435">
    <p class='ocr_par' dir='ltr' id='par_1_2' title="bbox 1828 367 3394 429">
     <span class='ocr_line' id='line_1_2' title="bbox 1828 367 3394 429; baseline 0.003 -4"><span class='ocrx_word' id='word_1_6' title='bbox 1828 367 2083 425; x_wconf 77' lang='lat' dir='ltr'><strong>&#39;ERSOS.</strong></span> <span class='ocrx_word' id='word_1_7' title='bbox 2126 398 2195 409; x_wconf 95' lang='lat'><strong><em>—</em></strong></span> <span class='ocrx_word' id='word_1_8' title='bbox 2239 368 2456 425; x_wconf 75' lang='lat' dir='ltr'><strong>EPIST.</strong></span> <span class='ocrx_word' id='word_1_9' title='bbox 2482 371 2539 425; x_wconf 87' lang='lat' dir='ltr'><strong>.l.</strong></span> <span class='ocrx_word' id='word_1_10' title='bbox 3286 373 3394 429; x_wconf 65' lang='lat'><strong>283</strong></span> 
     </span>
    </p>
   </div>
   <div class='ocr_carea' id='block_1_3' title="bbox 154 462 3404 556">
    <p class='ocr_par' dir='ltr' id='par_1_3' title="bbox 154 462 3404 556">
     <span class='ocr_line' id='line_1_3' title="bbox 154 462 3404 556; baseline 0.008 -21"><span class='ocrx_word' id='word_1_11' title='bbox 154 496 254 542; x_wconf 62' lang='lat' dir='ltr'><strong>eam</strong></span> <span class='ocrx_word' id='word_1_12' title='bbox 275 486 518 556; x_wconf 71' lang='lat' dir='ltr'><strong>afﬁrmant</strong></span> <span class='ocrx_word' id='word_1_13' title='bbox 554 497 738 535; x_wconf 79' lang='lat' dir='ltr'><strong>rerum</strong></span> <span class='ocrx_word' id='word_1_14' title='bbox 772 484 941 537; x_wconf 74' lang='lat' dir='ltr'><strong>lucem</strong></span> <span class='ocrx_word' id='word_1_15' title='bbox 967 462 1112 554; x_wconf 48' lang='lat' dir='ltr'><strong>posse</strong></span> <span class='ocrx_word' id='word_1_16' title='bbox 1142 484 1402 537; x_wconf 78' lang='lat' dir='ltr'><strong>immolari</strong></span> <span class='ocrx_word' id='word_1_17' title='bbox 1439 499 1553 536; x_wconf 84' lang='lat' dir='ltr'><strong>rum</strong></span> <span class='ocrx_word' id='word_1_18' title='bbox 1595 484 1697 537; x_wconf 88' lang='lat' dir='ltr'><strong>ali-</strong></span> <span class='ocrx_word' id='word_1_19' title='bbox 1730 487 1770 539; x_wconf 77' lang='grc' dir='ltr'><strong>Α</strong></span> <span class='ocrx_word' id='word_1_20' title='bbox 1801 496 1832 535; x_wconf 89' lang='lat' dir='ltr'><strong>e</strong></span> <span class='ocrx_word' id='word_1_21' title='bbox 1863 478 2105 545; x_wconf 81' lang='lat' dir='ltr'><strong>Pascha;</strong></span> <span class='ocrx_word' id='word_1_22' title='bbox 2137 491 2191 536; x_wconf 73' lang='grc' dir='ltr'>ει</span> <span class='ocrx_word' id='word_1_23' title='bbox 2221 498 2326 538; x_wconf 84' lang='lat' dir='ltr'><strong>n0n</strong></span> <span class='ocrx_word' id='word_1_24' title='bbox 2350 483 2529 553; x_wconf 71' lang='grc' dir='ltr'><strong>Ροῑίιιε</strong></span> <span class='ocrx_word' id='word_1_25' title='bbox 2551 482 2647 539; x_wconf 66' lang='lat' dir='ltr'><strong>Dei</strong></span> <span class='ocrx_word' id='word_1_26' title='bbox 2676 483 2845 554; x_wconf 54' lang='lat' dir='ltr'><strong>i953“s</strong></span> <span class='ocrx_word' id='word_1_27' title='bbox 2867 482 3199 543; x_wconf 61' lang='grc' dir='ltr'><strong>Ῐηῧιίίυθηὼ</strong></span> <span class='ocrx_word' id='word_1_28' title='bbox 3227 484 3404 548; x_wconf 58' lang='grc'><strong>1³1³³⁸⁸</strong></span> 
     </span>
    </p>
   </div>
   <div class='ocr_carea' id='block_1_4' title="bbox 155 569 3405 652">
    <p class='ocr_par' dir='ltr' id='par_1_4' title="bbox 155 569 3405 652">
     <span class='ocr_line' id='line_1_4' title="bbox 155 569 3405 652; baseline 0.002 -22"><span class='ocrx_word' id='word_1_29' title='bbox 155 597 235 652; x_wconf 63' lang='grc' dir='ltr'>ηις</span> <span class='ocrx_word' id='word_1_30' title='bbox 263 576 586 631; x_wconf 75' lang='lat' dir='ltr'><strong>dommalione</strong></span> <span class='ocrx_word' id='word_1_31' title='bbox 635 569 992 639; x_wconf 72' lang='lat' dir='ltr'><strong>iencbrarum,</strong></span> <span class='ocrx_word' id='word_1_32' title='bbox 1042 592 1155 645; x_wconf 81' lang='lat' dir='ltr'><strong>qme</strong></span> <span class='ocrx_word' id='word_1_33' title='bbox 1200 574 1436 628; x_wconf 76' lang='lat' dir='ltr'><strong>omnibus</strong></span> <span class='ocrx_word' id='word_1_34' title='bbox 1480 574 1702 629; x_wconf 79' lang='lat' dir='ltr'><strong>tenebris</strong></span> <span class='ocrx_word' id='word_1_35' title='bbox 1806 584 1924 625; x_wconf 80' lang='lat' dir='ltr'><strong>esse</strong></span> <span class='ocrx_word' id='word_1_36' title='bbox 1955 569 2225 626; x_wconf 78' lang='lat' dir='ltr'><strong>fatendum</strong></span> <span class='ocrx_word' id='word_1_37' title='bbox 2253 583 2361 642; x_wconf 88' lang='lat' dir='ltr'><strong>est,</strong></span> <span class='ocrx_word' id='word_1_38' title='bbox 2401 573 2733 643; x_wconf 87' lang='lat' dir='ltr'><strong>scientisque</strong></span> <span class='ocrx_word' id='word_1_39' title='bbox 2766 574 2936 631; x_wconf 82' lang='lat' dir='ltr'><strong>solius</strong></span> <span class='ocrx_word' id='word_1_40' title='bbox 2962 576 3035 631; x_wconf 78' lang='lat' dir='ltr'><strong>ad</strong></span> <span class='ocrx_word' id='word_1_41' title='bbox 3063 592 3255 648; x_wconf 86' lang='lat' dir='ltr'><strong>purum</strong></span> <span class='ocrx_word' id='word_1_42' title='bbox 3292 594 3405 651; x_wconf 86' lang='lat' dir='ltr'><strong>quo</strong></span> 
     </span>
    </p>
   </div>
   <div class='ocr_carea' id='block_1_5' title="bbox 157 660 3403 737">
    <p class='ocr_par' dir='ltr' id='par_1_5' title="bbox 157 660 3403 737">
     <span class='ocr_line' id='line_1_5' title="bbox 157 660 3403 737; baseline 0.006 -17"><span class='ocrx_word' id='word_1_43' title='bbox 157 670 423 725; x_wconf 63' lang='lat' dir='ltr'><strong>demittatur.</strong></span> <span class='ocrx_word' id='word_1_44' title='bbox 467 664 576 720; x_wconf 76' lang='lat' dir='ltr'><strong>Nec</strong></span> <span class='ocrx_word' id='word_1_45' title='bbox 621 682 735 721; x_wconf 84' lang='lat' dir='ltr'><strong>non</strong></span> <span class='ocrx_word' id='word_1_46' title='bbox 772 667 826 721; x_wconf 90' lang='lat' dir='ltr'><strong>in</strong></span> <span class='ocrx_word' id='word_1_47' title='bbox 865 667 1039 720; x_wconf 82' lang='lat' dir='ltr'><strong>sancti</strong></span> <span class='ocrx_word' id='word_1_48' title='bbox 1066 666 1337 737; x_wconf 77' lang='lat' dir='ltr'><strong>degtnat&#39;s</strong></span> <span class='ocrx_word' id='word_1_49' title='bbox 1384 668 1611 737; x_wconf 76' lang='lat' dir='ltr'><strong>legimus</strong></span> <span class='ocrx_word' id='word_1_50' title='bbox 1637 667 1707 721; x_wconf 82' lang='lat' dir='ltr'><strong>li-</strong></span> <span class='ocrx_word' id='word_1_51' title='bbox 1807 668 2007 731; x_wconf 59' lang='lat'><strong>&quot;135&quot;?&quot;</strong></span> <span class='ocrx_word' id='word_1_52' title='bbox 2012 660 2061 715; x_wconf 77' lang='grc' dir='ltr'><strong>ίθ</strong></span> <span class='ocrx_word' id='word_1_53' title='bbox 2095 677 2180 716; x_wconf 57' lang='grc' dir='ltr'><strong>ειν</strong></span> <span class='ocrx_word' id='word_1_54' title='bbox 2218 663 2338 717; x_wconf 65' lang='lat' dir='ltr'><strong>“ma</strong></span> <span class='ocrx_word' id='word_1_55' title='bbox 2369 662 2436 716; x_wconf 66' lang='lat' dir='ltr'><strong>ad</strong></span> <span class='ocrx_word' id='word_1_56' title='bbox 2472 672 2842 719; x_wconf 66' lang='grc' dir='ltr'><strong>ίτθηεθθηδωη</strong></span> <span class='ocrx_word' id='word_1_57' title='bbox 2887 666 3061 722; x_wconf 67' lang='grc' dir='ltr'>θιθθῑέι</span> <span class='ocrx_word' id='word_1_58' title='bbox 3091 669 3221 723; x_wconf 66' lang='lat' dir='ltr'><strong>es”</strong></span> <span class='ocrx_word' id='word_1_59' title='bbox 3246 667 3403 737; x_wconf 70' lang='grc' dir='ltr'><strong>ουυά</strong></span> 
     </span>
    </p>
   </div>
   <div class='ocr_carea' id='block_1_6' title="bbox 158 749 3399 829">
    <p class='ocr_par' dir='ltr' id='par_1_6' title="bbox 158 749 3399 829">
     <span class='ocr_line' id='line_1_6' title="bbox 158 749 3399 829; baseline 0.005 -15"><span class='ocrx_word' id='word_1_60' title='bbox 158 764 235 818; x_wconf 88' lang='lat' dir='ltr'><strong>bro</strong></span> <span class='ocrx_word' id='word_1_61' title='bbox 263 779 277 815; x_wconf 88' lang='lat'>:</span> <span class='ocrx_word' id='word_1_62' title='bbox 302 759 511 825; x_wconf 76' lang='lat' dir='ltr'><strong>Pascha,</strong></span> <span class='ocrx_word' id='word_1_63' title='bbox 540 757 595 813; x_wconf 84' lang='lat' dir='ltr'><strong>id</strong></span> <span class='ocrx_word' id='word_1_64' title='bbox 620 768 727 826; x_wconf 87' lang='lat' dir='ltr'><strong>est,</strong></span> <span class='ocrx_word' id='word_1_65' title='bbox 757 760 1061 814; x_wconf 78' lang='lat' dir='ltr'><strong>solennilas</strong></span> <span class='ocrx_word' id='word_1_66' title='bbox 1078 760 1350 814; x_wconf 76' lang='lat' dir='ltr'><strong>dominij</strong></span> <span class='ocrx_word' id='word_1_67' title='bbox 1373 763 1707 816; x_wconf 81' lang='lat' dir='ltr'><strong>resurrectio-</strong></span> <span class='ocrx_word' id='word_1_68' title='bbox 1805 749 1944 805; x_wconf 72' lang='grc' dir='ltr'><strong>Ῐυτῑθ</strong></span> <span class='ocrx_word' id='word_1_69' title='bbox 1971 752 2302 821; x_wconf 63' lang='grc' dir='ltr'><strong>εθρίθηιίδυε</strong></span> <span class='ocrx_word' id='word_1_70' title='bbox 2332 763 2385 807; x_wconf 67' lang='grc' dir='ltr'>ει</span> <span class='ocrx_word' id='word_1_71' title='bbox 2422 752 2499 807; x_wconf 65' lang='lat' dir='ltr'><strong>mi</strong></span> <span class='ocrx_word' id='word_1_72' title='bbox 2525 753 2794 809; x_wconf 58' lang='lat' dir='ltr'><strong>“milibus</strong></span> <span class='ocrx_word' id='word_1_73' title='bbox 2835 755 3228 827; x_wconf 68' lang='lat' dir='ltr'><strong>aliquantulum</strong></span> <span class='ocrx_word' id='word_1_74' title='bbox 3260 774 3399 829; x_wconf 55' lang='grc' dir='ltr'><strong>μηδ’</strong></span> 
     </span>
    </p>
   </div>
   <div class='ocr_carea' id='block_1_7' title="bbox 158 842 3404 952">
    <p class='ocr_par' dir='ltr' id='par_1_7' title="bbox 158 842 3404 952">
     <span class='ocr_line' id='line_1_7' title="bbox 158 842 3404 952; baseline -0 -44"><span class='ocrx_word' id='word_1_75' title='bbox 158 856 222 909; x_wconf 74' lang='lat' dir='ltr'><strong>ait</strong></span> <span class='ocrx_word' id='word_1_76' title='bbox 242 859 751 921; x_wconf 69' lang='lat' dir='ltr'><strong>metrunsgressum</strong></span> <span class='ocrx_word' id='word_1_77' title='bbox 781 851 1004 905; x_wconf 65' lang='lat' dir='ltr'><strong>muralis</strong></span> <span class='ocrx_word' id='word_1_78' title='bbox 1048 852 1341 919; x_wconf 66' lang='lat' dir='ltr'><strong>usquinortii</strong></span> <span class='ocrx_word' id='word_1_79' title='bbox 1373 867 1457 905; x_wconf 76' lang='lat' dir='ltr'><strong>xw</strong></span> <span class='ocrx_word' id='word_1_80' title='bbox 1497 850 1704 905; x_wconf 79' lang='lat' dir='ltr'><strong>initium</strong></span> <span class='ocrx_word' id='word_1_81' title='bbox 1806 842 1999 952; x_wconf 46' lang='lat'><strong>{11008.1-</strong></span> <span class='ocrx_word' id='word_1_82' title='bbox 2069 843 2170 909; x_wconf 70' lang='lat' dir='ltr'><strong>QUi</strong></span> <span class='ocrx_word' id='word_1_83' title='bbox 2220 843 2323 899; x_wconf 73' lang='lat' dir='ltr'><strong>hoc</strong></span> <span class='ocrx_word' id='word_1_84' title='bbox 2373 854 2695 915; x_wconf 69' lang='grc' dir='ltr'><strong>οΡΡοηυυιν</strong></span> <span class='ocrx_word' id='word_1_85' title='bbox 2739 846 2863 903; x_wconf 63' lang='lat' dir='ltr'><strong>“cci</strong></span> <span class='ocrx_word' id='word_1_86' title='bbox 2918 848 3404 952; x_wconf 35' lang='lat' dir='ltr'><strong>Siltenanctoritate</strong></span> 
     </span>
    </p>
   </div>
   <div class='ocr_carea' id='block_1_8' title="bbox 158 933 3399 1043">
    <p class='ocr_par' dir='ltr' id='par_1_8' title="bbox 158 933 3399 1043">
     <span class='ocr_line' id='line_1_8' title="bbox 158 933 3399 1043; baseline 0.005 -46"><span class='ocrx_word' id='word_1_87' title='bbox 158 960 240 999; x_wconf 70' lang='lat' dir='ltr'><strong>non</strong></span> <span class='ocrx_word' id='word_1_88' title='bbox 262 950 409 1014; x_wconf 74' lang='lat' dir='ltr'><strong>potest</strong></span> <span class='ocrx_word' id='word_1_89' title='bbox 434 940 709 1007; x_wconf 79' lang='lat' dir='ltr'><strong>celebrari,</strong></span> <span class='ocrx_word' id='word_1_90' title='bbox 736 953 793 995; x_wconf 84' lang='lat' dir='ltr'><strong>ut</strong></span> <span class='ocrx_word' id='word_1_91' title='bbox 824 944 1019 997; x_wconf 77' lang='lat' dir='ltr'><strong>scilicet</strong></span> <span class='ocrx_word' id='word_1_92' title='bbox 1041 943 1399 1014; x_wconf 70' lang='lat' dir='ltr'><strong>mquinoclium</strong></span> <span class='ocrx_word' id='word_1_93' title='bbox 1428 958 1532 997; x_wconf 85' lang='lat' dir='ltr'><strong>non</strong></span> <span class='ocrx_word' id='word_1_94' title='bbox 1558 952 1707 996; x_wconf 84' lang='lat' dir='ltr'><strong>anle-</strong></span> <span class='ocrx_word' id='word_1_95' title='bbox 1806 933 1918 987; x_wconf 73' lang='grc' dir='ltr'><strong>Πεο</strong></span> <span class='ocrx_word' id='word_1_96' title='bbox 1948 933 2331 1043; x_wconf 51' lang='grc' dir='ltr'><strong>ίτηρΐοβοτςυῑιν</strong></span> <span class='ocrx_word' id='word_1_97' title='bbox 2372 949 2547 1043; x_wconf 54' lang='grc' dir='ltr'><strong>ξιυτιτε</strong></span> <span class='ocrx_word' id='word_1_98' title='bbox 2592 952 2699 991; x_wconf 79' lang='grc' dir='ltr'><strong>ηοη</strong></span> <span class='ocrx_word' id='word_1_99' title='bbox 2736 953 2839 1043; x_wconf 31' lang='grc' dir='ltr'><strong>ἐυτ’</strong></span> <span class='ocrx_word' id='word_1_100' title='bbox 2871 940 3208 1043; x_wconf 60' lang='grc' dir='ltr'><strong>Ρξωεοίθιξιίεξ</strong></span> <span class='ocrx_word' id='word_1_101' title='bbox 3239 950 3399 1043; x_wconf 51' lang='grc' dir='ltr'><strong>ῧηξξᾊ</strong></span> 
     </span>
    </p>
   </div>
   <div class='ocr_carea' id='block_1_9' title="bbox 158 1022 3406 1134">
    <p class='ocr_par' dir='ltr' id='par_1_9' title="bbox 158 1022 3406 1134">
     <span class='ocr_line' id='line_1_9' title="bbox 158 1022 3406 1134; baseline -0 -47"><span class='ocrx_word' id='word_1_102' title='bbox 158 1043 307 1099; x_wconf 57' lang='grc' dir='ltr'><em>ταας</em></span> <span class='ocrx_word' id='word_1_103' title='bbox 325 1034 456 1104; x_wconf 87' lang='lat' dir='ltr'><strong>quod</strong></span> <span class='ocrx_word' id='word_1_104' title='bbox 485 1036 677 1104; x_wconf 94' lang='lat' dir='ltr'><strong>utique</strong></span> <span class='ocrx_word' id='word_1_105' title='bbox 704 1034 978 1089; x_wconf 81' lang='lat' dir='ltr'><strong>Victorius</strong></span> <span class='ocrx_word' id='word_1_106' title='bbox 1007 1035 1058 1089; x_wconf 90' lang='lat' dir='ltr'><strong>in</strong></span> <span class='ocrx_word' id='word_1_107' title='bbox 1086 1048 1186 1088; x_wconf 90' lang='lat' dir='ltr'><strong>suo</strong></span> <span class='ocrx_word' id='word_1_108' title='bbox 1228 1048 1595 1103; x_wconf 80' lang='lat' dir='ltr'><strong>transgressus</strong></span> <span class='ocrx_word' id='word_1_109' title='bbox 1623 1042 1706 1089; x_wconf 80' lang='lat' dir='ltr'><strong>est</strong></span> <span class='ocrx_word' id='word_1_110' title='bbox 1809 1032 1934 1079; x_wconf 90' lang='lat' dir='ltr'><strong>tunc</strong></span> <span class='ocrx_word' id='word_1_111' title='bbox 1962 1025 2275 1134; x_wconf 54' lang='lat' dir='ltr'><strong>prece-iverit</strong></span> <span class='ocrx_word' id='word_1_112' title='bbox 2295 1022 2603 1134; x_wconf 44' lang='lat' dir='ltr'><strong>ludm&#39;orum</strong></span> <span class='ocrx_word' id='word_1_113' title='bbox 2626 1029 3048 1134; x_wconf 70' lang='lat' dir='ltr'><strong>contumaciam,</strong></span> <span class='ocrx_word' id='word_1_114' title='bbox 3076 1038 3135 1084; x_wconf 90' lang='lat' dir='ltr'><strong>ut</strong></span> <span class='ocrx_word' id='word_1_115' title='bbox 3162 1030 3209 1087; x_wconf 89' lang='lat' dir='ltr'><strong>si</strong></span> <span class='ocrx_word' id='word_1_116' title='bbox 3238 1031 3406 1134; x_wconf 76' lang='lat' dir='ltr'><strong>nollet</strong></span> 
     </span>
    </p>
   </div>
   <div class='ocr_carea' id='block_1_10' title="bbox 157 1112 3404 1224">
    <p class='ocr_par' dir='ltr' id='par_1_10' title="bbox 157 1112 3404 1224">
     <span class='ocr_line' id='line_1_10' title="bbox 157 1112 3404 1224; baseline 0.004 -38"><span class='ocrx_word' id='word_1_117' title='bbox 157 1132 307 1206; x_wconf 72' lang='lat' dir='ltr'><strong>tchIo,</strong></span> <span class='ocrx_word' id='word_1_118' title='bbox 335 1140 385 1183; x_wconf 80' lang='lat' dir='ltr'><strong>et</strong></span> <span class='ocrx_word' id='word_1_119' title='bbox 410 1145 501 1199; x_wconf 87' lang='lat' dir='ltr'><strong>per</strong></span> <span class='ocrx_word' id='word_1_120' title='bbox 525 1130 635 1183; x_wconf 88' lang='lat' dir='ltr'><strong>hoc</strong></span> <span class='ocrx_word' id='word_1_121' title='bbox 653 1128 845 1183; x_wconf 72' lang='lat' dir='ltr'><strong>Gallia:</strong></span> <span class='ocrx_word' id='word_1_122' title='bbox 868 1126 980 1197; x_wconf 84' lang='lat' dir='ltr'><strong>jam</strong></span> <span class='ocrx_word' id='word_1_123' title='bbox 1006 1126 1204 1181; x_wconf 89' lang='lat' dir='ltr'><strong>dudum</strong></span> <span class='ocrx_word' id='word_1_124' title='bbox 1236 1127 1438 1181; x_wconf 81' lang='lat' dir='ltr'><strong>invexit</strong></span> <span class='ocrx_word' id='word_1_125' title='bbox 1466 1143 1704 1183; x_wconf 84' lang='lat' dir='ltr'><strong>errorem</strong></span> <span class='ocrx_word' id='word_1_126' title='bbox 1810 1129 1907 1224; x_wconf 64' lang='lat' dir='ltr'><strong>:los</strong></span> <span class='ocrx_word' id='word_1_127' title='bbox 1938 1130 2061 1168; x_wconf 71' lang='lat' dir='ltr'><strong>cum</strong></span> <span class='ocrx_word' id='word_1_128' title='bbox 2092 1114 2173 1215; x_wconf 45' lang='lat' dir='ltr'><strong>eis</strong></span> <span class='ocrx_word' id='word_1_129' title='bbox 2206 1112 2409 1171; x_wconf 65' lang='grc' dir='ltr'><strong>Ρδεοδδ</strong></span> <span class='ocrx_word' id='word_1_130' title='bbox 2435 1115 2632 1224; x_wconf 51' lang='lat' dir='ltr'><strong>“fere:</strong></span> <span class='ocrx_word' id='word_1_131' title='bbox 2661 1118 3327 1224; x_wconf 36' lang='lat' dir='ltr'><strong>&#39;A&#39;Ove&#39;“‘dies_a_ziim9&quot;.’_&#39;f‘</strong></span> <span class='ocrx_word' id='word_1_132' title='bbox 3349 1123 3404 1176; x_wconf 66' lang='lat' dir='ltr'><strong>i&quot;</strong></span> 
     </span>
    </p>
   </div>
   <div class='ocr_carea' id='block_1_11' title="bbox 156 1204 1718 1313">
    <p class='ocr_par' dir='ltr' id='par_1_11' title="bbox 156 1204 1707 1289">
     <span class='ocr_line' id='line_1_11' title="bbox 156 1204 1707 1289; baseline -0.006 -7"><span class='ocrx_word' id='word_1_133' title='bbox 156 1204 249 1289; x_wconf 72' lang='lat' dir='ltr'><strong>seu,</strong></span> <span class='ocrx_word' id='word_1_134' title='bbox 275 1236 325 1278; x_wconf 89' lang='lat' dir='ltr'><strong>ut</strong></span> <span class='ocrx_word' id='word_1_135' title='bbox 346 1221 601 1277; x_wconf 83' lang='lat' dir='ltr'><strong>humilius</strong></span> <span class='ocrx_word' id='word_1_136' title='bbox 620 1221 820 1286; x_wconf 87' lang='lat' dir='ltr'><strong>dicam,</strong></span> <span class='ocrx_word' id='word_1_137' title='bbox 837 1219 1176 1276; x_wconf 79' lang='lat' dir='ltr'><strong>conﬁrmavit</strong></span> <span class='ocrx_word' id='word_1_138' title='bbox 1200 1220 1464 1274; x_wconf 80' lang='lat' dir='ltr'><strong>inclitum.</strong></span> <span class='ocrx_word' id='word_1_139' title='bbox 1497 1218 1707 1289; x_wconf 87' lang='lat' dir='ltr'><strong>Quippe</strong></span> 
     </span>
    </p>
   </div>
   <div class='ocr_carea' id='block_1_12' title="bbox 1828 1204 3401 1313">
    <p class='ocr_par' dir='ltr' id='par_1_12' title="bbox 1828 1205 3401 1276">
     <span class='ocr_line' id='line_1_12' title="bbox 1828 1205 3401 1276; baseline 0.004 -18"><span class='ocrx_word' id='word_1_140' title='bbox 1828 1208 1951 1273; x_wconf 62' lang='lat' dir='ltr'><strong>‘.ege</strong></span> <span class='ocrx_word' id='word_1_141' title='bbox 1980 1205 2313 1276; x_wconf 60' lang='lat' dir='ltr'><strong>praeciperet,</strong></span> <span class='ocrx_word' id='word_1_142' title='bbox 2348 1216 2404 1260; x_wconf 92' lang='lat' dir='ltr'><strong>ut</strong></span> <span class='ocrx_word' id='word_1_143' title='bbox 2432 1207 2517 1261; x_wconf 84' lang='lat' dir='ltr'><strong>vel</strong></span> <span class='ocrx_word' id='word_1_144' title='bbox 2565 1216 2762 1262; x_wconf 70' lang='lat' dir='ltr'><strong>nostra:</strong></span> <span class='ocrx_word' id='word_1_145' title='bbox 2793 1209 3151 1265; x_wconf 85' lang='lat' dir='ltr'><strong>solemnitatis</strong></span> <span class='ocrx_word' id='word_1_146' title='bbox 3192 1211 3401 1266; x_wconf 90' lang='lat' dir='ltr'><strong>initium</strong></span> 
     </span>
    </p>
   </div>
   <div class='ocr_carea' id='block_1_13' title="bbox 156 1295 3402 1385">
    <p class='ocr_par' dir='ltr' id='par_1_13' title="bbox 156 1295 3402 1385">
     <span class='ocr_line' id='line_1_13' title="bbox 156 1295 3402 1385; baseline -0.003 -19"><span class='ocrx_word' id='word_1_147' title='bbox 156 1331 240 1385; x_wconf 77' lang='lat' dir='ltr'><strong>qua</strong></span> <span class='ocrx_word' id='word_1_148' title='bbox 265 1316 453 1369; x_wconf 84' lang='lat' dir='ltr'><strong>ratione</strong></span> <span class='ocrx_word' id='word_1_149' title='bbox 479 1323 717 1382; x_wconf 89' lang='lat' dir='ltr'><strong>utraque</strong></span> <span class='ocrx_word' id='word_1_150' title='bbox 742 1323 889 1367; x_wconf 74' lang='lat' dir='ltr'><strong>Stare</strong></span> <span class='ocrx_word' id='word_1_151' title='bbox 929 1320 1169 1382; x_wconf 85' lang='lat' dir='ltr'><strong>possunt,</strong></span> <span class='ocrx_word' id='word_1_152' title='bbox 1199 1319 1257 1365; x_wconf 88' lang='lat' dir='ltr'><strong>ut</strong></span> <span class='ocrx_word' id='word_1_153' title='bbox 1282 1312 1493 1366; x_wconf 70' lang='lat' dir='ltr'><strong>senicet</strong></span> <span class='ocrx_word' id='word_1_154' title='bbox 1519 1326 1703 1365; x_wconf 71' lang='grc' dir='ltr'><strong>τεευιι-</strong></span> <span class='ocrx_word' id='word_1_155' title='bbox 1811 1295 1968 1350; x_wconf 83' lang='lat' dir='ltr'><strong>linem</strong></span> <span class='ocrx_word' id='word_1_156' title='bbox 1995 1296 2351 1352; x_wconf 83' lang='lat' dir='ltr'><strong>solemnitatis</strong></span> <span class='ocrx_word' id='word_1_157' title='bbox 2376 1312 2563 1351; x_wconf 90' lang='lat' dir='ltr'><strong>eorum</strong></span> <span class='ocrx_word' id='word_1_158' title='bbox 2594 1312 2702 1352; x_wconf 91' lang='lat' dir='ltr'><strong>non</strong></span> <span class='ocrx_word' id='word_1_159' title='bbox 2733 1298 3058 1353; x_wconf 79' lang='lat' dir='ltr'><strong>excederet?</strong></span> <span class='ocrx_word' id='word_1_160' title='bbox 3080 1299 3214 1354; x_wconf 81' lang='lat' dir='ltr'><strong>Nam</strong></span> <span class='ocrx_word' id='word_1_161' title='bbox 3244 1301 3287 1355; x_wconf 95' lang='lat' dir='ltr'><strong>si</strong></span> <span class='ocrx_word' id='word_1_162' title='bbox 3308 1317 3402 1358; x_wconf 77' lang='lat' dir='ltr'><strong>ut</strong></span> 
     </span>
    </p>
   </div>
   <div class='ocr_carea' id='block_1_14' title="bbox 156 1386 1718 1492">
    <p class='ocr_par' dir='ltr' id='par_1_14' title="bbox 156 1400 1705 1471">
     <span class='ocr_line' id='line_1_14' title="bbox 156 1400 1705 1471; baseline -0.006 -9"><span class='ocrx_word' id='word_1_163' title='bbox 156 1407 297 1462; x_wconf 82' lang='lat' dir='ltr'><strong>rectio</strong></span> <span class='ocrx_word' id='word_1_164' title='bbox 316 1404 508 1458; x_wconf 82' lang='lat' dir='ltr'><strong>Domini</strong></span> <span class='ocrx_word' id='word_1_165' title='bbox 541 1412 677 1458; x_wconf 83' lang='lat' dir='ltr'><strong>ante</strong></span> <span class='ocrx_word' id='word_1_166' title='bbox 704 1417 856 1458; x_wconf 72' lang='lat' dir='ltr'><strong>suam</strong></span> <span class='ocrx_word' id='word_1_167' title='bbox 870 1402 1180 1457; x_wconf 82' lang='lat' dir='ltr'><strong>celebretur</strong></span> <span class='ocrx_word' id='word_1_168' title='bbox 1203 1403 1529 1471; x_wconf 79' lang='lat' dir='ltr'><strong>passionem,</strong></span> <span class='ocrx_word' id='word_1_169' title='bbox 1556 1400 1705 1469; x_wconf 84' lang='lat' dir='ltr'><strong>quod</strong></span> 
     </span>
    </p>
   </div>
   <div class='ocr_carea' id='block_1_15' title="bbox 1828 1386 3409 1492">
    <p class='ocr_par' dir='ltr' id='par_1_15' title="bbox 1828 1386 3409 1459">
     <span class='ocr_line' id='line_1_15' title="bbox 1828 1386 3409 1459; baseline 0.004 -18"><span class='ocrx_word' id='word_1_170' title='bbox 1828 1396 1904 1441; x_wconf 77' lang='lat' dir='ltr'><strong>tut</strong></span> <span class='ocrx_word' id='word_1_171' title='bbox 1924 1403 2035 1441; x_wconf 73' lang='grc' dir='ltr'>χιιι</span> <span class='ocrx_word' id='word_1_172' title='bbox 2066 1388 2264 1443; x_wconf 82' lang='lat' dir='ltr'><strong>Pascha</strong></span> <span class='ocrx_word' id='word_1_173' title='bbox 2280 1386 2690 1454; x_wconf 89' lang='lat' dir='ltr'><strong>celebrandum,</strong></span> <span class='ocrx_word' id='word_1_174' title='bbox 2720 1403 2751 1443; x_wconf 84' lang='lat' dir='ltr'><strong>a</strong></span> <span class='ocrx_word' id='word_1_175' title='bbox 2773 1405 2859 1443; x_wconf 77' lang='lat' dir='ltr'><strong>xiv</strong></span> <span class='ocrx_word' id='word_1_176' title='bbox 2884 1404 3055 1459; x_wconf 90' lang='lat' dir='ltr'><strong>usque</strong></span> <span class='ocrx_word' id='word_1_177' title='bbox 3070 1390 3136 1445; x_wconf 88' lang='lat' dir='ltr'><strong>ad</strong></span> <span class='ocrx_word' id='word_1_178' title='bbox 3166 1406 3278 1446; x_wconf 82' lang='lat' dir='ltr'><strong>xxu</strong></span> <span class='ocrx_word' id='word_1_179' title='bbox 3308 1407 3409 1447; x_wconf 82' lang='lat' dir='ltr'><strong>no-</strong></span> 
     </span>
    </p>
   </div>
   <div class='ocr_carea' id='block_1_16' title="bbox 156 1478 1718 1583">
    <p class='ocr_par' dir='ltr' id='par_1_16' title="bbox 156 1491 1707 1581">
     <span class='ocr_line' id='line_1_16' title="bbox 156 1491 1707 1581; baseline -0.004 -30"><span class='ocrx_word' id='word_1_180' title='bbox 156 1496 225 1552; x_wconf 78' lang='lat' dir='ltr'><strong>rel</strong></span> <span class='ocrx_word' id='word_1_181' title='bbox 259 1494 415 1564; x_wconf 84' lang='lat' dir='ltr'><strong>putari</strong></span> <span class='ocrx_word' id='word_1_182' title='bbox 444 1493 743 1547; x_wconf 73' lang='lat' dir='ltr'><strong>absurdum</strong></span> <span class='ocrx_word' id='word_1_183' title='bbox 791 1501 913 1559; x_wconf 88' lang='lat' dir='ltr'><strong>est;</strong></span> <span class='ocrx_word' id='word_1_184' title='bbox 957 1501 1058 1545; x_wconf 80' lang='lat' dir='ltr'><strong>aut</strong></span> <span class='ocrx_word' id='word_1_185' title='bbox 1087 1502 1295 1561; x_wconf 80' lang='lat' dir='ltr'><strong>septem</strong></span> <span class='ocrx_word' id='word_1_186' title='bbox 1323 1491 1459 1555; x_wconf 89' lang='lat' dir='ltr'><strong>dies,</strong></span> <span class='ocrx_word' id='word_1_187' title='bbox 1494 1491 1707 1581; x_wconf 74' lang='lat' dir='ltr'><strong>Domini</strong></span> 
     </span>
    </p>
   </div>
   <div class='ocr_carea' id='block_1_17' title="bbox 1828 1478 3408 1583">
    <p class='ocr_par' dir='ltr' id='par_1_17' title="bbox 1828 1478 3408 1553">
     <span class='ocr_line' id='line_1_17' title="bbox 1828 1478 3408 1553; baseline 0.006 -25"><span class='ocrx_word' id='word_1_188' title='bbox 1828 1490 1930 1531; x_wconf 72' lang='lat' dir='ltr'><strong>rem</strong></span> <span class='ocrx_word' id='word_1_189' title='bbox 1955 1478 2067 1531; x_wconf 83' lang='lat' dir='ltr'><strong>dies</strong></span> <span class='ocrx_word' id='word_1_190' title='bbox 2091 1478 2548 1546; x_wconf 86' lang='lat' dir='ltr'><strong>computabuntur</strong></span> <span class='ocrx_word' id='word_1_191' title='bbox 2570 1496 2583 1542; x_wconf 88' lang='lat'>;</span> <span class='ocrx_word' id='word_1_192' title='bbox 2608 1488 2816 1548; x_wconf 69' lang='lat' dir='ltr'><strong>septem</strong></span> <span class='ocrx_word' id='word_1_193' title='bbox 2843 1481 3051 1536; x_wconf 81' lang='lat' dir='ltr'><strong>scilicet</strong></span> <span class='ocrx_word' id='word_1_194' title='bbox 3079 1497 3109 1534; x_wconf 90' lang='lat' dir='ltr'><strong>a</strong></span> <span class='ocrx_word' id='word_1_195' title='bbox 3132 1480 3242 1538; x_wconf 89' lang='lat' dir='ltr'><strong>Deo</strong></span> <span class='ocrx_word' id='word_1_196' title='bbox 3269 1498 3408 1553; x_wconf 67' lang='lat' dir='ltr'><strong>prae-</strong></span> 
     </span>
    </p>
   </div>
   <div class='ocr_carea' id='block_1_18' title="bbox 154 1563 3410 1672">
    <p class='ocr_par' dir='ltr' id='par_1_18' title="bbox 154 1563 3410 1672">
     <span class='ocr_line' id='line_1_18' title="bbox 154 1563 3410 1672; baseline -0.003 -33"><span class='ocrx_word' id='word_1_197' title='bbox 154 1563 355 1656; x_wconf 77' lang='lat' dir='ltr'><strong>jussioue</strong></span> <span class='ocrx_word' id='word_1_198' title='bbox 397 1585 447 1639; x_wconf 89' lang='lat' dir='ltr'><strong>in</strong></span> <span class='ocrx_word' id='word_1_199' title='bbox 494 1583 625 1651; x_wconf 81' lang='lat' dir='ltr'><strong>lege</strong></span> <span class='ocrx_word' id='word_1_200' title='bbox 653 1583 884 1649; x_wconf 84' lang='lat' dir='ltr'><strong>sanciti,</strong></span> <span class='ocrx_word' id='word_1_201' title='bbox 916 1584 970 1638; x_wconf 91' lang='lat' dir='ltr'><strong>in</strong></span> <span class='ocrx_word' id='word_1_202' title='bbox 1001 1583 1195 1651; x_wconf 86' lang='lat' dir='ltr'><strong>quibus</strong></span> <span class='ocrx_word' id='word_1_203' title='bbox 1228 1591 1432 1637; x_wconf 88' lang='lat' dir='ltr'><strong>tantum</strong></span> <span class='ocrx_word' id='word_1_204' title='bbox 1464 1569 1703 1653; x_wconf 68' lang='lat' dir='ltr'><strong>legitime</strong></span> <span class='ocrx_word' id='word_1_205' title='bbox 1810 1565 2044 1634; x_wconf 55' lang='lat' dir='ltr'><strong>ci&#39;pti,et</strong></span> <span class='ocrx_word' id='word_1_206' title='bbox 2062 1563 2169 1618; x_wconf 91' lang='lat' dir='ltr'><strong>duo</strong></span> <span class='ocrx_word' id='word_1_207' title='bbox 2183 1565 2251 1619; x_wconf 89' lang='lat' dir='ltr'><strong>ab</strong></span> <span class='ocrx_word' id='word_1_208' title='bbox 2264 1566 2566 1672; x_wconf 68' lang='lat' dir='ltr'><strong>hominibus</strong></span> <span class='ocrx_word' id='word_1_209' title='bbox 2582 1567 2747 1668; x_wconf 76' lang='lat' dir='ltr'><strong>aucti.</strong></span> <span class='ocrx_word' id='word_1_210' title='bbox 2770 1566 2876 1623; x_wconf 87' lang='lat' dir='ltr'><strong>Sed</strong></span> <span class='ocrx_word' id='word_1_211' title='bbox 2892 1570 2937 1623; x_wconf 89' lang='lat' dir='ltr'><strong>si</strong></span> <span class='ocrx_word' id='word_1_212' title='bbox 2962 1569 3086 1672; x_wconf 75' lang='lat' dir='ltr'><strong>licet</strong></span> <span class='ocrx_word' id='word_1_213' title='bbox 3102 1570 3410 1627; x_wconf 85' lang='lat' dir='ltr'><strong>hominibus</strong></span> 
     </span>
    </p>
   </div>
   <div class='ocr_carea' id='block_1_19' title="bbox 158 1654 3409 1759">
    <p class='ocr_par' dir='ltr' id='par_1_19' title="bbox 158 1654 3409 1759">
     <span class='ocr_line' id='line_1_19' title="bbox 158 1654 3409 1759; baseline -0.002 -27"><span class='ocrx_word' id='word_1_214' title='bbox 158 1654 297 1732; x_wconf 79' lang='lat' dir='ltr'><strong>Phase</strong></span> <span class='ocrx_word' id='word_1_215' title='bbox 323 1675 522 1730; x_wconf 68' lang='lat' dir='ltr'><strong>Domiti</strong></span> <span class='ocrx_word' id='word_1_216' title='bbox 553 1676 771 1731; x_wconf 86' lang='lat' dir='ltr'><strong>comedi</strong></span> <span class='ocrx_word' id='word_1_217' title='bbox 808 1675 1116 1731; x_wconf 87' lang='lat' dir='ltr'><strong>mandatum</strong></span> <span class='ocrx_word' id='word_1_218' title='bbox 1145 1683 1230 1729; x_wconf 88' lang='lat' dir='ltr'><strong>est</strong></span> <span class='ocrx_word' id='word_1_219' title='bbox 1258 1675 1370 1743; x_wconf 88' lang='lat' dir='ltr'><strong>(qui</strong></span> <span class='ocrx_word' id='word_1_220' title='bbox 1401 1689 1430 1727; x_wconf 89' lang='lat' dir='ltr'><strong>a</strong></span> <span class='ocrx_word' id='word_1_221' title='bbox 1462 1690 1550 1728; x_wconf 76' lang='lat' dir='ltr'><strong>xiv</strong></span> <span class='ocrx_word' id='word_1_222' title='bbox 1581 1674 1707 1727; x_wconf 89' lang='lat' dir='ltr'><strong>luna</strong></span> <span class='ocrx_word' id='word_1_223' title='bbox 1814 1667 2141 1759; x_wconf 49' lang='grc' dir='ltr'><strong>ξυὲθτθρθτ</strong></span> <span class='ocrx_word' id='word_1_224' title='bbox 2165 1668 2225 1709; x_wconf 75' lang='grc' dir='ltr'><strong>δθ</strong></span> <span class='ocrx_word' id='word_1_225' title='bbox 2262 1654 2686 1759; x_wconf 24' lang='grc' dir='ltr'><strong>ειιίίιιιιίάρίνίηω</strong></span> <span class='ocrx_word' id='word_1_226' title='bbox 2706 1659 3304 1759; x_wconf 57' lang='grc' dir='ltr'><strong>οθξξξυξιηοίηῑεποξρ,</strong></span> <span class='ocrx_word' id='word_1_227' title='bbox 3340 1677 3409 1718; x_wconf 76' lang='grc' dir='ltr'><strong>Ιιο</strong></span> 
     </span>
    </p>
   </div>
   <div class='ocr_carea' id='block_1_20' title="bbox 157 1742 3409 1839">
    <p class='ocr_par' dir='ltr' id='par_1_20' title="bbox 157 1742 3409 1839">
     <span class='ocr_line' id='line_1_20' title="bbox 157 1742 3409 1839; baseline 0.002 -36"><span class='ocrx_word' id='word_1_228' title='bbox 157 1784 294 1839; x_wconf 58' lang='lat' dir='ltr'><strong>mque</strong></span> <span class='ocrx_word' id='word_1_229' title='bbox 335 1768 395 1821; x_wconf 59' lang='lat' dir='ltr'><strong>ad</strong></span> <span class='ocrx_word' id='word_1_230' title='bbox 442 1784 510 1821; x_wconf 58' lang='grc' dir='ltr'>ις</span> <span class='ocrx_word' id='word_1_231' title='bbox 564 1767 889 1821; x_wconf 60' lang='lat' dir='ltr'><strong>numerandi</strong></span> <span class='ocrx_word' id='word_1_232' title='bbox 930 1766 1077 1837; x_wconf 69' lang='lat' dir='ltr'><strong>sum)</strong></span> <span class='ocrx_word' id='word_1_233' title='bbox 1131 1742 1321 1821; x_wconf 58' lang='lat' dir='ltr'><strong>comm</strong></span> <span class='ocrx_word' id='word_1_234' title='bbox 1373 1766 1461 1833; x_wconf 71' lang='lat' dir='ltr'><strong>jus</strong></span> <span class='ocrx_word' id='word_1_235' title='bbox 1522 1764 1709 1834; x_wconf 59' lang='lat' dir='ltr'><strong>fasque</strong></span> <span class='ocrx_word' id='word_1_236' title='bbox 1815 1742 1953 1798; x_wconf 78' lang='lat' dir='ltr'><strong>forte</strong></span> <span class='ocrx_word' id='word_1_237' title='bbox 1979 1743 2228 1798; x_wconf 84' lang='lat' dir='ltr'><strong>videatur</strong></span> <span class='ocrx_word' id='word_1_238' title='bbox 2258 1746 2585 1800; x_wconf 86' lang='lat' dir='ltr'><strong>contrarium</strong></span> <span class='ocrx_word' id='word_1_239' title='bbox 2618 1760 2737 1802; x_wconf 86' lang='lat' dir='ltr'><strong>esse</strong></span> <span class='ocrx_word' id='word_1_240' title='bbox 2767 1748 2841 1802; x_wconf 77' lang='lat' dir='ltr'><strong>illi</strong></span> <span class='ocrx_word' id='word_1_241' title='bbox 2865 1748 3261 1807; x_wconf 86' lang='lat' dir='ltr'><strong>Deuteronomii</strong></span> <span class='ocrx_word' id='word_1_242' title='bbox 3286 1768 3409 1808; x_wconf 83' lang='lat' dir='ltr'><strong>sen-</strong></span> 
     </span>
    </p>
   </div>
   <div class='ocr_carea' id='block_1_21' title="bbox 158 1832 1718 1923">
    <p class='ocr_par' dir='ltr' id='par_1_21' title="bbox 158 1832 1711 1923">
     <span class='ocr_line' id='line_1_21' title="bbox 158 1832 1711 1923; baseline -0.002 -10"><span class='ocrx_word' id='word_1_243' title='bbox 158 1832 560 1916; x_wconf 74' lang='lat' dir='ltr'><strong>transcendantur</strong></span> <span class='ocrx_word' id='word_1_244' title='bbox 585 1860 610 1911; x_wconf 84' lang='lat'><strong>?</strong></span> <span class='ocrx_word' id='word_1_245' title='bbox 650 1858 800 1912; x_wconf 85' lang='lat' dir='ltr'><strong>Luna</strong></span> <span class='ocrx_word' id='word_1_246' title='bbox 832 1866 1011 1911; x_wconf 85' lang='lat' dir='ltr'><strong>autem</strong></span> <span class='ocrx_word' id='word_1_247' title='bbox 1057 1873 1145 1912; x_wconf 67' lang='grc' dir='ltr'><strong>χχι</strong></span> <span class='ocrx_word' id='word_1_248' title='bbox 1174 1866 1269 1911; x_wconf 87' lang='lat' dir='ltr'><strong>aut</strong></span> <span class='ocrx_word' id='word_1_249' title='bbox 1301 1872 1408 1911; x_wconf 62' lang='grc' dir='ltr'>χχιι</span> <span class='ocrx_word' id='word_1_250' title='bbox 1435 1864 1586 1912; x_wconf 77' lang='lat' dir='ltr'><strong>extra</strong></span> <span class='ocrx_word' id='word_1_251' title='bbox 1623 1855 1711 1923; x_wconf 85' lang='lat' dir='ltr'><strong>jus</strong></span> 
     </span>
    </p>
   </div>
   <div class='ocr_carea' id='block_1_22' title="bbox 1828 1832 3410 1923">
    <p class='ocr_par' dir='ltr' id='par_1_22' title="bbox 1828 1832 3410 1908">
     <span class='ocr_line' id='line_1_22' title="bbox 1828 1832 3410 1908; baseline 0.008 -23"><span class='ocrx_word' id='word_1_252' title='bbox 1828 1834 1995 1888; x_wconf 66' lang='lat' dir='ltr'><strong>entia:</strong></span> <span class='ocrx_word' id='word_1_253' title='bbox 2045 1851 2061 1887; x_wconf 83' lang='lat'><strong>:</strong></span> <span class='ocrx_word' id='word_1_254' title='bbox 2106 1832 2257 1898; x_wconf 84' lang='lat' dir='ltr'><strong>Ecce,</strong></span> <span class='ocrx_word' id='word_1_255' title='bbox 2316 1835 2509 1901; x_wconf 77' lang='lat' dir='ltr'><strong>inquit,</strong></span> <span class='ocrx_word' id='word_1_256' title='bbox 2550 1835 2756 1889; x_wconf 81' lang='lat' dir='ltr'><strong>verbum</strong></span> <span class='ocrx_word' id='word_1_257' title='bbox 2800 1840 2938 1908; x_wconf 80' lang='lat' dir='ltr'><strong>quod</strong></span> <span class='ocrx_word' id='word_1_258' title='bbox 2986 1841 3077 1895; x_wconf 78' lang='lat' dir='ltr'><strong>tibi</strong></span> <span class='ocrx_word' id='word_1_259' title='bbox 3122 1842 3209 1907; x_wconf 84' lang='lat' dir='ltr'><strong>do,</strong></span> <span class='ocrx_word' id='word_1_260' title='bbox 3249 1858 3410 1907; x_wconf 80' lang='lat' dir='ltr'><strong>neque</strong></span> 
     </span>
    </p>
   </div>
   <div class='ocr_carea' id='block_1_23' title="bbox 154 1949 1718 2020">
    <p class='ocr_par' dir='ltr' id='par_1_23' title="bbox 154 1949 1718 2020">
     <span class='ocr_line' id='line_1_23' title="bbox 154 1949 1718 2020; baseline -0.005 -10"><span class='ocrx_word' id='word_1_261' title='bbox 154 1953 266 2010; x_wconf 86' lang='lat' dir='ltr'><strong>lucis</strong></span> <span class='ocrx_word' id='word_1_262' title='bbox 288 1960 382 2015; x_wconf 88' lang='lat' dir='ltr'><strong>est,</strong></span> <span class='ocrx_word' id='word_1_263' title='bbox 414 1960 609 2020; x_wconf 85' lang='lat' dir='ltr'><strong>utpote</strong></span> <span class='ocrx_word' id='word_1_264' title='bbox 641 1958 766 2020; x_wconf 82' lang='lat' dir='ltr'><strong>post</strong></span> <span class='ocrx_word' id='word_1_265' title='bbox 810 1949 1046 2004; x_wconf 90' lang='lat' dir='ltr'><strong>medium</strong></span> <span class='ocrx_word' id='word_1_266' title='bbox 1079 1950 1254 2004; x_wconf 65' lang='lat' dir='ltr'><strong>noctis</strong></span> <span class='ocrx_word' id='word_1_267' title='bbox 1300 1958 1429 2004; x_wconf 91' lang='lat' dir='ltr'><strong>tunc</strong></span> <span class='ocrx_word' id='word_1_268' title='bbox 1458 1950 1718 2018; x_wconf 87' lang='lat' dir='ltr'><strong>temporis</strong></span> 
     </span>
    </p>
   </div>
   <div class='ocr_carea' id='block_1_24' title="bbox 156 2038 1714 2111">
    <p class='ocr_par' dir='ltr' id='par_1_24' title="bbox 156 2038 1714 2111">
     <span class='ocr_line' id='line_1_24' title="bbox 156 2038 1714 2111; baseline -0.003 -14"><span class='ocrx_word' id='word_1_269' title='bbox 156 2051 347 2107; x_wconf 83' lang='lat' dir='ltr'><strong>exorta;</strong></span> <span class='ocrx_word' id='word_1_270' title='bbox 375 2050 425 2095; x_wconf 88' lang='lat' dir='ltr'><strong>et</strong></span> <span class='ocrx_word' id='word_1_271' title='bbox 443 2042 692 2096; x_wconf 82' lang='lat' dir='ltr'><strong>tenebris</strong></span> <span class='ocrx_word' id='word_1_272' title='bbox 719 2040 893 2095; x_wconf 88' lang='lat' dir='ltr'><strong>lucem</strong></span> <span class='ocrx_word' id='word_1_273' title='bbox 921 2038 1326 2111; x_wconf 77' lang='lat' dir='ltr'><strong>superantibus,</strong></span> <span class='ocrx_word' id='word_1_274' title='bbox 1355 2039 1489 2094; x_wconf 88' lang='lat' dir='ltr'><strong>lucis</strong></span> <span class='ocrx_word' id='word_1_275' title='bbox 1516 2038 1714 2093; x_wconf 85' lang='lat' dir='ltr'><strong>solem-</strong></span> 
     </span>
    </p>
   </div>
   <div class='ocr_carea' id='block_1_25' title="bbox 156 2135 1003 2206">
    <p class='ocr_par' dir='ltr' id='par_1_25' title="bbox 156 2135 1003 2206">
     <span class='ocr_line' id='line_1_25' title="bbox 156 2135 1003 2206; baseline -0.004 -14"><span class='ocrx_word' id='word_1_276' title='bbox 156 2138 269 2193; x_wconf 85' lang='lat' dir='ltr'><strong>uitas</strong></span> <span class='ocrx_word' id='word_1_277' title='bbox 288 2135 426 2191; x_wconf 76' lang='lat' dir='ltr'><strong>nefas</strong></span> <span class='ocrx_word' id='word_1_278' title='bbox 454 2144 558 2197; x_wconf 86' lang='lat' dir='ltr'><strong>est,</strong></span> <span class='ocrx_word' id='word_1_279' title='bbox 603 2144 662 2190; x_wconf 90' lang='lat' dir='ltr'><strong>ut</strong></span> <span class='ocrx_word' id='word_1_280' title='bbox 691 2137 864 2200; x_wconf 91' lang='lat' dir='ltr'><strong>aiunt,</strong></span> <span class='ocrx_word' id='word_1_281' title='bbox 895 2137 1003 2206; x_wconf 87' lang='lat' dir='ltr'><strong>agi.</strong></span> 
     </span>
    </p>
   </div>
   <div class='ocr_carea' id='block_1_26' title="bbox 208 2222 1717 2296">
    <p class='ocr_par' dir='ltr' id='par_1_26' title="bbox 208 2222 1717 2296">
     <span class='ocr_line' id='line_1_26' title="bbox 208 2222 1717 2296; baseline 0 -16"><span class='ocrx_word' id='word_1_282' title='bbox 208 2226 261 2280; x_wconf 80' lang='grc' dir='ltr'>ιι.</span> <span class='ocrx_word' id='word_1_283' title='bbox 284 2227 449 2292; x_wconf 80' lang='lat' dir='ltr'><strong>Quare</strong></span> <span class='ocrx_word' id='word_1_284' title='bbox 480 2240 620 2295; x_wconf 85' lang='lat' dir='ltr'><strong>ergo</strong></span> <span class='ocrx_word' id='word_1_285' title='bbox 651 2236 708 2280; x_wconf 91' lang='lat' dir='ltr'><strong>tu</strong></span> <span class='ocrx_word' id='word_1_286' title='bbox 740 2242 849 2280; x_wconf 84' lang='lat' dir='ltr'><strong>tam</strong></span> <span class='ocrx_word' id='word_1_287' title='bbox 881 2226 1116 2296; x_wconf 86' lang='lat' dir='ltr'><strong>sapiens,</strong></span> <span class='ocrx_word' id='word_1_288' title='bbox 1149 2222 1397 2281; x_wconf 87' lang='lat' dir='ltr'><strong>nimirum</strong></span> <span class='ocrx_word' id='word_1_289' title='bbox 1431 2228 1581 2293; x_wconf 77' lang='lat' dir='ltr'><strong>cujus</strong></span> <span class='ocrx_word' id='word_1_290' title='bbox 1603 2227 1717 2282; x_wconf 86' lang='lat' dir='ltr'><strong>cla-</strong></span> 
     </span>
    </p>
   </div>
   <div class='ocr_carea' id='block_1_27' title="bbox 157 2317 1713 2387">
    <p class='ocr_par' dir='ltr' id='par_1_27' title="bbox 157 2317 1713 2387">
     <span class='ocr_line' id='line_1_27' title="bbox 157 2317 1713 2387; baseline -0.001 -15"><span class='ocrx_word' id='word_1_291' title='bbox 157 2319 326 2373; x_wconf 79' lang='lat' dir='ltr'><strong>rissima</strong></span> <span class='ocrx_word' id='word_1_292' title='bbox 366 2334 461 2387; x_wconf 88' lang='lat' dir='ltr'><strong>per</strong></span> <span class='ocrx_word' id='word_1_293' title='bbox 487 2319 718 2383; x_wconf 87' lang='lat' dir='ltr'><strong>orbem,</strong></span> <span class='ocrx_word' id='word_1_294' title='bbox 760 2326 823 2372; x_wconf 90' lang='lat' dir='ltr'><strong>ut</strong></span> <span class='ocrx_word' id='word_1_295' title='bbox 851 2317 1148 2387; x_wconf 87' lang='lat' dir='ltr'><strong>antiquitus</strong></span> <span class='ocrx_word' id='word_1_296' title='bbox 1167 2357 1181 2380; x_wconf 95' lang='lat'><strong>,</strong></span> <span class='ocrx_word' id='word_1_297' title='bbox 1206 2319 1348 2371; x_wconf 80' lang='lat' dir='ltr'><strong>sacri</strong></span> <span class='ocrx_word' id='word_1_298' title='bbox 1378 2318 1577 2386; x_wconf 77' lang='lat' dir='ltr'><strong>Ingenii</strong></span> <span class='ocrx_word' id='word_1_299' title='bbox 1606 2318 1713 2370; x_wconf 90' lang='lat' dir='ltr'><strong>dil—</strong></span> 
     </span>
    </p>
   </div>
   <div class='ocr_carea' id='block_1_28' title="bbox 158 2396 1712 2474">
    <p class='ocr_par' dir='ltr' id='par_1_28' title="bbox 158 2396 1712 2474">
     <span class='ocr_line' id='line_1_28' title="bbox 158 2396 1712 2474; baseline 0 -13"><span class='ocrx_word' id='word_1_300' title='bbox 158 2412 248 2463; x_wconf 81' lang='lat' dir='ltr'><strong>lusa</strong></span> <span class='ocrx_word' id='word_1_301' title='bbox 291 2419 407 2462; x_wconf 86' lang='lat' dir='ltr'><strong>sunt</strong></span> <span class='ocrx_word' id='word_1_302' title='bbox 450 2408 657 2462; x_wconf 89' lang='lat' dir='ltr'><strong>lumina</strong></span> <span class='ocrx_word' id='word_1_303' title='bbox 686 2449 701 2474; x_wconf 92' lang='lat'><strong>,</strong></span> <span class='ocrx_word' id='word_1_304' title='bbox 740 2396 973 2462; x_wconf 68' lang='lat' dir='ltr'><strong>Pascha&quot;</strong></span> <span class='ocrx_word' id='word_1_305' title='bbox 990 2409 1336 2462; x_wconf 84' lang='lat' dir='ltr'><strong>tenebrosum</strong></span> <span class='ocrx_word' id='word_1_306' title='bbox 1384 2408 1558 2462; x_wconf 87' lang='lat' dir='ltr'><strong>colis?</strong></span> <span class='ocrx_word' id='word_1_307' title='bbox 1614 2406 1712 2461; x_wconf 72' lang='lat' dir='ltr'><strong>lli-</strong></span> 
     </span>
    </p>
   </div>
   <div class='ocr_carea' id='block_1_29' title="bbox 158 2488 1716 2566">
    <p class='ocr_par' dir='ltr' id='par_1_29' title="bbox 158 2488 1716 2566">
     <span class='ocr_line' id='line_1_29' title="bbox 158 2488 1716 2566; baseline -0.001 -15"><span class='ocrx_word' id='word_1_308' title='bbox 158 2511 244 2562; x_wconf 86' lang='lat' dir='ltr'><strong>ror.</strong></span> <span class='ocrx_word' id='word_1_309' title='bbox 271 2488 447 2563; x_wconf 76' lang='lat' dir='ltr'><strong>lateor,</strong></span> <span class='ocrx_word' id='word_1_310' title='bbox 473 2512 500 2549; x_wconf 90' lang='lat' dir='ltr'><strong>a</strong></span> <span class='ocrx_word' id='word_1_311' title='bbox 535 2505 596 2552; x_wconf 89' lang='lat' dir='ltr'><strong>te</strong></span> <span class='ocrx_word' id='word_1_312' title='bbox 637 2497 783 2552; x_wconf 89' lang='lat' dir='ltr'><strong>hunc</strong></span> <span class='ocrx_word' id='word_1_313' title='bbox 815 2493 999 2551; x_wconf 79' lang='lat' dir='ltr'><strong>Gallia:</strong></span> <span class='ocrx_word' id='word_1_314' title='bbox 1042 2512 1312 2560; x_wconf 84' lang='lat' dir='ltr'><strong>errorem,</strong></span> <span class='ocrx_word' id='word_1_315' title='bbox 1341 2512 1406 2552; x_wconf 86' lang='lat' dir='ltr'><strong>ac</strong></span> <span class='ocrx_word' id='word_1_316' title='bbox 1432 2497 1474 2550; x_wconf 92' lang='lat' dir='ltr'><strong>si</strong></span> <span class='ocrx_word' id='word_1_317' title='bbox 1508 2497 1716 2566; x_wconf 80' lang='lat' dir='ltr'><strong>Schyn-</strong></span> 
     </span>
    </p>
   </div>
   <div class='ocr_carea' id='block_1_30' title="bbox 161 2586 1716 2657">
    <p class='ocr_par' dir='ltr' id='par_1_30' title="bbox 161 2586 1716 2657">
     <span class='ocr_line' id='line_1_30' title="bbox 161 2586 1716 2657; baseline 0.001 -16"><span class='ocrx_word' id='word_1_318' title='bbox 161 2597 375 2654; x_wconf 80' lang='lat' dir='ltr'><strong>teucum,</strong></span> <span class='ocrx_word' id='word_1_319' title='bbox 426 2588 540 2657; x_wconf 87' lang='lat' dir='ltr'><strong>jam</strong></span> <span class='ocrx_word' id='word_1_320' title='bbox 615 2588 707 2641; x_wconf 88' lang='lat' dir='ltr'><strong>diu</strong></span> <span class='ocrx_word' id='word_1_321' title='bbox 763 2604 870 2642; x_wconf 91' lang='lat' dir='ltr'><strong>non</strong></span> <span class='ocrx_word' id='word_1_322' title='bbox 923 2586 1087 2643; x_wconf 83' lang='lat' dir='ltr'><strong>fuisse</strong></span> <span class='ocrx_word' id='word_1_323' title='bbox 1140 2604 1361 2654; x_wconf 88' lang='lat' dir='ltr'><strong>rasum;</strong></span> <span class='ocrx_word' id='word_1_324' title='bbox 1432 2589 1531 2642; x_wconf 82' lang='lat' dir='ltr'><strong>nisi</strong></span> <span class='ocrx_word' id='word_1_325' title='bbox 1578 2587 1716 2643; x_wconf 77' lang='lat' dir='ltr'><strong>forte</strong></span> 
     </span>
    </p>
   </div>
   <div class='ocr_carea' id='block_1_31' title="bbox 159 2679 1718 2755">
    <p class='ocr_par' dir='ltr' id='par_1_31' title="bbox 159 2679 1718 2755">
     <span class='ocr_line' id='line_1_31' title="bbox 159 2679 1718 2755; baseline 0.006 -21"><span class='ocrx_word' id='word_1_326' title='bbox 159 2689 333 2755; x_wconf 70' lang='grc' dir='ltr'>ρυιθιιι,</span> <span class='ocrx_word' id='word_1_327' title='bbox 360 2681 502 2752; x_wconf 76' lang='lat' dir='ltr'><strong>quod</strong></span> <span class='ocrx_word' id='word_1_328' title='bbox 552 2679 647 2733; x_wconf 80' lang='lat' dir='ltr'><strong>vix</strong></span> <span class='ocrx_word' id='word_1_329' title='bbox 695 2680 918 2736; x_wconf 88' lang='lat' dir='ltr'><strong>credere</strong></span> <span class='ocrx_word' id='word_1_330' title='bbox 960 2696 1203 2751; x_wconf 72' lang='lat' dir='ltr'><strong>possunt,</strong></span> <span class='ocrx_word' id='word_1_331' title='bbox 1250 2683 1376 2737; x_wconf 90' lang='lat' dir='ltr'><strong>dum</strong></span> <span class='ocrx_word' id='word_1_332' title='bbox 1419 2698 1543 2739; x_wconf 90' lang='lat' dir='ltr'><strong>eum</strong></span> <span class='ocrx_word' id='word_1_333' title='bbox 1590 2699 1718 2743; x_wconf 82' lang='lat' dir='ltr'><strong>con-</strong></span> 
     </span>
    </p>
   </div>
   <div class='ocr_carea' id='block_1_32' title="bbox 159 2772 1716 2845">
    <p class='ocr_par' dir='ltr' id='par_1_32' title="bbox 159 2772 1716 2845">
     <span class='ocr_line' id='line_1_32' title="bbox 159 2772 1716 2845; baseline 0.004 -17"><span class='ocrx_word' id='word_1_334' title='bbox 159 2783 309 2828; x_wconf 84' lang='lat' dir='ltr'><strong>stata</strong></span> <span class='ocrx_word' id='word_1_335' title='bbox 356 2782 405 2827; x_wconf 90' lang='lat' dir='ltr'><strong>te</strong></span> <span class='ocrx_word' id='word_1_336' title='bbox 459 2789 570 2828; x_wconf 88' lang='lat' dir='ltr'><strong>non</strong></span> <span class='ocrx_word' id='word_1_337' title='bbox 634 2772 799 2829; x_wconf 79' lang='lat' dir='ltr'><strong>fuisse</strong></span> <span class='ocrx_word' id='word_1_338' title='bbox 846 2774 1228 2842; x_wconf 89' lang='lat' dir='ltr'><strong>emendatum,</strong></span> <span class='ocrx_word' id='word_1_339' title='bbox 1286 2776 1429 2845; x_wconf 89' lang='lat' dir='ltr'><strong>apud</strong></span> <span class='ocrx_word' id='word_1_340' title='bbox 1488 2787 1541 2833; x_wconf 91' lang='lat' dir='ltr'><strong>te</strong></span> <span class='ocrx_word' id='word_1_341' title='bbox 1594 2794 1716 2835; x_wconf 89' lang='lat' dir='ltr'><strong>esse</strong></span> 
     </span>
    </p>
   </div>
   <div class='ocr_carea' id='block_1_33' title="bbox 161 2863 1714 2934">
    <p class='ocr_par' dir='ltr' id='par_1_33' title="bbox 161 2863 1714 2934">
     <span class='ocr_line' id='line_1_33' title="bbox 161 2863 1714 2934; baseline 0.007 -18"><span class='ocrx_word' id='word_1_342' title='bbox 161 2864 421 2934; x_wconf 76' lang='lat' dir='ltr'><strong>probatum.</strong></span> <span class='ocrx_word' id='word_1_343' title='bbox 477 2863 658 2918; x_wconf 78' lang='lat' dir='ltr'><strong>Aliter</strong></span> <span class='ocrx_word' id='word_1_344' title='bbox 720 2873 899 2919; x_wconf 85' lang='lat' dir='ltr'><strong>tamen</strong></span> <span class='ocrx_word' id='word_1_345' title='bbox 962 2874 1017 2919; x_wconf 90' lang='lat' dir='ltr'><strong>et</strong></span> <span class='ocrx_word' id='word_1_346' title='bbox 1069 2866 1349 2921; x_wconf 90' lang='lat' dir='ltr'><strong>honestius</strong></span> <span class='ocrx_word' id='word_1_347' title='bbox 1405 2876 1497 2923; x_wconf 89' lang='lat' dir='ltr'><strong>tua</strong></span> <span class='ocrx_word' id='word_1_348' title='bbox 1547 2886 1714 2927; x_wconf 86' lang='lat' dir='ltr'><strong>excu-</strong></span> 
     </span>
    </p>
   </div>
   <div class='ocr_carea' id='block_1_34' title="bbox 160 2954 1718 3026">
    <p class='ocr_par' dir='ltr' id='par_1_34' title="bbox 160 2954 1718 3026">
     <span class='ocr_line' id='line_1_34' title="bbox 160 2954 1718 3026; baseline 0.006 -17"><span class='ocrx_word' id='word_1_349' title='bbox 160 2958 245 3010; x_wconf 79' lang='lat' dir='ltr'><strong>sari</strong></span> <span class='ocrx_word' id='word_1_350' title='bbox 272 2966 431 3024; x_wconf 85' lang='lat' dir='ltr'><strong>potest</strong></span> <span class='ocrx_word' id='word_1_351' title='bbox 460 2956 686 3026; x_wconf 89' lang='lat' dir='ltr'><strong>peritia,</strong></span> <span class='ocrx_word' id='word_1_352' title='bbox 735 2956 862 3011; x_wconf 89' lang='lat' dir='ltr'><strong>dum</strong></span> <span class='ocrx_word' id='word_1_353' title='bbox 912 2954 1052 3011; x_wconf 82' lang='lat' dir='ltr'><strong>forte</strong></span> <span class='ocrx_word' id='word_1_354' title='bbox 1101 2966 1284 3014; x_wconf 85' lang='lat' dir='ltr'><strong>notam</strong></span> <span class='ocrx_word' id='word_1_355' title='bbox 1328 2961 1509 3017; x_wconf 87' lang='lat' dir='ltr'><strong>subire</strong></span> <span class='ocrx_word' id='word_1_356' title='bbox 1560 2972 1718 3019; x_wconf 89' lang='lat' dir='ltr'><strong>tmes</strong></span> 
     </span>
    </p>
   </div>
   <div class='ocr_carea' id='block_1_35' title="bbox 161 3041 1711 3123">
    <p class='ocr_par' dir='ltr' id='par_1_35' title="bbox 161 3041 1711 3123">
     <span class='ocr_line' id='line_1_35' title="bbox 161 3041 1711 3123; baseline 0.01 -29"><span class='ocrx_word' id='word_1_357' title='bbox 161 3041 310 3112; x_wconf 74' lang='lat' dir='ltr'><strong>[Forte</strong></span> <span class='ocrx_word' id='word_1_358' title='bbox 331 3044 538 3117; x_wconf 86' lang='lat' dir='ltr'><strong>timens]</strong></span> <span class='ocrx_word' id='word_1_359' title='bbox 565 3044 969 3115; x_wconf 72' lang='lat' dir='ltr'><strong>llermagoriczn</strong></span> <span class='ocrx_word' id='word_1_360' title='bbox 993 3048 1263 3115; x_wconf 74' lang='lat' dir='ltr'><strong>novitatis,</strong></span> <span class='ocrx_word' id='word_1_361' title='bbox 1289 3060 1711 3123; x_wconf 75' lang='lat' dir='ltr'><strong>antecessorum,</strong></span> 
     </span>
    </p>
   </div>
   <div class='ocr_carea' id='block_1_36' title="bbox 163 3132 1709 3203">
    <p class='ocr_par' dir='ltr' id='par_1_36' title="bbox 163 3132 1709 3203">
     <span class='ocr_line' id='line_1_36' title="bbox 163 3132 1709 3203; baseline 0.01 -20"><span class='ocrx_word' id='word_1_362' title='bbox 163 3142 203 3183; x_wconf 82' lang='lat' dir='ltr'><strong>et</strong></span> <span class='ocrx_word' id='word_1_363' title='bbox 237 3134 448 3187; x_wconf 78' lang='lat' dir='ltr'><strong>maxime</strong></span> <span class='ocrx_word' id='word_1_364' title='bbox 490 3148 655 3203; x_wconf 64' lang='lat' dir='ltr'><strong>papa:</strong></span> <span class='ocrx_word' id='word_1_365' title='bbox 706 3132 902 3188; x_wconf 84' lang='lat' dir='ltr'><strong>Leonis</strong></span> <span class='ocrx_word' id='word_1_366' title='bbox 935 3140 1259 3193; x_wconf 84' lang='lat' dir='ltr'><strong>auctoritate</strong></span> <span class='ocrx_word' id='word_1_367' title='bbox 1298 3150 1587 3197; x_wconf 84' lang='lat' dir='ltr'><strong>contentus</strong></span> <span class='ocrx_word' id='word_1_368' title='bbox 1635 3160 1709 3200; x_wconf 55' lang='lat' dir='ltr'><strong>es.</strong></span> 
     </span>
    </p>
   </div>
   <div class='ocr_carea' id='block_1_37' title="bbox 1819 1926 3348 2004">
    <p class='ocr_par' dir='ltr' id='par_1_37' title="bbox 1819 1926 3348 2004">
     <span class='ocr_line' id='line_1_37' title="bbox 1819 1926 3348 2004; baseline 0.007 -26"><span class='ocrx_word' id='word_1_369' title='bbox 1819 1926 2037 1996; x_wconf 76' lang='lat' dir='ltr'><strong>adjicias</strong></span> <span class='ocrx_word' id='word_1_370' title='bbox 2065 1927 2135 1980; x_wconf 84' lang='lat' dir='ltr'><strong>ad</strong></span> <span class='ocrx_word' id='word_1_371' title='bbox 2162 1927 2314 1994; x_wconf 79' lang='lat' dir='ltr'><strong>illud,</strong></span> <span class='ocrx_word' id='word_1_372' title='bbox 2345 1943 2506 1997; x_wconf 84' lang='lat' dir='ltr'><strong>neque</strong></span> <span class='ocrx_word' id='word_1_373' title='bbox 2533 1929 2743 1997; x_wconf 71' lang='lat' dir='ltr'><strong>auferas</strong></span> <span class='ocrx_word' id='word_1_374' title='bbox 2772 1929 2835 1983; x_wconf 87' lang='lat' dir='ltr'><strong>ab</strong></span> <span class='ocrx_word' id='word_1_375' title='bbox 2866 1947 2924 1983; x_wconf 86' lang='lat' dir='ltr'><strong>eo</strong></span> <span class='ocrx_word' id='word_1_376' title='bbox 2956 1930 3135 2002; x_wconf 80' lang='lat' dir='ltr'><strong>(Deut.</strong></span> <span class='ocrx_word' id='word_1_377' title='bbox 3165 1949 3238 1998; x_wconf 80' lang='lat' dir='ltr'><strong>tv,</strong></span> <span class='ocrx_word' id='word_1_378' title='bbox 3269 1935 3348 2004; x_wconf 73' lang='grc'><strong>2).</strong></span> 
     </span>
    </p>
   </div>
   <div class='ocr_carea' id='block_1_38' title="bbox 1888 2017 3411 2091">
    <p class='ocr_par' dir='ltr' id='par_1_38' title="bbox 1888 2017 3411 2091">
     <span class='ocr_line' id='line_1_38' title="bbox 1888 2017 3411 2091; baseline 0.007 -20"><span class='ocrx_word' id='word_1_379' title='bbox 1888 2017 1972 2071; x_wconf 85' lang='lat' dir='ltr'><strong>Ill.</strong></span> <span class='ocrx_word' id='word_1_380' title='bbox 1998 2018 2103 2073; x_wconf 88' lang='lat' dir='ltr'><strong>Sed</strong></span> <span class='ocrx_word' id='word_1_381' title='bbox 2134 2017 2247 2075; x_wconf 76' lang='lat' dir='ltr'><strong>lucc</strong></span> <span class='ocrx_word' id='word_1_382' title='bbox 2276 2020 2445 2088; x_wconf 85' lang='lat' dir='ltr'><strong>magis</strong></span> <span class='ocrx_word' id='word_1_383' title='bbox 2466 2020 2768 2088; x_wconf 83' lang='lat' dir='ltr'><strong>procaciter</strong></span> <span class='ocrx_word' id='word_1_384' title='bbox 2788 2037 2950 2091; x_wconf 87' lang='lat' dir='ltr'><strong>quam</strong></span> <span class='ocrx_word' id='word_1_385' title='bbox 2981 2023 3255 2081; x_wconf 85' lang='lat' dir='ltr'><strong>humiliter</strong></span> <span class='ocrx_word' id='word_1_386' title='bbox 3276 2027 3411 2082; x_wconf 75' lang='lat' dir='ltr'><strong>scri-</strong></span> 
     </span>
    </p>
   </div>
   <div class='ocr_carea' id='block_1_39' title="bbox 1817 2110 3396 2182">
    <p class='ocr_par' dir='ltr' id='par_1_39' title="bbox 1817 2110 3396 2182">
     <span class='ocr_line' id='line_1_39' title="bbox 1817 2110 3396 2182; baseline 0.006 -18"><span class='ocrx_word' id='word_1_387' title='bbox 1817 2110 1969 2173; x_wconf 76' lang='lat' dir='ltr'><strong>bens,</strong></span> <span class='ocrx_word' id='word_1_388' title='bbox 2011 2111 2121 2165; x_wconf 87' lang='lat' dir='ltr'><strong>scio</strong></span> <span class='ocrx_word' id='word_1_389' title='bbox 2152 2111 2385 2180; x_wconf 90' lang='lat' dir='ltr'><strong>turipum</strong></span> <span class='ocrx_word' id='word_1_390' title='bbox 2426 2114 2857 2182; x_wconf 67' lang='lat' dir='ltr'><strong>praesumptionis</strong></span> <span class='ocrx_word' id='word_1_391' title='bbox 2894 2114 3222 2172; x_wconf 74' lang='lat' dir='ltr'><strong>difﬁcillima:</strong></span> <span class='ocrx_word' id='word_1_392' title='bbox 3264 2119 3396 2173; x_wconf 85' lang='lat' dir='ltr'><strong>mihi</strong></span> 
     </span>
    </p>
   </div>
   <div class='ocr_carea' id='block_1_40' title="bbox 1818 2201 3403 2281">
    <p class='ocr_par' dir='ltr' id='par_1_40' title="bbox 1818 2201 3403 2281">
     <span class='ocr_line' id='line_1_40' title="bbox 1818 2201 3403 2281; baseline 0.005 -27"><span class='ocrx_word' id='word_1_393' title='bbox 1818 2201 2051 2268; x_wconf 78' lang='lat' dir='ltr'><strong>nexisse,</strong></span> <span class='ocrx_word' id='word_1_394' title='bbox 2082 2201 2475 2271; x_wconf 86' lang='lat' dir='ltr'><strong>enavigandum</strong></span> <span class='ocrx_word' id='word_1_395' title='bbox 2517 2201 2634 2257; x_wconf 81' lang='lat' dir='ltr'><strong>fore</strong></span> <span class='ocrx_word' id='word_1_396' title='bbox 2658 2203 2838 2271; x_wconf 78' lang='lat' dir='ltr'><strong>irogus</strong></span> <span class='ocrx_word' id='word_1_397' title='bbox 2883 2204 3070 2277; x_wconf 74' lang='lat' dir='ltr'><strong>[Forte</strong></span> <span class='ocrx_word' id='word_1_398' title='bbox 3103 2208 3403 2281; x_wconf 82' lang='lat' dir='ltr'><strong>ignorans].</strong></span> 
     </span>
    </p>
   </div>
   <div class='ocr_carea' id='block_1_41' title="bbox 1817 2289 3410 2369">
    <p class='ocr_par' dir='ltr' id='par_1_41' title="bbox 1817 2289 3410 2369">
     <span class='ocr_line' id='line_1_41' title="bbox 1817 2289 3410 2369; baseline 0.007 -25"><span class='ocrx_word' id='word_1_399' title='bbox 1817 2289 1928 2345; x_wconf 84' lang='lat' dir='ltr'><strong>Nec</strong></span> <span class='ocrx_word' id='word_1_400' title='bbox 1970 2290 2077 2345; x_wconf 89' lang='lat' dir='ltr'><strong>loci</strong></span> <span class='ocrx_word' id='word_1_401' title='bbox 2124 2306 2378 2363; x_wconf 80' lang='lat' dir='ltr'><strong>namque,</strong></span> <span class='ocrx_word' id='word_1_402' title='bbox 2429 2307 2529 2347; x_wconf 90' lang='lat' dir='ltr'><strong>nec</strong></span> <span class='ocrx_word' id='word_1_403' title='bbox 2572 2294 2777 2349; x_wconf 82' lang='lat' dir='ltr'><strong>ordinis</strong></span> <span class='ocrx_word' id='word_1_404' title='bbox 2821 2305 2925 2361; x_wconf 90' lang='lat' dir='ltr'><strong>est,</strong></span> <span class='ocrx_word' id='word_1_405' title='bbox 2971 2306 3029 2352; x_wconf 89' lang='lat' dir='ltr'><strong>ut</strong></span> <span class='ocrx_word' id='word_1_406' title='bbox 3069 2314 3276 2369; x_wconf 68' lang='lat' dir='ltr'><strong>magna:</strong></span> <span class='ocrx_word' id='word_1_407' title='bbox 3307 2309 3410 2355; x_wconf 76' lang='lat' dir='ltr'><strong>tum</strong></span> 
     </span>
    </p>
   </div>
   <div class='ocr_carea' id='block_1_42' title="bbox 1817 2381 3412 2460">
    <p class='ocr_par' dir='ltr' id='par_1_42' title="bbox 1817 2381 3412 2460">
     <span class='ocr_line' id='line_1_42' title="bbox 1817 2381 3412 2460; baseline 0.008 -26"><span class='ocrx_word' id='word_1_408' title='bbox 1817 2381 2124 2435; x_wconf 88' lang='lat' dir='ltr'><strong>auctoritati</strong></span> <span class='ocrx_word' id='word_1_409' title='bbox 2172 2381 2374 2451; x_wconf 88' lang='lat' dir='ltr'><strong>aliquid</strong></span> <span class='ocrx_word' id='word_1_410' title='bbox 2423 2385 2579 2451; x_wconf 89' lang='lat' dir='ltr'><strong>quasi</strong></span> <span class='ocrx_word' id='word_1_411' title='bbox 2629 2385 2967 2443; x_wconf 88' lang='lat' dir='ltr'><strong>discutiendo</strong></span> <span class='ocrx_word' id='word_1_412' title='bbox 3008 2390 3308 2460; x_wconf 84' lang='lat' dir='ltr'><strong>inrogetur,</strong></span> <span class='ocrx_word' id='word_1_413' title='bbox 3357 2400 3412 2448; x_wconf 85' lang='lat' dir='ltr'><strong>et</strong></span> 
     </span>
    </p>
   </div>
   <div class='ocr_carea' id='block_1_43' title="bbox 1816 2470 3409 2552">
    <p class='ocr_par' dir='ltr' id='par_1_43' title="bbox 1816 2470 3409 2552">
     <span class='ocr_line' id='line_1_43' title="bbox 1816 2470 3409 2552; baseline 0.006 -28"><span class='ocrx_word' id='word_1_414' title='bbox 1816 2470 2103 2527; x_wconf 90' lang='lat' dir='ltr'><strong>ridiculose</strong></span> <span class='ocrx_word' id='word_1_415' title='bbox 2158 2480 2222 2529; x_wconf 74' lang='lat' dir='ltr'><strong>to</strong></span> <span class='ocrx_word' id='word_1_416' title='bbox 2256 2474 2360 2528; x_wconf 90' lang='lat' dir='ltr'><strong>mei</strong></span> <span class='ocrx_word' id='word_1_417' title='bbox 2399 2474 2672 2543; x_wconf 88' lang='lat' dir='ltr'><strong>(nimirum</strong></span> <span class='ocrx_word' id='word_1_418' title='bbox 2722 2478 2863 2533; x_wconf 78' lang='lat' dir='ltr'><strong>Petri</strong></span> <span class='ocrx_word' id='word_1_419' title='bbox 2907 2479 3220 2535; x_wconf 81' lang='lat' dir='ltr'><strong>cathedram</strong></span> <span class='ocrx_word' id='word_1_420' title='bbox 3270 2496 3409 2552; x_wconf 82' lang='lat' dir='ltr'><strong>apo-</strong></span> 
     </span>
    </p>
   </div>
   <div class='ocr_carea' id='block_1_44' title="bbox 1816 2563 3407 2643">
    <p class='ocr_par' dir='ltr' id='par_1_44' title="bbox 1816 2563 3407 2643">
     <span class='ocr_line' id='line_1_44' title="bbox 1816 2563 3407 2643; baseline 0.008 -25"><span class='ocrx_word' id='word_1_421' title='bbox 1816 2563 1941 2619; x_wconf 87' lang='lat' dir='ltr'><strong>stoli</strong></span> <span class='ocrx_word' id='word_1_422' title='bbox 1964 2572 2019 2618; x_wconf 88' lang='lat' dir='ltr'><strong>et</strong></span> <span class='ocrx_word' id='word_1_423' title='bbox 2046 2564 2375 2643; x_wconf 76' lang='lat' dir='ltr'><strong>clavicularii</strong></span> <span class='ocrx_word' id='word_1_424' title='bbox 2406 2566 2646 2634; x_wconf 75' lang='lat' dir='ltr'><strong>legitime</strong></span> <span class='ocrx_word' id='word_1_425' title='bbox 2672 2568 3013 2643; x_wconf 88' lang='lat' dir='ltr'><strong>insidentem)</strong></span> <span class='ocrx_word' id='word_1_426' title='bbox 3030 2570 3407 2630; x_wconf 82' lang='lat' dir='ltr'><strong>Occidentales</strong></span> 
     </span>
    </p>
   </div>
   <div class='ocr_carea' id='block_1_45' title="bbox 1818 2655 3411 2725">
    <p class='ocr_par' dir='ltr' id='par_1_45' title="bbox 1818 2655 3411 2725">
     <span class='ocr_line' id='line_1_45' title="bbox 1818 2655 3411 2725; baseline 0.009 -16"><span class='ocrx_word' id='word_1_427' title='bbox 1818 2656 1996 2725; x_wconf 72' lang='lat' dir='ltr'><strong>apices</strong></span> <span class='ocrx_word' id='word_1_428' title='bbox 2025 2656 2092 2712; x_wconf 90' lang='lat' dir='ltr'><strong>de</strong></span> <span class='ocrx_word' id='word_1_429' title='bbox 2123 2655 2329 2713; x_wconf 81' lang='lat' dir='ltr'><strong>Pascha</strong></span> <span class='ocrx_word' id='word_1_430' title='bbox 2356 2657 2670 2715; x_wconf 85' lang='lat' dir='ltr'><strong>sollicitent.</strong></span> <span class='ocrx_word' id='word_1_431' title='bbox 2704 2661 2810 2715; x_wconf 90' lang='lat' dir='ltr'><strong>Sed</strong></span> <span class='ocrx_word' id='word_1_432' title='bbox 2841 2669 2898 2717; x_wconf 90' lang='lat' dir='ltr'><strong>tu</strong></span> <span class='ocrx_word' id='word_1_433' title='bbox 2931 2679 3037 2720; x_wconf 92' lang='lat' dir='ltr'><strong>non</strong></span> <span class='ocrx_word' id='word_1_434' title='bbox 3071 2674 3179 2720; x_wconf 90' lang='lat' dir='ltr'><strong>tam</strong></span> <span class='ocrx_word' id='word_1_435' title='bbox 3209 2681 3296 2722; x_wconf 91' lang='lat' dir='ltr'><strong>me</strong></span> <span class='ocrx_word' id='word_1_436' title='bbox 3324 2666 3411 2722; x_wconf 83' lang='lat' dir='ltr'><strong>vi-</strong></span> 
     </span>
    </p>
   </div>
   <div class='ocr_carea' id='block_1_46' title="bbox 1818 2743 3410 2822">
    <p class='ocr_par' dir='ltr' id='par_1_46' title="bbox 1818 2743 3410 2822">
     <span class='ocr_line' id='line_1_46' title="bbox 1818 2743 3410 2822; baseline 0.009 -24"><span class='ocrx_word' id='word_1_437' title='bbox 1818 2743 1924 2799; x_wconf 89' lang='lat' dir='ltr'><strong>lem</strong></span> <span class='ocrx_word' id='word_1_438' title='bbox 1949 2747 2000 2800; x_wconf 90' lang='lat' dir='ltr'><strong>in</strong></span> <span class='ocrx_word' id='word_1_439' title='bbox 2034 2746 2137 2801; x_wconf 88' lang='lat' dir='ltr'><strong>hac</strong></span> <span class='ocrx_word' id='word_1_440' title='bbox 2164 2761 2243 2815; x_wconf 91' lang='lat' dir='ltr'><strong>re,</strong></span> <span class='ocrx_word' id='word_1_441' title='bbox 2266 2762 2430 2817; x_wconf 90' lang='lat' dir='ltr'><strong>quam</strong></span> <span class='ocrx_word' id='word_1_442' title='bbox 2462 2749 2663 2804; x_wconf 91' lang='lat' dir='ltr'><strong>multos</strong></span> <span class='ocrx_word' id='word_1_443' title='bbox 2683 2759 2739 2805; x_wconf 90' lang='lat' dir='ltr'><strong>et</strong></span> <span class='ocrx_word' id='word_1_444' title='bbox 2762 2750 3044 2810; x_wconf 78' lang='lat' dir='ltr'><strong>defunctos</strong></span> <span class='ocrx_word' id='word_1_445' title='bbox 3065 2763 3123 2809; x_wconf 90' lang='lat' dir='ltr'><strong>et</strong></span> <span class='ocrx_word' id='word_1_446' title='bbox 3148 2756 3410 2822; x_wconf 84' lang='lat' dir='ltr'><strong>viventes,</strong></span> 
     </span>
    </p>
   </div>
   <div class='ocr_carea' id='block_1_47' title="bbox 1818 2834 3410 2912">
    <p class='ocr_par' dir='ltr' id='par_1_47' title="bbox 1818 2834 3410 2912">
     <span class='ocr_line' id='line_1_47' title="bbox 1818 2834 3410 2912; baseline 0.012 -26"><span class='ocrx_word' id='word_1_447' title='bbox 1818 2834 1934 2889; x_wconf 71' lang='lat' dir='ltr'><strong>hmc</strong></span> <span class='ocrx_word' id='word_1_448' title='bbox 1964 2834 2151 2889; x_wconf 89' lang='lat' dir='ltr'><strong>eadem</strong></span> <span class='ocrx_word' id='word_1_449' title='bbox 2178 2850 2302 2904; x_wconf 76' lang='lat' dir='ltr'><strong>qua:</strong></span> <span class='ocrx_word' id='word_1_450' title='bbox 2346 2838 2550 2902; x_wconf 85' lang='lat' dir='ltr'><strong>notavi,</strong></span> <span class='ocrx_word' id='word_1_451' title='bbox 2583 2838 2862 2896; x_wconf 88' lang='lat' dir='ltr'><strong>llrmantes</strong></span> <span class='ocrx_word' id='word_1_452' title='bbox 2893 2843 3196 2912; x_wconf 80' lang='lat' dir='ltr'><strong>magistro=,</strong></span> <span class='ocrx_word' id='word_1_453' title='bbox 3226 2846 3410 2905; x_wconf 78' lang='lat' dir='ltr'><strong>consi-</strong></span> 
     </span>
    </p>
   </div>
   <div class='ocr_carea' id='block_1_48' title="bbox 1819 2922 3411 3005">
    <p class='ocr_par' dir='ltr' id='par_1_48' title="bbox 1819 2922 3411 3005">
     <span class='ocr_line' id='line_1_48' title="bbox 1819 2922 3411 3005; baseline 0.009 -28"><span class='ocrx_word' id='word_1_454' title='bbox 1819 2922 2012 2978; x_wconf 88' lang='lat' dir='ltr'><strong>derare</strong></span> <span class='ocrx_word' id='word_1_455' title='bbox 2031 2922 2217 2991; x_wconf 73' lang='lat' dir='ltr'><strong>debes,</strong></span> <span class='ocrx_word' id='word_1_456' title='bbox 2247 2933 2303 2981; x_wconf 88' lang='lat' dir='ltr'><strong>et</strong></span> <span class='ocrx_word' id='word_1_457' title='bbox 2322 2927 2476 2996; x_wconf 84' lang='lat' dir='ltr'><strong>quasi</strong></span> <span class='ocrx_word' id='word_1_458' title='bbox 2500 2943 2623 2983; x_wconf 88' lang='lat' dir='ltr'><strong>cum</strong></span> <span class='ocrx_word' id='word_1_459' title='bbox 2652 2930 2730 2986; x_wconf 86' lang='lat' dir='ltr'><strong>eis</strong></span> <span class='ocrx_word' id='word_1_460' title='bbox 2761 2940 2811 2986; x_wconf 91' lang='lat' dir='ltr'><strong>te</strong></span> <span class='ocrx_word' id='word_1_461' title='bbox 2841 2932 3055 2989; x_wconf 83' lang='lat' dir='ltr'><strong>trahere</strong></span> <span class='ocrx_word' id='word_1_462' title='bbox 3083 2935 3411 3005; x_wconf 87' lang='lat' dir='ltr'><strong>colloquium</strong></span> 
     </span>
    </p>
   </div>
   <div class='ocr_carea' id='block_1_49' title="bbox 1821 3012 3412 3101">
    <p class='ocr_par' dir='ltr' id='par_1_49' title="bbox 1821 3012 3412 3101">
     <span class='ocr_line' id='line_1_49' title="bbox 1821 3012 3412 3101; baseline 0.011 -33"><span class='ocrx_word' id='word_1_463' title='bbox 1821 3012 1983 3068; x_wconf 73' lang='lat' dir='ltr'><strong>Crede</strong></span> <span class='ocrx_word' id='word_1_464' title='bbox 2017 3030 2031 3066; x_wconf 91' lang='lat'><strong>:</strong></span> <span class='ocrx_word' id='word_1_465' title='bbox 2063 3015 2151 3083; x_wconf 90' lang='lat' dir='ltr'><strong>pie</strong></span> <span class='ocrx_word' id='word_1_466' title='bbox 2179 3031 2413 3086; x_wconf 87' lang='lat' dir='ltr'><strong>namque</strong></span> <span class='ocrx_word' id='word_1_467' title='bbox 2442 3034 2550 3084; x_wconf 88' lang='lat' dir='ltr'><strong>me,</strong></span> <span class='ocrx_word' id='word_1_468' title='bbox 2592 3022 2732 3077; x_wconf 86' lang='lat' dir='ltr'><strong>scito</strong></span> <span class='ocrx_word' id='word_1_469' title='bbox 2763 3022 2886 3078; x_wconf 88' lang='lat' dir='ltr'><strong>licet</strong></span> <span class='ocrx_word' id='word_1_470' title='bbox 2927 3025 3196 3081; x_wconf 86' lang='lat' dir='ltr'><strong>saltuatim</strong></span> <span class='ocrx_word' id='word_1_471' title='bbox 3226 3038 3280 3083; x_wconf 90' lang='lat' dir='ltr'><strong>et</strong></span> <span class='ocrx_word' id='word_1_472' title='bbox 3311 3030 3412 3101; x_wconf 79' lang='lat' dir='ltr'><strong>hy-</strong></span> 
     </span>
    </p>
   </div>
   <div class='ocr_carea' id='block_1_50' title="bbox 1822 3099 3414 3184">
    <p class='ocr_par' dir='ltr' id='par_1_50' title="bbox 1822 3099 3414 3184">
     <span class='ocr_line' id='line_1_50' title="bbox 1822 3099 3414 3184; baseline 0.012 -30"><span class='ocrx_word' id='word_1_473' title='bbox 1822 3099 2117 3169; x_wconf 86' lang='lat' dir='ltr'><strong>perbolice,</strong></span> <span class='ocrx_word' id='word_1_474' title='bbox 2172 3103 2437 3159; x_wconf 67' lang='lat' dir='ltr'><strong>chFlosum</strong></span> <span class='ocrx_word' id='word_1_475' title='bbox 2487 3122 2550 3162; x_wconf 84' lang='lat' dir='ltr'><strong>os</strong></span> <span class='ocrx_word' id='word_1_476' title='bbox 2591 3109 2822 3178; x_wconf 85' lang='lat' dir='ltr'><strong>aperire.</strong></span> <span class='ocrx_word' id='word_1_477' title='bbox 2868 3111 3042 3167; x_wconf 89' lang='lat' dir='ltr'><strong>Tuum</strong></span> <span class='ocrx_word' id='word_1_478' title='bbox 3094 3115 3274 3184; x_wconf 86' lang='lat' dir='ltr'><strong>itaque</strong></span> <span class='ocrx_word' id='word_1_479' title='bbox 3320 3099 3414 3173; x_wconf 84' lang='lat' dir='ltr'><strong>aut</strong></span> 
     </span>
    </p>
   </div>
   <div class='ocr_carea' id='block_1_51' title="bbox 164 3194 3414 3294">
    <p class='ocr_par' dir='ltr' id='par_1_51' title="bbox 164 3194 3414 3294">
     <span class='ocr_line' id='line_1_51' title="bbox 164 3194 3414 3294; baseline 0.011 -21"><span class='ocrx_word' id='word_1_480' title='bbox 164 3219 259 3274; x_wconf 70' lang='lat' dir='ltr'><strong>Noli</strong></span> <span class='ocrx_word' id='word_1_481' title='bbox 285 3230 348 3282; x_wconf 86' lang='lat' dir='ltr'><strong>te.</strong></span> <span class='ocrx_word' id='word_1_482' title='bbox 376 3194 587 3289; x_wconf 63' lang='lat' dir='ltr'><strong>(lutoso:</strong></span> <span class='ocrx_word' id='word_1_483' title='bbox 632 3223 685 3276; x_wconf 88' lang='lat' dir='ltr'><strong>in</strong></span> <span class='ocrx_word' id='word_1_484' title='bbox 727 3223 818 3278; x_wconf 88' lang='lat' dir='ltr'><strong>tali</strong></span> <span class='ocrx_word' id='word_1_485' title='bbox 847 3226 1147 3294; x_wconf 70' lang='lat' dir='ltr'><strong>Quazstione</strong></span> <span class='ocrx_word' id='word_1_486' title='bbox 1176 3228 1463 3285; x_wconf 87' lang='lat' dir='ltr'><strong>humilitati</strong></span> <span class='ocrx_word' id='word_1_487' title='bbox 1507 3241 1714 3290; x_wconf 89' lang='lat' dir='ltr'><strong>tantum</strong></span> <span class='ocrx_word' id='word_1_488' title='bbox 1744 3204 1791 3268; x_wconf 64' lang='grc' dir='ltr'>Ο</span> <span class='ocrx_word' id='word_1_489' title='bbox 1823 3207 2019 3294; x_wconf 40' lang='lat' dir='ltr'><strong>“cf!”</strong></span> <span class='ocrx_word' id='word_1_490' title='bbox 2045 3202 2142 3294; x_wconf 67' lang='lat' dir='ltr'><strong>.am</strong></span> <span class='ocrx_word' id='word_1_491' title='bbox 2180 3194 2376 3251; x_wconf 64' lang='lat' dir='ltr'><strong>damna</strong></span> <span class='ocrx_word' id='word_1_492' title='bbox 2411 3197 2728 3294; x_wconf 44' lang='lat' dir='ltr'><strong>vmwnqm’</strong></span> <span class='ocrx_word' id='word_1_493' title='bbox 2759 3217 2936 3257; x_wconf 55' lang='lat' dir='ltr'><strong>me“</strong></span> <span class='ocrx_word' id='word_1_494' title='bbox 2964 3219 3007 3259; x_wconf 60' lang='lat' dir='ltr'>SI</span> <span class='ocrx_word' id='word_1_495' title='bbox 3038 3205 3188 3260; x_wconf 68' lang='lat' dir='ltr'><strong>mum</strong></span> <span class='ocrx_word' id='word_1_496' title='bbox 3229 3207 3414 3264; x_wconf 53' lang='lat' dir='ltr'><strong>lauda-</strong></span> 
     </span>
    </p>
   </div>
   <div class='ocr_carea' id='block_1_52' title="bbox 166 3302 1723 3389">
    <p class='ocr_par' dir='ltr' id='par_1_52' title="bbox 166 3302 1723 3389">
     <span class='ocr_line' id='line_1_52' title="bbox 166 3302 1723 3389; baseline 0.012 -26"><span class='ocrx_word' id='word_1_497' title='bbox 166 3320 240 3365; x_wconf 85' lang='lat' dir='ltr'><strong>aut</strong></span> <span class='ocrx_word' id='word_1_498' title='bbox 274 3302 508 3378; x_wconf 71' lang='lat' dir='ltr'><strong>gravitati</strong></span> <span class='ocrx_word' id='word_1_499' title='bbox 558 3316 811 3383; x_wconf 83' lang='lat' dir='ltr'><strong>credere,</strong></span> <span class='ocrx_word' id='word_1_500' title='bbox 854 3330 973 3384; x_wconf 80' lang='lat' dir='ltr'><strong>qua:</strong></span> <span class='ocrx_word' id='word_1_501' title='bbox 1016 3334 1159 3389; x_wconf 72' lang='lat' dir='ltr'><strong>stupe</strong></span> <span class='ocrx_word' id='word_1_502' title='bbox 1208 3320 1482 3377; x_wconf 81' lang='lat' dir='ltr'><strong>falluntur.</strong></span> <span class='ocrx_word' id='word_1_503' title='bbox 1532 3324 1723 3381; x_wconf 81' lang='lat' dir='ltr'><strong>Melior</strong></span> 
     </span>
    </p>
   </div>
   <div class='ocr_carea' id='block_1_53' title="bbox 166 3400 1720 3479">
    <p class='ocr_par' dir='ltr' id='par_1_53' title="bbox 166 3400 1720 3479">
     <span class='ocr_line' id='line_1_53' title="bbox 166 3400 1720 3479; baseline 0.012 -24"><span class='ocrx_word' id='word_1_504' title='bbox 166 3400 278 3456; x_wconf 77' lang='lat' dir='ltr'><strong>forte</strong></span> <span class='ocrx_word' id='word_1_505' title='bbox 316 3414 386 3457; x_wconf 79' lang='lat' dir='ltr'><strong>est</strong></span> <span class='ocrx_word' id='word_1_506' title='bbox 430 3421 582 3460; x_wconf 73' lang='lat' dir='ltr'><strong>canis</strong></span> <span class='ocrx_word' id='word_1_507' title='bbox 638 3422 777 3461; x_wconf 75' lang='lat' dir='ltr'><strong>vivus</strong></span> <span class='ocrx_word' id='word_1_508' title='bbox 834 3424 888 3462; x_wconf 81' lang='lat' dir='ltr'><strong>tn</strong></span> <span class='ocrx_word' id='word_1_509' title='bbox 943 3410 1279 3479; x_wconf 89' lang='lat' dir='ltr'><strong>problemate</strong></span> <span class='ocrx_word' id='word_1_510' title='bbox 1322 3413 1469 3469; x_wconf 81' lang='lat' dir='ltr'><strong>leone</strong></span> <span class='ocrx_word' id='word_1_511' title='bbox 1516 3429 1720 3475; x_wconf 82' lang='lat' dir='ltr'><strong>mortuo</strong></span> 
     </span>
    </p>
   </div>
   <div class='ocr_carea' id='block_1_54' title="bbox 166 3490 1724 3579">
    <p class='ocr_par' dir='ltr' id='par_1_54' title="bbox 166 3490 1724 3579">
     <span class='ocr_line' id='line_1_54' title="bbox 166 3490 1724 3579; baseline 0.013 -33"><span class='ocrx_word' id='word_1_512' title='bbox 166 3490 327 3562; x_wconf 80' lang='lat' dir='ltr'><strong>(Eccle.</strong></span> <span class='ocrx_word' id='word_1_513' title='bbox 354 3509 424 3559; x_wconf 76' lang='lat' dir='ltr'><strong>ix,</strong></span> <span class='ocrx_word' id='word_1_514' title='bbox 450 3496 527 3563; x_wconf 68' lang='grc'><strong>4).</strong></span> <span class='ocrx_word' id='word_1_515' title='bbox 577 3495 746 3553; x_wconf 69' lang='grc' dir='ltr'><strong>γίγας</strong></span> <span class='ocrx_word' id='word_1_516' title='bbox 790 3514 1024 3570; x_wconf 88' lang='lat' dir='ltr'><strong>namque</strong></span> <span class='ocrx_word' id='word_1_517' title='bbox 1052 3512 1272 3561; x_wconf 86' lang='lat' dir='ltr'><strong>sanctus</strong></span> <span class='ocrx_word' id='word_1_518' title='bbox 1309 3509 1600 3564; x_wconf 85' lang='lat' dir='ltr'><strong>emendare</strong></span> <span class='ocrx_word' id='word_1_519' title='bbox 1626 3526 1724 3579; x_wconf 87' lang='lat' dir='ltr'><strong>po-</strong></span> 
     </span>
    </p>
   </div>
   <div class='ocr_carea' id='block_1_55' title="bbox 165 3585 1716 3657">
    <p class='ocr_par' dir='ltr' id='par_1_55' title="bbox 165 3585 1716 3657">
     <span class='ocr_line' id='line_1_55' title="bbox 165 3585 1716 3657; baseline 0.014 -23"><span class='ocrx_word' id='word_1_520' title='bbox 165 3589 267 3644; x_wconf 82' lang='lat' dir='ltr'><strong>test,</strong></span> <span class='ocrx_word' id='word_1_521' title='bbox 308 3598 416 3652; x_wconf 78' lang='lat' dir='ltr'><strong>qua:</strong></span> <span class='ocrx_word' id='word_1_522' title='bbox 456 3585 526 3638; x_wconf 88' lang='lat' dir='ltr'><strong>ab</strong></span> <span class='ocrx_word' id='word_1_523' title='bbox 556 3586 743 3641; x_wconf 88' lang='lat' dir='ltr'><strong>altero</strong></span> <span class='ocrx_word' id='word_1_524' title='bbox 790 3589 997 3657; x_wconf 83' lang='lat' dir='ltr'><strong>majore</strong></span> <span class='ocrx_word' id='word_1_525' title='bbox 1038 3592 1326 3649; x_wconf 87' lang='lat' dir='ltr'><strong>emendata</strong></span> <span class='ocrx_word' id='word_1_526' title='bbox 1358 3612 1467 3651; x_wconf 88' lang='lat' dir='ltr'><strong>non</strong></span> <span class='ocrx_word' id='word_1_527' title='bbox 1499 3601 1716 3655; x_wconf 89' lang='lat' dir='ltr'><strong>luerint.</strong></span> 
     </span>
    </p>
   </div>
   <div class='ocr_carea' id='block_1_56' title="bbox 166 3674 1722 3753">
    <p class='ocr_par' dir='ltr' id='par_1_56' title="bbox 166 3674 1722 3753">
     <span class='ocr_line' id='line_1_56' title="bbox 166 3674 1722 3753; baseline 0.012 -23"><span class='ocrx_word' id='word_1_528' title='bbox 166 3674 290 3732; x_wconf 79' lang='lat' dir='ltr'><strong>Sciat</strong></span> <span class='ocrx_word' id='word_1_529' title='bbox 327 3693 556 3748; x_wconf 86' lang='lat' dir='ltr'><strong>namque</strong></span> <span class='ocrx_word' id='word_1_530' title='bbox 612 3683 811 3737; x_wconf 87' lang='lat' dir='ltr'><strong>nostris</strong></span> <span class='ocrx_word' id='word_1_531' title='bbox 853 3685 1121 3753; x_wconf 76' lang='lat' dir='ltr'><strong>magistris</strong></span> <span class='ocrx_word' id='word_1_532' title='bbox 1164 3695 1219 3742; x_wconf 89' lang='lat' dir='ltr'><strong>et</strong></span> <span class='ocrx_word' id='word_1_533' title='bbox 1248 3687 1550 3747; x_wconf 85' lang='lat' dir='ltr'><strong>Hibemieis</strong></span> <span class='ocrx_word' id='word_1_534' title='bbox 1579 3695 1722 3749; x_wconf 85' lang='lat' dir='ltr'><strong>anti-</strong></span> 
     </span>
    </p>
   </div>
   <div class='ocr_carea' id='block_1_57' title="bbox 166 3766 1722 3850">
    <p class='ocr_par' dir='ltr' id='par_1_57' title="bbox 166 3766 1722 3850">
     <span class='ocr_line' id='line_1_57' title="bbox 166 3766 1722 3850; baseline 0.012 -32"><span class='ocrx_word' id='word_1_535' title='bbox 166 3766 277 3833; x_wconf 93' lang='lat' dir='ltr'><strong>quis,</strong></span> <span class='ocrx_word' id='word_1_536' title='bbox 306 3768 641 3839; x_wconf 77' lang='lat' dir='ltr'><strong>philosOpbis</strong></span> <span class='ocrx_word' id='word_1_537' title='bbox 687 3778 742 3825; x_wconf 89' lang='lat' dir='ltr'><strong>et</strong></span> <span class='ocrx_word' id='word_1_538' title='bbox 771 3773 1181 3843; x_wconf 89' lang='lat' dir='ltr'><strong>sapientissimis</strong></span> <span class='ocrx_word' id='word_1_539' title='bbox 1211 3783 1575 3850; x_wconf 89' lang='lat' dir='ltr'><strong>componendi</strong></span> <span class='ocrx_word' id='word_1_540' title='bbox 1604 3786 1722 3839; x_wconf 85' lang='lat' dir='ltr'><strong>cal-</strong></span> 
     </span>
    </p>
   </div>
   <div class='ocr_carea' id='block_1_58' title="bbox 168 3857 1723 3941">
    <p class='ocr_par' dir='ltr' id='par_1_58' title="bbox 168 3857 1723 3941">
     <span class='ocr_line' id='line_1_58' title="bbox 168 3857 1723 3941; baseline 0.013 -31"><span class='ocrx_word' id='word_1_541' title='bbox 168 3857 249 3911; x_wconf 85' lang='lat' dir='ltr'><strong>culi</strong></span> <span class='ocrx_word' id='word_1_542' title='bbox 267 3861 632 3929; x_wconf 72' lang='lat' dir='ltr'><strong>coiiiputariis,</strong></span> <span class='ocrx_word' id='word_1_543' title='bbox 650 3860 945 3920; x_wconf 79' lang='lat' dir='ltr'><strong>Victortum</strong></span> <span class='ocrx_word' id='word_1_544' title='bbox 976 3880 1083 3922; x_wconf 93' lang='lat' dir='ltr'><strong>non</strong></span> <span class='ocrx_word' id='word_1_545' title='bbox 1108 3866 1272 3924; x_wconf 82' lang='lat' dir='ltr'><strong>fuisse</strong></span> <span class='ocrx_word' id='word_1_546' title='bbox 1303 3882 1601 3941; x_wconf 88' lang='lat' dir='ltr'><strong>receptum,</strong></span> <span class='ocrx_word' id='word_1_547' title='bbox 1628 3868 1723 3930; x_wconf 86' lang='lat' dir='ltr'><strong>sed</strong></span> 
     </span>
    </p>
   </div>
   <div class='ocr_carea' id='block_1_59' title="bbox 168 3949 1720 4029">
    <p class='ocr_par' dir='ltr' id='par_1_59' title="bbox 168 3949 1720 4029">
     <span class='ocr_line' id='line_1_59' title="bbox 168 3949 1720 4029; baseline 0.013 -30"><span class='ocrx_word' id='word_1_548' title='bbox 168 3949 304 4016; x_wconf 81' lang='lat' dir='ltr'><strong>magis</strong></span> <span class='ocrx_word' id='word_1_549' title='bbox 350 3950 458 4005; x_wconf 87' lang='lat' dir='ltr'><strong>risu</strong></span> <span class='ocrx_word' id='word_1_550' title='bbox 505 3950 599 4006; x_wconf 87' lang='lat' dir='ltr'><strong>vel</strong></span> <span class='ocrx_word' id='word_1_551' title='bbox 646 3953 807 4009; x_wconf 82' lang='lat' dir='ltr'><strong>venia</strong></span> <span class='ocrx_word' id='word_1_552' title='bbox 854 3954 1071 4023; x_wconf 88' lang='lat' dir='ltr'><strong>dignum</strong></span> <span class='ocrx_word' id='word_1_553' title='bbox 1098 4000 1114 4025; x_wconf 92' lang='lat'><strong>,</strong></span> <span class='ocrx_word' id='word_1_554' title='bbox 1162 3974 1325 4029; x_wconf 88' lang='lat' dir='ltr'><strong>quam</strong></span> <span class='ocrx_word' id='word_1_555' title='bbox 1377 3964 1720 4020; x_wconf 87' lang='lat' dir='ltr'><strong>auctoritate.</strong></span> 
     </span>
    </p>
   </div>
   <div class='ocr_carea' id='block_1_60' title="bbox 168 4037 1723 4124">
    <p class='ocr_par' dir='ltr' id='par_1_60' title="bbox 168 4037 1723 4124">
     <span class='ocr_line' id='line_1_60' title="bbox 168 4037 1723 4124; baseline 0.013 -30"><span class='ocrx_word' id='word_1_556' title='bbox 168 4037 337 4096; x_wconf 79' lang='lat' dir='ltr'><strong>idcirco</strong></span> <span class='ocrx_word' id='word_1_557' title='bbox 374 4042 505 4097; x_wconf 85' lang='lat' dir='ltr'><strong>mihi</strong></span> <span class='ocrx_word' id='word_1_558' title='bbox 538 4044 757 4111; x_wconf 87' lang='lat' dir='ltr'><strong>timido,</strong></span> <span class='ocrx_word' id='word_1_559' title='bbox 808 4049 1095 4116; x_wconf 84' lang='lat' dir='ltr'><strong>peregrino</strong></span> <span class='ocrx_word' id='word_1_560' title='bbox 1124 4051 1316 4121; x_wconf 82' lang='lat' dir='ltr'><strong>magis,</strong></span> <span class='ocrx_word' id='word_1_561' title='bbox 1345 4068 1508 4122; x_wconf 88' lang='lat' dir='ltr'><strong>quam</strong></span> <span class='ocrx_word' id='word_1_562' title='bbox 1530 4057 1723 4124; x_wconf 91' lang='lat' dir='ltr'><strong>sciolo,</strong></span> 
     </span>
    </p>
   </div>
   <div class='ocr_carea' id='block_1_61' title="bbox 168 4133 1721 4220">
    <p class='ocr_par' dir='ltr' id='par_1_61' title="bbox 168 4133 1721 4220">
     <span class='ocr_line' id='line_1_61' title="bbox 168 4133 1721 4220; baseline 0.014 -37"><span class='ocrx_word' id='word_1_563' title='bbox 168 4142 250 4186; x_wconf 75' lang='lat' dir='ltr'><strong>tua:</strong></span> <span class='ocrx_word' id='word_1_564' title='bbox 266 4133 417 4203; x_wconf 75' lang='lat' dir='ltr'><strong>dirige</strong></span> <span class='ocrx_word' id='word_1_565' title='bbox 442 4135 680 4191; x_wconf 77' lang='lat' dir='ltr'><strong>fulcrum</strong></span> <span class='ocrx_word' id='word_1_566' title='bbox 696 4140 996 4207; x_wconf 66' lang='lat' dir='ltr'><strong>sententiae,</strong></span> <span class='ocrx_word' id='word_1_567' title='bbox 1020 4151 1075 4197; x_wconf 88' lang='lat' dir='ltr'><strong>et</strong></span> <span class='ocrx_word' id='word_1_568' title='bbox 1094 4152 1301 4201; x_wconf 88' lang='lat' dir='ltr'><strong>mature</strong></span> <span class='ocrx_word' id='word_1_569' title='bbox 1328 4145 1455 4216; x_wconf 76' lang='lat' dir='ltr'><strong>ms.</strong></span> <span class='ocrx_word' id='word_1_570' title='bbox 1488 4149 1721 4220; x_wconf 83' lang='lat' dir='ltr'><strong>matura]</strong></span> 
     </span>
    </p>
   </div>
   <div class='ocr_carea' id='block_1_62' title="bbox 168 4230 1723 4308">
    <p class='ocr_par' dir='ltr' id='par_1_62' title="bbox 168 4230 1723 4308">
     <span class='ocr_line' id='line_1_62' title="bbox 168 4230 1723 4308; baseline 0.011 -29"><span class='ocrx_word' id='word_1_571' title='bbox 168 4235 381 4294; x_wconf 85' lang='lat' dir='ltr'><strong>punctum</strong></span> <span class='ocrx_word' id='word_1_572' title='bbox 411 4238 517 4283; x_wconf 71' lang='lat' dir='ltr'><strong>ture</strong></span> <span class='ocrx_word' id='word_1_573' title='bbox 560 4230 949 4301; x_wconf 85' lang='lat' dir='ltr'><strong>placabilitatis</strong></span> <span class='ocrx_word' id='word_1_574' title='bbox 989 4234 1113 4292; x_wconf 89' lang='lat' dir='ltr'><strong>huic</strong></span> <span class='ocrx_word' id='word_1_575' title='bbox 1137 4241 1445 4308; x_wconf 85' lang='lat' dir='ltr'><strong>tempestati</strong></span> <span class='ocrx_word' id='word_1_576' title='bbox 1476 4255 1577 4297; x_wconf 86' lang='lat' dir='ltr'><strong>nos</strong></span> <span class='ocrx_word' id='word_1_577' title='bbox 1617 4243 1723 4298; x_wconf 85' lang='lat' dir='ltr'><strong>cir-</strong></span> 
     </span>
    </p>
   </div>
   <div class='ocr_carea' id='block_1_63' title="bbox 166 4317 1722 4400">
    <p class='ocr_par' dir='ltr' id='par_1_63' title="bbox 166 4317 1722 4400">
     <span class='ocr_line' id='line_1_63' title="bbox 166 4317 1722 4400; baseline 0.012 -30"><span class='ocrx_word' id='word_1_578' title='bbox 166 4317 397 4374; x_wconf 72' lang='lat' dir='ltr'><strong>exundanti</strong></span> <span class='ocrx_word' id='word_1_579' title='bbox 437 4322 883 4391; x_wconf 72' lang='lat' dir='ltr'><strong>compescendze,</strong></span> <span class='ocrx_word' id='word_1_580' title='bbox 928 4327 1295 4385; x_wconf 86' lang='lat' dir='ltr'><strong>transmittere</strong></span> <span class='ocrx_word' id='word_1_581' title='bbox 1323 4345 1432 4385; x_wconf 91' lang='lat' dir='ltr'><strong>non</strong></span> <span class='ocrx_word' id='word_1_582' title='bbox 1464 4331 1722 4400; x_wconf 88' lang='lat' dir='ltr'><strong>dedigne-</strong></span> 
     </span>
    </p>
   </div>
   <div class='ocr_carea' id='block_1_64' title="bbox 167 4407 1723 4494">
    <p class='ocr_par' dir='ltr' id='par_1_64' title="bbox 167 4407 1723 4494">
     <span class='ocr_line' id='line_1_64' title="bbox 167 4407 1723 4494; baseline 0.012 -33"><span class='ocrx_word' id='word_1_583' title='bbox 167 4407 259 4472; x_wconf 85' lang='lat' dir='ltr'><strong>ris;</strong></span> <span class='ocrx_word' id='word_1_584' title='bbox 293 4410 408 4478; x_wconf 87' lang='lat' dir='ltr'><strong>quia</strong></span> <span class='ocrx_word' id='word_1_585' title='bbox 456 4428 569 4467; x_wconf 90' lang='lat' dir='ltr'><strong>non</strong></span> <span class='ocrx_word' id='word_1_586' title='bbox 623 4412 753 4468; x_wconf 88' lang='lat' dir='ltr'><strong>mihi</strong></span> <span class='ocrx_word' id='word_1_587' title='bbox 783 4415 1043 4471; x_wconf 77' lang='lat' dir='ltr'><strong>satisiacit</strong></span> <span class='ocrx_word' id='word_1_588' title='bbox 1072 4427 1195 4487; x_wconf 88' lang='lat' dir='ltr'><strong>post</strong></span> <span class='ocrx_word' id='word_1_589' title='bbox 1239 4427 1422 4475; x_wconf 86' lang='lat' dir='ltr'><strong>tantos</strong></span> <span class='ocrx_word' id='word_1_590' title='bbox 1450 4435 1590 4489; x_wconf 86' lang='lat' dir='ltr'><strong>quos</strong></span> <span class='ocrx_word' id='word_1_591' title='bbox 1618 4423 1723 4494; x_wconf 80' lang='lat' dir='ltr'><strong>legi</strong></span> 
     </span>
    </p>
   </div>
   <div class='ocr_carea' id='block_1_65' title="bbox 166 4505 1715 4582">
    <p class='ocr_par' dir='ltr' id='par_1_65' title="bbox 166 4505 1715 4582">
     <span class='ocr_line' id='line_1_65' title="bbox 166 4505 1715 4582; baseline 0.01 -26"><span class='ocrx_word' id='word_1_592' title='bbox 166 4509 394 4567; x_wconf 72' lang='lat' dir='ltr'><strong>auctores,</strong></span> <span class='ocrx_word' id='word_1_593' title='bbox 416 4519 526 4559; x_wconf 85' lang='lat' dir='ltr'><strong>una</strong></span> <span class='ocrx_word' id='word_1_594' title='bbox 558 4505 795 4560; x_wconf 84' lang='lat' dir='ltr'><strong>istorum</strong></span> <span class='ocrx_word' id='word_1_595' title='bbox 822 4509 1087 4564; x_wconf 87' lang='lat' dir='ltr'><strong>sententia</strong></span> <span class='ocrx_word' id='word_1_596' title='bbox 1117 4511 1493 4582; x_wconf 83' lang='lat' dir='ltr'><strong>episcoporum</strong></span> <span class='ocrx_word' id='word_1_597' title='bbox 1524 4515 1715 4570; x_wconf 87' lang='lat' dir='ltr'><strong>dicen-</strong></span> 
     </span>
    </p>
   </div>
   <div class='ocr_carea' id='block_1_66' title="bbox 166 4586 1803 4673">
    <p class='ocr_par' dir='ltr' id='par_1_66' title="bbox 166 4586 1803 4673">
     <span class='ocr_line' id='line_1_66' title="bbox 166 4586 1803 4673; baseline 0.015 -32"><span class='ocrx_word' id='word_1_598' title='bbox 166 4590 270 4644; x_wconf 81' lang='lat' dir='ltr'><strong>tium</strong></span> <span class='ocrx_word' id='word_1_599' title='bbox 294 4600 491 4649; x_wconf 87' lang='lat' dir='ltr'><strong>tantum</strong></span> <span class='ocrx_word' id='word_1_600' title='bbox 523 4613 539 4648; x_wconf 86' lang='lat'><strong>:</strong></span> <span class='ocrx_word' id='word_1_601' title='bbox 572 4594 709 4650; x_wconf 80' lang='lat' dir='ltr'><strong>Cum</strong></span> <span class='ocrx_word' id='word_1_602' title='bbox 734 4598 933 4654; x_wconf 67' lang='lat' dir='ltr'><strong>luditis</strong></span> <span class='ocrx_word' id='word_1_603' title='bbox 964 4599 1170 4657; x_wconf 75' lang='lat' dir='ltr'><strong>Pascha</strong></span> <span class='ocrx_word' id='word_1_604' title='bbox 1187 4613 1221 4641; x_wconf 80' lang='grc' dir='ltr'><strong>ἰ</strong></span> <span class='ocrx_word' id='word_1_605' title='bbox 1251 4612 1424 4673; x_wconf 73' lang='lat' dir='ltr'><strong>[acere</strong></span> <span class='ocrx_word' id='word_1_606' title='bbox 1443 4624 1545 4663; x_wconf 84' lang='lat' dir='ltr'><strong>non</strong></span> <span class='ocrx_word' id='word_1_607' title='bbox 1568 4609 1723 4664; x_wconf 83' lang='lat' dir='ltr'><strong>debe-</strong></span> <span class='ocrx_word' id='word_1_608' title='bbox 1749 4586 1803 4646; x_wconf 78' lang='lat' dir='ltr'><strong>D</strong></span> 
     </span>
    </p>
   </div>
   <div class='ocr_carea' id='block_1_67' title="bbox 164 4682 1722 4765">
    <p class='ocr_par' dir='ltr' id='par_1_67' title="bbox 164 4682 1722 4765">
     <span class='ocr_line' id='line_1_67' title="bbox 164 4682 1722 4765; baseline 0.013 -30"><span class='ocrx_word' id='word_1_609' title='bbox 164 4694 273 4736; x_wconf 75' lang='lat' dir='ltr'><strong>In.</strong></span> <span class='ocrx_word' id='word_1_610' title='bbox 299 4682 434 4738; x_wconf 84' lang='lat' dir='ltr'><strong>Dixit</strong></span> <span class='ocrx_word' id='word_1_611' title='bbox 458 4685 568 4741; x_wconf 89' lang='lat' dir='ltr'><strong>hoc</strong></span> <span class='ocrx_word' id='word_1_612' title='bbox 598 4686 728 4742; x_wconf 90' lang='lat' dir='ltr'><strong>olim</strong></span> <span class='ocrx_word' id='word_1_613' title='bbox 766 4698 823 4744; x_wconf 89' lang='lat' dir='ltr'><strong>et</strong></span> <span class='ocrx_word' id='word_1_614' title='bbox 860 4688 1035 4747; x_wconf 80' lang='lat' dir='ltr'><strong>Victor</strong></span> <span class='ocrx_word' id='word_1_615' title='bbox 1066 4694 1391 4765; x_wconf 86' lang='lat' dir='ltr'><strong>episcopus;</strong></span> <span class='ocrx_word' id='word_1_616' title='bbox 1419 4698 1514 4753; x_wconf 90' lang='lat' dir='ltr'><strong>sed</strong></span> <span class='ocrx_word' id='word_1_617' title='bbox 1561 4715 1722 4756; x_wconf 89' lang='lat' dir='ltr'><strong>nemo</strong></span> 
     </span>
    </p>
   </div>
   <div class='ocr_carea' id='block_1_68' title="bbox 164 4764 1722 4851">
    <p class='ocr_par' dir='ltr' id='par_1_68' title="bbox 164 4764 1722 4851">
     <span class='ocr_line' id='line_1_68' title="bbox 164 4764 1722 4851; baseline 0.014 -27"><span class='ocrx_word' id='word_1_618' title='bbox 164 4764 478 4829; x_wconf 77' lang='lat' dir='ltr'><strong>Orientalium</strong></span> <span class='ocrx_word' id='word_1_619' title='bbox 503 4790 667 4831; x_wconf 87' lang='lat' dir='ltr'><strong>suum</strong></span> <span class='ocrx_word' id='word_1_620' title='bbox 698 4780 905 4851; x_wconf 88' lang='lat' dir='ltr'><strong>recepit</strong></span> <span class='ocrx_word' id='word_1_621' title='bbox 933 4764 1332 4851; x_wconf 60' lang='lat' dir='ltr'><strong>commentum;</strong></span> <span class='ocrx_word' id='word_1_622' title='bbox 1362 4787 1457 4842; x_wconf 84' lang='lat' dir='ltr'><strong>sed</strong></span> <span class='ocrx_word' id='word_1_623' title='bbox 1482 4788 1587 4844; x_wconf 89' lang='lat' dir='ltr'><strong>hoc</strong></span> <span class='ocrx_word' id='word_1_624' title='bbox 1631 4805 1722 4846; x_wconf 85' lang='lat' dir='ltr'><strong>so-</strong></span> 
     </span>
    </p>
   </div>
   <div class='ocr_carea' id='block_1_69' title="bbox 164 4867 1718 4940">
    <p class='ocr_par' dir='ltr' id='par_1_69' title="bbox 164 4867 1718 4940">
     <span class='ocr_line' id='line_1_69' title="bbox 164 4867 1718 4940; baseline 0.015 -23"><span class='ocrx_word' id='word_1_625' title='bbox 164 4877 328 4927; x_wconf 61' lang='lat' dir='ltr'><strong>porae:</strong></span> <span class='ocrx_word' id='word_1_626' title='bbox 367 4867 523 4937; x_wconf 79' lang='lat' dir='ltr'><strong>spina</strong></span> <span class='ocrx_word' id='word_1_627' title='bbox 556 4868 815 4938; x_wconf 88' lang='lat' dir='ltr'><strong>Dagonis,</strong></span> <span class='ocrx_word' id='word_1_628' title='bbox 862 4873 963 4928; x_wconf 86' lang='lat' dir='ltr'><strong>hoc</strong></span> <span class='ocrx_word' id='word_1_629' title='bbox 1003 4874 1213 4932; x_wconf 89' lang='lat' dir='ltr'><strong>imbibit</strong></span> <span class='ocrx_word' id='word_1_630' title='bbox 1258 4878 1458 4934; x_wconf 89' lang='lat' dir='ltr'><strong>hubum</strong></span> <span class='ocrx_word' id='word_1_631' title='bbox 1497 4896 1718 4940; x_wconf 77' lang='lat' dir='ltr'><strong>erroris.</strong></span> 
     </span>
    </p>
   </div>
   <div class='ocr_carea' id='block_1_70' title="bbox 165 4952 1723 5039">
    <p class='ocr_par' dir='ltr' id='par_1_70' title="bbox 165 4952 1723 5039">
     <span class='ocr_line' id='line_1_70' title="bbox 165 4952 1723 5039; baseline 0.017 -31"><span class='ocrx_word' id='word_1_632' title='bbox 165 4952 333 5022; x_wconf 77' lang='lat' dir='ltr'><strong>Qualis,</strong></span> <span class='ocrx_word' id='word_1_633' title='bbox 354 4971 505 5027; x_wconf 88' lang='lat' dir='ltr'><strong>rogo,</strong></span> <span class='ocrx_word' id='word_1_634' title='bbox 539 4959 656 5015; x_wconf 71' lang='lat' dir='ltr'><strong>haec</strong></span> <span class='ocrx_word' id='word_1_635' title='bbox 681 4961 872 5018; x_wconf 79' lang='lat' dir='ltr'><strong>frivola</strong></span> <span class='ocrx_word' id='word_1_636' title='bbox 890 4973 944 5019; x_wconf 89' lang='lat' dir='ltr'><strong>et</strong></span> <span class='ocrx_word' id='word_1_637' title='bbox 970 4973 1078 5020; x_wconf 90' lang='lat' dir='ltr'><strong>tam</strong></span> <span class='ocrx_word' id='word_1_638' title='bbox 1106 4967 1369 5039; x_wconf 89' lang='lat' dir='ltr'><strong>impolita,</strong></span> <span class='ocrx_word' id='word_1_639' title='bbox 1394 4973 1552 5032; x_wconf 90' lang='lat' dir='ltr'><strong>nullis</strong></span> <span class='ocrx_word' id='word_1_640' title='bbox 1579 4978 1723 5033; x_wconf 87' lang='lat' dir='ltr'><strong>scili-</strong></span> 
     </span>
    </p>
   </div>
   <div class='ocr_carea' id='block_1_71' title="bbox 165 5046 1720 5122">
    <p class='ocr_par' dir='ltr' id='par_1_71' title="bbox 165 5046 1720 5122">
     <span class='ocr_line' id='line_1_71' title="bbox 165 5046 1720 5122; baseline 0.015 -23"><span class='ocrx_word' id='word_1_641' title='bbox 165 5052 233 5099; x_wconf 76' lang='lat' dir='ltr'><strong>cet</strong></span> <span class='ocrx_word' id='word_1_642' title='bbox 248 5046 425 5104; x_wconf 74' lang='lat' dir='ltr'><strong>divina:</strong></span> <span class='ocrx_word' id='word_1_643' title='bbox 447 5048 751 5119; x_wconf 66' lang='lat' dir='ltr'><strong>Scriptura:</strong></span> <span class='ocrx_word' id='word_1_644' title='bbox 769 5050 898 5108; x_wconf 80' lang='lat' dir='ltr'><strong>fulta</strong></span> <span class='ocrx_word' id='word_1_645' title='bbox 922 5055 1241 5114; x_wconf 82' lang='lat' dir='ltr'><strong>testimoniis</strong></span> <span class='ocrx_word' id='word_1_646' title='bbox 1261 5064 1524 5119; x_wconf 81' lang='lat' dir='ltr'><strong>sententia</strong></span> <span class='ocrx_word' id='word_1_647' title='bbox 1553 5084 1566 5119; x_wconf 88' lang='lat'><strong>:</strong></span> <span class='ocrx_word' id='word_1_648' title='bbox 1594 5067 1720 5122; x_wconf 80' lang='lat' dir='ltr'><strong>Cum</strong></span> 
     </span>
    </p>
   </div>
   <div class='ocr_carea' id='block_1_72' title="bbox 164 5127 1718 5219">
    <p class='ocr_par' dir='ltr' id='par_1_72' title="bbox 164 5127 1718 5219">
     <span class='ocr_line' id='line_1_72' title="bbox 164 5127 1718 5219; baseline 0.016 -31"><span class='ocrx_word' id='word_1_649' title='bbox 164 5127 328 5190; x_wconf 61' lang='lat' dir='ltr'><strong>lucis</strong></span> <span class='ocrx_word' id='word_1_650' title='bbox 370 5137 586 5193; x_wconf 73' lang='lat' dir='ltr'><strong>Pascha</strong></span> <span class='ocrx_word' id='word_1_651' title='bbox 629 5142 807 5209; x_wconf 80' lang='lat' dir='ltr'><strong>facere</strong></span> <span class='ocrx_word' id='word_1_652' title='bbox 852 5160 955 5198; x_wconf 81' lang='lat' dir='ltr'><strong>non</strong></span> <span class='ocrx_word' id='word_1_653' title='bbox 1000 5147 1286 5205; x_wconf 77' lang='lat' dir='ltr'><strong>debemus?</strong></span> <span class='ocrx_word' id='word_1_654' title='bbox 1332 5151 1473 5219; x_wconf 85' lang='lat' dir='ltr'><strong>Quid</strong></span> <span class='ocrx_word' id='word_1_655' title='bbox 1514 5156 1579 5209; x_wconf 88' lang='lat' dir='ltr'><strong>ad</strong></span> <span class='ocrx_word' id='word_1_656' title='bbox 1608 5174 1718 5213; x_wconf 86' lang='lat' dir='ltr'><strong>rem</strong></span> 
     </span>
    </p>
   </div>
   <div class='ocr_carea' id='block_1_73' title="bbox 166 5223 1723 5304">
    <p class='ocr_par' dir='ltr' id='par_1_73' title="bbox 166 5223 1723 5304">
     <span class='ocr_line' id='line_1_73' title="bbox 166 5223 1723 5304; baseline 0.013 -20"><span class='ocrx_word' id='word_1_657' title='bbox 166 5223 399 5285; x_wconf 62' lang='lat' dir='ltr'><strong>Wet?</strong></span> <span class='ocrx_word' id='word_1_658' title='bbox 420 5227 685 5301; x_wconf 81' lang='lat' dir='ltr'><strong>Nunquid</strong></span> <span class='ocrx_word' id='word_1_659' title='bbox 712 5230 880 5287; x_wconf 72' lang='lat' dir='ltr'><strong>Judzei</strong></span> <span class='ocrx_word' id='word_1_660' title='bbox 906 5239 1119 5304; x_wconf 83' lang='lat' dir='ltr'><strong>reprobi</strong></span> <span class='ocrx_word' id='word_1_661' title='bbox 1150 5238 1353 5297; x_wconf 82' lang='lat' dir='ltr'><strong>Pascha</strong></span> <span class='ocrx_word' id='word_1_662' title='bbox 1396 5244 1573 5302; x_wconf 71' lang='lat' dir='ltr'><strong>lacere</strong></span> <span class='ocrx_word' id='word_1_663' title='bbox 1602 5264 1723 5304; x_wconf 91' lang='lat' dir='ltr'><strong>cre-</strong></span> 
     </span>
    </p>
   </div>
   <div class='ocr_carea' id='block_1_74' title="bbox 165 5310 1719 5401">
    <p class='ocr_par' dir='ltr' id='par_1_74' title="bbox 165 5310 1719 5401">
     <span class='ocr_line' id='line_1_74' title="bbox 165 5310 1719 5401; baseline 0.015 -30"><span class='ocrx_word' id='word_1_664' title='bbox 165 5310 295 5401; x_wconf 58' lang='grc' dir='ltr'>ρειαί</span> <span class='ocrx_word' id='word_1_665' title='bbox 314 5329 438 5374; x_wconf 69' lang='lat' dir='ltr'><strong>lunt</strong></span> <span class='ocrx_word' id='word_1_666' title='bbox 480 5337 655 5389; x_wconf 74' lang='lat' dir='ltr'><strong>omne,</strong></span> <span class='ocrx_word' id='word_1_667' title='bbox 685 5332 877 5394; x_wconf 88' lang='lat' dir='ltr'><strong>utpote</strong></span> <span class='ocrx_word' id='word_1_668' title='bbox 905 5325 1023 5381; x_wconf 87' lang='lat' dir='ltr'><strong>sine</strong></span> <span class='ocrx_word' id='word_1_669' title='bbox 1067 5330 1287 5401; x_wconf 86' lang='lat' dir='ltr'><strong>templo,</strong></span> <span class='ocrx_word' id='word_1_670' title='bbox 1318 5342 1471 5389; x_wconf 87' lang='lat' dir='ltr'><strong>extra</strong></span> <span class='ocrx_word' id='word_1_671' title='bbox 1498 5335 1719 5395; x_wconf 81' lang='lat' dir='ltr'><strong>Jerusa-</strong></span> 
     </span>
    </p>
   </div>
   <div class='ocr_carea' id='block_1_75' title="bbox 168 5398 1720 5487">
    <p class='ocr_par' dir='ltr' id='par_1_75' title="bbox 168 5398 1720 5487">
     <span class='ocr_line' id='line_1_75' title="bbox 168 5398 1720 5487; baseline 0.02 -30"><span class='ocrx_word' id='word_1_672' title='bbox 168 5398 269 5469; x_wconf 69' lang='grc' dir='ltr'><strong>Ιω,</strong></span> <span class='ocrx_word' id='word_1_673' title='bbox 287 5402 494 5466; x_wconf 78' lang='lat' dir='ltr'><strong>Christo</strong></span> <span class='ocrx_word' id='word_1_674' title='bbox 516 5421 648 5469; x_wconf 86' lang='lat' dir='ltr'><strong>tunc</strong></span> <span class='ocrx_word' id='word_1_675' title='bbox 667 5413 919 5484; x_wconf 81' lang='lat' dir='ltr'><strong>ﬁgurato,</strong></span> <span class='ocrx_word' id='word_1_676' title='bbox 942 5416 1011 5471; x_wconf 88' lang='lat' dir='ltr'><strong>ab</strong></span> <span class='ocrx_word' id='word_1_677' title='bbox 1025 5420 1090 5474; x_wconf 84' lang='lat' dir='ltr'><strong>iis</strong></span> <span class='ocrx_word' id='word_1_678' title='bbox 1109 5398 1407 5481; x_wconf 76' lang='lat' dir='ltr'><strong>crucillxo?</strong></span> <span class='ocrx_word' id='word_1_679' title='bbox 1429 5427 1536 5482; x_wconf 82' lang='lat' dir='ltr'><strong>Aut</strong></span> <span class='ocrx_word' id='word_1_680' title='bbox 1580 5447 1720 5487; x_wconf 88' lang='lat' dir='ltr'><strong>nun-</strong></span> 
     </span>
    </p>
   </div>
   <div class='ocr_carea' id='block_1_76' title="bbox 166 5492 1721 5586">
    <p class='ocr_par' dir='ltr' id='par_1_76' title="bbox 166 5492 1721 5586">
     <span class='ocr_line' id='line_1_76' title="bbox 166 5492 1721 5586; baseline 0.017 -33"><span class='ocrx_word' id='word_1_681' title='bbox 166 5492 273 5560; x_wconf 69' lang='lat' dir='ltr'><strong>quid</strong></span> <span class='ocrx_word' id='word_1_682' title='bbox 290 5497 522 5568; x_wconf 66' lang='lat' dir='ltr'><strong>ipsorum</strong></span> <span class='ocrx_word' id='word_1_683' title='bbox 549 5513 641 5559; x_wconf 74' lang='lat' dir='ltr'><strong>est</strong></span> <span class='ocrx_word' id='word_1_684' title='bbox 657 5518 808 5565; x_wconf 84' lang='lat' dir='ltr'><strong>recte</strong></span> <span class='ocrx_word' id='word_1_685' title='bbox 832 5508 1157 5567; x_wconf 85' lang='lat' dir='ltr'><strong>credendum</strong></span> <span class='ocrx_word' id='word_1_686' title='bbox 1187 5516 1311 5586; x_wconf 76' lang='lat' dir='ltr'><strong>(sic)</strong></span> <span class='ocrx_word' id='word_1_687' title='bbox 1329 5528 1409 5575; x_wconf 87' lang='lat' dir='ltr'><strong>est</strong></span> <span class='ocrx_word' id='word_1_688' title='bbox 1432 5537 1521 5575; x_wconf 77' lang='lat' dir='ltr'><strong>xiv</strong></span> <span class='ocrx_word' id='word_1_689' title='bbox 1541 5522 1568 5561; x_wconf 68' lang='grc' dir='ltr'>δ</span> <span class='ocrx_word' id='word_1_690' title='bbox 1594 5524 1721 5580; x_wconf 89' lang='lat' dir='ltr'><strong>luna</strong></span> 
     </span>
    </p>
   </div>
   <div class='ocr_carea' id='block_1_77' title="bbox 226 5624 1267 5705">
    <p class='ocr_par' dir='ltr' id='par_1_77' title="bbox 226 5624 1267 5705">
     <span class='ocr_line' id='line_1_77' title="bbox 226 5624 1267 5705; baseline 0.021 -22"><span class='ocrx_word' id='word_1_691' title='bbox 226 5624 475 5705; x_wconf 63' lang='lat' dir='ltr'><strong>fferam.</strong></span> <span class='ocrx_word' id='word_1_692' title='bbox 502 5632 673 5705; x_wconf 71' lang='lat' dir='ltr'><strong>Deest</strong></span> <span class='ocrx_word' id='word_1_693' title='bbox 697 5638 806 5698; x_wconf 85' lang='lat' dir='ltr'><strong>hoc</strong></span> <span class='ocrx_word' id='word_1_694' title='bbox 832 5645 1055 5701; x_wconf 82' lang='lat' dir='ltr'><strong>verbum</strong></span> <span class='ocrx_word' id='word_1_695' title='bbox 1084 5647 1137 5703; x_wconf 81' lang='lat' dir='ltr'><strong>in</strong></span> <span class='ocrx_word' id='word_1_696' title='bbox 1166 5646 1267 5705; x_wconf 68' lang='lat' dir='ltr'><strong>Sis.</strong></span> 
     </span>
    </p>
   </div>
   <div class='ocr_carea' id='block_1_78' title="bbox 226 5693 1718 5791">
    <p class='ocr_par' dir='ltr' id='par_1_78' title="bbox 226 5693 1718 5791">
     <span class='ocr_line' id='line_1_78' title="bbox 226 5693 1718 5791; baseline 0.031 -47"><span class='ocrx_word' id='word_1_697' title='bbox 226 5693 462 5791; x_wconf 46' lang='lat' dir='ltr'><strong>genus</strong></span> <span class='ocrx_word' id='word_1_698' title='bbox 478 5693 761 5791; x_wconf 29' lang='lat' dir='ltr'><strong>APa‘acha.&quot;</strong></span> <span class='ocrx_word' id='word_1_699' title='bbox 775 5693 957 5774; x_wconf 45' lang='lat' dir='ltr'><strong>Fort-e—</strong></span> <span class='ocrx_word' id='word_1_700' title='bbox 969 5693 1363 5791; x_wconf 53' lang='lat' dir='ltr'><strong>iiiié&#39;ﬂié/m,</strong></span> <span class='ocrx_word' id='word_1_701' title='bbox 1386 5737 1479 5784; x_wconf 91' lang='lat' dir='ltr'><strong>aut</strong></span> <span class='ocrx_word' id='word_1_702' title='bbox 1506 5732 1632 5787; x_wconf 79' lang='lat' dir='ltr'><strong>(una</strong></span> <span class='ocrx_word' id='word_1_703' title='bbox 1666 5744 1718 5790; x_wconf 82' lang='lat' dir='ltr'><strong>et</strong></span> 
     </span>
    </p>
   </div>
   <div class='ocr_carea' id='block_1_79' title="bbox 170 5760 743 5848">
    <p class='ocr_par' dir='ltr' id='par_1_79' title="bbox 170 5760 743 5848">
     <span class='ocr_line' id='line_1_79' title="bbox 170 5760 743 5848; baseline 0.009 -18"><span class='ocrx_word' id='word_1_704' title='bbox 170 5760 364 5831; x_wconf 61' lang='grc' dir='ltr'>Ραίι.</span> <span class='ocrx_word' id='word_1_705' title='bbox 390 5770 508 5831; x_wconf 75' lang='lat' dir='ltr'><strong>Non</strong></span> <span class='ocrx_word' id='word_1_706' title='bbox 536 5760 743 5848; x_wconf 71' lang='lat' dir='ltr'><strong>placet:</strong></span> 
     </span>
    </p>
   </div>
   <div class='ocr_carea' id='block_1_80' title="bbox 1825 3286 3415 3369">
    <p class='ocr_par' dir='ltr' id='par_1_80' title="bbox 1825 3286 3415 3369">
     <span class='ocr_line' id='line_1_80' title="bbox 1825 3286 3415 3369; baseline 0.011 -30"><span class='ocrx_word' id='word_1_707' title='bbox 1825 3286 1991 3349; x_wconf 83' lang='lat' dir='ltr'><strong>veris,</strong></span> <span class='ocrx_word' id='word_1_708' title='bbox 2043 3287 2187 3343; x_wconf 90' lang='lat' dir='ltr'><strong>inter</strong></span> <span class='ocrx_word' id='word_1_709' title='bbox 2236 3297 2289 3344; x_wconf 87' lang='lat' dir='ltr'><strong>te</strong></span> <span class='ocrx_word' id='word_1_710' title='bbox 2325 3300 2381 3345; x_wconf 87' lang='lat' dir='ltr'><strong>et</strong></span> <span class='ocrx_word' id='word_1_711' title='bbox 2420 3307 2581 3360; x_wconf 84' lang='lat' dir='ltr'><strong>supra</strong></span> <span class='ocrx_word' id='word_1_712' title='bbox 2614 3292 2819 3348; x_wconf 90' lang='lat' dir='ltr'><strong>dictum</strong></span> <span class='ocrx_word' id='word_1_713' title='bbox 2859 3294 3247 3369; x_wconf 75' lang='lat' dir='ltr'><strong>Hieronymum</strong></span> <span class='ocrx_word' id='word_1_714' title='bbox 3290 3301 3415 3357; x_wconf 85' lang='lat' dir='ltr'><strong>lidei</strong></span> 
     </span>
    </p>
   </div>
   <div class='ocr_carea' id='block_1_81' title="bbox 1825 3374 3415 3450">
    <p class='ocr_par' dir='ltr' id='par_1_81' title="bbox 1825 3374 3415 3450">
     <span class='ocr_line' id='line_1_81' title="bbox 1825 3374 3415 3450; baseline 0.011 -21"><span class='ocrx_word' id='word_1_715' title='bbox 1825 3374 2062 3430; x_wconf 78' lang='lat' dir='ltr'><strong>futurum</strong></span> <span class='ocrx_word' id='word_1_716' title='bbox 2094 3377 2209 3433; x_wconf 79' lang='lat' dir='ltr'><strong>fore</strong></span> <span class='ocrx_word' id='word_1_717' title='bbox 2238 3380 2537 3448; x_wconf 84' lang='lat' dir='ltr'><strong>negotium,</strong></span> <span class='ocrx_word' id='word_1_718' title='bbox 2570 3383 2660 3450; x_wconf 93' lang='lat' dir='ltr'><strong>qui</strong></span> <span class='ocrx_word' id='word_1_719' title='bbox 2690 3384 2940 3438; x_wconf 90' lang='lat' dir='ltr'><strong>nimirum</strong></span> <span class='ocrx_word' id='word_1_720' title='bbox 2969 3385 3275 3444; x_wconf 83' lang='lat' dir='ltr'><strong>Anatolium</strong></span> <span class='ocrx_word' id='word_1_721' title='bbox 3300 3391 3415 3446; x_wconf 85' lang='lat' dir='ltr'><strong>lau-</strong></span> 
     </span>
    </p>
   </div>
   <div class='ocr_carea' id='block_1_82' title="bbox 1825 3465 3417 3542">
    <p class='ocr_par' dir='ltr' id='par_1_82' title="bbox 1825 3465 3417 3542">
     <span class='ocr_line' id='line_1_82' title="bbox 1825 3465 3417 3542; baseline 0.011 -22"><span class='ocrx_word' id='word_1_722' title='bbox 1825 3465 1973 3521; x_wconf 80' lang='lat' dir='ltr'><strong>davit</strong></span> <span class='ocrx_word' id='word_1_723' title='bbox 2000 3468 2126 3523; x_wconf 89' lang='lat' dir='ltr'><strong>huic</strong></span> <span class='ocrx_word' id='word_1_724' title='bbox 2151 3470 2516 3535; x_wconf 88' lang='lat' dir='ltr'><strong>contrarium;</strong></span> <span class='ocrx_word' id='word_1_725' title='bbox 2552 3471 2624 3525; x_wconf 87' lang='lat' dir='ltr'><strong>ita</strong></span> <span class='ocrx_word' id='word_1_726' title='bbox 2655 3480 2714 3527; x_wconf 91' lang='lat' dir='ltr'><strong>ut</strong></span> <span class='ocrx_word' id='word_1_727' title='bbox 2741 3474 2833 3542; x_wconf 90' lang='lat' dir='ltr'><strong>qui</strong></span> <span class='ocrx_word' id='word_1_728' title='bbox 2865 3490 3025 3530; x_wconf 91' lang='lat' dir='ltr'><strong>unum</strong></span> <span class='ocrx_word' id='word_1_729' title='bbox 3057 3488 3273 3535; x_wconf 87' lang='lat' dir='ltr'><strong>secutus</strong></span> <span class='ocrx_word' id='word_1_730' title='bbox 3301 3480 3417 3537; x_wconf 81' lang='lat' dir='ltr'><strong>fue—</strong></span> 
     </span>
    </p>
   </div>
   <div class='ocr_carea' id='block_1_83' title="bbox 1824 3553 3414 3637">
    <p class='ocr_par' dir='ltr' id='par_1_83' title="bbox 1824 3553 3414 3637">
     <span class='ocr_line' id='line_1_83' title="bbox 1824 3553 3414 3637; baseline 0.013 -30"><span class='ocrx_word' id='word_1_731' title='bbox 1824 3553 1917 3621; x_wconf 90' lang='lat' dir='ltr'><strong>rit,</strong></span> <span class='ocrx_word' id='word_1_732' title='bbox 1948 3555 2176 3609; x_wconf 87' lang='lat' dir='ltr'><strong>alterum</strong></span> <span class='ocrx_word' id='word_1_733' title='bbox 2209 3560 2451 3628; x_wconf 85' lang='lat' dir='ltr'><strong>recipere</strong></span> <span class='ocrx_word' id='word_1_734' title='bbox 2480 3575 2589 3615; x_wconf 90' lang='lat' dir='ltr'><strong>non</strong></span> <span class='ocrx_word' id='word_1_735' title='bbox 2621 3565 2840 3631; x_wconf 85' lang='lat' dir='ltr'><strong>poterit.</strong></span> <span class='ocrx_word' id='word_1_736' title='bbox 2876 3563 2987 3619; x_wconf 89' lang='lat' dir='ltr'><strong>Tua</strong></span> <span class='ocrx_word' id='word_1_737' title='bbox 3017 3566 3198 3637; x_wconf 90' lang='lat' dir='ltr'><strong>itaque</strong></span> <span class='ocrx_word' id='word_1_738' title='bbox 3228 3572 3414 3627; x_wconf 75' lang='lat' dir='ltr'><strong>consi-</strong></span> 
     </span>
    </p>
   </div>
   <div class='ocr_carea' id='block_1_84' title="bbox 1826 3640 3415 3728">
    <p class='ocr_par' dir='ltr' id='par_1_84' title="bbox 1826 3640 3415 3728">
     <span class='ocr_line' id='line_1_84' title="bbox 1826 3640 3415 3728; baseline 0.013 -33"><span class='ocrx_word' id='word_1_739' title='bbox 1826 3640 1981 3697; x_wconf 88' lang='lat' dir='ltr'><strong>deret</strong></span> <span class='ocrx_word' id='word_1_740' title='bbox 2027 3643 2326 3712; x_wconf 77' lang='lat' dir='ltr'><strong>vigilantia,</strong></span> <span class='ocrx_word' id='word_1_741' title='bbox 2377 3648 2512 3702; x_wconf 92' lang='lat' dir='ltr'><strong>utin</strong></span> <span class='ocrx_word' id='word_1_742' title='bbox 2543 3648 2645 3712; x_wconf 76' lang='lat' dir='ltr'><strong>[ide</strong></span> <span class='ocrx_word' id='word_1_743' title='bbox 2684 3650 2914 3706; x_wconf 92' lang='lat' dir='ltr'><strong>duorum</strong></span> <span class='ocrx_word' id='word_1_744' title='bbox 2949 3664 3227 3712; x_wconf 90' lang='lat' dir='ltr'><strong>auctorum</strong></span> <span class='ocrx_word' id='word_1_745' title='bbox 3255 3674 3415 3728; x_wconf 75' lang='lat' dir='ltr'><strong>supra</strong></span> 
     </span>
    </p>
   </div>
   <div class='ocr_carea' id='block_1_85' title="bbox 1827 3734 3414 3819">
    <p class='ocr_par' dir='ltr' id='par_1_85' title="bbox 1827 3734 3414 3819">
     <span class='ocr_line' id='line_1_85' title="bbox 1827 3734 3414 3819; baseline 0.013 -31"><span class='ocrx_word' id='word_1_746' title='bbox 1827 3734 2117 3803; x_wconf 87' lang='lat' dir='ltr'><strong>dictorum,</strong></span> <span class='ocrx_word' id='word_1_747' title='bbox 2135 3737 2236 3792; x_wconf 88' lang='lat' dir='ltr'><strong>sibi</strong></span> <span class='ocrx_word' id='word_1_748' title='bbox 2261 3739 2490 3794; x_wconf 85' lang='lat' dir='ltr'><strong>invicem</strong></span> <span class='ocrx_word' id='word_1_749' title='bbox 2512 3742 3244 3819; x_wconf 88' lang='lat' dir='ltr'><strong>contrariorum,probanda,</strong></span> <span class='ocrx_word' id='word_1_750' title='bbox 3268 3753 3414 3808; x_wconf 88' lang='lat' dir='ltr'><strong>nulla</strong></span> 
     </span>
    </p>
   </div>
   <div class='ocr_carea' id='block_1_86' title="bbox 1828 3822 3412 3908">
    <p class='ocr_par' dir='ltr' id='par_1_86' title="bbox 1828 3822 3412 3908">
     <span class='ocr_line' id='line_1_86' title="bbox 1828 3822 3412 3908; baseline 0.013 -31"><span class='ocrx_word' id='word_1_751' title='bbox 1828 3822 1898 3877; x_wconf 88' lang='lat' dir='ltr'><strong>sit</strong></span> <span class='ocrx_word' id='word_1_752' title='bbox 1941 3823 2078 3877; x_wconf 89' lang='lat' dir='ltr'><strong>inter</strong></span> <span class='ocrx_word' id='word_1_753' title='bbox 2110 3831 2164 3877; x_wconf 87' lang='lat' dir='ltr'><strong>te</strong></span> <span class='ocrx_word' id='word_1_754' title='bbox 2201 3834 2256 3880; x_wconf 91' lang='lat' dir='ltr'><strong>et</strong></span> <span class='ocrx_word' id='word_1_755' title='bbox 2302 3824 2685 3899; x_wconf 77' lang='lat' dir='ltr'><strong>Hieronymum</strong></span> <span class='ocrx_word' id='word_1_756' title='bbox 2728 3831 2781 3886; x_wconf 93' lang='lat' dir='ltr'><strong>in</strong></span> <span class='ocrx_word' id='word_1_757' title='bbox 2821 3837 3087 3891; x_wconf 87' lang='lat' dir='ltr'><strong>sententia</strong></span> <span class='ocrx_word' id='word_1_758' title='bbox 3117 3842 3412 3908; x_wconf 90' lang='lat' dir='ltr'><strong>promenda</strong></span> 
     </span>
    </p>
   </div>
   <div class='ocr_carea' id='block_1_87' title="bbox 1826 3913 3408 3996">
    <p class='ocr_par' dir='ltr' id='par_1_87' title="bbox 1826 3913 3408 3996">
     <span class='ocr_line' id='line_1_87' title="bbox 1826 3913 3408 3996; baseline 0.013 -28"><span class='ocrx_word' id='word_1_759' title='bbox 1826 3913 2193 3983; x_wconf 85' lang='lat' dir='ltr'><strong>dissonantia;</strong></span> <span class='ocrx_word' id='word_1_760' title='bbox 2224 3934 2291 3973; x_wconf 90' lang='lat' dir='ltr'><strong>ne</strong></span> <span class='ocrx_word' id='word_1_761' title='bbox 2321 3920 2475 3977; x_wconf 82' lang='lat' dir='ltr'><strong>nobis</strong></span> <span class='ocrx_word' id='word_1_762' title='bbox 2502 3922 2740 3993; x_wconf 84' lang='lat' dir='ltr'><strong>um‘ique</strong></span> <span class='ocrx_word' id='word_1_763' title='bbox 2764 3926 2872 3994; x_wconf 77' lang='lat' dir='ltr'><strong>sint</strong></span> <span class='ocrx_word' id='word_1_764' title='bbox 2897 3930 3175 3996; x_wconf 76' lang='lat' dir='ltr'><strong>angustiae,</strong></span> <span class='ocrx_word' id='word_1_765' title='bbox 3219 3940 3280 3987; x_wconf 90' lang='lat' dir='ltr'><strong>ut</strong></span> <span class='ocrx_word' id='word_1_766' title='bbox 3310 3942 3408 3989; x_wconf 89' lang='lat' dir='ltr'><strong>aut</strong></span> 
     </span>
    </p>
   </div>
   <div class='ocr_carea' id='block_1_88' title="bbox 1827 4002 3415 4090">
    <p class='ocr_par' dir='ltr' id='par_1_88' title="bbox 1827 4002 3415 4090">
     <span class='ocr_line' id='line_1_88' title="bbox 1827 4002 3415 4090; baseline 0.014 -34"><span class='ocrx_word' id='word_1_767' title='bbox 1827 4002 1948 4070; x_wconf 88' lang='lat' dir='ltr'><strong>tibi,</strong></span> <span class='ocrx_word' id='word_1_768' title='bbox 1977 4013 2069 4059; x_wconf 89' lang='lat' dir='ltr'><strong>aut</strong></span> <span class='ocrx_word' id='word_1_769' title='bbox 2098 4006 2171 4061; x_wconf 89' lang='lat' dir='ltr'><strong>illi</strong></span> <span class='ocrx_word' id='word_1_770' title='bbox 2198 4011 2617 4066; x_wconf 82' lang='lat' dir='ltr'><strong>consentiamus.</strong></span> <span class='ocrx_word' id='word_1_771' title='bbox 2647 4012 2813 4069; x_wconf 85' lang='lat' dir='ltr'><strong>Parce</strong></span> <span class='ocrx_word' id='word_1_772' title='bbox 2843 4015 2895 4069; x_wconf 91' lang='lat' dir='ltr'><strong>in</strong></span> <span class='ocrx_word' id='word_1_773' title='bbox 2941 4017 3043 4072; x_wconf 91' lang='lat' dir='ltr'><strong>hoc</strong></span> <span class='ocrx_word' id='word_1_774' title='bbox 3072 4019 3318 4090; x_wconf 84' lang='lat' dir='ltr'><strong>inlirmis,</strong></span> <span class='ocrx_word' id='word_1_775' title='bbox 3346 4038 3415 4079; x_wconf 88' lang='lat' dir='ltr'><strong>ne</strong></span> 
     </span>
    </p>
   </div>
   <div class='ocr_carea' id='block_1_89' title="bbox 1828 4096 3414 4178">
    <p class='ocr_par' dir='ltr' id='par_1_89' title="bbox 1828 4096 3414 4178">
     <span class='ocr_line' id='line_1_89' title="bbox 1828 4096 3414 4178; baseline 0.011 -26"><span class='ocrx_word' id='word_1_776' title='bbox 1828 4096 2141 4155; x_wconf 86' lang='lat' dir='ltr'><strong>scandalum</strong></span> <span class='ocrx_word' id='word_1_777' title='bbox 2190 4097 2521 4157; x_wconf 84' lang='lat' dir='ltr'><strong>diversitatis</strong></span> <span class='ocrx_word' id='word_1_778' title='bbox 2568 4104 2842 4160; x_wconf 88' lang='lat' dir='ltr'><strong>ostendas.</strong></span> <span class='ocrx_word' id='word_1_779' title='bbox 2890 4106 3219 4178; x_wconf 84' lang='lat' dir='ltr'><strong>Simpliciter</strong></span> <span class='ocrx_word' id='word_1_780' title='bbox 3269 4114 3414 4169; x_wconf 88' lang='lat' dir='ltr'><strong>enim</strong></span> 
     </span>
    </p>
   </div>
   <div class='ocr_carea' id='block_1_90' title="bbox 1826 4180 3415 4275">
    <p class='ocr_par' dir='ltr' id='par_1_90' title="bbox 1826 4180 3415 4275">
     <span class='ocr_line' id='line_1_90' title="bbox 1826 4180 3415 4275; baseline 0.012 -35"><span class='ocrx_word' id='word_1_781' title='bbox 1826 4200 1928 4257; x_wconf 85' lang='lat' dir='ltr'><strong>ego</strong></span> <span class='ocrx_word' id='word_1_782' title='bbox 1994 4186 2090 4242; x_wconf 88' lang='lat' dir='ltr'><strong>tibi</strong></span> <span class='ocrx_word' id='word_1_783' title='bbox 2122 4180 2409 4256; x_wconf 81' lang='lat' dir='ltr'><strong>conﬁteor,</strong></span> <span class='ocrx_word' id='word_1_784' title='bbox 2460 4194 2604 4261; x_wconf 91' lang='lat' dir='ltr'><strong>quod</strong></span> <span class='ocrx_word' id='word_1_785' title='bbox 2644 4206 2832 4250; x_wconf 90' lang='lat' dir='ltr'><strong>contra</strong></span> <span class='ocrx_word' id='word_1_786' title='bbox 2882 4200 3055 4254; x_wconf 87' lang='lat' dir='ltr'><strong>sancti</strong></span> <span class='ocrx_word' id='word_1_787' title='bbox 3103 4199 3415 4275; x_wconf 80' lang='lat' dir='ltr'><strong>Hieronymi</strong></span> 
     </span>
    </p>
   </div>
   <div class='ocr_carea' id='block_1_91' title="bbox 1824 4279 3416 4355">
    <p class='ocr_par' dir='ltr' id='par_1_91' title="bbox 1824 4279 3416 4355">
     <span class='ocr_line' id='line_1_91' title="bbox 1824 4279 3416 4355; baseline 0.013 -24"><span class='ocrx_word' id='word_1_788' title='bbox 1824 4279 2197 4335; x_wconf 85' lang='lat' dir='ltr'><strong>auctoritatem</strong></span> <span class='ocrx_word' id='word_1_789' title='bbox 2230 4282 2470 4349; x_wconf 87' lang='lat' dir='ltr'><strong>veniens,</strong></span> <span class='ocrx_word' id='word_1_790' title='bbox 2496 4285 2638 4355; x_wconf 87' lang='lat' dir='ltr'><strong>apud</strong></span> <span class='ocrx_word' id='word_1_791' title='bbox 2658 4284 2960 4344; x_wconf 83' lang='lat' dir='ltr'><strong>Occidentis</strong></span> <span class='ocrx_word' id='word_1_792' title='bbox 2971 4291 3231 4350; x_wconf 87' lang='lat' dir='ltr'><strong>ecclesias</strong></span> <span class='ocrx_word' id='word_1_793' title='bbox 3246 4294 3416 4350; x_wconf 65' lang='lat' dir='ltr'><strong>bare-</strong></span> 
     </span>
    </p>
   </div>
   <div class='ocr_carea' id='block_1_92' title="bbox 1828 4372 3415 4453">
    <p class='ocr_par' dir='ltr' id='par_1_92' title="bbox 1828 4372 3415 4453">
     <span class='ocr_line' id='line_1_92' title="bbox 1828 4372 3415 4453; baseline 0.011 -28"><span class='ocrx_word' id='word_1_794' title='bbox 1828 4372 1967 4428; x_wconf 85' lang='lat' dir='ltr'><strong>ticus</strong></span> <span class='ocrx_word' id='word_1_795' title='bbox 1994 4388 2090 4429; x_wconf 88' lang='lat' dir='ltr'><strong>seu</strong></span> <span class='ocrx_word' id='word_1_796' title='bbox 2118 4375 2455 4444; x_wconf 88' lang='lat' dir='ltr'><strong>respuendus</strong></span> <span class='ocrx_word' id='word_1_797' title='bbox 2480 4378 2583 4433; x_wconf 89' lang='lat' dir='ltr'><strong>erit</strong></span> <span class='ocrx_word' id='word_1_798' title='bbox 2607 4396 2619 4430; x_wconf 88' lang='lat'><strong><em>:</em></strong></span> <span class='ocrx_word' id='word_1_799' title='bbox 2654 4379 2729 4434; x_wconf 90' lang='lat' dir='ltr'><strong>illi</strong></span> <span class='ocrx_word' id='word_1_800' title='bbox 2760 4382 2903 4437; x_wconf 87' lang='lat' dir='ltr'><strong>enim</strong></span> <span class='ocrx_word' id='word_1_801' title='bbox 2935 4398 3031 4453; x_wconf 88' lang='lat' dir='ltr'><strong>per</strong></span> <span class='ocrx_word' id='word_1_802' title='bbox 3052 4386 3230 4440; x_wconf 88' lang='lat' dir='ltr'><strong>omnia</strong></span> <span class='ocrx_word' id='word_1_803' title='bbox 3260 4386 3415 4443; x_wconf 88' lang='lat' dir='ltr'><strong>indu-</strong></span> 
     </span>
    </p>
   </div>
   <div class='ocr_carea' id='block_1_93' title="bbox 1826 4460 3412 4535">
    <p class='ocr_par' dir='ltr' id='par_1_93' title="bbox 1826 4460 3412 4535">
     <span class='ocr_line' id='line_1_93' title="bbox 1826 4460 3412 4535; baseline 0.013 -20"><span class='ocrx_word' id='word_1_804' title='bbox 1826 4460 2048 4516; x_wconf 85' lang='lat' dir='ltr'><strong>bitatam</strong></span> <span class='ocrx_word' id='word_1_805' title='bbox 2099 4463 2151 4517; x_wconf 91' lang='lat' dir='ltr'><strong>in</strong></span> <span class='ocrx_word' id='word_1_806' title='bbox 2198 4462 2490 4535; x_wconf 87' lang='lat' dir='ltr'><strong>Scripturis</strong></span> <span class='ocrx_word' id='word_1_807' title='bbox 2534 4468 2729 4525; x_wconf 88' lang='lat' dir='ltr'><strong>divinis</strong></span> <span class='ocrx_word' id='word_1_808' title='bbox 2772 4473 3183 4531; x_wconf 87' lang='lat' dir='ltr'><strong>accommodant</strong></span> <span class='ocrx_word' id='word_1_809' title='bbox 3229 4476 3412 4535; x_wconf 79' lang='lat' dir='ltr'><strong>tidem.</strong></span> 
     </span>
    </p>
   </div>
   <div class='ocr_carea' id='block_1_94' title="bbox 1826 4551 2726 4614">
    <p class='ocr_par' dir='ltr' id='par_1_94' title="bbox 1826 4551 2726 4614">
     <span class='ocr_line' id='line_1_94' title="bbox 1826 4551 2726 4614; baseline 0.01 -9"><span class='ocrx_word' id='word_1_810' title='bbox 1826 4551 1931 4605; x_wconf 91' lang='lat' dir='ltr'><strong>Sed</strong></span> <span class='ocrx_word' id='word_1_811' title='bbox 1963 4552 2078 4609; x_wconf 66' lang='lat' dir='ltr'><strong>haec</strong></span> <span class='ocrx_word' id='word_1_812' title='bbox 2104 4553 2172 4608; x_wconf 88' lang='lat' dir='ltr'><strong>de</strong></span> <span class='ocrx_word' id='word_1_813' title='bbox 2200 4553 2407 4612; x_wconf 87' lang='lat' dir='ltr'><strong>Pascha</strong></span> <span class='ocrx_word' id='word_1_814' title='bbox 2436 4556 2726 4614; x_wconf 85' lang='lat' dir='ltr'><strong>suﬂiciant.</strong></span> 
     </span>
    </p>
   </div>
   <div class='ocr_carea' id='block_1_95' title="bbox 1894 4642 3411 4725">
    <p class='ocr_par' dir='ltr' id='par_1_95' title="bbox 1894 4642 3411 4725">
     <span class='ocr_line' id='line_1_95' title="bbox 1894 4642 3411 4725; baseline 0.015 -29"><span class='ocrx_word' id='word_1_815' title='bbox 1894 4642 2263 4700; x_wconf 68' lang='lat' dir='ltr'><strong>lV.Caaterum</strong></span> <span class='ocrx_word' id='word_1_816' title='bbox 2293 4646 2360 4703; x_wconf 92' lang='lat' dir='ltr'><strong>de</strong></span> <span class='ocrx_word' id='word_1_817' title='bbox 2387 4649 2656 4720; x_wconf 85' lang='lat' dir='ltr'><strong>episcopis</strong></span> <span class='ocrx_word' id='word_1_818' title='bbox 2695 4651 2800 4708; x_wconf 91' lang='lat' dir='ltr'><strong>illis</strong></span> <span class='ocrx_word' id='word_1_819' title='bbox 2825 4654 2955 4723; x_wconf 90' lang='lat' dir='ltr'><strong>quid</strong></span> <span class='ocrx_word' id='word_1_820' title='bbox 2974 4654 3208 4725; x_wconf 86' lang='lat' dir='ltr'><strong>judicas,</strong></span> <span class='ocrx_word' id='word_1_821' title='bbox 3242 4661 3411 4717; x_wconf 89' lang='lat' dir='ltr'><strong>inter-</strong></span> 
     </span>
    </p>
   </div>
   <div class='ocr_carea' id='block_1_96' title="bbox 1823 4733 3408 4817">
    <p class='ocr_par' dir='ltr' id='par_1_96' title="bbox 1823 4733 3408 4817">
     <span class='ocr_line' id='line_1_96' title="bbox 1823 4733 3408 4817; baseline 0.013 -32"><span class='ocrx_word' id='word_1_822' title='bbox 1823 4745 1978 4801; x_wconf 75' lang='lat' dir='ltr'><strong>rogo,</strong></span> <span class='ocrx_word' id='word_1_823' title='bbox 2000 4733 2092 4803; x_wconf 90' lang='lat' dir='ltr'><strong>qui</strong></span> <span class='ocrx_word' id='word_1_824' title='bbox 2120 4744 2308 4791; x_wconf 89' lang='lat' dir='ltr'><strong>contra</strong></span> <span class='ocrx_word' id='word_1_825' title='bbox 2330 4754 2566 4796; x_wconf 86' lang='lat' dir='ltr'><strong>canones</strong></span> <span class='ocrx_word' id='word_1_826' title='bbox 2591 4742 2927 4813; x_wconf 89' lang='lat' dir='ltr'><strong>ordinantur,</strong></span> <span class='ocrx_word' id='word_1_827' title='bbox 2960 4748 3013 4802; x_wconf 88' lang='lat' dir='ltr'><strong>id</strong></span> <span class='ocrx_word' id='word_1_828' title='bbox 3033 4758 3138 4816; x_wconf 81' lang='lat' dir='ltr'><strong>est,</strong></span> <span class='ocrx_word' id='word_1_829' title='bbox 3159 4759 3366 4817; x_wconf 67' lang='lat' dir='ltr'><strong>quaestu</strong></span> <span class='ocrx_word' id='word_1_830' title='bbox 3392 4768 3408 4806; x_wconf 92' lang='lat'><strong>:</strong></span> 
     </span>
    </p>
   </div>
   <div class='ocr_carea' id='block_1_97' title="bbox 1823 4823 3411 4905">
    <p class='ocr_par' dir='ltr' id='par_1_97' title="bbox 1823 4823 3411 4905">
     <span class='ocr_line' id='line_1_97' title="bbox 1823 4823 3411 4905; baseline 0.011 -28"><span class='ocrx_word' id='word_1_831' title='bbox 1823 4823 2151 4880; x_wconf 85' lang='lat' dir='ltr'><strong>simoniacos</strong></span> <span class='ocrx_word' id='word_1_832' title='bbox 2178 4836 2235 4881; x_wconf 86' lang='lat' dir='ltr'><strong>et</strong></span> <span class='ocrx_word' id='word_1_833' title='bbox 2277 4824 2449 4885; x_wconf 89' lang='lat' dir='ltr'><strong>Giltas</strong></span> <span class='ocrx_word' id='word_1_834' title='bbox 2475 4841 2668 4887; x_wconf 90' lang='lat' dir='ltr'><strong>auctor</strong></span> <span class='ocrx_word' id='word_1_835' title='bbox 2706 4845 2883 4902; x_wconf 86' lang='lat' dir='ltr'><strong>pestes</strong></span> <span class='ocrx_word' id='word_1_836' title='bbox 2922 4834 3227 4905; x_wconf 86' lang='lat' dir='ltr'><strong>scripsistis.</strong></span> <span class='ocrx_word' id='word_1_837' title='bbox 3258 4837 3411 4895; x_wconf 84' lang='lat' dir='ltr'><strong>Nun-</strong></span> 
     </span>
    </p>
   </div>
   <div class='ocr_carea' id='block_1_98' title="bbox 1825 4911 3412 4999">
    <p class='ocr_par' dir='ltr' id='par_1_98' title="bbox 1825 4911 3412 4999">
     <span class='ocr_line' id='line_1_98' title="bbox 1825 4911 3412 4999; baseline 0.013 -33"><span class='ocrx_word' id='word_1_838' title='bbox 1825 4911 1953 4983; x_wconf 87' lang='lat' dir='ltr'><strong>quid</strong></span> <span class='ocrx_word' id='word_1_839' title='bbox 2001 4930 2122 4969; x_wconf 91' lang='lat' dir='ltr'><strong>cum</strong></span> <span class='ocrx_word' id='word_1_840' title='bbox 2171 4916 2277 4972; x_wconf 88' lang='lat' dir='ltr'><strong>illis</strong></span> <span class='ocrx_word' id='word_1_841' title='bbox 2332 4921 2834 4976; x_wconf 88' lang='lat' dir='ltr'><strong>communicandum</strong></span> <span class='ocrx_word' id='word_1_842' title='bbox 2884 4925 3013 4978; x_wconf 84' lang='lat' dir='ltr'><strong>est?</strong></span> <span class='ocrx_word' id='word_1_843' title='bbox 3060 4924 3218 4996; x_wconf 84' lang='lat' dir='ltr'><strong>Quia,</strong></span> <span class='ocrx_word' id='word_1_844' title='bbox 3266 4930 3412 4999; x_wconf 91' lang='lat' dir='ltr'><strong>quod</strong></span> 
     </span>
    </p>
   </div>
   <div class='ocr_carea' id='block_1_99' title="bbox 1823 5005 3413 5081">
    <p class='ocr_par' dir='ltr' id='par_1_99' title="bbox 1823 5005 3413 5081">
     <span class='ocr_line' id='line_1_99' title="bbox 1823 5005 3413 5081; baseline 0.012 -23"><span class='ocrx_word' id='word_1_845' title='bbox 1823 5005 2041 5073; x_wconf 85' lang='lat' dir='ltr'><strong>gravius</strong></span> <span class='ocrx_word' id='word_1_846' title='bbox 2060 5016 2163 5069; x_wconf 86' lang='lat' dir='ltr'><strong>est,</strong></span> <span class='ocrx_word' id='word_1_847' title='bbox 2188 5008 2341 5062; x_wconf 85' lang='lat' dir='ltr'><strong>multi</strong></span> <span class='ocrx_word' id='word_1_848' title='bbox 2363 5010 2415 5062; x_wconf 90' lang='lat' dir='ltr'><strong>in</strong></span> <span class='ocrx_word' id='word_1_849' title='bbox 2446 5009 2549 5065; x_wconf 87' lang='lat' dir='ltr'><strong>hac</strong></span> <span class='ocrx_word' id='word_1_850' title='bbox 2569 5010 2844 5079; x_wconf 82' lang='lat' dir='ltr'><strong>provincia</strong></span> <span class='ocrx_word' id='word_1_851' title='bbox 2873 5014 3010 5081; x_wconf 88' lang='lat' dir='ltr'><strong>tales</strong></span> <span class='ocrx_word' id='word_1_852' title='bbox 3036 5031 3157 5073; x_wconf 83' lang='lat' dir='ltr'><strong>esse</strong></span> <span class='ocrx_word' id='word_1_853' title='bbox 3176 5033 3413 5076; x_wconf 79' lang='lat' dir='ltr'><strong>noscun-</strong></span> 
     </span>
    </p>
   </div>
   <div class='ocr_carea' id='block_1_100' title="bbox 1825 5096 3403 5180">
    <p class='ocr_par' dir='ltr' id='par_1_100' title="bbox 1825 5096 3403 5180">
     <span class='ocr_line' id='line_1_100' title="bbox 1825 5096 3403 5180; baseline 0.011 -32"><span class='ocrx_word' id='word_1_854' title='bbox 1825 5102 1952 5149; x_wconf 86' lang='lat' dir='ltr'><strong>tur:</strong></span> <span class='ocrx_word' id='word_1_855' title='bbox 1982 5105 2075 5151; x_wconf 87' lang='lat' dir='ltr'><strong>aut</strong></span> <span class='ocrx_word' id='word_1_856' title='bbox 2119 5096 2189 5151; x_wconf 90' lang='lat' dir='ltr'><strong>de</strong></span> <span class='ocrx_word' id='word_1_857' title='bbox 2238 5098 2377 5163; x_wconf 84' lang='lat' dir='ltr'><strong>aliis,</strong></span> <span class='ocrx_word' id='word_1_858' title='bbox 2409 5099 2499 5168; x_wconf 91' lang='lat' dir='ltr'><strong>qui</strong></span> <span class='ocrx_word' id='word_1_859' title='bbox 2550 5101 2604 5155; x_wconf 91' lang='lat' dir='ltr'><strong>in</strong></span> <span class='ocrx_word' id='word_1_860' title='bbox 2630 5100 2917 5160; x_wconf 87' lang='lat' dir='ltr'><strong>diaconatu</strong></span> <span class='ocrx_word' id='word_1_861' title='bbox 2970 5108 3170 5174; x_wconf 73' lang='lat' dir='ltr'><strong>violati,</strong></span> <span class='ocrx_word' id='word_1_862' title='bbox 3215 5118 3403 5180; x_wconf 82' lang='lat' dir='ltr'><strong>postea</strong></span> 
     </span>
    </p>
   </div>
   <div class='ocr_carea' id='block_1_101' title="bbox 1824 5185 3411 5269">
    <p class='ocr_par' dir='ltr' id='par_1_101' title="bbox 1824 5185 3411 5269">
     <span class='ocr_line' id='line_1_101' title="bbox 1824 5185 3411 5269; baseline 0.011 -31"><span class='ocrx_word' id='word_1_863' title='bbox 1824 5185 1890 5239; x_wconf 92' lang='lat' dir='ltr'><strong>ad</strong></span> <span class='ocrx_word' id='word_1_864' title='bbox 1920 5186 2294 5256; x_wconf 89' lang='lat' dir='ltr'><strong>episcoporum</strong></span> <span class='ocrx_word' id='word_1_865' title='bbox 2320 5192 2543 5257; x_wconf 86' lang='lat' dir='ltr'><strong>gradum</strong></span> <span class='ocrx_word' id='word_1_866' title='bbox 2576 5192 2892 5262; x_wconf 84' lang='lat' dir='ltr'><strong>eliguntur?</strong></span> <span class='ocrx_word' id='word_1_867' title='bbox 2932 5197 3069 5252; x_wconf 86' lang='lat' dir='ltr'><strong>Sunt</strong></span> <span class='ocrx_word' id='word_1_868' title='bbox 3095 5201 3239 5254; x_wconf 86' lang='lat' dir='ltr'><strong>enim</strong></span> <span class='ocrx_word' id='word_1_869' title='bbox 3280 5214 3411 5269; x_wconf 55' lang='lat' dir='ltr'><strong>quo.</strong></span> 
     </span>
    </p>
   </div>
   <div class='ocr_carea' id='block_1_102' title="bbox 1823 5276 3410 5362">
    <p class='ocr_par' dir='ltr' id='par_1_102' title="bbox 1823 5276 3410 5362">
     <span class='ocr_line' id='line_1_102' title="bbox 1823 5276 3410 5362; baseline 0.013 -34"><span class='ocrx_word' id='word_1_870' title='bbox 1823 5290 1941 5329; x_wconf 88' lang='lat' dir='ltr'><strong>rum</strong></span> <span class='ocrx_word' id='word_1_871' title='bbox 1972 5276 2025 5330; x_wconf 92' lang='lat' dir='ltr'><strong>in</strong></span> <span class='ocrx_word' id='word_1_872' title='bbox 2054 5276 2137 5331; x_wconf 85' lang='lat' dir='ltr'><strong>his</strong></span> <span class='ocrx_word' id='word_1_873' title='bbox 2166 5279 2414 5335; x_wconf 90' lang='lat' dir='ltr'><strong>novimus</strong></span> <span class='ocrx_word' id='word_1_874' title='bbox 2440 5283 2819 5350; x_wconf 84' lang='lat' dir='ltr'><strong>conscientias,</strong></span> <span class='ocrx_word' id='word_1_875' title='bbox 2844 5294 2899 5341; x_wconf 88' lang='lat' dir='ltr'><strong>et</strong></span> <span class='ocrx_word' id='word_1_876' title='bbox 2924 5301 3046 5343; x_wconf 89' lang='lat' dir='ltr'><strong>cum</strong></span> <span class='ocrx_word' id='word_1_877' title='bbox 3074 5298 3257 5345; x_wconf 73' lang='lat' dir='ltr'><strong>nostra</strong></span> <span class='ocrx_word' id='word_1_878' title='bbox 3285 5305 3410 5362; x_wconf 85' lang='lat' dir='ltr'><strong>par-</strong></span> 
     </span>
    </p>
   </div>
   <div class='ocr_carea' id='block_1_103' title="bbox 1823 5366 3411 5442">
    <p class='ocr_par' dir='ltr' id='par_1_103' title="bbox 1823 5366 3411 5442">
     <span class='ocr_line' id='line_1_103' title="bbox 1823 5366 3411 5442; baseline 0.011 -24"><span class='ocrx_word' id='word_1_879' title='bbox 1823 5366 1990 5422; x_wconf 80' lang='lat' dir='ltr'><strong>vitate</strong></span> <span class='ocrx_word' id='word_1_880' title='bbox 2019 5367 2071 5421; x_wconf 92' lang='lat' dir='ltr'><strong>id</strong></span> <span class='ocrx_word' id='word_1_881' title='bbox 2102 5370 2464 5434; x_wconf 88' lang='lat' dir='ltr'><strong>conlerentes.</strong></span> <span class='ocrx_word' id='word_1_882' title='bbox 2498 5381 2703 5429; x_wconf 89' lang='lat' dir='ltr'><strong>certum</strong></span> <span class='ocrx_word' id='word_1_883' title='bbox 2746 5374 2886 5431; x_wconf 83' lang='lat' dir='ltr'><strong>scire</strong></span> <span class='ocrx_word' id='word_1_884' title='bbox 2915 5377 3188 5442; x_wconf 79' lang='lat' dir='ltr'><strong>volebant,</strong></span> <span class='ocrx_word' id='word_1_885' title='bbox 3218 5378 3266 5434; x_wconf 85' lang='lat' dir='ltr'><strong>si</strong></span> <span class='ocrx_word' id='word_1_886' title='bbox 3289 5379 3411 5437; x_wconf 85' lang='lat' dir='ltr'><strong>siue</strong></span> 
     </span>
    </p>
   </div>
   <div class='ocr_carea' id='block_1_104' title="bbox 1832 5456 3409 5541">
    <p class='ocr_par' dir='ltr' id='par_1_104' title="bbox 1832 5456 3409 5541">
     <span class='ocr_line' id='line_1_104' title="bbox 1832 5456 3409 5541; baseline 0.011 -29"><span class='ocrx_word' id='word_1_887' title='bbox 1832 5456 2070 5526; x_wconf 90' lang='lat' dir='ltr'><strong>periculo</strong></span> <span class='ocrx_word' id='word_1_888' title='bbox 2100 5470 2223 5530; x_wconf 88' lang='lat' dir='ltr'><strong>post</strong></span> <span class='ocrx_word' id='word_1_889' title='bbox 2250 5462 2353 5517; x_wconf 90' lang='lat' dir='ltr'><strong>hoc</strong></span> <span class='ocrx_word' id='word_1_890' title='bbox 2379 5473 2401 5501; x_wconf 80' lang='grc' dir='ltr'>ι’</span> <span class='ocrx_word' id='word_1_891' title='bbox 2431 5462 2662 5533; x_wconf 84' lang='lat' dir='ltr'><strong>possint,</strong></span> <span class='ocrx_word' id='word_1_892' title='bbox 2694 5464 2748 5520; x_wconf 91' lang='lat' dir='ltr'><strong>id</strong></span> <span class='ocrx_word' id='word_1_893' title='bbox 2773 5476 2879 5533; x_wconf 87' lang='lat' dir='ltr'><strong>est,</strong></span> <span class='ocrx_word' id='word_1_894' title='bbox 2900 5475 2994 5521; x_wconf 90' lang='lat' dir='ltr'><strong>aut</strong></span> <span class='ocrx_word' id='word_1_895' title='bbox 3033 5476 3157 5537; x_wconf 85' lang='lat' dir='ltr'><strong>post</strong></span> <span class='ocrx_word' id='word_1_896' title='bbox 3182 5471 3409 5541; x_wconf 74' lang='lat' dir='ltr'><strong>gradum</strong></span> 
     </span>
    </p>
   </div>
   <div class='ocr_carea' id='block_1_105' title="bbox 1827 5545 3403 5622">
    <p class='ocr_par' dir='ltr' id='par_1_105' title="bbox 1827 5545 3403 5622">
     <span class='ocr_line' id='line_1_105' title="bbox 1827 5545 3403 5622; baseline 0.011 -21"><span class='ocrx_word' id='word_1_897' title='bbox 1827 5545 2012 5603; x_wconf 89' lang='lat' dir='ltr'><strong>solidis</strong></span> <span class='ocrx_word' id='word_1_898' title='bbox 2038 5558 2299 5621; x_wconf 85' lang='lat' dir='ltr'><strong>emptum,</strong></span> <span class='ocrx_word' id='word_1_899' title='bbox 2343 5561 2436 5606; x_wconf 89' lang='lat' dir='ltr'><strong>aut</strong></span> <span class='ocrx_word' id='word_1_900' title='bbox 2461 5562 2585 5622; x_wconf 89' lang='lat' dir='ltr'><strong>post</strong></span> <span class='ocrx_word' id='word_1_901' title='bbox 2614 5554 2667 5609; x_wconf 89' lang='lat' dir='ltr'><strong>in</strong></span> <span class='ocrx_word' id='word_1_902' title='bbox 2694 5555 2980 5613; x_wconf 83' lang='lat' dir='ltr'><strong>diaconatu</strong></span> <span class='ocrx_word' id='word_1_903' title='bbox 3021 5558 3345 5617; x_wconf 79' lang='lat' dir='ltr'><strong>adulterium</strong></span> <span class='ocrx_word' id='word_1_904' title='bbox 3386 5578 3403 5617; x_wconf 91' lang='lat'><strong>:</strong></span> 
     </span>
    </p>
   </div>
   <div class='ocr_carea' id='block_1_106' title="bbox 1898 5677 3414 5761">
    <p class='ocr_par' dir='ltr' id='par_1_106' title="bbox 1898 5677 3414 5761">
     <span class='ocr_line' id='line_1_106' title="bbox 1898 5677 3414 5761; baseline 0.009 -29"><span class='ocrx_word' id='word_1_905' title='bbox 1898 5691 1921 5761; x_wconf 59' lang='grc' dir='ltr'><strong>σέ</strong></span> <span class='ocrx_word' id='word_1_906' title='bbox 1956 5677 2189 5761; x_wconf 60' lang='lat' dir='ltr'><strong>Possint.</strong></span> <span class='ocrx_word' id='word_1_907' title='bbox 2214 5680 2374 5737; x_wconf 86' lang='lat' dir='ltr'><strong>Deest</strong></span> <span class='ocrx_word' id='word_1_908' title='bbox 2402 5682 2601 5754; x_wconf 88' lang='lat' dir='ltr'><strong>aliquid</strong></span> <span class='ocrx_word' id='word_1_909' title='bbox 2623 5685 2765 5755; x_wconf 87' lang='lat' dir='ltr'><strong>quod</strong></span> <span class='ocrx_word' id='word_1_910' title='bbox 2787 5687 3108 5744; x_wconf 83' lang='lat' dir='ltr'><strong>sententiam</strong></span> <span class='ocrx_word' id='word_1_911' title='bbox 3136 5688 3414 5761; x_wconf 84' lang='lat' dir='ltr'><strong>compleat</strong></span> 
     </span>
    </p>
   </div>
   <div class='ocr_carea' id='block_1_107' title="bbox 1821 5747 2331 5816">
    <p class='ocr_par' dir='ltr' id='par_1_107' title="bbox 1821 5747 2331 5816">
     <span class='ocr_line' id='line_1_107' title="bbox 1821 5747 2331 5816; baseline 0.006 -13"><span class='ocrx_word' id='word_1_912' title='bbox 1821 5747 1980 5816; x_wconf 84' lang='lat' dir='ltr'><strong>lorte,</strong></span> <span class='ocrx_word' id='word_1_913' title='bbox 2014 5752 2331 5807; x_wconf 81' lang='lat' dir='ltr'><strong>ministrare.</strong></span> 
     </span>
    </p>
   </div>
  </div>
